3964 5356
512 342 613 400 801

1842 334 2139 391 AGAPETI
2180 334 2382 391 PAPIE
2424 334 2463 393 ll

3678 352 3775 408 899.

510 452 707 527 potiori
733 459 788 507 et
817 466 913 506 nos
946 449 1140 506 ﬁducia
1166 464 1268 523 pro
1297 448 1635 520 impetranda
1676 448 1833 515 venia
1877 424 2101 505 delicto-
2131 455 2177 514 Α
2207 450 2512 519 resipuerit,
2555 451 2842 507 anathema
2876 453 2964 521 sit,
3004 461 3058 510 et
3101 455 3237 512 iram
3278 455 3375 514 Dei
3426 458 3721 526 incurrens,
3749 484 3774 521 a

511 558 656 611 rum,
680 553 943 602 aeternam
965 543 1222 614 pietatem
1250 542 1512 598 audemus
1539 540 1828 611 implorare
1854 557 1868 593 :
1901 549 1957 596 et
1984 541 2105 594 ideo

514 632 815 691 reverentia
837 640 924 685 tua
950 630 1286 701 postulavita
1311 631 1465 686 nobis
1486 630 1875 703 quatennsjam
1901 631 2105 685 dictum

510 721 823 777 venerabile
851 722 1240 778 monasterium
1283 721 1494 776 Domini
1525 719 1821 776 Salvatoris
1850 736 1880 777 a
1911 730 2104 777 sancto

510 810 793 868 Bonifacio
818 813 1072 883 episeopo
1110 820 1483 867 constructum
1515 812 1567 865 in
1599 811 1839 880 loco'qui
1875 819 2105 865 vocatur

509 903 746 959 Boconia
771 917 900 973 erga
933 902 1104 973 ripam
1134 901 1372 956 ﬂuminis
1417 899 1680 963 Fuldaha,
1712 899 1980 971 privilegii
2012 915 2101 956 sc-

511 997 595 1051 dis
625 995 937 1066 apostolica:
983 993 1281 1048 munimine
1324 992 1629 1057 decoretur,
1660 999 1715 1045 et
1740 991 1860 1046 sub"
1876 989 2104 1058 jurisdi-

509 1087 691 1140 ctione
717 1092 920 1140 sancta:
947 1092 1146 1139 nostra:
1190 1083 1298 1149 cui,
1334 1082 1449 1139 Deo
1488 1092 1729 1145 auctore,
1773 1083 2105 1137 descrvimus

510 1176 791 1241 Eeclesim,
826 1176 1180 1247 constitutum
1229 1174 1429 1229 nullius
1478 1171 1704 1228 alterius
1735 1172 1993 1228 Ecclesiae
2020 1173 2106 1243 ju—

511 1268 919 1324 risdictionibus
944 1267 1299 1322 submittatur
1327 1283 1341 1320 :
1372 1266 1438 1321 de
1463 1281 1571 1337 qua
1601 1281 1657 1320 re
1684 1265 1788 1336 piis
1816 1264 2102 1320 desideriis

515 1361 624 1415 tuis
655 1359 922 1424 faventes,
972 1359 1076 1414 hac
1113 1365 1298 1413 nostra
1330 1358 1627 1428 apostolica
1672 1357 1999 1413 auctoritate
2027 1357 2103 1423 id,

513 1450 658 1519 quod
685 1449 956 1519 exposcis,
988 1446 1202 1503 eﬁ‘ectui
1250 1447 1624 1516 mancipamus
1671 1446 1965 1503 secundum
1995 1447 2108 1517 pri-

512 1540 696 1610 vilegii
742 1540 961 1607 seriem,
1019 1540 1163 1610 quod
1215 1541 1285 1595 ab
1335 1548 1683 1595 antecessore
1735 1548 1923 1595 nostro
1953 1541 2107 1594 bona:

513 1629 789 1686 memoriae
841 1629 1047 1686 Marino
1097 1630 1259 1702 hujus
1311 1629 1467 1685 almae
1521 1631 1664 1685 sedis
1693 1632 1922 1701 praesule
1972 1629 2117 1704 inibi

511 1721 903 1792 perpetualiter
934 1720 1136 1776 factum
1183 1721 1341 1777 nobis
1383 1721 1673 1777 ostendere
1721 1719 1968 1791 sategisti
2003 1733 2018 1773 :
2050 1728 2106 1774 et

512 1814 636 1870 ideo
661 1829 876 1870 omnem
908 1813 1195 1885 cujuslibet
1223 1813 1465 1870 ecclesia}
1512 1811 1851 1868 sacerdotem
1884 1812 1935 1865 in
1964 1825 2075 1883 pra:
2134 1801 2178 1861 Β
2207 1782 2435 1845 “WE”
2475 1784 2622 1849 mu
2665 1786 2703 1825 ¹¹
2741 1785 2774 1826 ε

511 1902 624 1960 fato
678 1902 1011 1958 monasterio
1060 1902 1317 1959 ditionem
1375 1901 1671 1972 quamlibet
1728 1901 1951 1965 habere,
2012 1907 2107 1954 aut

512 1993 918 2057 auctoritatem,
969 2003 1169 2063 praeter
1212 1993 1395 2048 sedem
1452 1991 1803 2064 apostolicam
1852 1991 2104 2059 proliibe-
2162 2012 2167 2016 ι

513 2097 659 2150 mus,
691 2082 766 2138 ita
796 2092 857 2137 ut
900 2083 1003 2138 nisi
1037 2084 1106 2137 ab
1142 2083 1336 2139 abbate
1365 2083 1680 2139 monasterii
1714 2083 1878 2138 fuerit
1912 2083 2106 2138 invita-

516 2185 625 2241 tus,
666 2190 769 2231 nec
820 2174 1108 2230 missarum
1165 2174 1360 2230 ibidem
1409 2175 1806 2230 solemnitatem
1837 2176 2104 2246 quispiam

513 2273 807 2335 praesumat
839 2264 1061 2321 omnino
1094 2264 1399 2333 celebrare;
1449 2274 1509 2321 ut
1537 2266 1784 2337 profecto
1822 2265 1977 2336 juxta
2026 2267 2102 2331 id,

513 2356 657 2424 quod
682 2351 1007 2424 subjectum,
1034 2355 1343 2426 apostolica:
1384 2356 1502 2412 sedi
1545 2355 1801 2411 ﬁrmitate
1832 2355 2101 2428 privilegii

513 2445 780 2511 consistit,
812 2445 1137 2501 inconcusse
1182 2446 1423 2501 dotatum
1454 2456 1788 2518 permaneat,
1823 2446 2098 2515 locisque,

512 2549 579 2588 ac
622 2535 810 2600 rebus,
863 2544 974 2589 tam
1028 2536 1108 2592 eis
1153 2551 1287 2607 quas
1334 2535 1595 2592 moderno
1642 2545 1884 2606 tempore
1933 2544 2100 2602 tenet,

514 2624 598 2679 vel
625 2624 883 2695 possidet,
910 2641 1076 2696 quam
1104 2641 1240 2697 quas
1279 2626 1477 2683 futuris
1521 2628 1859 2698 temporibus
1900 2629 1954 2684 in
1976 2627 2101 2698 jura

512 2716 833 2771 monasterii
864 2716 1047 2771 divina
1099 2716 1274 2787 pietas
1323 2716 1559 2773 voluerit
1604 2733 1801 2791 augere
1828 2733 1895 2773 ex
1922 2719 2099 2786 donis,

511 2814 571 2860 et
619 2806 983 2864 oblationibus
1020 2807 1356 2881 decimisque
1391 2809 1629 2865 ﬁdelium
1687 2811 1894 2881 absque
1936 2809 2102 2867 ullius

511 2900 1215 2968 personm'contradietione
1247 2901 1503 2957 ﬁrmitate
1542 2913 1805 2974 perpetua
1848 2902 2101 2974 perfrua-

511 3000 619 3046 tur.
662 2991 736 3048 De
771 3003 968 3049 caetero
994 3009 1124 3049 vero
1161 2995 1274 3051 hoc
1303 2995 1688 3060 deliberantes,
1731 2996 2093 3062 decernimus,

513 3085 847 3155 utcongruis
881 3088 1238 3157 temporibus,
1281 3098 1482 3143 nostrae
1532 3088 1881 3144 sollicitudini
1923 3087 2098 3145 eccle-

512 3174 748 3229 siastica:
787 3174 1085 3242 intitnetur,
1115 3176 1347 3244 qualiter
1391 3177 1580 3249 religio
1611 3178 1912 3233 monastica
1941 3193 2097 3248 regu-

514 3266 617 3320 lari
646 3267 832 3322 habitu
859 3267 1148 3338 dirigatur,
1174 3269 1574 3338 concordiaque
1615 3268 1958 3325 convenienti
2004 3283 2098 3326 ec-

511 3354 817 3411 clesiastico
852 3356 1033 3421 studio
1064 3357 1424 3426 mancipetur,
1458 3372 1525 3412 ne
1562 3354 1728 3423 forte,
1756 3358 1899 3429 quod
1930 3358 2096 3423 absit,

512 3446 614 3501 sub
668 3445 826 3515 hujus
876 3446 1145 3517 privilegii
1200 3435 1446 3512 obtentu,
1505 3446 1719 3503 animus
1771 3461 2099 3518 gressusque

512 3537 850 3594 rectitudinis
877 3553 907 3593 a
936 3554 1077 3594 verae
1107 3553 1297 3594 norma
1336 3538 1564 3610 justitim
1609 3539 1793 3610 aliquo
1825 3540 1984 3594 modo
2017 3555 2099 3595 re-

513 3623 859 3701 torqueat'ur;
894 3640 950 3687 et
980 3645 1153 3703 neque
1184 3631 1318 3701 regi,
1347 3647 1523 3702 neque
1545 3632 1803 3702 episcopo
1852 3632 2095 3695 cuilibet,

510 3722 598 3776 vel
644 3722 853 3786 comiti,
884 3720 968 3776 vel
1004 3722 1123 3777 alia:
1172 3737 1382 3793 magna:
1429 3737 1718 3792 parvmque
1750 3736 1999 3792 personze
2028 3722 2095 3775 li-

511 3817 677 3871 citum
704 3817 775 3871 sit
806 3815 1100 3885 qnamlibct
1150 3816 1259 3869 vim
1299 3815 1520 3881 inferre,
1558 3814 1669 3870 sive
1697 3814 1933 3883 aliquant
1966 3828 2097 3868 con-

513 3908 836 3964 troversiam
878 3907 1057 3963 facere
1099 3909 1152 3963 in
1184 3909 1345 3964 rebus
1383 3917 1438 3963 et
1468 3906 1689 3963 familiis
1721 3906 1965 3975 ejusdem
1994 3920 2098 3960 sae-

514 4016 584 4072 pe
616 4001 745 4057 dicti
770 4001 1095 4057 venerabilis
1124 4001 1459 4059 monasterii.

580 4092 921 4149 Auctoritate
961 4102 1149 4149 nostra
1188 4092 1352 4148 etiam
1402 4090 1798 4156 interdicimus,
1837 4098 1901 4147 ut
1951 4089 2097 4145 nulla

515 4184 714 4242 femina
763 4186 897 4243 inibi
938 4187 1145 4258 ingredi
1197 4201 1434 4256 unquam
1466 4194 1780 4257 praesumat,
1830 4201 1991 4242 nemo
2045 4186 2097 4240 in

515 4276 705 4331 eodem
755 4275 1055 4332 venerabili
1105 4274 1457 4341 monasterio,
1505 4274 1589 4329 vel
1642 4275 1695 4329 in
1727 4275 1937 4330 caeteris
1980 4275 2099 4344 ejus

515 4367 650 4423 locis
685 4368 938 4437 placitum
978 4368 1191 4432 habeat,
1240 4382 1400 4422 nemo
1437 4381 1648 4432 servos,
1679 4366 1761 4421 vel
1786 4364 2006 4421 colonos
2033 4368 2096 4419 ad

2206 551 2349 594 coetu
2394 540 2633 596 omnium
2658 550 2967 599 sanctorum
2997 549 3231 605 extorris
3256 550 3478 616 existat,
3506 560 3564 607 et
3590 554 3771 611 nihilo-

2206 629 2385 684 minus
2420 630 2630 700 przrfati
2685 635 2997 689 monasterii
3033 637 3267 709 dignitas
3311 655 3342 694 a
3392 640 3552 697 nobis
3584 643 3775 701 indulta

2204 722 2595 792 perpetualiter
2625 724 2879 781 inviolata
2910 740 3228 797 permaneat
3276 733 3576 801 apostolica
3604 745 3776 792 aucto-

2205 811 2365 867 ritate
2385 815 2662 870 roborata.
2682 816 2781 883 Qui
2807 826 2985 873 autem
3007 829 3191 876 custos
3212 830 3266 875 et
3285 822 3609 879 observator
3633 826 3776 895 hujus

2204 904 2376 957 nostri
2406 904 2672 976 privilegii
2713 905 2873 978 [adde
2907 910 3200 984 exstiterit]
3249 912 3682 972 benedictionem
3732 927 3777 973 et

2204 995 2434 1063 gratiam
2464 1013 2494 1051 a
2526 997 2755 1055 Domino
2788 1014 3171 1073 consequatur.

2276 1083 2548 1157 Scriptum
2599 1103 2698 1157 per
2754 1091 3199 1150 manusoLconis
3248 1094 3527 1152 scriniarii
3585 1110 3777 1156 sanetae

2208 1174 2466 1232 Romamn
2494 1179 2750 1236 Ecclesiae
2800 1182 2853 1238 in
2898 1198 3084 1241 mense
3113 1185 3387 1253 Octobris,
3416 1188 3709 1245 indictione
3730 1208 3775 1245 τ.

2206 1267 2398 1324 Datum
2430 1286 2503 1325 vn
2544 1272 2665 1327 Kal.
2711 1274 3031 1333 Novembris
3081 1266 3178 1348 per
3225 1296 3446 1335 manum
3501 1282 3777 1352 Stephani.

2204 1360 2499 1432 primicerii
2532 1379 2756 1420 summa:
2803 1368 3112 1437 apostolicm
3153 1370 3317 1437 sedis,
3346 1386 3510 1437 anno,
3542 1373 3637 1427 Dei
3667 1388 3781 1443 pro-
3814 1364 3818 1369 ’

2206 1450 2358 1519 pitio,
2388 1452 2736 1521 pontiﬁcatus
2783 1456 2964 1510 domui
2993 1457 3218 1529 Agapeti
3265 1460 3469 1515 summi
3496 1461 3782 1530 pontiﬁcis,

2206 1553 2261 1619 et
2286 1543 2605 1600 universalis
2630 1561 2783 1618 papa:
2811 1563 2872 1615 ιι,
2900 1548 2955 1602 in
2988 1563 3171 1605 mense
3209 1549 3483 1618 Octobris,
3516 1551 3710 1608 indict.
3736 1567 3782 1604 v.

2970 1661 3035 1716 ll.

2779 1785 2997 1828 I‘ISTOLA
3037 1788 3105 1827 AD
3157 1789 3480 1835 ATENULFUI
3517 1792 3784 1833 PRINCIPKI

2780 1856 3227 1898 ΒΕΝΕνΕΝτΑΝωι.
3737 1880 3744 1885 ~

2810 1952 2987 2023 (Αιιηο
3037 1951 3189 2023 946.)

2209 2059 2470 2119 Hortatur
2490 2071 2545 2117 ut
2575 2065 2949 2137 monasterium
2979 2062 3036 2120 S.
3072 2064 3287 2137 Saphiaz
3331 2070 3613 2125 monachis
3644 2068 3792 2128 Cari.

2728 2136 2974 2190 nensibus
3014 2137 3277 2191 restituat.

2497 2242 2676 2315 [Apud
2710 2242 2950 2311 Gattula,
2994 2243 3135 2301 Hist.
3178 2246 3327 2311 ϐας..
3389 2247 3509 2321 53.]

2276 2355 2561 2411 Acarnth
2597 2356 2899 2428 episcopus,
2932 2374 3125 2415 servus
3150 2374 3434 2415 servorum
3483 2361 3610 2426 Dei,
3657 2360 3791 2417 Arz-

2204 2459 2412 2508 NULl-‘O,
2452 2444 2833 2503 Beneventano
2864 2448 3127 2518 principi,
3172 2449 3406 2506 salutem
3450 2459 3509 2507 et
3537 2453 3795 2522 apostoli-

2207 2549 2326 2590 cam
2355 2536 2804 2592 benedictionem.

2276 2626 2444 2682 Oﬁieii
2501 2629 2670 2683 nostri
2713 2630 3045 2685 consuetudo
3083 2629 3326 2700 deposcit
3377 2631 3704 2700 vigilantes,
3749 2642 3798 2686 et

2204 2720 2344 2775 diem
2392 2720 2585 2792 judicii
2637 2731 3035 2792 exspectantes,
3067 2731 3123 2777 ut
3170 2723 3223 2778 in
3261 2723 3459 2779 melius
3489 2726 3794 2794 proﬁciant,

2202 2803 2512 2873 admonere,
2554 2809 2888 2882 negligentes
2933 2812 3223 2884 corrigere,
3271 2811 3435 2880 juxta
3488 2813 3631 2870 illud
3678 2830 3798 2884 apo-

2201 2899 2498 2955 stolicum:
2545 2918 2563 2951 ι
2600 2901 2798 2971 Argue,
2848 2902 3072 2957 obsecra
3123 2910 3179 2957 et
3228 2902 3453 2973 increpa
3508 2903 3604 2975 (II
3663 2904 3791 2957 Tim.

2201 3006 2280 3057 tv,
2310 2989 2388 3063 2).
2434 3010 2451 3042 ι
2491 2990 2627 3046 [line
2655 2992 2709 3044 in
2738 2992 2846 3047 alio
2877 2992 2994 3049 loco
3045 2993 3306 3053 Dominus
3342 3009 3441 3064 per
3471 2999 3793 3066 prephctam

2199 3081 2375 3139 dicit:
2411 3100 2429 3133 ι
2482 3081 2539 3136 Si
2594 3097 2702 3138 non
2748 3084 3153 3142 annuutiaveris
3208 3086 3397 3156 iniquo
3452 3087 3793 3156 iniquitatem

2201 3170 2339 3238 ejus,
2405 3172 2723 3243 sanguinem
2815 3174 2931 3244 ejus
2990 3175 3057 3231 de
3119 3191 3284 3231 manu
3346 3186 3435 3231 tua
3519 3180 3794 3249 requirant

2201 3259 2419 3330 (Ezeclt.
2458 3278 2552 3329 tu,
2598 3263 2705 3335 18).
2744 3282 2764 3315 ι
2798 3262 3009 3321 Nostra:
3041 3264 3203 3336 igitur
3233 3266 3434 3322 mentis
3463 3267 3791 3322 benevolen.

2202 3351 2332 3408 tiam
2362 3369 2391 3407 a
2423 3352 2625 3408 dilecto
2658 3354 2769 3409 ﬁlio
2811 3362 3000 3411 nostro
3028 3354 3291 3412 Balduino
3321 3356 3528 3412 abbate
3575 3357 3793 3413 audien-

2202 3454 2301 3511 tes,
2333 3444 2475 3501 unde
2504 3445 2662 3501 valde
2690 3445 2987 3517 gaudentes
3014 3463 3223 3513 sumus,
3276 3448 3421 3518 quod
3470 3464 3578 3505 nos
3611 3450 3683 3505 ad
3707 3464 3789 3505 ec-

2200 3534 2486 3591 clesiarum
2524 3535 2907 3592 exaltationem
2968 3524 3244 3607 promptos
3293 3537 3635 3595 audivimus.
3693 3538 3792 3594 Sed

2199 3630 2326 3700 quia
2357 3646 2454 3687 nos
2487 3630 2810 3699 constringit
2849 3630 3092 3687 omnium
3139 3630 3516 3686 Ecclesiarum
3549 3641 3793 3702 pastora-

2201 3721 2266 3775 lis
2296 3736 2424 3777 cura
2458 3722 2685 3777 sollicite
2717 3719 2965 3791 vigilare,
3013 3720 3155 3776 sicut
3186 3720 3342 3775 nobis
3393 3732 3588 3776 noster
3641 3723 3793 3793 Spiri-

2204 3813 2363 3868 tualis
2416 3813 2558 3869 ﬁlius
2607 3812 2926 3879 Balduinus,
2983 3813 3464 3869 reverentissimus
3521 3825 3792 3869 monasteo

2201 3905 2405 3961 riorum
2462 3903 2644 3969 Pater,
2700 3904 2889 3959 retulit
2936 3903 3135 3958 vestris
3188 3903 3686 3967 dominationibus,
3739 3900 3789 3954 in

2199 3997 2341 4054 bono
2386 3997 2528 4067 quod
2556 3996 2842 4068 coeperatis
2880 4011 2983 4051 non
3015 3996 3407 4067 permansisse.
3443 3995 3604 4050 Unde
3644 3992 3791 4049 valde

2199 4103 2525 4161 mmremus,
2561 4098 2616 4143 et
2647 4087 2891 4143 dolentes
2939 4101 3145 4151 sumus,
3196 4086 3341 4155 quod
3402 4086 3787 4141 monasterium

2199 4180 2253 4234 in
2280 4180 2483 4234 honore
2520 4186 2724 4234 sancta:
2755 4177 2972 4246 Sophia:
3002 4176 3144 4230 intra
3173 4175 3621 4231 Beneventauam
3664 4176 3788 4230 civi-

2200 4278 2365 4325 tatem
2396 4270 2651 4339 positum,
2699 4277 2753 4321 et
2796 4267 2896 4322 sub
2940 4266 3144 4321 ditione
3176 4266 3318 4321 beati
3371 4266 3658 4322 Benedicti
3695 4266 3786 4320 Pa-

2201 4362 2299 4417 tris
2349 4361 2730 4415 monachorum
2771 4359 2823 4412 in
2883 4358 3112 4417 Cassino
3136 4365 3321 4412 monte
3372 4360 3678 4413 constituto
3725 4356 3788 4411 ab

517 4457 736 4526 aliquod
788 4457 1068 4512 servitium
1119 4458 1406 4529 astringat,
1463 4456 1573 4512 illis
1618 4464 1826 4510 tantum
1854 4456 2096 4525 exceptis
2129 4452 2317 4542 Dipso
2372 4466 2484 4505 suae
2536 4448 2960 4504 constructionis
3006 4446 3230 4503 exordio
3274 4447 3346 4502 ita
3407 4456 3783 4517 permanente,

515 4547 780 4616 personis,
811 4547 1006 4616 quibus
1036 4548 1205 4605 abbas
1230 4546 1296 4602 ad
1328 4546 1617 4602 utilitatem
1662 4561 1773 4602 suae
1800 4545 2096 4601 necessita-

516 4638 587 4693 tis
618 4652 898 4692 assensum
928 4637 1243 4706 praebuerit.

583 4726 825 4797 Eligendi
863 4725 964 4781 sibi
990 4727 1257 4793 abbatem,
1280 4726 1502 4797 quando
1526 4741 1661 4797 opus
1686 4724 1871 4790 fuerit,
1902 4722 2100 4781 fratres

513 4817 658 4872 inter
710 4832 770 4872 se
826 4825 1150 4887 potestatem
1207 4818 1469 4882 habeant,
1522 4817 1819 4873 secundum
1856 4816 2097 4886 regulam

513 4909 689 4964 sancti
717 4907 994 4963 Benedicti
1029 4910 1146 4964 sine
1179 4907 1340 4962 ullius
1366 4924 1611 4978 persona:
1643 4905 2093 4974 contradictione,

515 5004 738 5072 tibique,
769 5002 963 5057 dilecte
985 5001 1056 5056 ﬁli
1075 5001 1399 5068 lladamare,
1425 5001 1551 5071 quia
1580 5011 1631 5056 te
1652 5001 1787 5055 bene
1803 4998 2094 5064 eruditum,

513 5103 561 5132 nt
615 5091 949 5132 olnmmntnm
1003 5092 1180 5132 vir-nm
1232 5093 1479 5132 nnvimnc
1532 5090 1753 5132 vni-hum
1786 5089 1878 5132 “ni
1904 5089 2095 5132 Πτεράί-

2201 4543 2396 4597 vestris
2431 4550 2611 4609 autem
2645 4541 2976 4611 temporibus
3020 4537 3276 4593 audacter
3323 4546 3534 4592 statuta
3580 4552 3783 4607 regum,

2198 4641 2253 4688 et
2283 4630 2670 4687 univcrsalium
2698 4629 3115 4699 apostolicorum
3169 4626 3417 4681 virorum
3461 4641 3575 4697 prae
3619 4625 3783 4681 oculis

2198 4741 2303 4782 non
2334 4725 2617 4785 habentes,
2652 4719 2764 4789 jam
2797 4721 2997 4774 dictum
3024 4719 3418 4773 monasterium
3448 4728 3657 4773 sanctae
3696 4715 3785 4770 So-

2198 4817 2337 4886 phim
2382 4814 2619 4877 inaudita
2670 4811 2976 4867 temeritate
3026 4811 3128 4865 sub
3183 4810 3397 4865 ditione
3470 4808 3781 4865 monasterii

2203 4907 2346 4961 beati
2403 4904 2679 4959 Benedicti
2740 4903 3064 4958 subtrahere
3113 4916 3219 4956 non
3275 4899 3640 4967 formidastis,
3696 4898 3782 4952 sed

2202 4998 2447 5053 eumden
2482 4995 2867 5051 monasterium
2909 4994 3023 5065 jam
3058 4993 3260 5048 dictum
3308 4992 3611 5047 Balduinus
3637 5005 3783 5045 reve-

2205 5089 2559 5132 mmliacimm:
2586 5088 2753 5132 aliltas
2786 5086 3045 5132 canonica
3093 5083 3448 5132 auctoritate-
3491 5091 3549 5132 et
3577 5097 3779 5132 regum.
