3964 5356
128 156 220 213 893

128 355 423 414 Cassincnsi
449 358 699 414 cmnobio
728 358 1040 416 molestiam
1090 378 1197 417 non
1242 362 1477 431 faciatis,
1509 374 1565 422 et
1597 365 1681 432 si,

127 447 258 517 quod
283 446 441 514 absit,
470 447 629 502 aliter
656 446 918 517 feceritis,
950 450 1090 507 sicut
1119 452 1171 507 in
1197 461 1507 509 nostrorum
1547 469 1685 525 prae-

129 536 454 619 decessorum
488 536 806 605 pontiﬁcum
850 541 1133 610 prteccptis
1179 540 1447 596 sancitum
1471 550 1577 607 est,
1610 542 1683 596 ita

128 634 178 680 et
195 640 288 681 vos
314 624 413 680 sub
451 628 814 686 anathematis
842 630 1055 686 vinculo
1085 631 1450 688 innodandum
1483 632 1683 688 nihilo-

129 715 296 771 minus
323 715 531 772 sciatis.

855 831 940 889 Ill.

127 976 339 1018 ᾹΕΔΡΕΤΙ
380 976 417 1015 ιι
476 977 817 1017 Ριιινιιεςιυιι
858 977 958 1016 PRO
1006 977 1352 1019 PARTHENONE
1390 979 1687 1018 ESSENENSI.

718 1091 897 1169 (Anno
942 1092 1091 1163 946.)

126 1223 463 1281 Parmenonis
504 1225 812 1299 Essencnsis
848 1229 1118 1298 privilegia
1145 1270 1159 1294 ,
1189 1195 1392 1298 petente
1419 1228 1693 1299 Ilatcwiga

600 1298 887 1365 abbatissa,
909 1301 1205 1368 confirmat.

398 1425 637 1499 [Marini,
667 1426 849 1498 Papiri
876 1428 1256 1499 diplomatichi,
1294 1427 1411 1501 55.]

188 1579 469 1636 AGAPE'I’US
495 1582 813 1653 episcopus,
855 1597 1042 1637 servus
1080 1595 1357 1638 servorum
1402 1581 1538 1648 Dei,
1587 1580 1695 1637 HA-

125 1684 373 1726 rnewtoaz
407 1670 670 1741 religiosae
690 1671 996 1737 abbatissae,
1029 1681 1083 1727 et
1121 1671 1449 1727 monasterio
1477 1672 1694 1727 Asindte

125 1760 187 1815 ab
232 1760 465 1816 Altfrido
512 1762 784 1830 quondam
822 1761 1049 1832 praesule
1094 1769 1440 1829 constructo,
1474 1761 1693 1833 suisque

125 1850 518 1906 successoribus
546 1851 600 1906 in
632 1859 970 1922 perpetuum.

189 1942 334 1999 Tunc
385 1959 613 1999 summae
657 1944 964 2013 apostolica:
1009 1944 1288 2016 dignitatis
1319 1959 1456 2016 apex
1501 1945 1555 2000 in
1594 1945 1698 2001 hoc

124 2030 281 2085 divini
309 2042 630 2104 prospectus
653 2034 827 2090 nitore
855 2035 1188 2105 dignoscitur
1210 2034 1539 2107 pet-fulgere,
1572 2050 1697 2090 cum

126 2122 175 2177 in
202 2125 517 2181 exercendis
560 2125 655 2179 Dei
702 2126 954 2181 laudibus
998 2127 1295 2198 impensius
1341 2127 1580 2183 studebit
1616 2127 1698 2182 sui

125 2214 312 2270 laboris
334 2217 597 2272 exhibere
621 2227 917 2272 certamen.
954 2217 1122 2288 igitur
1171 2218 1297 2288 quia
1322 2218 1640 2289 postulastis
1667 2233 1699 2272 a

124 2306 269 2362 nobis
294 2321 391 2377 per
417 2307 780 2365 interventum
805 2309 988 2365 domni
1029 2318 1084 2365 et
1132 2310 1353 2381 gloriosi
1380 2310 1523 2381 regis
1549 2309 1700 2365 Otto-

125 2395 236 2463 nis,
284 2407 558 2468 quatenus
607 2398 947 2471 privilegium
999 2399 1181 2455 datum
1228 2414 1257 2452 a
1303 2400 1703 2470 prfedecessore

126 2498 298 2545 nostro
319 2491 524 2547 domno
552 2490 813 2545 Zacharia
847 2505 983 2562 papa
1025 2490 1303 2561 prmlibato
1334 2490 1665 2545 monasterio
1685 2529 1700 2555 ,

126 2579 203 2632 cui
231 2580 555 2635 vocabulum
583 2588 667 2636 est
709 2580 947 2647 Asindm,
978 2581 1044 2634 ab
1073 2580 1281 2635 Allrido
1312 2581 1540 2650 prmsule
1570 2595 1704 2635 cou-

126 2678 338 2736 structo,
376 2671 523 2741 quod
573 2670 910 2726 ﬂammarum
957 2671 1239 2726 adustione
1285 2687 1406 2725 cum
1450 2671 1705 2741 praedicto

126 2761 452 2815 monasterio
479 2760 817 2815 combustum
844 2768 947 2825 est,
980 2770 1161 2815 nostra
1188 2760 1483 2830 apostolica
1514 2768 1705 2814 aucto-

125 2851 276 2908 ritate
342 2853 503 2910 vobis
561 2854 701 2908 idem
745 2852 1084 2925 privilegium
1149 2853 1364 2908 noviter
1409 2852 1708 2907 concedere

212 158 220 227 β
1276 159 1633 220 Eptsrout»:
1668 159 1701 214 li

1807 159 2209 243 rtthLEctA.

127 265 385 331 debeatis,
417 274 474 322 et
517 266 745 324 ulterius
784 268 850 324 de
881 270 1211 328 monasterio
1245 284 1444 330 sanctae
1471 273 1688 346 Sophia:
1712 276 1767 338 Α

3255 172 3362 259 sat

2530 282 2619 339 IV.

1787 404 2014 444 AGAPETI
2054 406 2199 447 ΡΔΡᾹΞ
2236 407 2272 445 Il
2302 408 2557 449 ειιιετοιΑ
2587 411 2654 449 ΑΙ)
2681 408 2887 450 ιεοΝεκ
2917 409 2988 449 ΕΤ
3026 410 3365 461 BENEDICTUI

1856 475 1909 512 IN
1967 475 2244 516 ECCLESIAS
2302 478 2664 519 ΤΜΥΕΝΊΊΝΑΙ
2717 481 2787 521 Εἰ*
2824 479 3229 535 ιτειιηοιεκεειι
3279 484 3365 543 ΙΝτ

1860 545 2077 585 τιιυεοδ.
3332 544 3338 551 “

2405 602 2584 668 (Anno
2617 601 2764 672 947.)

2016 759 2027 771 ν
2063 691 2239 764 [Apud
2267 691 2459 756 Mansi,
2487 692 2687 748 Concil.
2718 693 2903 761 xvut,
2927 695 3082 770 412.]

1859 780 2145 859 Acarércs
2175 806 2479 875 cpiscopus,
2510 820 2698 861 servus
2725 820 3003 861 servorum
3046 807 3163 874 Dei,
3201 807 3367 864 LEONI

1788 893 2103 965 presbytero
2127 903 2183 950 et
2209 897 2496 961 monacho,
2526 904 2582 951 et
2606 895 2915 952 BENEDICTO
2942 911 3095 966 asque
3141 898 3363 970 presby-

1792 990 1927 1049 tero,
1958 983 2404 1041 irrationabiliter
2437 1001 2469 1040 a
2503 986 2660 1042 nobis
2698 987 3036 1043 consecratis
3077 988 3367 1059 episcopis,

1791 1081 1847 1131 et
1871 1073 2042 1143 ipsum
2072 1075 2410 1131 ordinem....
2434 1077 2812 1133 vestientibus.

1864 1161 2108 1218 Misimus
2126 1163 2239 1232 jam
2269 1165 2423 1221 vobis
2467 1165 2677 1221 litteras
2699 1174 2965 1236 quatenus
3010 1166 3269 1223 veniretis
3303 1167 3373 1223 ad

1792 1267 1914 1318 nos,
1950 1261 2007 1308 et
2030 1254 2413 1310 satisfaceretis
2436 1256 2871 1311 accusationibus
2895 1264 2950 1311 et
2976 1257 3215 1327 querelis
3239 1270 3375 1325 quas

1793 1345 2052 1400 adversus
2076 1360 2176 1400 nos
2200 1345 2363 1400 habet
2392 1345 2629 1401 Joannes
2664 1347 2949 1418 episc0pus
2983 1355 3189 1402 sancta:
3228 1345 3373 1401 sedis

1793 1433 2215 1503 Beneventame,
2283 1436 2374 1505 qui
2432 1436 2797 1506 interpellavit
2848 1430 3013 1507 super
3055 1452 3155 1492 nos
3205 1445 3373 1505 atque

1797 1525 2335 1597 ostenditprivilcgia
2360 1525 2499 1581 facta
2525 1527 2726 1583 nostris
2767 1527 3206 1582 antecessoribus
3243 1540 3376 1596 pon-

1723 1617 1769 1678 B
1799 1614 2035 1671 tiﬁcibus
2063 1614 2122 1670 S.
2154 1615 2217 1669 R.
2250 1616 2313 1670 E.
2353 1626 2408 1671 et
2446 1616 2755 1686 apostolicae
2786 1619 2930 1673 sedis
2966 1633 3091 1673 cum
3125 1617 3376 1673 districto

1795 1705 2176 1770 anathemate,
2218 1715 2278 1759 ut
2328 1705 2510 1761 nullus
2552 1706 2747 1776 aliquis
2794 1716 3086 1777 prtesumat
3131 1705 3380 1762 minuere

1796 1794 2054 1849 terminos
2080 1793 2351 1864 prtediette
2398 1793 2789 1850 Beneventanae
2829 1795 3105 1861 ecclesias,
3152 1803 3208 1850 et
3235 1792 3381 1864 quod

1796 1883 2109 1940 Triventina
2188 1893 2245 1941 et
2321 1885 2686 1941 'l‘ermolensis
2758 1884 3003 1941 ecclesiae
3080 1884 3382 1954 antiquitus

1797 1975 2025 2032 subdita:
2049 1974 2278 2030 fuissent
2303 1976 2684 2033 Beneventano
2717 1975 2970 2046 episcopo
2997 1983 3023 2040 ,‘
3074 1974 3385 2044 pariterque

1796 2075 1852 2124 et
1890 2081 2080 2122 omnes
2113 2066 2233 2122 alia:
2277 2067 2541 2132 ecclesiae,
2592 2082 2714 2136 quae
2752 2073 3081 2122 constructae
3119 2063 3206 2119 vel
3252 2077 3387 2118 con-

1798 2155 2069 2212 struendae
2098 2162 2222 2209 sunt
2251 2155 2390 2210 infra
2416 2154 2677 2210 terminos
2702 2156 2930 2211 istarum
2951 2164 3007 2209 et
3028 2154 3259 2209 aliarum
3278 2165 3381 2221 per

1798 2243 2049 2302 civitates
2073 2253 2127 2299 et
2153 2253 2352 2308 castra,
2377 2250 2677 2313 cunctaque
2703 2243 2823 2299 loca
2848 2240 3213 2298 Beneventani
3234 2239 3385 2310 prin-

1799 2333 2011 2404 cipatus
2038 2332 2226 2388 ditioni
2258 2332 2520 2403 subjecta,
2545 2340 2596 2387 et
2627 2332 2753 2402 quia
2783 2332 3036 2389 renuistis
3086 2330 3291 2391 venire,
3330 2337 3386 2383 et

1802 2424 2067 2478 rationem
2098 2423 2344 2486 reddere,
2373 2422 2743 2492 cognovimus,
2768 2435 2864 2476 vos
2890 2436 2997 2475 non
3049 2433 3147 2490 per
3182 2418 3384 2474 ostium

1803 2512 2037 2568 intrasse
2061 2553 2076 2578 ,
2105 2512 2199 2568 sed
2238 2511 2435 2567 furtive
2462 2552 2478 2580 ,
2505 2519 2567 2565 ut
2594 2511 2740 2566 fures
2783 2519 2838 2566 et
2885 2510 3122 2565 latrones
3167 2506 3386 2578 aliunde

1804 2602 2118 2673 irrupsisse,
2150 2611 2205 2656 et
2233 2602 2469 2657 indebite
2498 2600 2803 2672 episcopale
2842 2599 3203 2655 ministerium
3229 2612 3388 2653 usur—

1806 2709 2011 2765 passe;
2061 2708 2295 2763 cumque
2341 2708 2480 2748 nova
2533 2693 2881 2764 praesumptio
2930 2691 3269 2756 surrexerit,
3328 2697 3389 2746 ut

1807 2783 2062 2849 videtur,
2106 2790 2167 2837 ut
2200 2781 2383 2851 plebes
2429 2796 2550 2852 quae
2595 2782 2822 2837 subdita:
2850 2790 2976 2836 sunt
3019 2780 3119 2835 sub
3166 2779 3389 2835 dioecesi

1808 2880 1955 2927 et....
2019 2871 2359 2942 episcopatus
2422 2870 2591 2941 ipsius
2641 2871 3033 2927 Beneventanus
3097 2869 3391 2940 provincia:
3439 2918 3454 2929 ,

120 2941 465 3009 juberemus,
519 2951 573 2997 et
620 2942 917 3009 decimam,
949 2958 1111 3013 quam
1155 2941 1421 3013 permissu
1461 2939 1701 3012 praedicti

1807 2975 1997 3022 contra
2032 2964 2277 3020 instituta
2302 2978 2569 3019 canonum
2619 2978 2719 3033 per
2768 2963 3050 3032 praemium
3096 2970 3154 3016 et
3204 2960 3390 3015 datum

127 3030 297 3086 domni
344 3030 668 3103 apostolici,
727 3039 782 3087 et
831 3047 1053 3087 assensu
1102 3031 1476 3101 episcoporum
1539 3030 1701 3085 totius

127 3120 272 3189 cleri,
302 3121 638 3178 Guntharius
680 3119 1022 3177 Coloniensis
1049 3120 1303 3175 Ecclesiae
1341 3120 1703 3190 archiepisco-

129 3226 223 3279 pus
267 3212 582 3267 earumdem
637 3211 1128 3267 sanctimonialium
1174 3211 1339 3273 victui
1385 3211 1701 3265 attermiua-

128 3310 294 3367 verat,
329 3310 386 3357 et
428 3301 706 3357 electionis
736 3302 1045 3366 arbitrium,
1082 3310 1139 3355 ut
1186 3301 1405 3371 quando
1428 3302 1702 3356 abbatissa

128 3386 375 3446 defuncta
408 3389 569 3443 fuerit
618 3389 894 3443 licentiam
940 3389 1176 3444 habeant
1225 3388 1701 3453 sanctimoniales,

130 3496 283 3548 quam
313 3480 514 3535 ibidem
545 3479 707 3533 fuerit
746 3480 1107 3546 intrinsecus,
1139 3480 1205 3534 de
1246 3481 1550 3549 semetipsis
1583 3493 1705 3549 qua:

129 3571 284 3640 digna
314 3570 501 3634 fuerit,
531 3578 588 3624 et
626 3571 736 3625 Deo
763 3570 982 3639 placita,
1028 3571 1231 3639 eligere
1259 3568 1605 3624 abbatissam.
1640 3568 1706 3622 Et

137 3669 192 3715 ut
236 3661 540 3733 privilegiis
581 3661 890 3732 apostolica:
940 3662 1084 3717 sedis
1128 3661 1272 3716 idem
1316 3660 1703 3716 monasterium

130 3752 436 3818 decoretur,
470 3760 531 3806 ut
574 3752 672 3807 sub
695 3750 1070 3820 jurisdictione
1116 3760 1318 3807 sancta:
1350 3762 1549 3807 nostra:
1571 3791 1588 3818 ,
1620 3750 1707 3805 cui

129 3839 238 3895 Deo
302 3848 558 3906 auctore,
607 3840 937 3896 deservimus
997 3838 1251 3895 Ecclesiae
1315 3840 1705 3904 constitutum,

129 3932 327 3988 nullius
373 3931 598 3987 alterius
634 3931 885 3987 Ecclesiae
925 3930 1392 3998 jurisdictionibus
1420 3931 1706 3986 submitta-

133 4032 246 4091 tur;
276 4038 379 4096 pro
419 4039 528 4095 qua
571 4038 630 4078 re
655 4024 760 4093 piis
799 4023 1079 4079 desideriis
1122 4023 1318 4078 vestris
1355 4021 1619 4087 faventes,
1656 4021 1711 4077 id

130 4114 272 4183 quod
319 4114 616 4184 exposcitis
676 4111 890 4167 eﬁ'ectui
946 4112 1361 4181 mancipamus,
1409 4119 1709 4167 statuentes

131 4206 425 4275 apostolica
451 4220 681 4261 censura
709 4203 809 4259 sub
837 4202 1009 4258 divini
1030 4202 1221 4273 judicii
1247 4202 1629 4267 obtestatione,
1660 4208 1715 4256 et

1809 3057 2092 3127 elegerunt
2116 3070 2212 3110 vos
2239 3054 2338 3110 sibi
2376 3067 2472 3124 per
2497 3052 2848 3109 simoniacam
2898 3050 3146 3108 haeresim
3184 3049 3391 3119 episco-

1805 3163 1924 3219 pos,
1972 3148 2199 3216 ideoque
2238 3144 2771 3201 excommunicamus
2813 3160 2911 3198 vos
2956 3156 3019 3196 ex
3072 3140 3394 3196 auctoritate

1805 3238 1868 3292 B.
1893 3238 2038 3292 Petri
2069 3236 2434 3305 apostolorum
2484 3234 2765 3303 principis,
2795 3244 2855 3285 ut
2879 3247 3054 3300 neque
3094 3231 3147 3284 in
3188 3229 3392 3285 eisdem

1808 3326 2077 3398 plebibus,
2109 3327 2213 3380 hoc
2237 3334 2321 3380 est
2342 3323 2657 3378 Trivcntina
2686 3330 2740 3376 et
2769 3320 3092 3375 Tcrmulatta
3140 3317 3390 3383 ecclesia,

1807 3418 2169 3490 episcopalem
2194 3417 2599 3473 cathedram....
2631 3413 2993 3484 praesumatis,
3026 3426 3125 3465 nec
3166 3411 3217 3463 in
3249 3407 3395 3463 nulla

1807 3510 1912 3566 alia
1941 3508 2171 3564 ecclesia
2204 3507 2531 3575 permissum
2560 3502 2804 3557 habeatis
2839 3500 3057 3569 aliquod
3087 3497 3394 3568 episcopale
3480 3564 3483 3567 γ

1807 3598 2042 3654 oﬁicium
2077 3609 2356 3666 peragere.
2387 3591 2495 3647 Nos
2543 3591 2777 3659 denique
2807 3597 3196 3659 cognoscentes
3248 3585 3395 3656 quod

1808 3690 1932 3746 licet
1960 3687 2088 3743 illud
2114 3687 2182 3741 ab
2208 3683 2445 3753 antiquis
2472 3696 2778 3751 possessum
2806 3688 2888 3734 est
2937 3677 3306 3748 pontiﬁcibus,
3342 3683 3397 3730 et

1809 3780 2012 3841 omnia,
2042 3787 2095 3832 et
2122 3775 2430 3847 parochias,
2462 3784 2515 3828 et
2545 3772 2808 3826 dimccses
2854 3771 3061 3839 integre
3116 3768 3396 3822 Beneven-

1814 3878 1940 3924 tano
1963 3864 2287 3938 principatui
2326 3860 2674 3923 retradimus,
2708 3872 3029 3913 renovamus
3072 3864 3236 3925 atque
3262 3868 3393 3909 con-

1812 3958 2096 4014 ﬁrmamus
2159 3954 2333 4010 eidem
2387 3949 2584 4007 Joanni
2652 3949 3032 4004 Beneventano
3096 3947 3395 4016 episcopo,

1812 4048 2037 4118 ejusque
2067 4042 2475 4100 successoribus
2502 4040 2554 4093 in
2584 4048 2903 4109 perpetuum
2926 4036 3332 4108 possidendum,
3361 4049 3392 4088 a

1814 4145 2230 4204 nostrorumque
2282 4144 2659 4187 successorum
2708 4127 2854 4182 nullo
2900 4125 3105 4195 aliquid
3150 4125 3402 4179 minuen-

1818 4229 1969 4291 dum,
2004 4232 2288 4297 propterea
2314 4218 2652 4274 admonendo
2675 4257 2691 4282 ,
2731 4216 3038 4271 mandando
3082 4228 3402 4271 excommu-

134 4295 492 4365 anathematis
517 4293 827 4357 interdictu,
868 4299 927 4346 ut
950 4291 1125 4345 nullus
1153 4305 1389 4380 unquam
1422 4297 1713 4360 Ρΐῖηδυῐηθι
1745 4296 1791 4354 ι)
1818 4291 2081 4380 nicamus,
2105 4291 2434 4368 auctoritate
2480 4308 2624 4363 beati
2659 4307 2804 4362 Petri
2857 4307 3221 4378 apostolorum
3253 4304 3404 4375 prin-

132 4383 400 4454 quispiam
445 4384 811 4452 cujuscunque
848 4381 918 4435 sit
957 4380 1257 4452 dignitatis,
1302 4379 1384 4435 vel
1422 4389 1711 4449 quantum-

1818 4407 1972 4478 cipis,
1999 4403 2228 4459 clericos
2255 4412 2310 4456 ct
2332 4410 2582 4455 cunctam
2624 4398 2835 4468 plebem
2864 4396 3238 4452 Triventinam
3265 4393 3320 4448 et
3349 4392 3402 4445 in

134 4489 348 4544 cunque
378 4490 571 4545 magna
598 4488 868 4543 parvaque
891 4486 1140 4543 persona,
1178 4470 1245 4525 de
1279 4470 1441 4525 rebus
1474 4479 1565 4524 aut
1590 4484 1701 4540 pos-

1820 4470 2085 4554 Termolis
2117 4494 2501 4550 consistentem
2542 4499 2605 4545 ut
2629 4490 2769 4545 si....
2804 4489 2920 4543 sine
2960 4485 3252 4557 gastaldcis
3301 4483 3405 4536 mi-

135 4568 489 4633 sessionihus,
518 4567 602 4622 vel
629 4565 919 4643 quidquam
946 4578 1066 4633 qua:
1099 4562 1147 4618 ei
1172 4561 1442 4631 pertinere
1464 4561 1716 4615 videntur
1819 4588 2191 4646 nisterialibus
2243 4601 2335 4642 seu
2404 4582 2634 4639 clericus
2664 4622 2681 4649 θ
2727 4580 2814 4635 τοι
2870 4577 3098 4649 ρορηιυς
3161 4576 3403 4646 ipsarum

137 4672 352 4728 quoquo
388 4658 550 4712 “mdo
590 4654 804 4711 δυίθπθ
825 4695 839 4720 ’
867 4664 960 4709 θυι
998 4652 1239 4748 alien?”
1263 4657 1554 4748 pmsumi‘t
1572 4688 1587 4715 ’
1607 4649 1716 4748 _sed
1822 4680 2099 4737 civitatum
2124 4673 2528 4748 praesumpserit
2549 4685 2791 4743 quaerere
2813 4668 3151 4740 supradictos
3173 4664 3409 4719 Leonem

138 4763 239 4804 nec
281 4748 578 4818 quamlibet
628 4747 891 4802 malitiam
920 4786 935 4811 ,
1009 4753 1103 4800 aut
1140 4742 1367 4813 jactura:
1410 4741 1713 4797 molestiam
1827 4741 2155 4829 monachun}
2218 4777 2273 4825 ει
2325 4741 2677 4819 έθηθάίρίωη
2729 4775 2880 4831 εφη)
2925 4754 3305 4827 presbyterum
3358 4750 3414 4801 in
3508 4812 3519 4821 _

142 4840 342 4896 ibidem
370 4839 486 4894 Sive
507 4839 679 4908 Ρθθίδν
704 4839 819 4893 Sive
843 4837 1127 4893 barbarico
1158 4846 1401 4907 tempore
1425 4836 1578 4890 ﬁrma
1606 4844 1717 4889 διδ·
1827 4861 1957 4931 ipsis
1986 4856 2296 4913 civitatibus
2348 4852 2597 4920 excipere
2627 4851 2696 4906 ad
2744 4843 3109 4922 pontiﬁcalem
3167 4841 3421 4901 ordinem

141 4931 353 4986 bilitate
387 4928 728 4985 decernimus
759 4927 859 4982 sub
878 4927 1253 4996 jurisdictione
1280 4934 1481 4983 sanctae
1522 4932 1721 4983 nostrae
1825 4927 2193 5009 ἐκθηριωυῶ
2223 4948 2321 5005 sub
2343 4937 2709 4998 analhemglis
2752 4935 2961 4995 vinculo
2988 4943 3261 4990 mancam
3292 4941 3427 4981 con-

148 5018 403 5075 Ecclesite
434 5013 894 5087 permanendum.
949 5016 1020 5068 At
1070 5030 1199 5070 vero
1244 5017 1336 5086 qui
1384 5016 1472 5085 pio
1523 5014 1720 5073 intuitu
1828 5039 2026 5100 stricti.
2057 5036 2113 5091 Si
2142 5042 2266 5109 quis
2292 5044 2493 5098 autem,
2535 5036 2679 5104 quod
2700 5049 2802 5087 non
2829 5033 3096 5098 optamus,
3118 5038 3269 5082 aus“
3300 5030 3441 5089 pm.

146 5112 464 5202 observator
493 5106 651 5202 hujus
676 5107 844 5202 nostri
886 5105 1163 5202 apostolici
1191 5105 1458 5202 privilegii
1492 5106 1720 5202 exstite-
1830 5129 2123 5202 sumpse,“
2145 5105 2264 5187 {me
2298 5141 2423 5199 qua;
2451 5139 2481 5176 τι
2513 5125 2669 5179 nobis
2690 5124 2755 5178 ad
2775 5120 2988 5175 laudem
3009 5110 3102 5167 Dei
3127 5130 3245 5183 pro
3273 5105 3447 5202 stabi-f

149 5200 237 5265 rit,
252 5197 645 5254 benedictionis
666 5196 893 5268 gratiam
916 5211 943 5248 a
970 5195 1475 5255 misericordissimo
1496 5194 1726 5253 Domino
1828 5194 1982 5280 nm;
2001 5218 2118 5289 jam
2158 5194 2735 5279 dicm’genevcnmme
2759 5204 3011 5265 Ecclesia:
3052 5210 3279 5263 statuta
3322 5199 3455 5252 sunt

149 5287 257 5343 Deo
282 5285 652 5356 multipliciter
675 5295 1053 5356 consequatur.

1829 5317 2121 5356 νοΐιοασεὶῐιρ.
2165 5325 2257 5356 mil
2288 5314 2342 5356 in
2375 5319 2651 5356 auoauam
2680 5297 2982 5356 lransat‘edi
3010 5336 3025 5356 ,
3054 5306 3157 5350 aut
3189 5298 3454 5356 minuere
