3964 5356
521 297 626 353 895

1823 287 2116 346 AGAPETI
2157 285 2365 343 PAPE
2399 289 2449 343 11³

3668 301 3764 359 896

521 411 702 482 impiis
727 418 928 468 aeterno
958 410 1219 482 supplicio
1261 411 1696 466 condemnatam.
1727 410 1798 464 At
1843 425 1973 464 vero
2000 408 2090 479 qui
2121 411 2167 469 Α
2198 408 2340 479 regis
2387 407 2642 464 Ludovici
2693 417 2899 475 votum,
2965 409 3108 480 ipsas
3157 410 3438 481 praedictas
3492 412 3766 485 diceeeses,

521 521 619 574 pro
666 503 862 560 intuitu
939 505 1256 559 observator
1305 512 1360 558 et
1416 504 1467 557 in
1517 503 1768 559 omnibus
1826 502 2099 557 exstiterit

520 597 830 652 custodiens
895 594 1052 662 hujus
1108 595 1279 650 nostri
1340 595 1623 665 apostolici
1691 594 1972 650 constituti
2032 593 2100 648 ad

519 687 725 743 cultum
782 685 878 741 Dei
935 685 1228 756 respiciens
1259 725 1274 750 ,
1339 685 1729 741 benedictionis
1784 685 2015 755 gratiam
2069 698 2100 738 a

520 775 1113 832 misericordiosissimo
1169 762 1394 828 Doniiuo
1472 784 1659 830 nostro
1732 773 2103 842 multipliciter

519 874 909 938 consequatur,
956 875 1011 923 et
1065 867 1190 921 vitae
1236 873 1452 920 aeterna:
1499 865 1766 935 particeps
1813 864 1956 919 eﬂiei
1988 880 2102 919 me-

523 973 614 1014 rea
623 965 676 1012 ιιι
682 973 728 1012 l‘.

593 1049 788 1103 Datum
838 1063 938 1118 per
985 1060 1177 1100 manus
1232 1044 1496 1114 Stephani
1550 1043 1840 1113 primicerii
1906 1053 2106 1098 sancite

521 1136 781 1191 Romana:
804 1147 859 1192 et
883 1135 1194 1206 apostolica:
1221 1135 1388 1199 sedis,
1409 1150 1571 1198 anno,
1599 1135 1826 1189 Domino
1849 1135 2106 1204 propitio,

520 1228 870 1297 pontiﬁcatus
910 1226 1111 1282 domini
1140 1225 1363 1296 Agapeti
1400 1223 1443 1278 ll
1473 1239 1622 1294 papa:
1656 1225 1708 1278 in
1739 1223 2106 1283 sacratissima

522 1301 825 1374 sede‘beati
852 1317 998 1372 Petri
1024 1315 1250 1387 apostoli
1279 1314 1477 1386 primo,
1511 1314 1624 1369 ind.
1661 1329 1714 1368 v.

1288 1425 1355 1480 γ.

525 1557 753 1600 ΔΟΔΡΕἸῚ
791 1555 935 1596 ΡΔΡΕ
984 1556 1022 1594 ιι
1085 1553 1337 1594 ι-ιιηετοιλ
1377 1553 1444 1591 ΔΙ)
1488 1551 1827 1594 ΔΒΛιΟΛΒΙυΙ
1864 1553 2110 1594 HAIBUB'

959 1625 1162 1666 CENSE!
1202 1623 1672 1664 ARCHIEPISCOPUI.

1142 1720 1320 1793 (Anno
1340 1719 1489 1783 948.)

522 1826 856 1884 Junctionem
907 1829 1200 1901 Bremensia
1232 1827 1483 1901 Ecclesia;
1519 1844 1641 1883 cum
1691 1827 2108 1901 liamburgemi,

735 1909 783 1953 et
812 1911 996 1954 ewlera
1025 1897 1434 1968 Hamburgensir
1454 1897 1581 1966 jura
1608 1899 1900 1968 conﬁrmat.

597 2033 880 2088 Acars'rus
914 2033 1218 2103 episcopus,
1251 2047 1440 2088 servus
1486 2046 1764 2088 servorum
1810 2032 1928 2101 Dei,
1957 2047 2114 2090 reve-

528 2123 847 2177 rendissimo
873 2132 929 2177 et
956 2123 1299 2178 sanctissimo
1327 2123 1635 2179 AnALctnto
1666 2123 1723 2178 S.
1754 2122 2116 2178 Hammabur—

528 2213 711 2282 gensis
736 2212 990 2268 Ecclesiae
1011 2213 1438 2284 archiepiscopo,
1464 2213 1678 2282 tuisque
1707 2213 2113 2269 successoribus

526 2302 579 2355 in
611 2312 948 2373 perpetuum.

596 2393 860 2449 Convenit
910 2393 1218 2464 apostolicae
1273 2395 1631 2449 moderationi
1701 2395 1790 2464 pia
1854 2394 2112 2464 religione

525 2486 844 2557 pollentibus
921 2487 1181 2544 benevola
1239 2489 1616 2558 eompassione
1643 2501 1996 2550 succurrere,
2057 2495 2112 2542 et

524 2578 864 2647 poscentium
934 2579 1146 2634 animos
1184 2578 1354 2633 alacri
1426 2580 1709 2634 devotione
1781 2580 2110 2648 impertire;

523 2683 591 2724 ex
620 2669 723 2723 hoc
752 2669 896 2724 enim
926 2667 1061 2722 lucri
1103 2669 1442 2738 potissimum
1491 2671 1772 2740 przemium
1810 2671 1949 2740 apud
1976 2687 2110 2726 con-

526 2759 756 2814 ditorem
810 2761 1050 2815 omnium
1081 2761 1250 2816 Deum
1299 2761 1486 2833 procul
1517 2763 1679 2818 dubio
1718 2778 2112 2833 promeremur,

527 2851 653 2906 dum
677 2853 1004 2908 venerabilia
1041 2852 1158 2909 loca
1183 2862 1483 2924 opportune
1518 2855 1586 2909 ad
1616 2855 1887 2910 meliorem
1912 2854 2114 2912 fuerint

527 2949 727 2995 statum
751 2942 866 2996 sine
897 2942 1062 2998 dubio
1101 2945 1383 3015 producta.
1428 2945 1596 3015 igitur
1635 2946 1762 3016 quia
1798 2944 2114 3017 postulastis

527 3047 556 3083 a
574 3031 729 3085 nobis
753 3041 1017 3102 quatenus
1043 3033 1564 3106 archiepiscopatum
1597 3034 2111 3106 llammaburgensis

528 3121 784 3178 Ecclesia)
815 3133 985 3179 totum
1011 3126 1462 3196 integrumvobis
1484 3127 1950 3194 conﬁrmaremus,
1974 3129 2114 3184 sicut

527 3230 558 3265 a
597 3214 995 3282 predecessors
1018 3216 1080 3269 D.
1124 3226 1310 3272 nostro
1347 3216 1566 3273 Nieolao
1607 3219 1766 3289 hujus
1813 3219 2115 3288 apostolica:

530 3305 676 3360 sedis
733 3307 1007 3362 decretum
1055 3317 1170 3374 est;
1229 3309 1471 3364 inclinati
1523 3310 1771 3380 precibus
1822 3309 2114 3366 Hadamari

532 3393 823 3450 Fuldensis
844 3395 1079 3462 abbatis,
1097 3397 1392 3467 apostolica
1415 3399 1739 3454 auctoritate
1766 3398 2114 3453 concedimus

530 3497 653 3537 cum
682 3484 934 3540 omnibus
975 3487 1299 3555 generaliter
1341 3497 1505 3559 atque
1553 3488 1858 3558 specialiter
1887 3488 2020 3544 locis
2047 3489 2114 3543 ad

529 3573 781 3627 eumdem
808 3583 1046 3629 vestrum
1077 3577 1539 3647 archiepiscopum
1569 3579 1977 3646 pertinentibus,
2005 3580 2113 3634 sci-

532 3660 660 3714 licet
685 3663 867 3716 omnia
907 3678 1026 3732 qua:
1071 3665 1235 3719 vestri
1275 3676 1647 3722 antecessores
1690 3667 1802 3722 suis
1840 3668 2115 3723 laboribus

533 3752 955 3822 acquisivcrunt,
988 3755 1072 3810 vel
1122 3757 1284 3810 etiam
1317 3773 1470 3812 amor
1496 3767 1710 3812 aeternae
1756 3761 1948 3829 patriae
1980 3760 2052 3814 ibi
2083 3777 2112 3814 a

533 3845 980 3901 Christicolarum
1006 3847 1251 3902 ﬁdelibus
1275 3849 1464 3919 largita
1486 3858 1610 3904 sunt
1632 3850 1968 3921 largiuntur;
1992 3867 2113 3906 cum

533 3937 641 3991 illis
671 3937 856 4001 etiam,
884 3939 974 4007 qui
1003 3955 1144 3993 nunc
1175 3955 1273 3994 suo
1297 3949 1536 4010 tempore
1564 3943 1743 3996 divina
1783 3942 2114 4013 protegentia

534 4027 602 4082 ad
631 4028 834 4082 Christi
883 4030 1128 4083 conversi
1160 4037 1286 4084 sunt
1336 4029 1521 4094 tidem,
1571 4030 1822 4085 videlicet
1852 4031 2117 4101 episcopis

533 4121 828 4186 Danorum,
875 4121 1270 4186 Norvenorum,
1304 4121 1664 4187 Suvevonum,
1714 4139 1812 4178 nec
1839 4140 1944 4177 non
2001 4139 2118 4178 om-

536 4212 684 4264 nium
726 4211 1240 4280 septemtrionalium
1290 4213 1562 4280 partium;
1614 4213 1833 4283 pallium
1879 4227 2112 4284 quoque,

536 4309 590 4351 et
611 4299 726 4367 ejus
753 4316 906 4355 usum
935 4301 988 4354 in
1031 4301 1432 4371 prmnomiuatis
1464 4317 1493 4354 a
1522 4303 1778 4371 praedicto
1797 4317 1932 4372 papa
1960 4301 2118 4357 factis

2205 498 2661 570 Iiamburgensem
2687 500 2913 566 scilicet,
2931 509 2985 555 et
3012 500 3378 568 Bremensem,
3405 518 3514 558 non
3531 505 3772 576 deinceps

2205 590 2358 657 duas,
2387 590 2480 644 sed
2511 604 2672 644 unam
2705 605 2824 646 esse
2853 601 2907 646 et
2945 593 3126 647 vocari
3152 609 3168 652 :
3197 608 3664 668 omnem‘quoque
3687 599 3777 652 ad-

2203 689 2508 733 versantem
2561 679 2644 734 vel
2691 682 3171 748 eontradicentem,
3217 693 3382 756 atque
3432 685 3538 755 piis
3583 689 3774 743 nostris

2205 769 2402 823 studiis
2425 770 2665 838 quolibet
2689 771 2850 826 modo
2878 771 3244 838 insidiantem,
3273 776 3643 830 anathematis
3682 793 3779 830 ser-

2206 875 2364 914 mone
2387 861 2738 929 percutimus,
2767 872 3147 932 perpetuaeque
3171 863 3391 918 ultionis
3422 880 3577 919 reum
3603 865 3778 921 diabo-

2207 951 2310 1007 lica
2339 961 2482 1007 sorte
2510 953 2848 1019 damnamus,
2879 962 2937 1009 ut
2978 954 3187 1010 culmen
3223 956 3616 1026 apostolorum,
3642 973 3780 1012 more

2207 1041 2661 1110 praedecessorum
2708 1052 3038 1109 nostrorum,
3087 1058 3418 1116 causamque
3461 1045 3559 1099 Dei
3600 1046 3690 1115 pio
3713 1047 3782 1100 at;

2209 1130 2351 1187 fectu
2381 1132 2615 1186 zelantes
2638 1133 2704 1187 ab
2729 1135 2970 1190 adversis
3004 1135 3131 1189 hinc
3162 1135 3284 1189 inde
3312 1136 3562 1205 partibus
3585 1137 3783 1190 munia—

2209 1235 2349 1274 mus.
2403 1221 2710 1291 Apostolica
2756 1225 2936 1292 itaque
2978 1224 3321 1287 auctoritate,
3372 1231 3431 1278 et
3474 1222 3783 1278 Bernhardo

2208 1310 2466 1380 episcopo
2517 1311 2941 1377 Alverstadensi,
2989 1311 3259 1382 'l‘hidardo
3307 1312 3664 1368 Hisdenensis
3707 1329 3785 1369 ee-

2211 1399 2408 1463 clesiae,
2441 1409 2494 1452 et
2521 1401 2731 1455 caeteris
2771 1401 3248 1457 conterminalibus
3275 1401 3552 1470 episcopis
3579 1402 3786 1470 insuper

2203 1486 2458 1557 jubemus
2492 1500 2546 1546 et
2584 1504 2678 1544 eos
2708 1506 3006 1556 monemus,
3039 1500 3098 1544 ut
3150 1499 3199 1544 te
3250 1491 3304 1545 in
3357 1492 3621 1548 omnibus
3648 1493 3789 1562 adju-

2213 1585 2372 1642 vent,
2404 1587 2670 1647 quatenus
2709 1577 3040 1633 sacerdotale
3075 1579 3438 1634 ministerium
3473 1579 3698 1649 explere
3743 1589 3791 1634 et

2218 1670 2521 1724 ani-marum
2547 1670 2694 1725 lucra
2729 1671 2954 1726 Domino
2980 1671 3106 1729 Jesu
3134 1673 3350 1728 Christo
3371 1673 3592 1727 facilius
3616 1673 3789 1742 acqui-

2138 1748 2187 1808 B
2217 1773 2336 1814 rere
2359 1759 2560 1815 valeas.
2615 1760 2950 1816 Auctoritate
2996 1775 3124 1831 ergo
3153 1762 3448 1831 apostolica
3478 1768 3536 1816 et
3570 1776 3791 1817 censura

2213 1851 2313 1909 sub
2344 1851 2510 1906 divini
2549 1852 2736 1922 judicii
2758 1852 3142 1919 obtestatione,
3169 1861 3222 1908 et
3244 1854 3619 1909 anathematis
3645 1855 3794 1908 inter-

2211 1945 2358 2000 dicto
2387 1944 2697 2011 statuimus,
2726 1953 2780 2000 et
2819 1945 2972 2001 nulla.
3009 1960 3238 2014 persona
3266 1960 3464 2016 magna
3495 1945 3584 2000 vel
3612 1961 3791 2015 parra,

2211 2037 2581 2108 cujuscunque
2627 2036 2857 2101 ordinis,
2881 2046 2974 2092 aut
2996 2036 3271 2106 dignitatis
3298 2037 3390 2100 sit,
3422 2036 3611 2091 omnia
3630 2050 3749 2105 qua:
3769 2051 3795 2089 ι

2211 2127 2390 2194 nobis,
2414 2127 2498 2182 vel
2529 2127 3016 2198 praedecessoribus
3062 2127 3264 2182 nostris
3312 2125 3569 2181 ecclesiae
3623 2133 3799 2179 tumet

2213 2219 2306 2273 tibi
2337 2233 2591 2274 concessa
2615 2226 2741 2274 sunt
2761 2219 2958 2283 violet;
2985 2217 3292 2288 quicunque
3344 2228 3531 2271 autem
3564 2225 3797 2270 mutave-

2212 2309 2302 2372 rit,
2330 2308 2416 2362 vel
2446 2308 2498 2362 iu
2523 2307 2927 2377 aliquolviolare
2953 2307 3380 2378 przesumpserit,
3414 2307 3534 2361 nisi.
3558 2308 3794 2376 resipue-

2212 2399 2300 2462 rit,
2325 2399 2650 2454 auctoritate
2688 2399 2804 2464 Dei,
2836 2407 2890 2453 et
2934 2399 2974 2452 B
3017 2397 3180 2458 Petri,
3213 2407 3266 2452 et
3313 2405 3530 2460 nostra,
3573 2397 3665 2465 qui
3693 2395 3798 2462 ejus

2213 2488 2486 2556 fungimur
2509 2488 2880 2554 vieariationc,
2915 2487 3170 2558 perpetui»
3193 2486 3572 2540 anathematis
3595 2485 3798 2540 vinculo

2213 2578 2283 2632 sit
2311 2577 2617 2631 innodatus.
2667 2576 2768 2642 Qui
2791 2591 2921 2631 vero
2944 2586 3125 2630 custos
3149 2584 3202 2629 et
3225 2575 3557 2628 observator
3578 2573 3697 2641 ejus
3717 2586 3800 2627 ex-

2213 2667 2418 2722 stiterit
2441 2667 2837 2722 benedictionis
2864 2667 3116 2736 gratiam,
3141 2675 3193 2721 et
3225 2666 3473 2720 caelestis
3499 2665 3801 2720 retributio?

2214 2761 2300 2816 nis
2330 2775 2358 2814 a
2379 2758 2725 2830 justojudiee
2763 2759 2993 2815 Domino
3018 2759 3127 2814 Deo
3157 2767 3345 2812 nostro
3379 2758 3655 2827 consequi
3697 2772 3798 2811 me-

2213 2865 2303 2906 rea
2311 2859 2415 2904 tur.

2285 2938 2557 3009 Scriptum
2603 2953 2700 3008 per
2744 2953 2961 2994 manum
2999 2936 3224 2993 Arrouis
3251 2936 3462 2991 notarii
3501 2936 3800 3005 regionarii,

2216 3040 2376 3100 atque
2405 3031 2674 3085 scriniarii
2722 3027 2779 3084 S.
2810 3028 2877 3082 R.
2924 3028 2986 3082 E.
3031 3028 3082 3082 in
3114 3042 3302 3081 mense
3332 3025 3631 3094 Januario,
3677 3027 3799 3079 indi-

2139 3088 2186 3150 ο
2217 3123 2395 3177 ctione
2415 3137 2488 3175 vr.
2537 3121 2665 3174 Data
2713 3135 2763 3172 iv
2806 3118 2988 3173 Nonas
3021 3117 3264 3172 Januarii
3311 3133 3413 3186 per
3447 3133 3678 3170 manum
3700 3119 3799 3170 An-

2212 3211 2356 3266 dreae
2384 3209 2580 3264 arcarii
2607 3217 2810 3262 sancta:
2833 3207 2976 3261 sedis
3001 3205 3308 3275 apostolicae
3331 3207 3385 3259 in
3430 3206 3797 3260 sacratissima

2213 3299 2340 3354 sedc
2377 3297 2440 3352 B.
2472 3297 2616 3354 Petri
2653 3296 2910 3366 apostoli,
2941 3296 3235 3352 indictione
3254 3309 3342 3350 vt.

2966 3387 3052 3443 Vl.

2214 3515 2438 3556 ΔΩΑΡΕἸΪῙ
2493 3510 2636 3554 PARS
2689 3515 2727 3554 ll
2779 3513 3032 3553 EPISTOLIL
3069 3513 3136 3550 ΔΙ)
3174 3510 3609 3551 πιεοιιςλιωειι
3655 3509 3799 3550 ηιλ-

2901 3583 3106 3623 TISSAM.

2809 3656 2997 3727 (Anno
3033 3655 3155 3710 948.
3178 3654 3198 3723 )

2214 3749 2595 3806 Monasterium
2640 3747 3136 3802 Gaudersheimense
3185 3747 3240 3799 in
3283 3745 3528 3799 Saxonia
3565 3753 3797 3796 constr-

2283 3830 2440 3879 ctum,
2491 3819 2584 3871 sub
2623 3819 2933 3887 protectione
2961 3817 3126 3887 sedis,
3173 3816 3481 3884 apostolicw
3540 3814 3795 3882 recipitur,

2283 3890 2541 3958 variisque
2569 3887 2798 3939 donatur
2816 3886 3117 3955 privilegiis.

2341 3996 2520 4069 Mpud
2552 3994 2898 4064 Coquelines,
2918 3993 3194 4047 Bullarum
3226 3993 3433 4046 collect.
3465 3991 3518 4054 l,
3543 3989 3699 4062 251.]

2285 4082 2573 4162 Αῶιῐδετυε
2602 4107 2907 4176 episcopus,
2939 4121 3127 4160 servus
3177 4120 3463 4160 servorum
3518 4105 3634 4165 Dei,
3662 4101 3774 4155 Win

2217 4211 2488 4260 Dthauni,
2535 4195 2822 4250 abbatissa:
2887 4191 3207 4248 venerabilis
3277 4191 3600 4244 monasterii
3664 4189 3795 4243 Gan-

2217 4285 2741 4348 derescheimensis,
2791 4281 3085 4338 constructi
3130 4281 3198 4334 ab
3251 4279 3451 4334 Ottone
3497 4279 3697 4332 comite
3739 4277 3797 4331 de

539 4389 846 4444 habendum
879 4389 994 4455 tibi,
1031 4400 1086 4444 et.
1129 4389 1380 4444 omnibus
1420 4371 1821 4444 successoribus
1856 4390 1960 4444 tuis
1989 4405 2102 4459 per-
2141 4424 2194 4483 Β
2219 4377 2453 4434 Samnii!
2477 4419 2497 4446 θ
2548 4378 2777 4449 aliisque
2818 4391 2929 4434 5033
2989 4373 3153 4430 δοτιίε
3219 4371 3520 4428 abbatis-“’53
3573 4371 3628 4424 ίη
3679 4382 3794 4440 1³⁸³⁵

537 4491 698 4550 petuo
726 4481 1086 4535 decernimus.
1136 4480 1396 4550 Deinceps
1425 4495 1554 4534 vero
1605 4480 1808 4536 nullum
1847 4482 2111 4550 archiepi-

537 4586 842 4641 scoporum,
899 4569 983 4624 vel
1028 4570 1421 4636 Coloniensem,
1477 4570 1558 4624 vel
1604 4570 1764 4624 alium
1819 4570 2114 4639 quemlibet

538 4670 590 4721 in
621 4675 799 4721 vestra
835 4664 1053 4720 dimcesi
1107 4663 1270 4718 ullam
1321 4663 1422 4717 sibi
1470 4664 1743 4718 vindicare
1775 4664 2112 4719 decernimus

538 4756 1172 4827 potestatem;quinimo
1215 4762 1270 4810 et
1326 4755 1455 4825 ipsis
1495 4767 1547 4811 et
1603 4757 1853 4811 omnibus
1893 4756 2112 4810 omnino

539 4849 826 4901 suademus
869 4846 1165 4901 cultoribus
1214 4845 1506 4915 religionis,
1565 4854 1622 4898 ut
1674 4844 2021 4912 adjutorium,
2061 4852 2116 4898 et

538 4933 728 4988 solatia
772 4935 924 4990 vobis
972 4935 1025 4989 in
1083 4936 1333 4989 onmibus
1393 4934 1804 5010 administrent;
1850 4943 2116 5003 quatenus

539 5040 638 5096 pro
665 5027 834 5095 gratia
860 5025 1018 5095 hujus
1038 5026 1283 5080 beneficii
1317 5024 1526 5095 plenam
1550 5024 1790 5093 recipere
1815 5023 2112 5076 mercedem

540 5131 571 5169 a
597 5116 818 5170 Domino
847 5124 1175 5180 mereantur,
1205 5129 1327 5168 eum
1375 5115 1579 5175 omnia,
1627 5129 1743 5182 qua:
1769 5111 2005 5182 proﬁeua
2028 5127 2114 5166 ec-

544 5205 718 5258 clesize
747 5207 1041 5275 probantur
1070 5207 1349 5270 exhibere,
1375 5213 1428 5258 et
1451 5204 1644 5257 divinis
1669 5219 1770 5256 non
1800 5204 2117 5272 impugnan-

546 5305 634 5350 tur
655 5298 1118 5356 Drteeeotionibus.
1151 5297 1423 5353 efﬁcienda
1455 5305 1510 5349 et
1551 5295 1833 5356 pnebenda
1877 5294 2118 5356 onmipo-

2217 4479 2458 4543 petuum.

2289 4563 2554 4630 Quoniam
2579 4577 2792 4633 semper
2813 4569 2938 4617 sunt
2964 4558 3334 4624 concedenda,
3366 4571 3489 4628 qua:
3513 4553 3798 4611 rationabi-

2218 4654 2360 4710 libus
2410 4662 2714 4724 congruunt
2758 4651 3070 4714 desideriis,
3110 4656 3361 4718 oportet,
3423 4654 3484 4702 ut
3534 4642 3794 4722 devotioni

2221 4746 2517 4800 conditoris
2537 4744 2636 4814 pia:
2659 4742 3082 4798 conservationis
3107 4741 3407 4794 auctoritas
3430 4739 3484 4792 in
3513 4735 3797 4808 privilegiis

2220 4835 2540 4907 praestandis
2568 4835 2789 4888 minime
2815 4832 3125 4902 denegetur.
3165 4828 3332 4900 Igitur
3357 4830 3486 4897 quia
3517 4825 3797 4897 postulavit

2222 4941 2249 4978 a
2297 4925 2452 4979 nobis
2496 4923 2857 4978 liathumarus
2893 4919 3214 4976 venerabilis
3247 4916 3445 4982 abbas,
3472 4926 3537 4970 ut
3575 4931 3672 4985 per
3696 4913 3799 4981 ejus

2221 5015 2576 5069 interventum
2609 5021 2770 5080 atque
2796 5009 3226 5080 deprecationem
3259 5017 3508 5060 vestrum
3535 5014 3796 5060 monaste-

2220 5105 2358 5160 rium
2385 5101 2842 5158 Ganderescbeim
2879 5101 3039 5154 situm
3082 5097 3237 5166 juxta
3260 5094 3486 5149 ﬂuvium
3518 5097 3794 5153 Aternarn,

2218 5195 2510 5266 apostolica
2534 5193 2854 5248 auctoritate
2872 5190 3023 5245 vobis
3036 5187 3509 5250 conﬁrmaremus,
3533 5185 3634 5239 sub
3648 5182 3798 5250 juris-

2223 5289 2456 5343 dietioue
2482 5294 2678 5341 sanctae
2707 5292 2926 5348 nostrae,
2951 5282 3034 5336 cui
3060 5280 3170 5334 Deo
3198 5288 3425 5332 auctore
3444 5275 3793 5334 deservimus.
