3964 5356
204 265 313 322 897

1375 261 1734 318 EPISTOLAS
1776 262 1863 317 ET
1906 260 2316 317 PRlV'lLEGIA.

3348 264 3452 320 898

196 377 424 447 juslibct
466 375 711 432 ecclesiae
753 375 1094 430 sacerdotem
1123 375 1177 429 in
1204 373 1426 444 praefato
1456 375 1784 430 monasterio
1812 381 1859 440 Α
1889 375 1990 429 hac
2031 382 2217 429 nostra
2252 372 2575 430 auctoritate
2618 373 2673 429 id
2712 375 2856 445 quod
2899 373 3208 444 exposcltur
3241 375 3452 431 effectui

204 466 467 522 ditionem
487 465 782 540 quamlibet
801 466 1001 520 habere
1021 465 1342 520 auctoritate
1360 472 1568 531 nostra,
1593 472 1790 533 praeter

193 557 392 611 sedem
417 531 764 625 apostolicam
791 556 1160 626 prohibemus.
1191 555 1527 609 Auctoritate
1557 531 1788 624 namque

193 641 491 703 Natorum
537 646 901 718 apostolorum
945 645 1093 700 Petri
1147 653 1203 700 et
1247 643 1396 698 Pauli
1435 641 1685 711 jubemus
1729 650 1788 697 ut

191 735 389 791 nullus
428 750 522 790 rex
571 735 795 800 audeat,
826 743 1022 805 praeter
1058 732 1328 788 licentiam
1363 741 1625 798 vestram,
1672 745 1787 785 mo.

207 824 507 880 nasterium
536 824 806 894 aliquibus
845 821 1156 877 hominibus
1188 821 1241 874 in
1271 818 1588 874 beneﬁcium
1620 817 1781 882 dare,

206 923 266 967 ut
293 913 535 982 profecto
553 911 707 980 juxta
735 911 812 975 id,
834 911 975 980 quod
996 909 1293 978 subjectum
1322 907 1631 978 apostolicae
1671 907 1785 962 sedi

201 998 465 1058 ﬁrmitate
493 1003 756 1073 privilegii
778 1001 1382 1066 consistil,inconcusse
1411 999 1635 1053 ditatum
1665 1013 1786 1068 per-

207 1103 428 1148 maneat
469 1093 601 1148 locis
637 1108 701 1147 ac
741 1092 924 1156 rebus,
952 1102 1056 1144 tam
1107 1092 1208 1155 his,
1239 1105 1358 1158 qute
1401 1099 1640 1157 tempore
1666 1101 1783 1142 mo-

206 1175 379 1237 derno
393 1183 584 1247 habet,
612 1181 692 1235 vel
717 1181 954 1250 possidet
982 1195 1140 1249 quam
1167 1194 1286 1248 qua:
1316 1179 1509 1232 futuris
1533 1176 1785 1247 tempori-

194 1263 308 1327 bus
336 1273 388 1326 in
427 1271 552 1342 jure
591 1271 758 1341 ipsius
799 1271 1109 1325 monasterii
1134 1270 1313 1323 divina
1351 1268 1524 1338 pietas
1556 1265 1786 1321 voluerit

194 1374 431 1434 i'augere,
461 1370 513 1417 et
536 1361 716 1426 donis,
755 1360 1137 1424 oblationibus,
1170 1359 1500 1426 decimisque
1547 1355 1782 1410 ﬁdelium

208 1449 415 1522 absque
445 1451 605 1506 ullius
652 1465 896 1522 personae
930 1449 1354 1504 contradictione
1383 1446 1634 1500 ﬁrmitate
1661 1459 1781 1514 per-

205 1553 368 1613 petua
412 1541 740 1612 perfruatur.
785 1539 1012 1608 Quando
1054 1549 1235 1593 autem
1282 1537 1554 1592 abbatissa
1613 1535 1780 1606 ipsius

205 1632 519 1686 monasterii
545 1631 612 1684 de
648 1631 763 1708 hoc
797 1629 993 1683 sacculo
1024 1627 1350 1698 migraverit,
1383 1625 1510 1679 nulli
1556 1624 1627 1678 sit
1665 1622 1781 1678 lici-

1889 467 2276 534 mancipamus.
2305 468 2373 522 Et
2398 469 2518 524 ideo
2546 484 2759 525 omnem
2783 469 3070 540 cujuslibet
3091 469 3346 526 Ecclesia:
3368 489 3447 527 sa-

1886 556 2160 611 cerdotem
2207 557 2292 613 vel
2317 558 2626 629 episcopum
2671 561 2726 614 in
2755 559 2980 630 praefato
3012 560 3342 615 monasterio
3366 560 3444 614 di-

1885 643 2085 698 tionem
2118 645 2414 713 quamlibet
2453 646 2654 703 habere
2699 655 2791 703 aut
2840 647 3215 704 auctoritatem
3258 658 3458 717 praater

1884 734 2068 788 sedem
2099 735 2449 803 apostolicam
2474 737 2842 806 prohibemus,
2869 737 2943 790 ita
2961 744 3019 789 ut
3037 736 3138 790 nisi
3169 736 3237 790 ab
3257 737 3456 792 abbate

1884 823 2200 878 monasterii
2247 825 2411 879 fuerit
2455 826 2730 892 invitatus,
2776 840 2876 881 nec
2913 827 3199 882 missarum
3255 827 3454 882 ibidem

1885 913 2284 969 solemnitatem
2307 915 2572 986 quispiam
2601 925 2889 984 przesumat
2917 917 3137 971 omnino
3157 917 3454 977 celebrare.

1883 1008 1944 1056 ut
1965 999 2208 1070 profecto
2231 1001 2385 1070 j'uxta
2414 1003 2466 1056 id
2493 1004 2636 1073 quod
2678 1002 2976 1071 subjectum
3013 1006 3317 1074 apostolicae
3338 1006 3454 1060 sedi

1885 1088 2139 1144 ﬁrmitate
2161 1091 2421 1162 privilegii
2449 1091 2716 1157 consistit,
2735 1091 3052 1147 inconcusse
3075 1093 3315 1146 dotatam
3331 1109 3455 1162 per-

1884 1187 2097 1231 maneat
2126 1178 2256 1233 locis
2305 1189 2360 1234 et
2390 1181 2551 1234 rebus
2597 1189 2705 1235 tam
2735 1181 2814 1236 eis
2853 1196 2987 1250 quas
3034 1183 3293 1237 moderno
3320 1191 3454 1238 tem-

1883 1281 2013 1336 pore
2064 1275 2212 1321 tenet
2237 1267 2320 1322 vel
2354 1268 2596 1336 possidet
2624 1284 2785 1336 quam
2809 1283 2944 1338 quas
2967 1267 3162 1324 futuris
3202 1270 3460 1338 tempori-'

1882 1353 1984 1408 bus
2011 1355 2062 1407 in
2086 1353 2205 1422 jura
2223 1356 2388 1427 ipsius
2407 1356 2727 1411 venerabilis
2752 1359 3060 1412 monasterii
3085 1358 3262 1412 divina
3285 1359 3456 1429 pietas

1883 1457 2081 1514 augere
2106 1441 2332 1498 voluerit
2373 1459 2441 1497 ex
2473 1444 2628 1500 donis
2658 1453 2712 1498 et
2741 1445 3102 1500 oblationibus
3125 1447 3456 1516 decimisque

1883 1531 2120 1586 ﬁdelium
2146 1533 2350 1602 absque
2390 1533 2551 1589 ullius
2577 1523 2821 1605 personae
2840 1537 3264 1592 contradictione
3285 1539 3456 1592 ﬁrmi-

1885 1626 1992 1672 tate
2018 1630 2278 1690 perpetua
2323 1621 2652 1692 perfruatur.
2687 1622 3076 1679 Constituimus
3117 1640 3333 1695 quoque
3353 1643 3453 1697 per

208 1734 356 1786 tum,
387 1722 622 1792 aliquam
667 1701 862 1776 ibidem
908 1721 1161 1776 ordinare
1208 1719 1559 1784 abbatissam,
1591 1718 1693 1773 nisi
1715 1733 1781 1773 ex

1899 1706 2042 1774 ,iujus
2073 1708 2274 1762 decreti
2297 1711 2465 1763 nostri
2499 1711 2746 1782 paginam
2793 1721 2851 1765 ut
2887 1712 3192 1782 quicunque
3230 1715 3454 1784 cujusli-

203 1811 321 1881 ipsa
353 1812 806 1882 congregatione,
845 1809 890 1864 si
921 1810 1082 1864 talem
1122 1809 1408 1876 invenerit,
1456 1824 1576 1878 qua:
1617 1809 1778 1878 digna

199 1895 318 1958 Deo
337 1903 432 1958 sit.
481 1903 549 1957 Et
603 1903 648 1956 si
695 1901 927 1956 fortasse
969 1902 1164 1956 ibidem
1209 1901 1424 1956 inventa
1456 1915 1562 1955 non
1591 1898 1776 1967 fuerit,

205 2002 320 2046 tum
349 2008 443 2048 rex
496 1993 688 2047 habeat
734 2000 1051 2062 potestatem
1096 1992 1254 2045 talem
1302 1991 1498 2045 ibidem
1531 1990 1781 2045 ordinare

201 2083 531 2139 abbatissam
551 2099 669 2155 qua:
698 2085 856 2154 digna
890 2085 998 2139 Deo
1020 2083 1234 2154 placere
1265 2085 1451 2153 possit.
1483 2079 1778 2138 Constitui-1

203 2182 326 2227 nius
351 2173 512 2228 etiam
536 2189 634 2243 per
656 2172 814 2241 hujus
843 2175 1040 2229 decreti
1071 2173 1238 2228 nostri
1267 2173 1540 2243 paginam,
1573 2181 1626 2225 ut
1649 2186 1780 2240 qua-

202 2271 416 2330 cunque
490 2260 750 2331 dignitate
824 2261 1048 2332 pracdita
1124 2277 1355 2332 persona
1415 2262 1554 2314 hanc
1609 2257 1778 2314 nostri

201 2350 473 2421 privilegii
540 2352 826 2419 chartam,
887 2366 1048 2422 quam
1133 2351 1455 2406 auctoritate
1516 2351 1779 2421 principis

205 2441 570 2510 apostolorum
605 2442 890 2496 ﬁrmamus
945 2451 1211 2498 temerare
1268 2441 1591 2508 tentaverit,
1652 2456 1780 2496 ana-

203 2534 389 2589 thema
416 2536 507 2600 sit,
539 2543 594 2590 et
622 2535 756 2588 iram
781 2535 872 2589 Dei
907 2535 1206 2603 incurrens,
1238 2550 1267 2588 a
1290 2543 1432 2590 caatu
1468 2540 1776 2589 sanctorum

171 2607 445 2678 Iomnium
491 2625 724 2679 extorris
770 2626 1000 2692 existat,
1048 2633 1107 2678 ut
1168 2625 1516 2679 nihilominus
1568 2623 1776 2694 praefati

203 2715 518 2769 monasterii
564 2715 798 2786 dignitas
851 2730 881 2769 a
923 2715 1077 2769 nobis
1130 2714 1354 2781 indulta,
1401 2713 1781 2784 perpetualiter

195 2807 459 2862 inviolata
491 2816 824 2878 permaneat,
853 2807 1143 2877 apostolica
1181 2808 1501 2861 auctoritate
1527 2806 1774 2861 subnixa.

277 2901 552 2968 Scriptum
593 2913 686 2968 per
729 2915 920 2953 manus
966 2899 1222 2969 Stephani
1265 2899 1532 2954 scriniarii
1582 2909 1782 2954 sancta:

197 2989 462 3044 Romanae
481 2989 720 3043 ecclesia:
746 2989 796 3043 in
821 2989 1272 3044 menseJanuario
1295 2989 1583 3044 indictione
1605 3001 1778 3044 sexta.

205 3080 348 3134 Bene
372 3079 566 3134 valete.
604 3080 793 3133 Datum
839 3096 899 3135 ιιι
946 3095 1114 3134 nonas
1153 3079 1437 3134 Ianuarias
1468 3095 1564 3150 per
1593 3095 1781 3134 manus
1809 3087 1854 3148 ο

203 3168 434 3223 Andrete
453 3169 618 3223 divini
636 3212 650 3236 ,
682 3180 957 3239 respectus
976 3173 1172 3242 gratia,
1199 3171 1391 3226 arcarii
1417 3181 1614 3225 sanctte
1638 3171 1782 3225 sedis

205 3258 536 3327 apostolicze,
567 3274 727 3326 anno,
752 3259 860 3314 Deo
882 3261 1134 3332 propitio,
1162 3261 1503 3332 pontiﬁcatus
1530 3260 1778 3332 Agapeti,

205 3351 402 3402 summi
444 3350 732 3418 pontiﬁcis,
783 3351 1040 3419 Junioris,
1099 3371 1267 3425 papae,
1316 3356 1368 3410 in
1413 3357 1781 3412 sacratissima

202 3441 332 3494 sede
357 3439 497 3495 beati
522 3439 664 3494 Petri
695 3443 942 3511 apostoli,
969 3446 1223 3499 secundo.

951 3553 1060 3608 VII.

203 3681 431 3720 AGAI‘ETI
457 3679 600 3718 ΡΑΡᾹΞ
629 3680 665 3718 ιι
696 3681 1035 3721 ιιιιινιιεῦιυιι
1066 3683 1165 3723 PRO
1188 3683 1526 3724 ΙΟΝΔΒἸῈΒῙΟ
1547 3684 1588 3724 S.
1626 3684 1780 3726 BONI-

763 3751 900 3791 FACII
941 3753 1216 3794 FULDENSI.

819 3848 996 3918 (Anno
1025 3849 1176 3920 948.)

194 3941 514 4011 ’ΜουσείωνΞὶ
557 3953 861 4023 Fuldensis,
897 3975 913 4008 ι
944 3959 1148 4096 Fovit"
1193 3960 1420 4014 renovati
1451 3978 1470 4012 ι
1513 3960 1783 4032 privilegia

480 4079 488 4088 ,
847 4043 940 4080 con
964 4038 1142 4081 trmat.

847 4038 979 4081 conn
988 4038 1118 4081 rmat
1128 4067 1142 4081 .

398 4135 658 4208 [Dronke,
687 4137 862 4192 Codex
889 4138 1105 4209 diptom.
1141 4137 1330 4207 Fuld.,
1353 4156 1407 4212 p.
1441 4140 1592 4214 520.]

277 4247 562 4303 Acarerus
603 4249 905 4318 episcopus,
940 4265 1128 4305 servus
1152 4267 1428 4306 servorum
1455 4253 1573 4318 Dei,
1606 4253 1785 4307 Ham-

209 4354 352 4393 uno
384 4339 675 4394 venerabili
721 4341 901 4394 abbati
935 4350 989 4394 et
1023 4356 1119 4411 per
1143 4357 1266 4398 eum
1293 4344 1347 4398 in
1398 4346 1726 4399 monasterio
1751 4358 1783 4399 a

209 4437 398 4483 sancto
427 4428 704 4485 Bonifacio
747 4431 997 4501 primitus
1026 4441 1335 4490 constructo
1364 4443 1527 4504 atque
1570 4436 1782 4490 noviter
1807 4427 1859 4488 D
1883 4435 2136 4492 Ecclesiae
2203 4444 2308 4491 tua:
2349 4438 2646 4508 privilegiis
2676 4480 2691 4502 ,

207 4528 468 4575 renovan
503 4520 719 4592 suisque
761 4522 1160 4579 successoribus
1195 4525 1476 4580 abbatibus
1506 4525 1559 4580 in
1591 4540 1780 4597 perpe-

210 4620 385 4667 tuum.

281 4705 543 4770 Queniam
575 4722 786 4777 semper
812 4717 936 4763 sunt
972 4709 1311 4763 concedenda
1346 4724 1465 4780 qua:
1494 4709 1784 4764 rationabi-

212 4796 346 4852 libus
369 4809 670 4868 congruunt
691 4800 992 4863 desideriis,
1025 4808 1234 4869 oportet
1265 4809 1322 4854 ut
1351 4800 1620 4855 devotioni
1649 4815 1782 4854 con-

210 4890 399 4945 ditoris
441 4891 544 4959 pia:
581 4891 998 4946 constructionis
1044 4892 1337 4947 auctoritas
1381 4892 1434 4946 in
1487 4891 1780 4961 privilegiis

209 4981 532 5052 praestandis
566 4981 786 5037 minime
808 4982 1118 5051 denegetur.
1152 4985 1314 5054 Igitur
1339 4982 1464 5053 quia
1498 4981 1781 5050 postulasti

210 5089 240 5126 a
267 5075 442 5140 nobis,
472 5079 739 5140 quatenus
778 5075 1166 5133 monasterium
1204 5071 1503 5128 Salvatoris
1531 5086 1562 5124 a
1591 5081 1781 5127 sancto

205 5165 489 5220 Bonifacio
527 5161 776 5231 primitus
805 5172 1171 5218 constructum
1195 5173 1249 5218 et
1275 5181 1304 5220 a
1341 5173 1398 5217 te
1428 5162 1638 5216 noviter
1657 5163 1786 5217 tedi-

204 5258 422 5312 ﬁcatum
478 5253 532 5306 in
577 5252 694 5308 loco
738 5253 962 5309 Boconis
997 5271 1122 5326 erga
1157 5257 1326 5326 ripam
1355 5253 1593 5309 ﬂuminis
1617 5255 1784 5310 Fulda

1881 1796 1973 1851 bet
1992 1795 2246 1852 Ecclesiae
2272 1800 2492 1869 praesul,
2545 1801 2625 1855 vel
2674 1816 2995 1871 quacunque
3044 1803 3304 1873 dignitate
3332 1820 3457 1874 per-

1879 1899 2015 1940 sona
2043 1886 2185 1942 hanc
2209 1889 2378 1942 nostri
2403 1889 2664 1961 privilegii
2687 1890 2932 1944 chartam
2950 1906 3108 1960 quam
3131 1894 3452 1949 auctoritate

1879 1980 2138 2049 principis
2157 1982 2521 2051 apostolorum
2539 1983 2814 2037 ﬁrmamus
2837 1991 3106 2040 temerare
3133 1987 3440 2052 tentaverit,

1879 2071 2166 2125 anathema
2191 2071 2282 2137 sit,
2321 2081 2376 2126 et
2404 2072 2537 2126 iram
2566 2073 2660 2127 Dei
2684 2073 2967 2130 incurrens
2989 2090 3015 2127 a
3041 2083 3182 2130 coetu
3213 2077 3453 2131 omnium

1880 2173 2190 2220 sanctorum
2224 2166 2461 2219 extorris
2507 2166 2725 2232 existat,
2771 2167 3215 2223 et-nibilominus
3247 2169 3454 2237 praefati

1881 2255 2195 2310 monasterii
2250 2255 2485 2326 dignitas
2535 2270 2566 2310 a
2601 2257 2759 2312 nobis
2811 2257 3014 2312 indulta
3066 2257 3453 2328 perpetualiter

1881 2343 2138 2398 inviolata
2173 2353 2486 2414 permaneat
2516 2345 2807 2415 apostolica
2849 2347 3170 2402 auctoritate
3201 2347 3452 2402 subnixa.

1953 2433 2224 2503 Scriptum
2260 2449 2356 2504 per
2397 2450 2618 2490 manum
2650 2437 2906 2507 Stephani
2939 2437 3138 2492 notarii
3165 2439 3452 2509 regionarii

1881 2532 2044 2595 atque
2066 2526 2334 2580 scriniarii
2375 2535 2575 2582 sanctae
2604 2527 2860 2583 Romamn
2891 2528 3143 2585 Ecclesia:
3187 2529 3240 2584 in
3268 2544 3450 2585 mense

1884 2615 2142 2672 Januario
2161 2627 2215 2674 et
2235 2619 2532 2674 indictione
2559 2634 2632 2675 vi.

1950 2708 2143 2763 Datum
2172 2725 2225 2765 tv
2253 2708 2432 2767 Nonas
2459 2709 2764 2767 Januarias.

2595 2846 2729 2901 VIII.

1881 2971 2136 3014 EPISTOLA
2176 2975 2404 3015 AGAPETI
2443 2975 2588 3014 ΡΔΡΕ
2624 2975 2661 3014 ll
2699 2977 2764 3014 AD
2795 2975 3102 3033 αειιΑιιοωι,
3120 2976 3455 3018 LAURBACIN-

2344 3046 2443 3085 SEN
2485 3046 2960 3088 Αιιειιιειιιεεοιιυιι.

2477 3142 2656 3214 (Αιιιιο
2721 3143 2866 3214 948).

1882 3273 2528 3349 υἱεξὶάίπηιεεεζεδὶαηιηι
2582 3277 2956 3333 Laureacensis
3012 3280 3130 3349 (hoc
3153 3289 3226 3334 est
3275 3279 3442 3335 Pata-

1955 3347 2162 3420 viensis)
2187 3357 2243 3420 et_
2267 3347 2682 3420 Salisburgensis
2731 3347 3028 3420 componil.‘
3057 3350 3450 3420 Sgalisburgensi

1953 3414 2324 3469 occidentalem
2362 3414 2695 3470 Pannoniam
2745 3414 3024 3480 attribuit;
3076 3414 3447 3480 Laureac'ensi.

1958 3494 2134 3553 utpote
2158 3486 2462 3554 antiquiori,
2492 3485 2863 3539 benedictionis
2908 3497 2953 3539 et
2990 3487 3126 3540 sedis
3158 3490 3406 3541 honorem
3437 3527 3453 3553 ,

1954 3554 2261 3607 orientalem
2284 3553 2646 3618 Pannoniam,
2675 3558 2908 3623 regiones
2933 3557 3248 3620 Avarorum,
3279 3555 3460 3610 Mora-

1955 3639 2152 3685 t'orum,
2173 3622 2478 3694 S_clavorum
2499 3639 2517 3675 :
2535 3622 2838 3694 potestatem
2851 3624 3007 3676 libere
3029 3626 3353 3692 pra'dicandi
3367 3641 3462 3694 per

1961 3707 2138 3761 omnes
2189 3690 2495 3745 Sclavorum
2537 3690 2732 3755 terras,
2761 3690 3036 3761 episcopos
3053 3693 3123 3746 ibi
3149 3690 3456 3761 ordinandi,

1958 3760 2232 3831 omniaque
2263 3763 2576 3815 auctoritate
2597 3760 2879 3830 apostolica
2907 3760 3274 3817 cenatituendi.

2136 3873 2311 3947 [Apud
2338 3873 2530 3941 Mansi,
2569 3874 2768 3929 Concil.
2798 3874 2979 3939 XVII],
3018 3874 3171 3948 405.]

1955 3989 2242 4043 Acarerus
2272 3989 2577 4059 episcopus,
2607 4003 2796 4043 servus
2816 4003 3094 4044 servorum
3125 3989 3239 4056 Dei,
3293 3990 3452 4048 fratri

1886 4076 2234 4134 dilectissimo
2285 4087 2339 4133 et
2392 4079 2839 4133 reverendissimo
2913 4078 3170 4136 Germano
3251 4092 3453 4137 sanctas

1886 4165 2272 4224 Laureacensis
2333 4167 2583 4224 Ecclesia:
2631 4169 3038 4240 archiepiscopo
3067 4210 3084 4237 ,
3137 4171 3190 4225 in
3242 4170 3460 4228 Christo

1887 4258 2134 4312 Salutem.

1959 4347 2249 4403 Petitiones
2279 4357 2396 4402 tuas
2421 4362 2517 4417 pro
2547 4351 2868 4404 renovandis
2918 4364 3033 4405 sive
3085 4353 3459 4428 approbandis

2779 4438 3114 4496 venerabilis
3177 4441 3461 4496 Fuldensis

1887 4528 2202 4582 monasterii
2227 4528 2396 4584 abbas
2425 4527 2777 4596 Hademarus,
2821 4530 2928 4586 huc
2985 4546 3149 4587 causa
3199 4536 3461 4591 orationis

1885 4617 2129 4683 veniens,
2189 4633 2313 4673 cum
2366 4635 2562 4690 magna
2614 4622 2986 4678 benevolentia
3042 4633 3238 4678 nostrae
3293 4640 3462 4695 expe-

1885 4708 2092 4762 rientiae
2114 4711 2398 4780 suggessit,
2433 4711 2745 4780 pariterque
2789 4710 2969 4784 jurgia
3019 4720 3074 4766 et
3117 4713 3460 4780 disceptatio-

1887 4813 1984 4852 ncs
2032 4799 2382 4868 gravissimas
2417 4801 2558 4854 inter
2585 4809 2637 4856 te
2668 4810 2723 4855 et
2750 4800 3039 4857 Herolduni
3095 4802 3462 4870 archiepisco-

1887 4906 2036 4960 pum,
2065 4906 2163 4960 pro
2196 4895 2455 4963 utrinque
2480 4904 2728 4963 suscepta
2760 4893 2814 4947 in
2859 4906 2969 4947 una
3022 4891 3298 4960 provincia
3351 4892 3464 4961 pal-

1888 4980 1946 5034 lii
1996 4981 2320 5039 auctoritate
2375 4989 2615 5048 exortas,
2668 4982 2913 5038 ﬂebiliter
2965 4979 3231 5033 nuntiavit
3271 4998 3284 5034 :
3325 4980 3469 5050 quod

1891 5081 1945 5128 et
1971 5073 2072 5142 ipsi
2101 5088 2169 5126 ex
2196 5075 2379 5132 debita
2431 5075 2687 5142 pastorali
2739 5090 2868 5128 cura
2916 5070 3104 5125 nimio'
3131 5071 3311 5124 cordis
3336 5084 3473 5124 nitn-

1893 5179 2019 5219 rore
2046 5163 2314 5236 dolemus,
2355 5163 2855 5232 detestabiliterque
2874 5158 3239 5233 profanamus.
3270 5159 3475 5228 Quippe

1894 5265 2080 5312 sancta
2111 5265 2168 5312 et
2193 5253 2522 5318 universalis
2543 5254 2801 5322 Ecclesia,
2842 5255 2927 5312 cui
2959 5259 3174 5304 auctore
3204 5253 3314 5306 Deo
3342 5265 3480 5320 prae-
