3964 5356
501 354 603 412 899

1838 348 2135 406 AGAPETI
2172 351 2372 409 ΡΛ·Ρῶ
2411 348 2452 410 li

3651 362 3758 427 9οῧ

500 479 650 522 mum
702 464 1047 531 tollentibus,
1096 463 1420 535 prmsertim‘
1461 465 1629 520 tantis
1681 464 2030 535 pontificibus
2058 503 2073 529 ,
2105 462 2323 526 Abeati
2374 464 2523 520 Petri
2569 468 2934 538 apostolorum
2976 472 3237 547 principis
3283 478 3650 546 absolvimus,
3700 492 3761 537 et

503 556 650 611 velut
674 554 875 611 evulsis
901 556 1286 611 sustentaculis
1315 572 1531 622 casura,
1587 570 1694 610 non
1725 556 1844 611 sine
1884 570 2080 625 magno

500 644 742 716 periculo
785 654 840 699 et
878 643 1082 716 vigoris
1122 646 1206 700 sui
1245 645 1570 700 detrimento
1599 660 1629 699 a
1673 645 1889 715 proprio
1938 652 2080 700 statu

502 735 830 791 concutitur.
874 735 1100 807 Insuper
1151 737 1316 791 etiam
1363 738 1488 791 dum
1537 736 1737 791 deforis
1791 738 1934 791 inter
1984 751 2082 792 vos

503 841 600 897 pro
630 826 776 896 pallii
827 827 1032 883 honore
1060 827 1412 903 pertinaciter
1460 826 1764 894 huiusmodi
1806 827 2082 883 contentio

502 927 825 975 exercetur:
859 920 1037 991 agitur
1075 928 1135 974 ut
1163 919 1217 975 in
1248 922 1486 975 fraterna
1511 920 1859 976 aemulatione
1910 921 2077 976 decor

502 1011 793 1067 sacerdotii
824 1012 968 1067 intus
993 1020 1311 1068 evacuetur.

572 1100 701 1157 inde
752 1118 913 1174 ergo,
965 1103 1163 1172 frater,
1205 1103 1437 1160 otIicium
1488 1113 1735 1160 uestrum
1784 1104 1915 1160 illud
1963 1120 2083 1161 esse

502 1192 919 1264 perpendentes,
960 1209 1029 1249 ne
1058 1193 1467 1250 inimicitiarum
1494 1194 1681 1250 fomite
1708 1196 1761 1250 in
1784 1196 1939 1251 vobis
1963 1211 2086 1251 suc-

502 1293 780 1340 crescente
800 1284 1080 1351 dissidium
1107 1295 1306 1341 sanctae
1324 1285 1418 1340 Dei
1443 1286 1713 1352 Ecclesize,
1742 1294 1905 1356 atque
1930 1302 2087 1342 scan-

504 1374 683 1429 dalum
712 1374 827 1429 siue
855 1374 1066 1430 consilii
1098 1383 1152 1430 et
1181 1375 1431 1431 utilitatis
1461 1386 1655 1431 vestra:
1685 1385 1933 1447 respectu
1964 1376 2086 1431 diu-

504 1465 615 1521 tius
665 1466 981 1521 nutriatur:
1024 1466 1091 1521 ad
1142 1467 1592 1536 sequestrandum
1651 1467 1799 1522 litem
1847 1476 2084 1523 vestram

504 1555 810 1611 accedimus
845 1572 944 1610 nos
980 1556 1234 1623 arbitros,
1261 1564 1368 1611 tam
1410 1573 1474 1611 ex
1508 1556 1875 1611 sollicitudine
1922 1573 1953 1611 a
1988 1558 2086 1613 do—

504 1647 654 1701 mino
697 1647 972 1718 regiminis
1003 1645 1250 1717 injuncti,
1283 1664 1444 1717 quam
1474 1649 1756 1704 amborum
1784 1660 2087 1705 vestrorum

504 1751 690 1794 amore
737 1740 804 1793 ad
845 1739 948 1794 hoc
985 1740 1249 1808 permoti;
1284 1739 1358 1794 ita
1404 1740 1652 1795 videlicet
1680 1747 1819 1794 utet
1847 1740 1911 1794 de
1947 1754 2085 1809 pra:—

504 1825 668 1881 libata
721 1827 1004 1885 conﬂictus
1056 1830 1223 1885 vestri
1281 1831 1617 1900 querimonia
1673 1831 2087 1888 rationabilibus

498 1915 718 1986 iudiciis
750 1917 850 1973 rite
874 1917 1100 1987 iustitia:
1138 1919 1559 1986 satisfaciamus,
1602 1929 1656 1977 et
1680 1936 1777 1977 vos
1811 1922 1957 1976 omni
1992 1938 2087 1978 ex-

501 2012 654 2082 plosa
688 2014 1056 2069 controversia
1089 2015 1143 2068 in
1173 2013 1468 2069 fraternam
1493 2014 1842 2071 concordiam
1868 2015 2086 2072 Christo

506 2107 822 2160 moderante
853 2120 1197 2160 revocemus.

575 2194 773 2249 Notum
809 2204 894 2249 est
925 2196 1110 2267 igitur,
1133 2198 1437 2269 litterisque
1474 2216 1640 2270 penes
1673 2216 1773 2257 nos
1806 2216 2084 2258 commen-

506 2288 708 2353 datum,
754 2288 950 2358 quibus
979 2289 1328 2345 ecclesiarum
1376 2291 1509 2348 locis
1545 2294 1777 2363 dignitas
1820 2293 1968 2363 pallii
2019 2295 2087 2348 ab

507 2380 611 2434 hac
636 2381 935 2451 apostolica
974 2382 1101 2438 sede
1130 2382 1412 2439 debeatur.
1445 2385 1864 2443 Lauriaceusem
1905 2395 2085 2442 autem

505 2470 696 2527 urbem
737 2472 1040 2542 antiquitus
1085 2476 1557 2546 metropolitanam
1600 2477 1740 2541 fore,
1784 2487 1839 2533 et
1905 2479 2086 2534 archi-

504 2561 743 2631 episcopi
776 2564 982 2628 sedem,
1014 2565 1099 2619 cui
1124 2566 1387 2623 sanctitas
1431 2577 1520 2622 tua
1557 2583 1790 2638 praeesse
1817 2568 2089 2641 dignosci—

507 2657 614 2715 tur,
645 2650 786 2705 sicut
830 2652 884 2706 in
912 2653 1209 2725 privilegiis
1248 2656 1580 2713 authenticis
1618 2659 1686 2713 ad
1716 2674 1815 2716 nos
1857 2675 2030 2731 usque
2056 2676 2086 2715 a

508 2749 562 2794 te
590 2740 811 2797 directis
854 2742 1102 2815 legimus,
1143 2744 1217 2800 ita
1248 2761 1464 2818 quoque
1498 2749 1730 2805 inventis
1765 2750 2087 2821 quibusdam

506 2831 908 2902 exemplaribus
960 2835 1162 2890 chartae
1217 2845 1488 2893 vetustate
1542 2840 1831 2896 admodum
1885 2842 2090 2897 attritis

470 2923 563 2978 'in
616 2925 863 2981 archivio
911 2930 1086 2985 sancti
1142 2929 1289 2985 Petri
1344 2932 1665 3001 reperimus.
1724 2931 1877 2989 Hanc
1925 2934 2089 2989 etiam

508 3014 564 3069 in
617 3017 843 3073 exordio
896 3020 1172 3076 nascentis
1228 3021 1517 3089 Ecclesiae,
1574 3032 1630 3079 et
1697 3024 2089 3080 immanissima

510 3105 945 3163 Christianorum
1001 3112 1411 3178 persecutione,
1468 3127 1499 3167 a
1561 3113 1875 3170 doctoribus
1932 3114 2089 3169 istius

510 3198 655 3253 sedis
675 3200 955 3255 catholicae
978 3202 1102 3256 fidei
1132 3202 1380 3259 novimus
1410 3204 1712 3259 rudimenta
1739 3206 2085 3277 percepisse;

510 3296 567 3343 et
602 3289 797 3345 exinde
842 3304 872 3343 a
911 3292 1322 3347 succedentibus
1351 3295 1800 3363 praedicatoribus
1841 3296 1895 3350 in
1935 3312 2093 3366 supe-

513 3378 672 3433 rioris
723 3388 885 3449 atque
936 3378 1207 3435 inferioris
1260 3381 1553 3437 Pannonia:
1594 3383 1904 3453 provincias
1950 3383 2095 3453 ejus-

512 3469 634 3525 dem
687 3469 808 3525 ftdei
857 3485 1140 3527 emanasse
1183 3473 1434 3543 gratiam.
1484 3472 1691 3540 Quibus
1746 3474 1912 3529 etiam
1962 3473 2096 3530 dua-

509 3561 613 3616 bus
654 3561 980 3632 provinciis,
1032 3563 1355 3633 illarumque
1396 3564 1775 3635 pontificibus,
1830 3579 2000 3636 usque
2026 3567 2095 3621 ad

511 3661 756 3722 tempora
785 3651 1104 3710 Hunnorum
1150 3670 1259 3711 non
1306 3656 1466 3724 alius,
1508 3671 1671 3728 quam
1717 3666 1920 3713 sanctm
1949 3656 2095 3713 Lau-

512 3745 779 3802 riacensis
812 3745 1030 3815 prtefuit
1059 3747 1520 3819 archiepiscopus,
1550 3764 1780 3820 quorum
1807 3749 2095 3805 barbarica

511 3834 702 3892 feritas
729 3851 837 3891 non
882 3836 1055 3892 solum
1091 3839 1409 3909 praedictam
1450 3837 1871 3895 Lauriaceusem
1908 3839 2098 3894 civita-

515 3936 645 3992 tem,
687 3942 876 3982 verum
921 3928 1088 3983 etiam
1133 3928 1188 3983 in
1235 3929 1466 3985 circuitu
1510 3929 1818 3999 adjacentes
1850 3931 2098 4001 regiones

513 4018 859 4088 depopulavit
893 4027 1057 4088 atque
1109 4018 1352 4075 funditus
1396 4020 1681 4076 desolavit.
1724 4021 1853 4077 lude
1878 4020 2097 4091 quidem

513 4110 778 4180 contigit,
831 4118 893 4164 ut
957 4109 1198 4181 episcOpi
1252 4110 1355 4165 hac
1410 4111 1740 4167 necessitate
1800 4111 2096 4182 compulsi,

515 4200 644 4254 sede
686 4198 777 4253 illa
808 4199 1021 4255 deserta
1056 4210 1223 4271 atque
1268 4201 1374 4257 alio
1407 4201 1702 4270 translata,
1731 4202 1893 4258 simul
1937 4203 2099 4259 etiam

518 4290 1033 4363 archiepiscopalem
1078 4293 1247 4364 ipsius
1274 4295 1419 4349 sedis
1460 4295 1782 4351 desererent
1816 4297 2097 4352 honorem.

516 4377 789 4436 Moderuis
836 4390 1055 4450 autem,
1100 4397 1201 4439 nec
1252 4384 1480 4439 multum
1523 4394 1671 4441 retro
1718 4386 1917 4456 elapsis
1965 4395 2102 4441 tem-

2186 558 2743 631 archiepiscopamus,
2793 570 2849 617 et
2901 563 2955 618 in
3007 565 3222 622 culmen
3280 570 3761 641 metropolitanum

2184 649 2562 716 sublimamus,
2616 663 2671 709 et
2720 654 3004 726 privilegia
3045 659 3200 714 nobis
3242 662 3561 717 transmissa
3604 679 3763 718 manu

2183 742 2399 811 propria
2451 744 2724 800 munimus
2776 754 2830 801 et
2869 749 3318 818 corroboramus,
3368 768 3434 808 ac
3484 764 3602 809 rata
3650 771 3767 810 esse

2185 830 2497 901 ﬁrmamus,
2553 834 2839 906 denuoque
2896 838 2992 894 tibi
3046 841 3270 910 pallium
3326 857 3451 897 cum
3516 844 3768 914 praesenti

2184 932 2457 994 praecepto
2500 926 2796 981 secundum
2843 944 2998 982 usum
3048 932 3198 1001 prius
3241 947 3603 999 concessum,
3646 950 3766 990 suc-

2186 1015 2600 1085 cessorihusque
2657 1017 2763 1071 tuis
2810 1020 3077 1088 perpetim
3134 1021 3426 1077 tenendum
3482 1024 3765 1079 tradimus.

2185 1107 2388 1179 llisque
2417 1124 2484 1163 ex
2513 1110 2715 1164 amussi
2760 1111 2834 1164 ita
2873 1112 2938 1165 ad
2965 1110 3231 1180 justitiam
3261 1116 3635 1186 reintcgratis,
3679 1118 3769 1172 de-

2187 1202 2456 1254 crevimus
2490 1201 2637 1257 rixas
2666 1211 2893 1265 vestras,
2938 1213 2993 1258 et
3033 1203 3401 1261 dissensiones
3443 1206 3669 1277 praefata
3704 1224 3767 1261 ex

2187 1304 2352 1344 causa
2380 1291 2648 1347 derivatas
2677 1292 2954 1359 dirimere,
2997 1302 3160 1363 atque
3193 1295 3249 1348 in
3282 1296 3592 1351 fraternum
3625 1314 3773 1352 amo-

2188 1395 2303 1434 rem
2350 1396 2448 1435 vos
2492 1382 2848 1438 reconciliare
2868 1426 2881 1450 ,
2913 1372 3052 1440 sicut
3088 1387 3307 1456 utrique
3340 1397 3585 1442 vestrum
3616 1392 3772 1446 modo

2189 1480 2475 1539 susceptus
2519 1482 2766 1527 servetur
2806 1474 2953 1545 pallii
2998 1475 3172 1531 honor
3221 1477 3457 1541 ilicesus,
3498 1480 3773 1535 hortantes

2187 1569 2455 1630 quatenus
2504 1563 2797 1631 apostolico
2841 1564 3108 1631 instituti,
3146 1568 3345 1623 amodo
3389 1585 3497 1623 non
3548 1571 3601 1623 in
3649 1586 3776 1625 cor:—

2191 1651 2430 1707 tentione
2471 1661 2523 1706 ct
2572 1655 2915 1711 aemulatione
2961 1660 3244 1715 maneatis.
3290 1658 3523 1714 Constat
3560 1662 3773 1730 quidem

2190 1743 2336 1812 quod
2393 1744 2655 1799 canonice
2716 1745 2943 1815 singulis
3005 1749 3302 1818 provinciis
3369 1752 3570 1822 singuli
3637 1752 3779 1806 ordi-

2193 1843 2392 1889 nantur
2446 1835 2872 1906 metropolitani.
2931 1836 3167 1893 Proinde
3220 1839 3559 1895 distribuere
3620 1852 3780 1911 atque

2190 1925 2554 1981 determinare
2609 1925 2683 1981 ita
2727 1927 2883 1983 vobis
2929 1927 3235 1998 parochias,
3280 1929 3485 1984 bonum
3531 1940 3589 1985 et
3632 1931 3779 2001 paci-

2174 2012 2351 2072 ‘ﬂcum
2391 2019 2762 2074 aestimamus:
2796 2030 2855 2074 ut
2884 2020 3070 2075 divisis
3113 2021 3320 2076 duabus
3362 2021 3580 2077 Norica:
3610 2024 3783 2094 regios

2104 2133 2106 2136 ν
2189 2106 2276 2161 nis
2332 2106 2648 2176 provinciis,
2710 2107 2942 2163 Herohlo
2995 2109 3412 2181 archiepiscopo
3462 2113 3782 2167 occidenta-

2189 2196 2255 2252 lis
2302 2196 2591 2252 Pannonia}
2645 2210 2773 2253 cura
2824 2199 3197 2254 committatur
3243 2211 3301 2255 et
3352 2201 3645 2268 custodia;
3693 2204 3786 2257 tibi

2189 2298 2368 2345 autem
2397 2290 2909 2359 succcssoribusque
2929 2290 3054 2358 tuis,
3070 2300 3291 2361 propter
3324 2292 3621 2347 emeritam
3648 2292 3787 2348 anti-

2190 2381 2451 2451 quitatem
2480 2389 2681 2435 sanclze
2710 2380 3083 2438 Lauriaccnsis
3111 2382 3377 2449 ecclesizc,
3412 2383 3503 2438 cui
3530 2384 3660 2454 jure
3700 2383 3788 2452 ju-

2189 2473 2403 2529 nierum
2431 2474 2729 2530 reverentia
2757 2474 3011 2545 assurgit,
3042 2474 3095 2527 in
3122 2472 3527 2531 benedictionis
3559 2483 3616 2529 et
3645 2476 3787 2531 sedis

2189 2566 2378 2622 ordine
2396 2565 2630 2638 prazlatis
2650 2575 2810 2636 atque
2834 2564 3155 2636 prmpositis,
3175 2566 3584 2636 providentiam
3611 2563 3789 2621 orieno

2190 2658 2315 2715 talis
2345 2658 2657 2725 Pannoniae,
2685 2659 3068 2730 regionemque
3089 2657 3392 2714 Avarorum
3417 2667 3593 2727 atque
3616 2657 3786 2711 Mara-

2190 2750 2447 2807 harorum
2479 2749 2629 2821 (248)
2659 2750 2754 2805 sed
2785 2758 2841 2805 et
2869 2748 3208 2817 Sclavorum,
3262 2748 3358 2819 qui
3414 2750 3585 2804 modo
3630 2747 3787 2803 Chri-

2190 2842 2374 2907 stiani,
2405 2841 2486 2896 vel
2515 2840 2691 2897 adhuc
2715 2855 2811 2910 per
2830 2838 3096 2910 baptisma
3124 2838 3341 2894 Christo
3362 2838 3624 2894 lucrandi
3645 2846 3787 2902 sunt,

2190 2933 2614 3003 circumquaque
2669 2931 3023 2995 manentium,
3075 2930 3371 2995 credimus,
3425 2938 3791 2998 nostramque

2190 3023 2541 3093 apostolicam
2570 3022 2745 3078 vicem
2791 3022 2847 3077 in
2886 3021 2992 3077 illis
3040 3021 3290 3092 partibus
3336 3020 3707 3090 praedicandi,
3739 3029 3790 3075 et

2191 3128 2291 3185 pro
2319 3113 2548 3168 arbitrio
2576 3121 2762 3170 vestro
2788 3112 2879 3168 ubi
2923 3126 3057 3181 opus
3113 3119 3198 3167 est
3242 3110 3539 3182 episcopos
3591 3110 3791 3167 consti-

2195 3202 2399 3267 tuendi,
2429 3202 2719 3274 omniaque
2748 3202 3033 3272 disponere
3061 3211 3223 3271 atque
3252 3200 3516 3257 ordinare
3564 3201 3663 3255 tali
3697 3216 3791 3254 au-

2194 3292 2447 3347 ctoritate
2477 3301 2639 3363 atque
2670 3300 2943 3362 potestate
2969 3290 3301 3359 delegamus,
3330 3305 3396 3345 ac
3438 3292 3486 3344 si
3520 3290 3631 3360 ipsi
3656 3306 3787 3361 ιιι-εθ-

2195 3391 2379 3438 sentes
2423 3381 2789 3439 all‘uissemus.
2839 3380 2992 3449 Quod
3042 3380 3086 3435 si
3125 3378 3237 3448 jam
3289 3379 3473 3435 dictus
3524 3377 3790 3434 lleroldus

2196 3473 2639 3544 archiepiscopus
2687 3473 2961 3542 deinceps,
2999 3484 3292 3525 suorumve
3337 3469 3626 3539 quispiam
3668 3484 3789 3525 suc-

2197 3579 2501 3632 cessorum,
2553 3564 2777 3620 minime
2828 3561 3055 3619 diliinito
3100 3559 3273 3615 limite
3327 3567 3653 3627 contentus,
3701 3558 3789 3615 sed

2199 3655 2542 3710 interdictam
2575 3661 2737 3722 atque
2766 3667 2795 3706 a
2823 3666 2921 3706 sua
2968 3657 3236 3721 potestate
3288 3657 3610 3719 separatam
3656 3649 3790 3703 diu}

2198 3746 2368 3802 cesim
2393 3753 2638 3816 repetere
2663 3742 3020 3814 pervicaciter
3042 3748 3291 3807 conatur,
3308 3755 3412 3795 nee
3439 3756 3477 3795 a
3506 3740 3790 3810 prohibita:

2198 3835 2559 3893 contentionis
2587 3834 2885 3891 schismate
2909 3848 3008 3904 per
3037 3832 3173 3887 istas
3200 3840 3423 3887 nostras
3463 3829 3790 3900 apostolicus

2198 3929 2516 3984 traditiones
2546 3935 2707 3997 atque
2733 3924 3211 3983 determinatioues
3236 3923 3611 3993 compescitur
3637 3938 3652 3976 :
3677 3922 3788 3991 ipse

2198 4023 2361 4078 etiam
2391 4021 2480 4093 pie
2507 4034 2767 4077 concessa
2816 4018 3095 4091 dignitatis
3153 4015 3528 4073 munificentia
3579 4014 3788 4086 penitus

2199 4116 2464 4187 privetur,
2497 4122 2658 4183 atque
2703 4112 3002 4167 secundum
3043 4108 3132 4179 jus
3179 4108 3495 4179 pristinum,
3544 4106 3789 4175 superior

2202 4206 2480 4262 Pannonia
2512 4205 2863 4261 continuetur
2889 4201 3158 4268 inferiori,
3184 4207 3349 4270 atque
3394 4209 3501 4255 tuae
3544 4206 3787 4254 tuorum-

2201 4314 2306 4369 que
2331 4312 2707 4354 successorum
2738 4296 2911 4351 ambaz
2935 4292 3326 4365 perpetualiter
3364 4290 3691 4360 subjaceant
3714 4289 3787 4343 di-

2204 4390 2356 4447 tioni.
2393 4390 2802 4445 Allubescentes
2828 4395 3012 4441 autem
3043 4398 3441 4454 assensumque
3486 4383 3788 4452 praebentes

516 4469 777 4541 poribus,
832 4483 1062 4530 vacante
1112 4477 1179 4533 ab
1231 4477 1531 4548 apostolico
1573 4478 1780 4533 vicario
1831 4479 2550 4566 Bawario-ljistisuostris
2599 4475 2973 4534 saluberrimis
3017 4473 3251 4529 decretis
3305 4471 3787 4566 henedicimus‘et

518 4578 641 4618 rum
698 4579 894 4636 regno,
955 4567 1106 4623 Arno
1159 4570 1370 4638 primus
1429 4581 1631 4626 sanctae
1686 4569 2098 4641 Salzburgensis

518 4656 775 4714 Ecclesiae
821 4657 1143 4732 subrogatur
1190 4663 1646 4734 archiepiscOpus.
1695 4662 1820 4718 [huc
1870 4670 2099 4718 testatur

520 4764 724 4805 annosa
762 4751 1094 4808 memorialis
1122 4753 1262 4809 sacri
1296 4754 1484 4808 scrinii
1529 4755 1777 4810 historia.
1820 4753 1977 4810 Modo
2006 4771 2097 4811 au-

521 4844 628 4892 tem
678 4838 998 4896 mortalibus
1049 4843 1381 4911 prOpitiante
1430 4841 1683 4910 Christo,
1734 4845 1802 4899 ab
1851 4844 2100 4900 hostibus

518 4937 720 4985 sancta:
752 4929 1132 4988 Lauriacensis
1158 4934 1414 4989 Ecclesia:
1460 4934 1643 5004 quiete
1672 4943 1726 4988 et
1763 4934 2099 4989 inhabitandi

431 5081 435 5084 ν
520 5019 813 5077 securitate
836 5037 1119 5091 concessa,
1166 5039 1271 5078 non
1302 5024 1430 5079 alibi
1468 5039 1631 5093 quam
1666 5023 1863 5079 ibidem
1900 5023 2100 5078 fratcr-

493 5111 711 5166 ‘nitatis
747 5119 852 5168 tua:
887 5114 1201 5170 cathedram
1243 5123 1459 5185 oportet
1503 5115 1715 5170 haberi.
1765 5115 2103 5185 Quapropter

523 5199 1015 5248 minthmnizamus
1048 5210 1099 5248 te
1124 5203 1296 5248 ﬂiIlﬂnl
1355 5203 1609 5248 Rnnlneim
1649 5215 1960 5248 ennnmrnm
1999 5202 2104 5248 Pa-

2203 4574 2496 4633 catholicos
2520 4572 2883 4643 approbamus
2923 4585 2938 4623 ι
2971 4568 3291 4625 resistentes
3320 4580 3470 4633 vero,
3503 4574 3674 4636 atque
3707 4562 3785 4618 in—

2204 4666 2423 4721 firmare
2450 4664 2535 4719 vel
2561 4664 2781 4719 omnino
2832 4668 3146 4732 pervertere
3192 4659 3630 4724 contendentes,
3666 4669 3785 4710 ana.

2205 4756 2446 4812 themate
2485 4752 2801 4807 Marauatha
2823 4758 3022 4806 sanctae
3052 4748 3339 4803 Trinitatis
3370 4748 3625 4804 districte
3672 4759 3784 4816 per-

2203 4853 2463 4915 cutimus,
2486 4858 2541 4905 et
2580 4847 2875 4919 apostolica
2900 4842 3169 4901 sententia
3188 4882 3203 4908 ,
3237 4855 3346 4911 qua
3372 4839 3626 4895 mulctati
3652 4838 3783 4891 Ana-

2204 4944 2294 4998 nia
2324 4950 2379 4997 et
2416 4939 2643 5009 Saphira
2689 4936 3123 5007 eXSpiraverunt,
3156 4931 3509 4994 damnamus,
3563 4937 3623 4983 et
3670 4940 3781 4982 eum

2202 5030 2726 5102 blasphematorihus
2754 5025 2927 5082 sancti
2973 5023 3209 5094 Spiritus
3264 5020 3624 5092 sempiternis
3672 5031 3784 5073 cru-

2202 5124 2435 5180 ciatibus
2464 5120 2764 5194 puniendos
2792 5118 3141 5174 destinamus.

2940 5209 3006 5248 IY
