3964 5356
137 217 231 294 θοι

1337 230 1693 289 EPISTOLE
1732 228 1820 283 ΕΤ
1859 229 1969 285 PR]
1982 231 2271 290 VILEGIA.

3312 246 3420 303 902

140 354 396 408 Avusano
421 348 718 405 venerabili
746 348 929 404 abbati
961 346 1273 403 monasterii
1325 342 1724 404 Cluniacensis,
1754 342 1804 402 Λ
1831 341 2038 406 siderii,
2072 343 2478 415 Ambariacum,
2511 357 2567 404 et
2618 348 2964 408 Saviniacum
2993 354 3229 421 alodum,
3254 371 3414 427 quem

141 438 386 497 :editicati
413 438 467 493 in
503 438 711 493 honore
742 439 1020 493 beatorum
1049 436 1414 507 apostolorum
1462 433 1609 487 Petri
1663 442 1718 487 et

143 532 285 588 Pauli
315 530 404 586 siti
433 530 486 584 in
514 536 654 600 pago
680 527 1080 591 Matisconensi,
1106 535 1160 582 et
1186 543 1283 596 per
1328 534 1378 580 te
1424 526 1476 579 in
1528 525 1716 579 eodem

126 620 490 686 monasterio,
534 622 747 691 tuisque
785 618 1193 674 successoribus
1221 616 1273 670 in
1305 623 1644 687 perpetuum.

198 712 476 770 Convenit
504 711 801 782 apostolico
840 709 1193 765 moderamini
1255 707 1514 763 benevola
1568 720 1719 761 com-

130 806 392 875 passione
419 804 508 873 pie
539 801 874 872 poscentium
902 801 1045 856 votis
1070 811 1419 862 Succurrere,
1449 805 1505 850 et
1551 795 1720 850 alacri

143 895 427 951 devotione
452 894 538 948 his
563 893 805 963 praebere
842 907 1145 946 assensum.
1189 889 1268 944 Ex
1318 888 1420 943 hoc
1446 886 1591 941 enim
1622 899 1719 955 po-

148 986 416 1060 tissimum
464 982 746 1053 praemium
795 996 825 1035 a
869 980 1148 1036 conditore
1181 976 1422 1032 omnium
1459 975 1570 1028 Deo
1601 987 1724 1043 pro—

138 1076 489 1133 merebimur.
520 1073 690 1145 Igitur
716 1074 840 1143 quia
889 1072 1101 1142 petistis
1150 1086 1181 1125 a
1244 1068 1421 1135 nobis,
1453 1076 1723 1137 quatenus

140 1167 531 1224 monasterium
560 1165 876 1236 praedictum
905 1165 959 1219 in
983 1164 1074 1218 illo
1094 1171 1236 1218 statu
1260 1175 1367 1230 quo
1387 1175 1415 1213 a
1440 1156 1725 1215 Guillelmo

144 1260 273 1317 duce
304 1274 407 1330 per
438 1264 824 1314 testamentum
862 1268 1083 1311 manere
1104 1255 1384 1309 decretum
1410 1260 1513 1319 est,
1538 1258 1722 1306 nostra

141 1349 435 1423 apostolica
488 1349 820 1405 auctoritate
870 1348 1311 1410 decerneremus,
1365 1352 1566 1400 sanctae
1618 1343 1725 1397 Ro-

144 1453 332 1503 mana,
361 1437 452 1493 cui
478 1436 592 1492 Deo
617 1443 839 1491 auctore
885 1433 1243 1498 deservimus,
1291 1429 1553 1485 Ecclesiae
1599 1427 1727 1483 sub-

140 1529 336 1599 jectum
363 1541 527 1582 esse:
559 1524 802 1580 inclinati
830 1522 1080 1594 precibus
1125 1520 1251 1585 luis,
1282 1519 1377 1574 tibi
1420 1519 1489 1573 ad
1537 1532 1724 1587 regen-

145 1619 263 1671 dum
294 1615 668 1671 concedimus.
696 1612 886 1683 Itaque
911 1612 985 1666 sit
1010 1611 1141 1666 illud
1168 1609 1559 1664 monasterium
1599 1621 1722 1662 cum

144 1707 389 1762 euntibus
426 1707 615 1771 rebus,
647 1704 732 1760 vel
758 1719 895 1775 quas
922 1718 1065 1757 nunc
1096 1702 1280 1765 habet,
1310 1699 1394 1755 vel
1430 1714 1548 1769 quae
1577 1697 1727 1754 deiu-
1754 1693 1804 1756 Β

142 1810 267 1871 'ceps
294 1800 367 1855 ibi
398 1799 613 1853 tradita:
640 1796 860 1861 fuerint,
895 1797 1123 1851 liberum
1149 1810 1180 1848 a
1210 1793 1493 1848 dominatu
1537 1791 1722 1863 cujus-

143 1906 348 1963 cunque
376 1891 542 1961 regis,
567 1899 659 1944 aut
686 1890 951 1960 episcopi,
978 1889 1093 1942 sive
1139 1887 1372 1947 comitis,
1409 1893 1503 1938 aut
1545 1881 1724 1951 cujus-

144 1982 268 2038 libet
296 1997 361 2037 ex
386 1982 711 2052 propinquis
743 1982 911 2051 ipsius
961 1977 1253 2035 Guillelmi.
1291 1977 1479 2032 Nullus
1524 1976 1723 2031 ibidem

145 2084 324 2130 contra
350 2074 688 2130 voluntatem
716 2074 1106 2130 monachorum
1150 2071 1430 2142 prtelatum
1468 2070 1548 2125 eis
1601 2076 1725 2138 post

144 2173 287 2221 tuum
316 2167 600 2221 decessum
643 2164 899 2220 ordinare
936 2168 1231 2234 przcsumat
1278 2174 1294 2214 :
1345 2160 1439 2214 sed
1489 2158 1726 2212 habeant

143 2258 360 2313 liberam
411 2257 752 2323 facultatem,
789 2255 906 2309 sine
953 2252 1239 2324 cujuslibet
1282 2249 1543 2320 principis
1593 2263 1723 2303 con-

145 2349 301 2415 sultu,
343 2362 726 2418 quemcunque
755 2346 1051 2402 secundum
1084 2341 1323 2412 regulam
1348 2340 1520 2395 sancti
1550 2339 1723 2394 Bene-

145 2440 265 2494 dicti
295 2438 587 2504 voluerint,
610 2437 712 2493 sibi
739 2422 1026 2501 ordinare;
1073 2433 1175 2488 nisi
1204 2432 1364 2496 forte,
1391 2429 1532 2499 quod
1558 2428 1722 2494 absit,

145 2542 422 2598 personam
448 2528 561 2582 suis
583 2527 731 2582 vitiis
745 2525 1174 2582 consentientem
1196 2522 1398 2591 eligere
1415 2518 1723 2574 maluerint.

144 2620 252 2676 lloc
276 2622 587 2691 quicunque
618 2619 874 2685 voluerit,
919 2634 1041 2674 cum
1098 2615 1197 2670 Dei
1251 2614 1369 2669 zelo
1417 2611 1722 2683 prohibeat.

147 2712 383 2768 Decimas
406 2727 561 2777 vero,
593 2726 713 2781 qua:
738 2711 865 2765 olim
905 2710 974 2763 ad
1022 2714 1235 2762 vestras
1283 2701 1518 2772 capellas
1560 2701 1727 2771 perti-

147 2816 392 2872 nuerunt,
420 2815 480 2862 et
512 2821 609 2876 per
648 2806 960 2860 modernam
987 2801 1141 2872 quasi
1176 2799 1584 2860 auctoritatem,
1613 2794 1728 2849 sive

144 2893 438 2963 licentiam,
461 2910 489 2948 a
508 2894 1013 2964 quolibetepiscopo
1028 2891 1303 2946 subtracta
1327 2895 1473 2953 sunt,
1493 2885 1646 2941 vobis
1661 2900 1729 2940 ex

146 2986 350 3056 integro
407 2985 771 3048 restituimus.
835 2982 1082 3053 Capellas
1134 2986 1362 3043 autem,
1417 2976 1466 3033 si
1534 2975 1730 3046 aliquae

140 3079 247 3148 jam
277 3077 458 3142 factae,
486 3075 568 3131 vel
623 3074 886 3129 facienda:
911 3073 1041 3128 inibi
1074 3072 1203 3136 sint,
1243 3070 1317 3124 ita
1358 3082 1581 3124 manere
1608 3082 1739 3123 con—
1763 3061 1810 3125 C

145 3167 399 3229 cedimus,
428 3175 487 3220 ut
518 3167 716 3221 vestris
770 3163 1019 3221 ecclesiis
1073 3161 1208 3218 nihil
1250 3176 1319 3217 ex
1365 3158 1592 3215 decimis
1638 3158 1740 3213 mi-

144 3267 356 3313 nuatur.
402 3257 520 3312 Hoc
556 3272 687 3311 vero
739 3256 884 3327 quod
909 3254 1142 3310 dilectus
1170 3252 1313 3308 ﬁlius
1344 3260 1530 3307 noster
1556 3250 1739 3307 Bruno

145 3350 428 3421 cpiscopus
469 3350 535 3404 de
582 3348 855 3420 praedictis
893 3347 1115 3419 capellis
1143 3348 1295 3403 vobis
1329 3346 1618 3410 concessit,
1645 3360 1737 3400 ra-

147 3446 253 3494 tum
283 3449 341 3496 et
369 3440 587 3493 ﬁrmum
609 3453 729 3493 esse
755 3438 1092 3493 decrevimus
1128 3438 1180 3491 in
1213 3445 1552 3506 perpetuum.
1589 3434 1737 3489 Prae-

146 3542 313 3596 terea,
343 3530 606 3601 quidquid
648 3542 715 3583 ex
758 3529 952 3595 vineis,
995 3528 1081 3584 vel
1114 3528 1344 3586 culturis
1398 3528 1465 3583 ad
1499 3535 1739 3582 vestram

143 3635 347 3692 partem
383 3620 638 3691 pertinet,
685 3628 893 3689 partem
920 3634 1135 3689 quoque
1164 3620 1518 3682 decimarum,
1551 3619 1617 3673 ad
1640 3617 1737 3672 bo-

144 3713 333 3782 spitale
363 3719 606 3765 vestrum
644 3710 919 3780 pertinere
952 3711 1248 3765 sancimus.
1276 3710 1448 3766 Simul
1471 3718 1526 3767 et
1559 3709 1626 3765 de
1650 3711 1739 3766 his

141 3803 319 3869 rebus,
351 3817 491 3873 quas
519 3802 823 3872 percepturi
870 3802 1022 3858 estis.
1056 3802 1170 3858 Hoc
1219 3802 1381 3858 etiam
1413 3802 1555 3872 quod
1597 3801 1735 3857 Leo-

140 3895 351 3960 baldus,
384 3894 454 3948 ad
505 3894 821 3963 praedictum
872 3893 1259 3948 monasterium
1300 3892 1608 3962 dereliquit.
1654 3891 1739 3948 Si-

146 3986 250 4039 mul
279 3995 334 4040 et
352 3985 483 4039 illud
514 3989 656 4054 quod
684 3984 954 4054 Magiona,‘
985 3983 1068 4040 vel
1106 3984 1353 4039 alicnbus
1411 3984 1594 4050 rebus,
1617 3998 1739 4054 qua:

142 4077 207 4128 ad
229 4076 281 4129 id
309 4074 697 4130 monasterium
748 4075 1021 4144 pertinere
1072 4075 1292 4131 debent.
1334 4075 1739 4132 Conﬁrmamus

142 4169 303 4223 etiam
336 4177 521 4223 nostra
561 4168 855 4238 apostolica
911 4169 1234 4224 auctoritate
1260 4168 1534 4224 abbatiam
1578 4167 1737 4224 Cari-

143 4254 373 4312 locensis
408 4256 668 4322 emnobii,
699 4270 820 4326 qua:
848 4255 1024 4311 eidem
1050 4255 1245 4311 collata
1273 4264 1358 4311 est
1380 4254 1735 4312 monasterio:

144 4348 386 4402 abbatias
426 4346 484 4402 S.
513 4346 762 4411 Joannis,
814 4355 977 4416 atque
1024 4347 1171 4402 beati
1205 4346 1422 4401 Martini
1475 4347 1735 4403 suburbio

144 4436 450 4493 Matiscensi
481 4438 631 4503 sitas,
665 4438 1018 4492 nihilominus
1045 4437 1097 4490 in
1127 4445 1444 4506 perpetuum
1483 4446 1734 4494 constare

145 4526 484 4582 decernimus
520 4529 589 4582 ad
641 4528 958 4597 praedictum
998 4526 1195 4594 locum,
1230 4534 1291 4582 ut
1319 4527 1500 4584 nullus
1526 4529 1735 4598 episco-

145 4632 241 4687 pus
268 4619 351 4673 vel
374 4628 581 4684 comes,
610 4619 696 4673 vel
742 4618 924 4689 aliqua
975 4633 1208 4688 persona
1259 4619 1389 4675 inibi
1444 4621 1734 4677 temerario

142 4722 273 4762 ausu
315 4709 607 4779 quidquam
655 4708 914 4765 ordinare
980 4717 1290 4780 praesumat,
1343 4710 1462 4765 sine
1489 4709 1735 4778 iussione

146 4799 367 4854 rectoris
389 4799 503 4866 jam
530 4800 658 4855 dicti
685 4800 808 4855 loci.
862 4798 1125 4855 Similiter
1148 4815 1431 4857 censemus
1451 4801 1517 4857 de
1544 4800 1732 4857 Celsa-

146 4889 291 4944 nicas
317 4889 490 4945 Alodo
511 4890 759 4947 llecl‘redi
785 4892 1019 4958 comitis,
1045 4907 1205 4962 quem
1231 4892 1370 4949 filius
1406 4901 1593 4948 noster
1612 4890 1734 4949 Ste-

146 4981 371 5050 phanus,
392 4981 537 5051 justa
571 4983 725 5039 lance
755 4998 978 5040 causam
1009 4985 1347 5056 examinans,
1372 5000 1471 5056 pro
1492 4986 1731 5043 omnium

149 5069 380 5127 remedio
444 5072 878 5128 Christianorum
944 5074 1224 5147 praelibato
1276 5075 1544 5143 delegavit
1588 5074 1729 5132 loco.

147 5159 404 5217 Prasterea
434 5164 590 5219 villas
610 5176 799 5220 omnes
826 5177 950 5233 qua:
998 5165 1270 5235 pertinent
1289 5166 1356 5222 ad
1379 5164 1522 5218 idem
1548 5179 1735 5222 emno-

146 5252 287 5309 bium
308 5255 678 5321 Cluniacense,
720 5253 997 5313 soliditate
1051 5259 1343 5327 apostolica
1387 5254 1730 5329 roboramus,

1823 431 2188 502 Engelbaldus
2210 434 2377 502 dedit,
2420 444 2476 492 et
2514 437 2727 494 alodum
2761 457 2920 512 quem
2953 444 3169 512 Waldo,
3194 448 3419 504 veniens

1822 519 1889 575 ad
1915 525 2350 593 conversionem,
2391 527 2556 583 dedit.
2587 529 2850 587 Similiter
2870 542 2927 588 et
2977 534 3313 605 Amberiam,
3362 548 3419 594 ct

1824 610 2111 666 ecclesiam
2173 612 2231 668 S.
2273 615 2508 681 Abundi,
2542 634 2702 689 quam
2752 621 3012 679 Artaldus
3056 626 3297 683 moriens
3347 630 3417 683 ad

1823 701 2141 771 praedictum
2164 703 2383 775 reliquit
2416 709 2746 765 coenobium.
2772 711 3070 769 Ecclesium
3113 718 3287 773 sancti
3314 714 3418 773 Sa-

1828 792 2056 858 turnini,
2088 809 2211 848 cum
2243 797 2389 851 omni
2420 797 2599 862 alodo,
2643 815 2806 871 quem
2835 802 3099 861 Ceraldus
3143 808 3415 878 archiepi-

1823 896 2019 953 scopus
2047 884 2193 939 dedit
2223 888 2481 956 praedicto
2506 890 2776 947 coenobio.
2802 893 2871 949 Et
2906 896 3031 964 quia
3057 897 3191 952 ordo
3227 912 3419 953 mona-

1823 972 1992 1027 sticus
2022 987 2292 1030 summam
2340 977 2619 1034 desiderat
2656 980 3051 1039 immunitatem
3089 1003 3104 1041 :
3146 988 3219 1041 ita
3265 988 3420 1043 vobis

1824 1067 2193 1133 concedimus,
2244 1068 2386 1123 sicut
2433 1069 2571 1126 locis
2609 1074 2813 1129 sanctis
2872 1076 3072 1146 ubique
3115 1081 3418 1136 reverentia

1824 1159 2069 1225 debetur,
2096 1170 2155 1215 ut
2186 1163 2362 1218 nullus
2385 1172 2561 1221 vestra
2595 1167 2915 1239 municipia,
2957 1180 3052 1225 aut
3091 1186 3178 1227 res
3216 1174 3390 1242 quain

1823 1248 1934 1314 bet,
1977 1250 2096 1305 sine
2124 1261 2307 1306 vestro
2336 1254 2587 1309 consultu
2640 1254 2984 1329 distringere,
3024 1269 3117 1314 aut
3163 1260 3421 1317 invadere

1828 1343 1935 1397 ullo
1984 1346 2144 1400 modo
2195 1356 2509 1416 praesumat.
2568 1347 2731 1416 Sane,
2780 1352 2847 1405 ad
2905 1357 3416 1424 recognoscendum,

1829 1437 1971 1504 quod
2005 1437 2322 1505 praedictum
2351 1440 2660 1496 emnobium
2703 1451 2906 1498 sancta:
2933 1446 3242 1513 apostolicae
3281 1447 3420 1511 sedi,

1828 1523 1896 1578 ad
1934 1525 2211 1591 tuendum,
2245 1537 2410 1599 atque
2438 1527 2727 1585 fovendum
2757 1533 3045 1603 pertineat,
3074 1535 3272 1591 dentur
3324 1552 3424 1609 per

1827 1623 2258 1692 quinquennium
2296 1640 2328 1679 x
2371 1626 2549 1681 solidi.
2596 1626 2654 1682 Si
2688 1629 2810 1699 quis
2837 1639 3017 1684 autem
3056 1640 3243 1686 contra
3281 1631 3423 1687 hanc

1832 1712 2247 1769 saluberrimam
2316 1726 2561 1772 nostram
2613 1720 3056 1776 constitutionem
3118 1724 3423 1779 resistendo

1829 1806 2018 1861 venire
2059 1809 2372 1876 tentaverit,
2409 1819 2503 1864 aut
2567 1812 2770 1881 aliquid
2834 1815 3026 1870 horum
3070 1830 3423 1887 corrumpere

1829 1908 2062 1953 conatus
2110 1900 2201 1967 sit,
2253 1910 2307 1955 et
2335 1903 2513 1955 omnia
2544 1919 2662 1971 qum
2704 1904 2754 1956 in
2802 1904 2903 1958 hoc
2941 1905 3221 1975 privilegio
3245 1907 3425 1962 sanci-

1830 2004 1950 2043 mus
1981 2006 2086 2042 non
2109 1990 2504 2059 observaverit,
2541 1995 2677 2047 sciat
2708 2009 2765 2048 sc
2793 1995 2892 2048 sub
2916 1995 3079 2049 divini
3112 1997 3301 2067 judicii
3328 1998 3426 2053 ob-

1832 2080 2141 2143 testatione,
2166 2080 2528 2136 anathematis
2556 2083 2773 2139 vinculo
2810 2085 3160 2153 :eternaliter,
3186 2087 3290 2143 nisi
3336 2103 3425 2142 re-

1830 2170 2079 2238 sipuerit,
2110 2171 2448 2238 innodatum,
2475 2181 2531 2226 et
2555 2188 2584 2225 a
2644 2188 2810 2243 regno
2841 2175 2937 2230 Dei
2975 2175 3342 2244 alienandum,
3371 2185 3427 2233 et

1830 2275 1952 2313 cum
1983 2258 2200 2315 diabolo
2232 2260 2351 2316 sine
2397 2261 2503 2317 line
2532 2262 2908 2317 cruciandum.
2944 2264 3044 2331 Qui
3074 2280 3202 2320 vero
3227 2276 3427 2321 nostra;

1832 2352 1993 2421 hujus
2024 2350 2396 2407 saluberrima:
2444 2353 2743 2408 sanctionis
2779 2363 2963 2410 custos
3008 2364 3063 2411 et
3105 2357 3429 2412 observator

1830 2443 2092 2509 extiterit,
2125 2458 2156 2498 a
2178 2443 2395 2499 Christo
2426 2444 2652 2501 Domino
2693 2446 3142 2514 benedictionem,
3168 2456 3222 2502 et
3254 2464 3283 2503 a
3306 2462 3427 2504 san-

1832 2537 1935 2591 ctis
1964 2536 2223 2606 apostolis
2253 2537 2436 2591 mundi
2455 2536 2731 2603 judicibus
2756 2537 3152 2595 absolutionem
3178 2539 3265 2594 hic
3284 2550 3342 2595 et
3370 2540 3424 2595 in

1832 2626 2014 2683 futuro
2041 2629 2299 2698 consequi
2335 2638 2630 2684 mereatur.

1905 2717 2180 2788 Scriptum
2206 2733 2305 2788 per
2340 2734 2535 2774 manus
2576 2718 2774 2776 Leonis
2800 2720 2994 2775 notarii
3028 2720 3189 2790 regis,
3217 2730 3274 2778 et
3293 2723 3427 2779 scri-

1832 2807 1992 2862 niarii
2022 2815 2226 2862 sancta:
2254 2809 2513 2863 Romana:
2540 2807 2822 2875 Ecclesiae,
2856 2809 2910 2863 in
2941 2824 3127 2866 mense
3148 2808 3306 2867 Mart.
3328 2827 3427 2883 per

1834 2897 2187 2952 indictionem
2214 2911 2314 2952 vlt.

2599 2986 2670 3043 Χ.

1841 3116 2067 3157 ΛΟᾹΡΕἸΊ
2107 3116 2254 3156 ΡΔΡΕ
2296 3117 2333 3157 ll
2382 3117 2638 3157 εριετοιλ
2676 3117 2746 3156 Αἰ)
2784 3117 3118 3161 πνιιιιλιιιωι
3156 3120 3424 3161 ΑΒΒᾹἸἘΣΙ.

2446 3190 2623 3263 (Αηηο
2661 3190 2812 3262 950.)

1909 3301 2200 3372 Conﬁrmat
2230 3300 2777 3375 sententiamettonis
2812 3305 2991 3375 magni
3029 3307 3086 3362 in
3119 3310 3341 3365 materia

2239 3373 2587 3427 immanitatis
2616 3370 2674 3426 S.
2709 3370 3010 3429 Maximini.

2039 3481 2215 3555 [Apud
2250 3481 2563 3551 Hontheim,
2599 3481 2740 3540 Hist.
2771 3482 2993 3553 Trevir.,
3022 3484 3064 3554 l,
3093 3486 3247 3561 284.]

1906 3615 2232 3678 Δαρεῖυς,
2262 3629 2451 3670 servus
2493 3630 2775 3671 servorum
2805 3616 2903 3673 Dei
2925 3657 2942 3684 ,
2986 3622 3429 3680 reverentissimo

1838 3708 2021 3763 abbati
2045 3707 2354 3763 WtLLtAtuo
2379 3747 2394 3775 ,
2426 3707 2592 3764 totius
2615 3709 2900 3766 charitatis
2945 3711 3338 3770 exhibitionem
3367 3716 3425 3774 in

1840 3801 2078 3857 Christo.

1909 3890 2138 3948 Nuntios
2160 3897 2355 3946 vestra:
2374 3889 2632 3947 almitatis
2655 3890 2723 3946 ad
2744 3906 3021 3949 sacrorum
3052 3896 3420 3965 apostolorum

1839 3987 2057 4052 limina,
2090 3987 2405 4057 pariterque
2445 3995 2689 4041 nostram
2720 3986 3071 4056 apostolicam
3102 3987 3424 4057 dignitatem

1837 4080 2098 4145 directos,
2124 4078 2369 4134 Asolt‘um
2394 4077 2645 4132 videlicet
2685 4086 2845 4147 atque
2888 4076 3251 4133 Guntharium
3276 4092 3424 4133 .cum

1839 4185 2037 4242 magna
2063 4169 2439 4225 benevolentia
2463 4169 2831 4237 suscepimus,
2857 4183 2920 4222 ac
2951 4167 3164 4222 illorum
3193 4166 3424 4239 legatio-

1838 4275 1965 4316 nem
1990 4259 2247 4330 praasenti
2275 4259 2422 4314 omni
2451 4257 2693 4313 Romano
2717 4257 2862 4312 clero
2901 4255 3195 4313 clementer
3217 4258 3426 4313 audivi-

1840 4366 1982 4407 mus.
2015 4349 2229 4406 Scimus
2266 4364 2417 4417 vero,
2442 4341 2573 4420 ipsis
2600 4347 2981 4414 referentibus,
3005 4361 3148 4419 saepe
3173 4363 3238 4404 ac
3284 4347 3424 4404 mul-

1844 4452 1956 4498 tum
1993 4456 2094 4496 vos
2119 4448 2342 4496 vexatos
2369 4456 2399 4496 a
2432 4440 2748 4503 Ruotberto,
2790 4439 3040 4510 quamvis
3086 4439 3144 4495 in
3189 4440 3294 4495 hoc
3323 4440 3427 4493 mi-

1842 4532 2008 4600 nime,
2048 4532 2100 4588 in
2123 4531 2244 4587 aliis
2273 4540 2451 4587 tamen
2498 4531 2797 4587 venerabili
2848 4531 3262 4604 archiepiscopo
3285 4570 3300 4597 ,
3353 4545 3424 4585 eo

1841 4625 1986 4695 quod
2013 4624 2166 4680 vobis
2185 4623 2533 4680 commissum
2562 4623 2951 4680 monasterium
2989 4621 3093 4677 sibi
3117 4622 3423 4676 commissa:

1843 4714 2090 4771 ecclesia:
2126 4714 2289 4771 vellet
2319 4713 2548 4771 subdere
2578 4714 2777 4784 injuste
2807 4755 2822 4780 ,
2854 4714 2957 4769 nisi
2990 4724 3088 4766 vos
3139 4720 3424 4767 tuerentur

1845 4804 1974 4860 hinc
1997 4805 2201 4876 justum
2234 4804 2494 4875 judicium
2521 4819 2586 4858 ex
2615 4809 2759 4874 regia
2800 4803 3061 4875 dignitate
3084 4801 3427 4857 serenissimi

1842 4894 2061 4951 Ottonis
2081 4894 2372 4964 prolatum,
2407 4893 2529 4947 inde
2550 4894 2752 4948 chartae
2779 4892 2961 4950 Caroli
3004 4888 3191 4957 Magni
3228 4931 3244 4958 ,
3273 4897 3434 4958 atque

1842 4986 2071 5060 aliorum
2098 4987 2446 5059 antiquorum
2478 4999 2663 5056 regum
2699 4986 2749 5041 in
2777 4985 2956 5043 medio
2988 4979 3269 5038 recitatae.
3303 4978 3443 5045 Ergo

1839 5079 2017 5134 omnis
2036 5076 2169 5132 ordo
2196 5076 2425 5136 Romani
2455 5074 2603 5141 cleri,
2633 5062 2905 5132 annuente
2927 5076 3114 5127 nostra
3138 5064 3453 5140 apostolica

1842 5167 2120 5238 dignitate,
2148 5165 2395 5225 decrevit
2422 5172 2481 5218 ut
2524 5179 2685 5233 super
2711 5159 3048 5220 monasterio
3072 5167 3310 5222 vestro,
3339 5153 3458 5209 dico

1842 5267 2025 5316 autem
2069 5257 2160 5313 illo
2187 5259 2336 5332 quod
2376 5257 2428 5311 in
2472 5255 2647 5311 vicino
2690 5251 3110 5313 Trevirensium
3154 5260 3465 5309 murorum
