3964 5356
542 313 646 372 903

1886 313 2185 372 AGAPETI
2220 314 2420 371 ΡΑΡᾹΞ
2459 314 2503 370 ll

3687 311 3783 366 90d

542 437 926 493 cessorumque
946 421 1087 492 ejus,
1110 434 1297 493 regqu
1322 422 1654 480 Francorum
1683 424 1952 490 videlicet,
1980 432 2039 479 ut
2064 424 2117 478 in
2146 430 2195 489 Α
2221 441 2385 496 super
2408 424 2684 488 Miliartas,
2715 432 2768 479 et
2794 424 3042 493 pervenit
3069 422 3137 479 ad
3166 437 3382 480 crucem
3407 435 3573 492 super
3593 430 3786 488 curtes,

541 512 792 580 praesenti
820 522 874 568 et
901 513 955 567 in
978 522 1256 584 posterum
1285 514 1387 569 sub
1413 515 1560 585 regia
1611 524 1820 571 tantum
1850 525 2123 586 potestate

541 611 874 673 permaneat,
903 618 1075 674 neque
1098 619 1335 675 unquam
1365 605 1459 660 ulli
1486 606 1640 662 alteri
1671 623 1914 677 personae
1941 607 2124 677 suhja-

541 702 681 761 ceat,
718 704 948 765 excepto
976 695 1180 762 abbati,
1206 712 1368 766 quem
1394 698 1635 768 ejusdem
1665 699 1979 753 monasterii
2015 697 2124 754 fra-

543 793 657 841 tres
681 786 954 841 communi
997 788 1286 842 concordia
1324 789 1617 843 secundum
1656 788 1905 859 regulam.
1940 789 2121 859 elege-

541 875 671 930 rint.
709 874 768 931 Si
809 890 935 932 vero
959 860 1256 945 praedictus
1296 878 1732 948 archiepiscopus
1756 920 1771 944 ,
1801 888 1896 933 aut
1926 878 2122 950 aliquis

541 982 915 1024 successorum
948 968 1063 1037 ejus
1085 1007 1102 1036 ,
1127 983 1223 1025 seu
1267 969 1406 1025 alius
1450 970 1676 1040 quilibet
1706 968 1935 1025 fratrum
1966 1012 1980 1037 ,
2024 972 2119 1041 qui

543 1068 684 1127 sunt,
712 1060 797 1115 vel
816 1069 975 1116 erunt
1003 1061 1056 1115 in
1076 1060 1265 1118 eodem
1296 1062 1646 1127 monasterio,
1678 1063 1914 1133 quietem
1936 1062 2117 1135 impie,

541 1149 936 1221 crudeliterque
971 1151 1271 1206 turbaverit
1301 1190 1317 1218 ,
1362 1151 1465 1208 nisi
1489 1152 1664 1221 primo
1693 1152 1946 1223 prtesenti
1993 1167 2121 1208 con-

540 1239 835 1310 scriptione
858 1280 874 1306 ,
900 1255 965 1295 ac
994 1240 1186 1296 deinde
1219 1240 1287 1296 ab
1319 1240 1613 1312 apostolica
1643 1242 1905 1313 dignitate
1934 1242 2120 1299 admo-

540 1332 687 1389 nitus
711 1333 1014 1403 resipiscat,
1046 1349 1151 1388 non
1182 1342 1240 1389 ut
1265 1342 1485 1404 pastor,
1511 1334 1605 1390 scd
1635 1334 1779 1390 sicut
1834 1350 2118 1390 mercena-

538 1426 654 1481 rius
682 1432 960 1480 tractetur.
996 1424 1205 1481 ldeirco
1260 1424 1304 1479 si
1356 1424 1411 1479 in
1460 1433 1568 1479 tam
1618 1426 1882 1495 pertinaci
1919 1426 2117 1481 duritia

538 1516 877 1588 perstiterit,
914 1517 981 1572 ad
1011 1518 1263 1572 ultimum
1296 1526 1481 1573 nostra
1532 1518 1829 1588 apostolica
1881 1519 2117 1574 auctori-

539 1618 649 1664 tate
669 1610 1168 1665 excommunicetnr
1190 1649 1205 1673 ,
1248 1617 1305 1664 et
1333 1609 1553 1680 insuper
1584 1610 1742 1665 bonis
1771 1609 1986 1681 regibus
2007 1650 2021 1675 ,
2055 1624 2117 1664 ac

536 1699 781 1764 ducibus,
822 1699 1093 1770 justisque
1149 1699 1420 1770 judicibus
1470 1700 1845 1757 resistentibus
1894 1714 2115 1771 compos

532 1790 644 1845 voti
671 1790 755 1845 sui
786 1806 1059 1861 nunquam
1092 1791 1209 1845 ﬁat.

606 1881 880 1953 Scriptum
903 1898 1003 1953 per
1030 1897 1250 1937 manum
1274 1881 1528 1937 scrinarii
1554 1882 1611 1938 S.
1639 1881 1895 1939 Romanum
1925 1882 2112 1939 Eccle-

533 1969 647 2025 siae.
700 1970 834 2024 Data
862 1986 903 2026 tt
941 1970 1057 2026 Kal.
1082 1969 1258 2025 Martii
1284 2011 1301 2038 ,
1333 1969 1628 2028 indictione
1674 1987 1789 2026 vttt.
1834 1971 1977 2027 Bene
2021 1988 2114 2027 va-

533 2060 640 2117 lete
669 2060 839 2133 (249).

1271 2169 1362 2227 XI.

532 2294 758 2338 ΔῦΑΡΕτΙ
788 2297 827 2338 ll
854 2297 1196 2338 Ριιινιιεῦιωι
1231 2296 1334 2338 PRO
1373 2297 1714 2338 IONASTERIG
1752 2299 1829 2338 SS.
1879 2299 2111 2342 GERMANI

938 2369 1010 2408 ΕΤ
1041 2367 1323 2408 IICHAELIS
1362 2368 1705 2409 CUXANENSIS.

1137 2466 1319 2539 (Anno
1347 2466 1499 2540 950.)

674 2576 964 2647 Confirmat
992 2576 1263 2649 privilegia
1288 2578 1591 2633 monasterii
1622 2577 1968 2634 Cannensis.

532 2709 709 2783 [Apud
738 2711 801 2765 D.
830 2710 1097 2781 Bouquet,
1143 2710 1357 2766 Recueil
1389 2712 1479 2766 des
1505 2712 1802 2778 historicus,
1854 2730 1931 2779 Ix,
1961 2713 2110 2787 227.]

599 2802 886 2858 Aoarsrus
904 2802 1211 2872 episcopus,
1236 2816 1428 2857 servus
1453 2817 1732 2858 servorum
1761 2804 1876 2869 Dei,
1902 2802 2114 2861 Gonnu-

528 2907 705 2949 rnsao
735 2892 988 2964 religioso
1016 2892 1199 2948 abbati
1239 2893 1563 2950 venerabilis
1592 2897 1906 2952 monasterii
1938 2897 2111 2954 sancti

530 2983 786 3040 Germani
815 2992 979 3054 atque
1022 2982 1524 3055 sanetLMichaelis,
1555 2985 1702 3056 quod
1753 2995 1837 3041 est
1862 2987 2025 3041 situm
2056 2987 2111 3043 in

529 3074 671 3129 valle
699 3072 1011 3129 Conﬂuente
1032 3073 1086 3128 in
1122 3072 1298 3129 locum
1322 3075 1411 3145 qui
1458 3083 1684 3131 vocatur
1711 3075 2110 3149 (Saint-Michel

2224 517 2417 572 deinde
2447 517 2514 571 ad
2536 516 2712 571 Chcro
2731 514 2994 579 Clarinto,
3024 523 3080 569 et
3106 513 3351 584 pervenit
3390 527 3490 583 per
3517 512 3783 566 summita-

2224 614 2331 662 tem
2361 606 2427 662 de
2457 604 2619 660 Serra
2643 620 2810 674 usque
2840 604 2893 659 in
2930 606 3045 659 rivo
3070 604 3357 669 Mcrdario,
3383 614 3439 658 et
3463 603 3535 656 ab
3553 603 3786 657 occiden-

2226 706 2276 752 te
2306 697 2421 766 ipsa
2452 696 2617 751 Serra
2648 697 2715 751 de
2740 697 2918 752 Chero
2947 694 3213 762 Clariuto,
3243 705 3298 749 et
3319 693 3575 765 pervenit
3599 693 3653 747 in
3683 694 3785 749 rivo

2222 788 2512 855 Merdario,
2542 797 2599 845 et
2617 788 2767 844 ducit
2787 804 2958 859 usque
2994 789 3046 843 in
3070 786 3291 842 ﬂuvium
3313 786 3483 853 Tede,
3515 796 3573 839 et
3597 800 3627 838 a
3649 795 3787 853 parte

2221 881 2350 937 circi
2374 879 2629 935 all‘rontat
2668 879 2720 935 in
2764 885 2934 935 strata
2973 878 3184 949 publica
3214 893 3335 949 quae
3365 877 3518 932 ducit
3552 875 3621 931 ad
3660 875 3789 931 Duas

2223 972 2472 1037 Sorores,
2493 979 2546 1025 et
2573 970 2817 1040 pervenit
2845 983 2940 1039 per
2963 969 3133 1038 ipsam
3160 968 3302 1023 viam
3332 967 3607 1039 publicam
3635 981 3789 1035 usque

2220 1064 2276 1120 in
2307 1063 2604 1128 Littetano,
2634 1061 2829 1118 deinde
2855 1059 3045 1115 subtus
3082 1068 3272 1115 sancto
3320 1058 3553 1123 Felicio,
3595 1067 3650 1112 et
3677 1073 3785 1127 per-

2220 1155 2364 1212 venit
2403 1168 2572 1225 usque
2611 1154 2663 1209 in
2715 1152 2871 1208 alode
2908 1158 3111 1208 sancta:
3136 1150 3339 1218 Mariae,
3364 1159 3424 1206 et
3451 1150 3583 1205 villa
3612 1148 3789 1204 Tauri-

2220 1248 2384 1302 niano
2408 1260 2531 1302 cum
2560 1246 2674 1316 ipsa
2703 1243 2933 1300 ecclesia
2957 1243 3133 1300 sancti
3163 1243 3477 1311 Fructuosi,
3505 1258 3631 1299 eum
3659 1243 3790 1296 deci-

2220 1337 2325 1392 mis
2351 1344 2407 1392 et
2467 1335 2742 1406 primitiis,
2800 1344 2858 1391 et
2904 1334 3191 1391 ecclesiam
3239 1334 3413 1390 sancti
3462 1332 3686 1388 Martini
3733 1334 3791 1389 de

2219 1427 2471 1492 Clcrano,
2493 1435 2545 1481 et
2590 1425 2875 1482 ecclesiam
2916 1427 3088 1482 sancti
3136 1424 3386 1492 Andreae,
3415 1441 3541 1496 qua:
3568 1434 3655 1480 est
3674 1424 3791 1479 qu-

2219 1517 2345 1572 data
2368 1518 2422 1572 in
2447 1516 2569 1571 villa
2592 1516 2871 1573 Catellano
2906 1531 3029 1572 cum
3080 1531 3178 1571 suo
3206 1516 3383 1582 alode,
3433 1526 3488 1572 et
3520 1516 3709 1570 villam
3736 1517 3792 1571 de

2217 1609 2483 1665 Torrente
2517 1624 2641 1664 cum
2682 1608 2878 1665 ﬁnibus
2913 1617 2968 1663 et
2995 1609 3258 1675 terminis,
3300 1609 3446 1664 sicut
3495 1609 3553 1663 in
3580 1610 3797 1679 scriptu-

2218 1699 2295 1755 ris
2317 1699 2516 1755 vestris
2553 1699 2806 1756 veridicis
2850 1707 3089 1765 resonat,
3135 1708 3192 1755 et
3234 1698 3374 1755 valle
3424 1698 3709 1771 Taresago
3748 1710 3793 1754 ct

2143 1790 2189 1850 Β
2218 1800 2423 1858 curtes,
2448 1799 2503 1847 et
2523 1790 2658 1846 cella
2685 1790 2857 1846 sancti
2888 1790 3152 1846 Vincentii
3175 1805 3297 1846 cum
3322 1806 3424 1846 suo
3455 1791 3641 1856 alode,
3669 1793 3797 1846 sicut

2217 1881 2270 1935 in
2304 1879 2502 1936 vestris
2544 1880 2854 1935 continetur
2880 1879 3182 1949 scripturis,
3220 1890 3275 1935 et
3328 1880 3484 1935 alode
3509 1880 3792 1949 Tonegslc,

2216 1967 2617 2037 Manzunculas,
2667 1969 2921 2037 Ocenias,
2967 1969 3331 2036 Tres-Valles,
3383 1970 3530 2025 Lare
3568 1986 3698 2026 cum
3722 1987 3799 2025 er:-

2216 2064 2381 2121 clesia
2413 2063 2586 2120 sancti
2609 2063 2861 2130 Andreas,
2894 2063 3028 2119 cella
3059 2064 3230 2120 sancti
3280 2062 3507 2119 Thomze
3552 2080 3685 2120 cum
3714 2080 3800 2118 suo

2215 2154 2393 2220 alode,
2422 2153 2652 2210 ecclesia
2681 2154 2856 2209 sancti
2888 2151 3032 2209 Petri
3064 2169 3184 2224 quae
3225 2161 3311 2209 est
3333 2153 3567 2209 fundata
3596 2155 3655 2209 in
3687 2155 3800 2207 villa

2214 2243 2542 2311 lnforcadis,
2598 2242 2818 2314 Lagona
2888 2259 3012 2299 eum
3076 2260 3173 2300 sua
3217 2245 3453 2301 ecclesia
3504 2255 3565 2302 et
3616 2246 3805 2301 alodiis

2213 2335 2413 2391 vestris
2456 2336 2512 2391 in
2561 2335 2647 2391 bis
2668 2335 2822 2391 locis.
2868 2334 2927 2391 ln
2972 2335 3230 2392 comitatu
3277 2336 3721 2402 Rossilionense,
3756 2338 3801 2390 in

2213 2424 2339 2480 villa
2355 2423 2595 2491 Miliarii,
2611 2424 2664 2479 in
2685 2423 2954 2491 Camelas,
2971 2425 3025 2480 in
3049 2426 3272 2491 Relano,
3302 2427 3355 2481 in
3383 2436 3581 2484 sancto
3601 2427 3801 2493 Felice,

2214 2514 2272 2572 in
2296 2513 2438 2572 valle
2461 2523 2708 2583 ventosa,
2735 2514 2791 2571 in
2834 2525 3017 2572 monte
3059 2516 3302 2584 Auriolo,
3359 2517 3417 2572 in
3443 2518 3577 2572 villa
3606 2519 3803 2583 Insula,

2214 2604 2270 2661 in
2297 2604 2434 2660 valle
2463 2604 2655 2672 Locas,
2682 2604 2736 2660 in
2774 2604 2908 2660 Pnio
2956 2603 3234 2673 Nadalino,
3266 2607 3321 2661 in
3371 2607 3516 2663 valle
3545 2606 3801 2669 Vincano.

2213 2707 2271 2755 et
2305 2698 2361 2753 in
2407 2696 2617 2763 Saorla,
2671 2696 2725 2752 in
2777 2696 3122 2763 Arbussolas,
3171 2704 3226 2751 et
3273 2696 3327 2752 in
3373 2698 3710 2763 Planicolas,
3757 2710 3805 2752 et

2213 2789 2530 2855 lntcrrivos,
2578 2796 2633 2844 et
2688 2788 2743 2843 in
2782 2787 2919 2843 valle
2957 2786 3238 2859 Molegica,
3270 2788 3327 2843 in
3366 2789 3495 2843 villa
3525 2789 3665 2845 Orto
3696 2790 3807 2844 Fal-

2212 2880 2450 2952 guerias,
2495 2881 2551 2935 in
2596 2878 2721 2934 villa
2754 2877 3010 2946 Arriano,
3038 2879 3091 2933 in
3133 2878 3259 2933 villa
3285 2878 3557 2947 Folioliis,
3591 2882 3649 2937 in
3686 2884 3807 2937 \‘er-

2212 2981 2363 3037 ncto,
2417 2972 2473 3026 in
2505 2970 2851 3035 Corneliana,
2929 2971 2984 3024 in
3039 2970 3177 3026 valle
3232 2970 3465 3026 Foliano
3497 3011 3515 3036 ,
3574 2973 3632 3026 in
3682 2973 3806 3027 valle

2214 3062 2437 3127 Savrra,
2466 3062 2523 3118 in
2563 3060 2735 3118 Turre
2765 3062 2941 3127 sindo,
2971 3061 3024 3116 in
3050 3060 3206 3127 Pino,
3229 3069 3287 3116 et
3313 3062 3369 3116 in
3398 3062 3738 3133 Campelias,
3759 3074 3807 3118 ct

529 3166 597 3220 de
622 3164 1056 3237 Cusan)Coxano
1083 3173 1277 3236 etpost
1300 3143 1353 3222 te
1382 3167 1489 3223 tuis
1518 3143 1921 3225 successoribus
1945 3171 2111 3226 abba-

2215 3156 2268 3211 in
2298 3155 2732 3227 Segondaniano,
2765 3155 2820 3209 in
2844 3152 3048 3220 Juloss,
3075 3154 3205 3209 etin
3224 3153 3492 3219 Flazano,
3520 3164 3581 3210 et
3612 3155 3671 3210 in
3700 3157 3803 3211 An-

532 3256 676 3312 tibus
708 3257 947 3328 ejusdem
967 3258 1283 3313 monasterii
1317 3259 1369 3313 in
1393 3269 1730 3331 perpetuum.

599 3346 735 3404 Cum
764 3363 953 3420 magna
1002 3349 1158 3405 nobis
1185 3349 1488 3405 sollicitudo
1534 3351 1735 3407 insistit
1777 3361 1832 3409 et
1856 3368 1986 3409 cura
2014 3370 2112 3425 pro

530 3440 799 3496 universis
842 3441 936 3497 Dei
983 3439 1240 3496 Ecclesiis
1294 3440 1625 3513 vigilandum
1673 3458 1742 3498 ne
1787 3444 1968 3517 aliqua
2018 3460 2113 3502 ne-

528 3529 804 3586 cessitatis
840 3528 1053 3598 jactura
1129 3531 1406 3600 dispendia
1455 3542 1879 3604 consequantur.
1944 3535 2112 3605 Igitur

528 3620 657 3691 quia
681 3619 962 3676 Soniarius
981 3621 1261 3692 religiosus
1286 3622 1572 3693 presbyter
1595 3632 1649 3679 et
1670 3626 1967 3681 monachus
1994 3627 2112 3683 vice

526 3725 707 3770 vestra
756 3724 884 3769 ante
919 3722 1159 3770 nostram
1207 3716 1548 3785 przesentiam
1598 3717 1841 3783 veniens,
1870 3719 2109 3789 pustula-

528 3806 662 3861 vita
718 3805 874 3861 nobis
934 3814 1203 3877 quatenus
1258 3805 1704 3864 conﬁrmaremus
1754 3809 1848 3864 tibi
1898 3810 2109 3881 tuisque

531 3898 935 3954 successoribus
980 3897 1265 3953 abbatibus
1302 3899 1668 3968 supradictnm
1721 3903 2106 3957 monasterium

530 3990 582 4044 in
605 3990 896 4059 integrum,
926 4004 1046 4044 cum
1093 3989 1345 4045 omnibus
1380 3978 1574 4045 ﬁnibus
1600 3989 1732 4057 suis,
1784 3992 2031 4048 terminis
2053 4002 2107 4048 et

529 4081 867 4152 adjacentiis,
891 4080 1112 4150 suisque
1161 4080 1413 4136 omnibus
1433 4082 1777 4150 pertinentiis
1818 4084 1869 4138 itt
1916 4099 2109 4156 perpe-

526 4182 719 4238 tuum;
753 4172 996 4227 inclinati
1023 4172 1126 4226 tuis
1166 4172 1436 4242 precibus,
1466 4186 1564 4241 pro
1586 4173 1968 4243 omnipotentis
2011 4175 2105 4232 Dei

527 4270 583 4316 et
611 4261 781 4315 sancti
827 4260 973 4315 Petri
1042 4273 1244 4324 amore,
1285 4257 1398 4328 jam
1449 4259 1652 4315 dictum
1715 4263 2105 4318 monasterium

528 4365 651 4406 cum
705 4349 901 4404 ﬁnibus
936 4357 989 4405 et
1040 4350 1151 4405 suis
1181 4350 1445 4416 terminis,
1477 4350 1616 4405 sicut
1664 4350 1905 4422 incipita
1950 4361 2106 4423 parte

527 4443 773 4508 orientis,
804 4458 833 4497 a
862 4442 1038 4498 fronte
1065 4458 1161 4513 per
1185 4442 1551 4497 summitatem
1575 4443 1754 4499 Sarrae
1781 4459 1901 4514 qua:
1930 4445 2105 4517 pergit

529 4539 595 4595 tle
615 4536 841 4592 Bovaria
872 4536 935 4589 ad
957 4535 1141 4592 Jovem
1173 4535 1241 4591 de
1277 4535 1560 4601 Celerano,
1605 4545 1661 4591 et
1688 4537 1831 4591 vadit
1890 4538 1959 4595 ab
1989 4538 2108 4608 ipso

531 4637 714 4683 monte
743 4626 832 4697 qui
867 4626 1063 4680 dicitur
1108 4625 1417 4692 Laccarias,
1450 4635 1504 4681 et
1538 4627 1616 4682 sic
1661 4626 1807 4682 vadit
1835 4641 1931 4698 per
1962 4628 2107 4699 ipsas

527 4717 815 4774 Laecarias
858 4732 1026 4788 usque
1070 4717 1123 4772 in
1168 4726 1348 4773 monte
1391 4717 1686 4790 Canigone,
1720 4728 1832 4775 eta
1880 4721 2107 4778 meridie

528 4809 766 4866 afrontat
795 4811 847 4864 in
883 4817 1065 4864 monte
1093 4807 1386 4880 Canigonis
1407 4816 1462 4864 ct
1485 4808 1762 4866 descendit
1801 4826 1901 4883 per
1938 4810 2100 4869 Serra

600 4966 747 5038 (259)
773 4964 1049 5038 Suspecta:
1076 4964 1206 5018 mihi
1237 4961 1358 5038 ﬁdei
1383 4977 1595 5038 semper
1615 4962 1732 5038 visa
1759 4974 1844 5021 est
1867 4982 2104 5036 praesens

527 5032 672 5093 bulla
719 5032 992 5106 potttit'icia
1020 5075 1049 5106 ,_
1091 5032 1392 5106 pnesertim
1446 5032 1657 5106 ratione
1704 5032 1926 5105 famur;
1971 5054 2102 5095 sane

530 5103 763 5161 euivisi'n
782 5105 938 5173 hujus
956 5103 1051 5157 aevi
1069 5104 1426 5173 monumentis
1452 5104 1662 5158 modice
1691 5103 1921 5172 versato,
1948 5107 2103 5163 facile

531 5183 753 5245 apparet
793 5172 911 5227 eam
943 5173 1083 5228 illius
1110 5172 1313 5245 ετιειειιιὶ⁸
1344 5174 1540 5245 stylutu
1570 5181 1626 5227 et
1658 5189 1813 5245 usum
1845 5174 2101 5232 Romana:

531 5240 700 5299 curiae
743 5257 934 5310 parum
1009 5256 1220 5309 sapere.
1279 5240 1431 5306 Quod
1487 5251 1666 5296 autem
1711 5244 1778 5297 ad
1825 5248 2098 5300 materiam

536 5314 721 5354 attinnt
782 5311 1084 5354 nullnlantts
1111 5327 1173 5354 nn
1227 5310 1292 5354 ml
1326 5310 1720 5354 immnnilntnm
1769 5314 2101 5356 ρρριρςίειαιί..

2216 3263 2391 3319 gerro,
2423 3256 2479 3303 et
2509 3248 2561 3301 in
2584 3246 2758 3311 Eone,
2805 3245 2936 3301 etin
2968 3242 3334 3313 Porciliarios,
3358 3256 3418 3303 et
3443 3248 3500 3301 in
3534 3248 3726 3311 Evole,
3756 3248 3804 3303 in

2213 3341 2417 3396 Altino.
2443 3341 2513 3397 Et
2540 3340 2595 3396 in
2632 3340 2895 3396 comitatu
2941 3338 3328 3406 Cerdeniense,
3361 3339 3419 3392 in
3469 3338 3609 3393 villa
3639 3341 3802 3396 Salta-

2214 3446 2368 3502 gosa,
2397 3430 2449 3484 in
2483 3429 2681 3495 Onzes,
2724 3429 2778 3483 in
2807 3427 3011 3484 Annes.
3060 3428 3117 3483 lu
3159 3427 3576 3495 Fenioletense,
3604 3430 3659 3484 in
3690 3431 3803 3484 villa

2215 3521 2572 3587 Tavernulas,
2621 3521 2674 3576 in
2732 3519 3075 3585 Sauriniano,
3111 3520 3225 3574 sive
3263 3518 3318 3573 in
3347 3517 3607 3586 Perolas,
3640 3522 3803 3577 Valle-

2213 3628 2407 3684 magna
2430 3628 2555 3668 cum
2579 3627 2675 3668 sua
2707 3611 2957 3675 ecclesia,
2986 3619 3042 3666 et
3062 3611 3113 3664 in
3136 3610 3271 3665 valle
3299 3610 3517 3665 Stavia.
3550 3611 3609 3666 In
3639 3613 3804 3668 comi-

2213 3715 2329 3779 tatu
2356 3706 2670 3779 Bergitano,
2700 3706 2752 3760 in
2789 3706 2907 3776 ipso
2942 3703 3128 3758 villare
3163 3703 3230 3758 de
3272 3702 3535 3770 Giltuari,
3597 3706 3654 3760 in
3696 3706 3802 3776 ipsa

2212 3777 2337 3853 villa
2386 3798 2452 3853 de
2472 3777 2677 3863 Canes,
2728 3804 2783 3851 et
2830 3795 2884 3850 in
2937 3795 3148 3850 caeteris
3193 3794 3330 3850 locis
3377 3796 3700 3866 ubicunque
3725 3812 3803 3851 res

2212 3887 2527 3943 monasterii
2569 3887 2828 3957 rejaceut.
2885 3886 2949 3940 Et
2987 3884 3042 3940 in
3077 3885 3341 3940 comitatu
3367 3884 3802 3951 Rossilionense,

2209 3994 2265 4040 et
2292 3984 2344 4037 in
2375 3981 2511 4038 valle
2537 3979 2879 4045 conﬂuentis,
2905 3988 2960 4033 et
3012 3979 3065 4033 in
3096 3978 3355 4034 comitatu
3407 3977 3800 4041 Cerdaniense,

2211 4085 2265 4130 et
2294 4072 2348 4128 in
2381 4072 2636 4129 comitatu
2664 4069 3071 4135 Femioletense,
3100 4068 3184 4124 vel
3202 4069 3255 4123 itt
3299 4067 3621 4140 Bergitano,
3644 4070 3700 4125 in
3726 4072 3802 4125 bis

2211 4167 2343 4223 locis
2380 4165 2706 4236 supradictis
2727 4171 2782 4218 et
2811 4163 2865 4217 in
2918 4161 3288 4229 comitatibus,
3326 4172 3603 4232 quantum
3630 4164 3799 4234 ipsum

2210 4257 2599 4315 monasterium
2630 4255 2793 4311 habet
2821 4262 2878 4309 et
2931 4254 2986 4309 in
3026 4253 3309 4323 scripturis
3334 4255 3536 4309 vestris
3566 4256 3800 4309 contine

2211 4360 2300 4407 tur
2332 4350 2413 4406 vel
2442 4358 2679 4416 resonat,
2723 4348 2863 4404 etin
2898 4355 3023 4403 ante
3059 4347 3362 4404 auxiliante
3406 4348 3522 4405 Deo
3559 4350 3796 4420 acquisi-

2211 4444 2316 4500 turi
2370 4444 2522 4509 estis,
2568 4456 2692 4497 cum
2741 4440 2939 4496 ﬁnibus
2983 4447 3040 4496 et
3108 4440 3382 4505 terminis,
3431 4442 3799 4512 limitibusque

2135 4502 2187 4563 θ
2214 4535 2380 4591 vestri
2423 4532 2759 4588 monasterii.
2810 4529 2983 4587 Simul
3035 4538 3092 4585 et
3131 4531 3486 4588 concedimus
3532 4534 3687 4590 vobis
3733 4535 3797 4589 de

2215 4629 2408 4684 vestris
2440 4626 2573 4681 locis
2602 4624 2869 4696 primitias
2893 4631 2950 4679 et
2996 4623 3260 4691 decimas,
3296 4638 3354 4681 et
3381 4626 3689 4684 oblationes
3715 4643 3797 4683 re-

2210 4718 2540 4791 colligendas
2567 4716 2635 4771 ad
2663 4715 2776 4787 jam
2807 4715 3011 4771 dictum
3058 4716 3455 4773 monasterium
3478 4735 3604 4775 cum
3624 4718 3797 4775 omni-

2207 4813 2311 4870 bus
2347 4811 2460 4869 suis
2503 4808 2916 4881 pertinentiis...
2950 4817 3154 4864 sanctze
3205 4807 3471 4866 Romana
3522 4811 3790 4876 Ecclesia,

2211 4966 2441 5044 concilio
2475 4966 2821 5044 «optinenti?
2844 4967 2896 5022 in
2930 4965 3172 5044 Treviris
3199 4970 3406 5044 sarculo
3433 4987 3470 5026 ι
3493 5015 3511 5039 ,
3555 4988 3789 5044 prasente

2164 5056 2171 5061 ·
2210 5041 2356 5113 tibus
2380 5036 2575 5113 Ca_rol_o
2604 5036 2846 5113 Francia:
2873 5047 2928 5092 et
2965 5037 3198 5113 llenrico
3228 5036 3789 5113 Germaniie'regibus

2209 5107 2417 5182 habito,
2446 5105 2640 5182 legitur
2664 5124 2678 5159 :
2713 5124 2753 5182 ι⁵
2772 5107 3047 5182 Quatenus
3066 5109 3315 5182 ccclesize
3342 5105 3788 5182 quorumcu'itqae

2208 5178 2598 5253 monachorum
2625 5176 2680 5253 in
2710 5176 2936 5247 singulis
2959 5179 3240 5253 parochiis
3264 5176 3388 5235 siui-
3418 5176 3788 5253 episcoporum

2207 5246 3146 5321 divinitus__subdantnrregimini,
3192 5249 3386 5319 eisque
3432 5246 3681 5321 obsequia
3734 5255 3787 5306 in

2204 5315 2527 5354 nvornnndic
2556 5313 2944 5354 nnnlaeinclina;
2971 5331 3114 5354 num
3134 5313 3371 5354 ὶιοηηιῖἶο
3400 5313 3628 5354 gallina".
3641 5323 3785 5354 a-LL
