3964 5356
185 300 278 364 905

1300 287 1656 354 EPISTOLE
1699 292 1788 352 ΕΤ
1819 290 2234 352 PRIVILEGIA.

3295 293 3426 356 ‘906

183 415 261 473 cui
286 414 391 468 Deo
417 417 638 468 auctore
702 408 1054 476 deservimus,
1096 394 1251 466 vehis
1274 424 1372 481 per
1395 410 1552 482 hujus
1577 409 1746 482 privi-
1771 424 1822 485 Α
1849 425 2036 466 eorum
2069 408 2271 465 cultum
2302 407 2698 486 velxincultum,
2748 423 2850 468 nec
2886 427 2992 469 non
3037 419 3093 470 et
3139 411 3426 484 pertinen-

182 505 299 577 legii
328 503 520 560 seriem
548 511 786 557 vestrum
814 499 1203 556 monasterium
1225 508 1280 554 et
1305 499 1423 556 loca
1449 515 1543 556 seu
1578 500 1753 555 cccle-

180 601 282 657 sias
309 597 503 666 ubique
532 596 886 666 pertinentes,
910 602 964 649 et
992 609 1021 648 a
1047 593 1299 664 praasenti
1325 608 1462 648 nona
1501 593 1752 648 indictio-

183 707 246 748 ne
284 689 335 745 in
382 698 701 760 perpetuum
743 687 837 743 tibi
877 687 1090 757 tuisque
1137 686 1544 742 successoribus
1579 685 1751 742 servis

181 785 270 840 Dei
302 780 430 836 inibi
463 779 924 836 commorantibus
946 778 1323 834 cmuobiticam
1345 779 1512 833 vitam
1551 777 1751 833 ducen-

181 874 315 929 tibus
350 870 653 927 stabilimus
679 869 772 924 Dei
793 885 914 924 cum
947 869 1139 924 timore
1163 871 1476 940 regendum,
1508 869 1752 924 delinen-

179 967 319 1032 dtun,
349 973 404 1020 et
425 979 614 1020 secure
643 971 806 1034 atque
830 964 1013 1034 quiete
1039 965 1138 1018 sub
1166 977 1354 1018 norma
1379 971 1432 1016 et
1456 961 1748 1033 apostolica

182 1059 395 1113 tuitione
443 1057 909 1128 permanendum;
961 1057 1054 1111 sed
1108 1057 1206 1111 sub
1257 1055 1454 1112 nullius
1499 1055 1636 1112 alius
1661 1071 1753 1110 cu-

172 1149 418 1221 jusquam
448 1149 732 1220 potestatis
757 1148 1088 1216 subjicimus.
1139 1149 1268 1204 Item
1302 1148 1600 1221 apostolica
1650 1164 1750 1203 au-

178 1243 420 1297 ctoritate
435 1241 690 1312 jubemus
717 1240 913 1296 Christi
938 1239 1182 1296 ﬁdelibus
1209 1240 1437 1312 benigne
1457 1242 1749 1297 secundum

178 1332 336 1388 Dcunt
366 1331 598 1403 hospitio
637 1331 976 1400 recipiendis.
1022 1331 1090 1386 Et
1140 1338 1196 1384 tu
1229 1346 1350 1386 cum
1394 1332 1462 1387 ab
1492 1330 1592 1386 hac
1633 1331 1752 1386 luce

178 1425 337 1480 fueris
359 1425 691 1491 subtractus,
720 1439 749 1479 a
775 1423 916 1478 nulla
946 1438 1173 1493 persona
1212 1424 1282 1478 ibi
1307 1424 1538 1494 eligatur
1563 1422 1751 1488 abbas,

176 1514 273 1571 nisi
309 1515 371 1570 de
399 1513 515 1586 ipsa
543 1513 992 1585 congregatione;
1017 1512 1247 1584 eligatur
1268 1512 1434 1567 abbas
1452 1513 1752 1567 secundum

175 1606 337 1662 Deum
371 1623 404 1662 a
430 1606 685 1679 praedicta
716 1607 1149 1679 congregatione.
1192 1605 1538 1676 Pmcipimus
1569 1614 1750 1660 autem

177 1699 465 1770 apostolica
535 1700 888 1766 auctoritate,
937 1709 996 1754 ut
1046 1699 1189 1754 nulla
1237 1714 1432 1770 magna
1480 1711 1754 1768 parvaque

1854 503 1986 557 tiam
2015 500 2254 572 ejusdem
2281 493 2564 574 episcopii,
2591 503 2798 560 scilicet
2820 504 3204 563 Cerdaniensis
3229 521 3425 578 pagus,

1856 590 2221 660 Libianensis,
2257 591 2679 663 Bergitanensis,
2724 594 3054 653 Paliarensis
3083 611 3318 669 quoque,
3343 605 3427 652 at-

1853 699 1958 754 que
1988 682 2434 751 Ribacurcensis,
2463 683 2839 755 Jestabieusis,
2869 697 3032 760 atque
3057 687 3429 757 Cardosensis,

1851 774 2175 830 Anabiensis
2236 791 2302 831 ac
2355 775 2696 844 'I'irbiensis,
2753 787 2808 834 et
2873 778 3005 834 locis
3050 787 3250 834 sanctae
3289 777 3429 834 Deo-

1854 868 1992 921 datae
2049 881 2171 920 cum
2215 864 2415 920 ﬁnibus
2470 866 2622 934 suis,
2668 875 2724 922 et
2771 867 2999 924 Fencris
3054 884 3176 924 cum
3236 868 3433 923 ﬁnibus

1852 957 1997 1024 suis,
2047 965 2101 1013 et
2141 955 2441 1012 Submonte
2483 972 2607 1012 cum
2649 957 2846 1014 ﬁnibus
2894 959 3163 1016 suis.....
3217 956 3430 1015 Conﬁr-

1854 1069 2066 1109 mamus
2111 1054 2275 1109 etiam
2311 1064 2368 1110 et
2407 1055 2619 1111 tertiam
2663 1065 2871 1127 partem
2923 1058 3118 1115 telonei
3175 1058 3422 1131 ejusdem

1855 1144 2134 1215 episcopii,
2186 1161 2307 1201 cum
2339 1146 2681 1217 pertinentiis
2711 1148 2961 1215 mercati,
2989 1149 3073 1203 vel
3109 1165 3230 1205 cum
3257 1146 3433 1203 omni-

1853 1237 1955 1294 bus
1985 1240 2052 1293 ad
2083 1239 2259 1309 ipsum
2286 1239 2617 1310 episc0pium
2645 1255 2712 1295 ex
2743 1242 2856 1296 suis
2885 1242 3135 1296 omnibus
3161 1240 3292 1296 locis
3318 1239 3434 1294 ubi-

1855 1345 2067 1402 cunque
2109 1331 2433 1403 generaliter
2462 1341 2517 1387 et
2545 1333 2598 1387 in
2634 1333 2845 1406 integro
2866 1335 3266 1406 pertinentibus
3292 1332 3434 1389 infra

1856 1423 2223 1493 supradictum
2266 1424 2656 1494 episcopatum,
2698 1441 2729 1480 a
2772 1427 3047 1482 territorio
3084 1424 3431 1498 Urgellensis,

1857 1512 2257 1581 Cerdaniensis,
2303 1515 2720 1586 Bergitanensis,
2758 1516 3105 1572 Palliarensis
3135 1525 3297 1588 atque
3337 1513 3433 1569 Ri-

1855 1605 2222 1662 bacurcensis.
2296 1606 2432 1662 Item
2494 1617 2548 1663 et
2607 1610 2991 1666 conﬁrmamus
3054 1609 3150 1665 tibi
3218 1608 3434 1677 tuisque

1860 1701 2264 1755 successoribus
2305 1700 2371 1755 de
2411 1700 2577 1771 ipsius
2609 1702 2904 1772 supradicti
2931 1700 3188 1773 episcopii
3218 1699 3351 1755 locis
3379 1704 3434 1753 et

173 1805 395 1862 persona
431 1788 670 1861 aliquam
701 1790 808 1844 vim
859 1799 955 1845 aut
997 1790 1330 1846 invasionem
1362 1791 1414 1845 in
1439 1789 1750 1860 supradicto
1784 1780 1831 1843 Β
1857 1790 2200 1863 pertinentiis
2245 1789 2514 1862 primitias
2542 1800 2597 1847 et
2619 1792 2876 1848 decimas.
2906 1791 3120 1848 Necnon
3153 1799 3206 1847 et
3235 1791 3432 1846 iterum

176 1883 502 1940 monasterio
545 1884 715 1938 autin
764 1883 877 1939 suis
901 1884 1065 1939 rebus
1090 1900 1325 1956 unquam
1349 1883 1526 1938 facere
1549 1899 1751 1954 prtesu-

177 1983 301 2029 mat.
332 1974 439 2030 Pro
467 1990 574 2046 quo
605 1975 704 2031 sub
725 1975 890 2030 divini
914 1975 1103 2044 judicii
1145 1975 1502 2031 obtestatione
1550 1983 1603 2030 et
1624 1991 1752 2030 ana-

179 2066 424 2123 thematis
454 2067 834 2124 interdictione
882 2068 1283 2138 promulgantes
1331 2067 1670 2123 decernimus
1695 2075 1754 2122 ut

178 2157 302 2212 nulli
335 2173 576 2229 unquam
618 2168 926 2213 nostrorum
976 2171 1354 2212 successorum
1411 2157 1750 2228 pontiﬁcum,

177 2247 253 2302 vel
299 2248 443 2302 nulla
495 2263 688 2320 magna
731 2262 1003 2318 parvaque
1079 2262 1333 2318 persona,
1389 2247 1754 2319 cujuscunque

175 2341 372 2396 ordinis
399 2341 474 2397 sit
507 2338 840 2413 [praesumat]
885 2339 1042 2409 hujus
1067 2342 1236 2396 nostri
1274 2340 1552 2410 apostolici
1583 2339 1753 2410 privi-

175 2432 292 2504 legii
318 2435 705 2488 auctoritatem
756 2431 1026 2503 frangere.
1058 2431 1192 2488 Nam
1245 2433 1390 2504 quod
1417 2447 1523 2488 non
1574 2432 1753 2488 credi-

176 2539 310 2588 mus,
338 2525 430 2596 qui
457 2525 615 2580 aliter
639 2539 798 2596 agere
819 2525 1248 2595 praasumpserit,
1282 2525 1417 2580 sciat
1460 2539 1519 2580 se
1539 2539 1758 2580 excom-

176 2616 506 2672 municatum
533 2619 974 2673 etanatbematis
1003 2619 1233 2674 vinculis
1281 2617 1616 2684 innodatum,
1651 2625 1706 2673 et
1726 2632 1758 2672 a

175 2722 333 2778 regno
365 2709 466 2765 Dei
499 2708 788 2764 alienatum
813 2749 828 2774 ,
857 2719 910 2764 et
937 2712 988 2763 in
1014 2709 1324 2781 voraginem
1357 2718 1758 2778 tartareuntque

175 2800 332 2857 chaos
367 2802 654 2857 demersus
675 2817 797 2858 cum
824 2802 1005 2872 impiis
1032 2801 1264 2856 deﬁciat.
1290 2801 1390 2868 Qui
1420 2815 1551 2855 vero
1573 2809 1758 2855 custos

173 2906 224 2950 et
250 2900 571 2953 observator
632 2897 946 2963 exstiterit,
1004 2896 1232 2968 gratiam
1286 2894 1674 2950 benedictionis
1727 2908 1758 2948 a

174 2984 386 3044 Christo
427 2987 660 3043 Domino
706 2986 818 3043 Deo
867 2995 1054 3042 nostro
1094 2985 1464 3056 multipliciter
1500 2982 1758 3055 consequi

175 3089 466 3135 mereatur.

243 3168 522 3240 Scriptum
569 3182 667 3239 per
713 3181 932 3223 manum
971 3166 1170 3224 Leonis
1219 3167 1416 3223 notarii
1466 3164 1757 3236 regionarii
1786 3150 1830 3215 C

174 3269 227 3314 ct
273 3259 550 3315 scriniarii
613 3268 814 3317 sanctae
864 3259 1123 3316 Romana:
1160 3259 1411 3316 Ecclesiae
1460 3260 1514 3314 in
1573 3273 1760 3316 mense

173 3347 491 3409 Decembrio
571 3365 669 3423 per
738 3352 1086 3409 indictionem
1156 3352 1545 3424 supradictam.
1616 3352 1760 3408 Bene

174 3441 367 3498 valete.

918 3553 1030 3609 XII.

169 3681 400 3724 ACAPETI
443 3679 590 3722 PAPE
629 3679 668 3722 ll
706 3680 960 3722 EPISTOLA
1001 3681 1069 3722 AD
1098 3682 1349 3727 WISADUI
1379 3682 1756 3727 UBGEILENSEI

821 3753 1131 3795 EPISCOPUM.

794 3851 974 3921 (Anno
1000 3852 1150 3924 951.)

348 3943 610 4000 Ecclesia:
648 3940 965 4014 Urgellensis
989 3943 1256 4015 privilegia
1286 3945 1585 4014 conﬁrmat.

383 4057 565 4132 [Apud
594 4059 658 4114 D.
691 4058 939 4129 Bouquet
967 4059 1054 4114 ubi
1084 4076 1267 4131 supra,
1293 4076 1348 4131 p.
1379 4060 1534 4134 230.]

144 4223 150 4230 ,
238 4171 555 4238 Acus-rus,
579 4187 766 4226 servus
787 4187 1064 4226 servorum
1089 4172 1204 4239 Dei,
1228 4175 1678 4231 reverendissimo
1703 4182 1758 4231 et

169 4264 525 4319 sanctissimo
588 4262 815 4319 WISADO
869 4275 1068 4320 sanctae
1128 4263 1457 4336 Urgellensis
1503 4267 1755 4323 Ecclesiae

168 4357 453 4426 episcopo,
491 4356 705 4426 tuisque
735 4358 1137 4412 successoribus
1160 4358 1211 4411 in
1239 4369 1572 4428 perpetuum.

239 4448 514 4504 Convertit
574 4449 872 4518 apostolico
926 4449 1280 4504 moderamini
1339 4451 1426 4522 pia
1489 4453 1747 4524 religione

1855 1884 2162 1939 Stabilimus
2197 1893 2257 1937 ut
2286 1881 2430 1938 nulla
2471 1883 2723 1952 quaelibet
2754 1899 2983 1955 persona
3020 1883 3233 1940 clericis
3263 1879 3434 1937 vestri

1853 1974 2112 2045 episc0pii
2143 1974 2562 2030 consistentibus
2590 1973 2788 2044 injuste
2818 1975 2883 2030 ad
2909 1975 3297 2030 districtionem
3333 1979 3432 2028 aut

1853 2066 1922 2120 ad
1961 2064 2213 2134 injustam
2261 2065 2430 2136 legem
2475 2066 2758 2134 deportare
2793 2081 2915 2121 cum
2966 2064 3138 2120 laicali
3191 2077 3427 2135 persona

1853 2164 2169 2228 prtesumat.
2212 2154 2347 2210 Nam
2398 2156 2523 2226 quia
2565 2158 2930 2226 supradictum
2957 2155 3285 2228 episcopium
3313 2169 3437 2211 cum

1855 2247 2105 2303 omnibus
2139 2247 2304 2301 rebus
2334 2245 2639 2316 ubicunque
2660 2246 2762 2301 sibi
2787 2246 3184 2318 pertinentibus
3210 2261 3240 2299 a
3265 2243 3436 2300 Fran-

1856 2359 2044 2400 corum
2094 2344 2310 2414 regibus
2354 2357 2450 2414 per
2497 2344 2751 2413 prarcepti
2794 2344 3045 2416 paginam
3078 2343 3349 2398 ﬁrmatum
3379 2349 3436 2398 et

1857 2435 2142 2491 solidatum
2173 2445 2256 2490 est
2284 2435 2448 2505 regali
2476 2435 2818 2501 auctoritate,
2864 2436 2937 2490 ita
2981 2444 3036 2490 et
3075 2442 3260 2490 nostra
3304 2448 3437 2504 apo-

1858 2525 2050 2581 stolica
2096 2526 2422 2580 auctoritate
2453 2524 2752 2588 ﬁrmamus,
2788 2533 2847 2578 ut
2879 2525 3072 2580 amodo
3102 2534 3158 2580 et
3193 2525 3246 2579 in
3278 2532 3439 2579 antea

1859 2615 2119 2686 quidquid
2147 2631 2242 2670 vos
2278 2615 2550 2685 vestrique
2591 2629 2934 2672 successores
2979 2614 3225 2686 legaliter
3252 2612 3442 2684 acqui-

1859 2709 2017 2762 situri
2063 2707 2276 2762 fueritis
2306 2707 2502 2762 futuris
2533 2708 2886 2778 temporibus,
2923 2722 2989 2762 ex
3015 2707 3264 2778 prmsenti
3297 2721 3441 2761 anno

1858 2797 2250 2856 Incarnationis
2296 2797 2510 2853 Domini
2559 2799 2731 2853 nostri
2778 2798 2905 2853 Jesu
2949 2797 3150 2854 Christi
3181 2798 3306 2864 991,
3348 2799 3442 2853 de-

1861 2891 1999 2946 cima
2026 2891 2340 2955 indictione,
2395 2890 2634 2945 inclinati
2681 2891 2934 2961 precibus
2974 2891 3193 2957 vestris,
3230 2906 3326 2960 per
3353 2905 3442 2945 ve-

1861 2993 1972 3037 stra
2023 2983 2224 3054 regalia
2269 2994 2536 3054 praecepta
2569 2992 2623 3038 et
2654 2983 2814 3053 hujus
2855 2982 3118 3053 privilegii
3162 2984 3355 3038 seriem
3386 2982 3443 3037 itt

1859 3084 2178 3146 perpetuum
2209 3075 2360 3131 vobis
2397 3075 2698 3144 vestrisque
2729 3073 3132 3130 successoribus
3158 3075 3446 3128 conﬁrma-

1863 3183 1984 3223 mus
2003 3176 2058 3223 et
2081 3167 2386 3224 stabilimus
2407 3167 2779 3232 detinendum,
2813 3166 3217 3237 possidendum,
3245 3173 3445 3221 etcum

1862 3257 1958 3315 Dei
1997 3261 2189 3316 timore
2224 3259 2644 3330 dispensandum
2677 3267 2840 3330 atque
2871 3258 3201 3331 regendum;
3238 3264 3298 3312 ut
3327 3261 3447 3312 nul-

1861 3351 1946 3408 lus
1974 3366 2090 3417 rex,
2142 3351 2425 3421 nullusque
2475 3351 2746 3422 princeps,
2795 3352 2973 3406 nullus
3014 3365 3219 3417 comes,
3258 3349 3446 3406 nullus

1861 3444 2127 3509 marchio,
2167 3443 2345 3498 nullus
2368 3442 2556 3512 judex,
2593 3459 2768 3514 neque
2808 3444 2914 3498 ulla
2946 3459 3110 3514 parva
3141 3457 3448 3515 magnaque

1859 3547 2093 3605 persona
2131 3532 2364 3602 aliquam
2402 3533 2509 3587 vim
2537 3540 2632 3587 aut
2661 3533 2990 3588 invasionem
3019 3530 3074 3586 in
3101 3533 3288 3588 eodem
3324 3532 3444 3600 epi-

1861 3624 2067 3694 sc0pio,
2127 3638 2304 3693 neque
2344 3622 2398 3677 in
2439 3624 2554 3678 suis
2597 3623 2938 3692 pertinentiis
2987 3639 3222 3694 unquam
3266 3622 3446 3678 facere

1857 3723 2168 3790 praesumat.
2217 3713 2322 3769 Pro
2366 3729 2473 3784 quo
2503 3716 2603 3770 sub
2631 3714 2796 3769 divini
2835 3711 3027 3783 judicii
3078 3714 3442 3770 obtestatione

1857 3807 2290 3866 etanatbematis
2321 3805 2610 3862 interdicto
2636 3807 3061 3878 promulgantes,
3091 3805 3437 3864 decernimus

1858 3910 1921 3957 ut
1965 3900 2142 3956 nullus
2177 3907 2483 3954 nostrorum
2513 3913 2886 3953 successorum
2915 3898 3229 3968 pontiﬁcum
3257 3895 3433 3966 neque

1856 3993 1966 4048 ulla
1998 4007 2193 4062 magna
2231 4005 2506 4060 parvaque
2545 4004 2778 4060 persona
2811 3990 3005 4044 audeat
3034 4004 3206 4059 neque
3237 4003 3441 4058 pransu-

1858 4094 1971 4141 mat
2000 4095 2188 4141 contra
2216 4084 2319 4139 hoc
2345 4096 2588 4138 nosuum
2622 4080 2973 4151 apostolicum
3011 4079 3348 4151 privilegium
3382 4079 3436 4133 in

1860 4179 2127 4248 aliquibus
2171 4192 2331 4248 agerc
2373 4176 2588 4244 injuste,
2615 4187 2789 4244 neque
2841 4170 3093 4243 frangere
3143 4179 3338 4226 tentet.
3376 4170 3438 4226 Si

1858 4271 1980 4342 quis
2003 4279 2202 4335 autem,
2236 4267 2379 4338 quod
2409 4281 2514 4320 non
2544 4263 2835 4329 credimus,
2875 4262 2930 4317 in
2968 4261 3236 4331 aliquibus
3285 4261 3439 4315 fran—

1859 4377 1984 4433 gere
2008 4359 2319 4424 tentaverit,
2345 4357 2483 4413 sciat
2517 4371 2601 4424 se,
2625 4355 2728 4411 nisi
2753 4355 3058 4426 resipuerit,
3106 4355 3433 4410 auctoritate

1860 4454 1955 4510 Dei
1977 4463 2031 4510 et
2051 4452 2224 4509 sancti
2249 4452 2395 4507 Petri
2411 4450 2634 4522 apostoli
2649 4460 2809 4521 atque
2827 4460 3031 4517 nostra,
3053 4449 3146 4520 qui
3167 4447 3284 4518 ejus
3306 4449 3361 4504 l‘u
3371 4464 3434 4503 n-

169 4541 507 4610 pollentibus
552 4541 813 4596 benevola
867 4543 1239 4614 compassione
1287 4559 1642 4613 succurrere,
1700 4514 1831 4602 etD
1865 4548 2043 4619 gimur
2088 4545 2461 4611 vicariatione,
2508 4545 2869 4600 anathematis
2891 4541 3435 4599 vinculisindissolu-

170 4636 518 4706 poscentium
547 4635 744 4690 animis
767 4635 932 4690 alacri
963 4636 1248 4691 devotione
1276 4636 1542 4707 impertiri
1574 4652 1760 4693 assen-

170 4739 315 4780 sum.
348 4725 431 4779 Ex
459 4725 563 4781 hoc
588 4726 735 4782 enim
773 4725 908 4780 lucri
935 4727 1272 4797 potissimum
1306 4728 1587 4798 praemium
1617 4729 1761 4799 apud

173 4818 516 4873 conditorem
563 4819 804 4872 omnium
852 4817 1019 4874 Deum
1059 4819 1248 4891 procul
1282 4820 1446 4876 dubio
1481 4836 1760 4891 promere-

173 4926 317 4978 tnur,
373 4910 594 4981 quando
641 4912 972 4968 venerabilia
1017 4912 1135 4969 loca
1172 4924 1472 4985 opportune
1509 4915 1762 4973 ordinata

175 5001 243 5054 ad
293 5001 579 5056 meliorem
625 5000 829 5056 fuerint
877 5004 993 5058 sine
1038 5003 1201 5061 dubio
1250 5015 1451 5062 statum
1477 5008 1760 5076 perducta.

175 5089 346 5162 Igitur
379 5091 513 5161 quia
543 5091 827 5160 postulasti
859 5107 889 5147 a
916 5095 1072 5149 nobis
1097 5105 1364 5166 quatenus
1393 5099 1761 5168 supradictum

177 5185 548 5254 episcopatum
573 5182 909 5256 Urgellensis
939 5186 1197 5246 Ecclesiae
1223 5205 1345 5246 cum
1376 5190 1626 5246 omnibus
1649 5193 1764 5250 suis

177 5275 422 5314 mdiﬁniie
498 5290 589 5314 non
629 5285 677 5314 nl
731 5273 870 5314 νίΙΙία
941 5277 1184 5314 οηιιιηοὶἶο
1257 5279 1526 5314 λαυηηιιῖἶα
1598 5286 1738 5314 ιιι-οξ.-

1867 4639 2050 4696 biliter
2091 4639 2481 4704 innodandum,
2507 4645 2564 4692 et
2589 4653 2618 4692 a
2650 4652 2816 4708 regno
2858 4637 2951 4692 Dei
2993 4633 3357 4699 alienandum,
3391 4639 3449 4689 et

1869 4745 1991 4787 cum
2021 4729 2236 4786 diabolo
2263 4737 2318 4784 et
2345 4728 2464 4800 ejus
2496 4729 2853 4786 atrocissimis
2881 4725 3092 4798 pompis
3121 4732 3288 4796 atque
3320 4738 3444 4780 cum

1869 4819 2005 4879 Juda
2033 4821 2292 4878 traditore
2321 4821 2536 4878 Domini
2587 4821 2758 4877 nostri
2802 4819 2928 4876 Jesu
2959 4815 3160 4873 Christi
3204 4816 3454 4873 incendio

1871 4916 2364 4983 concremandum;
2419 4923 2475 4969 et
2515 4914 2570 4969 in
2614 4914 2870 4984 voragine
2909 4917 3260 4976 tartareoque
3292 4909 3457 4964 chaos

1870 5007 2152 5064 demersus
2201 5023 2324 5062 cum
2371 5005 2549 5075 impiis
2605 5006 2838 5062 deﬁciat.
2888 5001 2987 5069 Qui
3028 5011 3159 5052 vero
3189 5008 3385 5058 custos
3411 5001 3468 5048 et

1869 5102 2191 5159 observator
2227 5100 2521 5165 exstiterit,
2561 5097 2957 5157 benedictionis
2989 5090 3248 5165 gratiam
3290 5102 3343 5150 et
3376 5099 3482 5143 cu:-

1870 5195 2023 5252 lestis
2050 5194 2432 5251 retributionis
2457 5208 2486 5247 a
2510 5190 2662 5261 justo
2678 5194 2858 5264 judice
2887 5186 3116 5246 Domino
3139 5182 3286 5246 Deo
3305 5188 3492 5242 nostro

1869 5284 2243 5314 m-u‘l:nl:n=ln—
2272 5294 2638 5314 ΑκαιΑΑηιεΛΙΙιιι
2689 5293 2735 5314 nl
2777 5285 2899 5314 ..ἶσαι
2943 5287 3167 5314 «διον-ην
