3964 5356
1192 304 1328 361 XIII.

476 435 706 487 ΑῦΔΡΕΠ
749 435 791 483 ιι
840 433 1186 478 Ριιγιιεωωι
1232 433 1334 474 P80
1364 423 1721 476 ’κοκλετειιιο
1770 431 1816 473 S.
1874 430 2053 472 ΙΑΜΑΕ

1070 506 1458 549 ιιινιρυιιιειηει.

1096 604 1275 678 (Anno
1297 602 1446 676 951.)

702 717 882 793 [Apud
905 717 972 774 D.
1003 716 1253 790 Bouquet
1281 717 1369 772 ubi
1394 732 1576 787 supra,
1605 731 1659 787 p.
1688 714 1841 785 229.,

539 859 829 916 Autrurus
856 858 1183 931 episcopus,
1231 872 1423 917 servus
1466 869 1743 927 servorum
1794 851 1919 929 Dei,
1947 849 2058 905 An-

469 967 643 1009 NULro
669 951 920 1021 religioso
947 950 1129 1006 abbati
1155 948 1479 1005 venerabilis
1513 946 1828 1005 monasterii
1855 952 2059 1001 sancta:

470 1040 652 1096 Mariae
682 1041 907 1114 virginis
935 1041 1028 1097 Dei
1057 1040 1340 1112 genitricis
1387 1040 1618 1096 domina:
1658 1047 1882 1105 nostrae,
1912 1036 2056 1108 quod

469 1140 555 1187 est
584 1132 745 1187 situm
779 1131 831 1186 in
877 1131 1133 1185 comitatu
1168 1130 1385 1186 Ausona
1407 1172 1422 1197 ,
1452 1131 1505 1186 in
1539 1129 1675 1184 valle
1723 1126 2056 1198 Biopollensi

468 1220 613 1276 inter
639 1220 745 1278 duo
788 1217 1006 1275 ﬂumina
1030 1263 1044 1287 ,
1091 1230 1145 1276 ct
1184 1229 1307 1292 post
1335 1230 1387 1277 te
1434 1221 1490 1276 in
1527 1219 1716 1275 eodem
1763 1217 2056 1274 venerabili

469 1311 801 1366 monasterio
832 1312 938 1367 tuis
966 1312 1371 1367 successoribus
1399 1310 1451 1366 in
1485 1318 1826 1380 perpetuum.

540 1401 806 1457 Convenit
832 1402 1126 1474 apostolico
1153 1402 1505 1459 moderamini
1536 1404 1622 1474 pia
1656 1402 1914 1471 religione
1942 1399 2058 1472 pol-

467 1492 708 1563 lentibus
744 1495 1006 1552 benevola
1048 1497 1426 1568 compassione
1462 1511 1815 1564 succurrere,
1866 1510 1929 1550 ac
1957 1510 2054 1567 pe-

468 1591 696 1647 tentium
721 1592 920 1649 animis
955 1593 1119 1650 alacri
1153 1594 1719 1668 devotioneimpertiri
1750 1610 2052 1651 assensum.

1788 179 2081 239 AGAPETI
2121 172 2322 236 PAPJE
2363 178 2405 234 ll

2081 299 2132 358 A
2160 293 2520 353 anatltematis
2552 290 2839 348 interdicto
2870 287 3275 360 promulgantcs
3315 284 3659 342 decernimus
3681 296 3739 341 ut

3636 167 3739 227 908

2158 406 2259 445 nec
2290 403 2484 460 magna
2537 398 2815 459 parvaque
2841 396 3070 454 persona
3101 380 3300 435 audeat
3328 395 3511 450 neque
3544 395 3734 450 pra-su-

2157 490 2271 538 mat
2305 490 2493 538 contra
2534 480 2637 536 hoc
2661 485 2903 534 nostrum
2932 473 3288 546 apostolicum
3310 470 3658 545 privilegium
3682 471 3736 526 in

2157 575 2427 646 aliquibus
2470 586 2631 647 agere
2674 571 2911 643 injuste,
2952 581 3126 649 neque
3170 564 3425 637 frangere
3458 571 3651 619 tentet.
3683 563 3736 618 Si

2158 666 2281 739 quis
2304 676 2502 731 autem,
2529 664 2671 735 quod
2707 678 2812 718 non
2863 660 3157 722 credimus,
3190 656 3243 711 in
3294 653 3574 726 aliquibus
3600 651 3740 709 fran-

2157 777 2285 833 gere
2313 760 2631 825 tentaverit,
2678 758 2815 815 sciat
2845 772 2921 819 se,
2954 754 3056 810 nisi
3090 750 3402 837 resipuerit,
3426 748 3741 806 auctoritate

2158 852 2253 909 Dei
2283 851 2699 925 omnipotentis,
2727 859 2781 905 et
2805 848 2975 905 sancti
3005 846 3150 902 Petri
3193 843 3567 917 apostolorum
3598 841 3738 912 priu-

2159 946 2314 1017 cipis,
2346 955 2508 1015 atque
2536 952 2742 1009 nostra,
2776 941 2865 1012 qui
2912 939 3028 1009 ejus
3062 938 3339 1007 fungimur
3367 933 3739 999 vicariatioue,

2159 1035 2521 1092 auathematis
2562 1033 2792 1089 vinculis
2841 1028 3289 1087 iudissolubiliter
3328 1042 3455 1084 esse
3486 1023 3744 1080 inundau-

2159 1128 2308 1195 dum,
2343 1136 2397 1184 et
2428 1142 2457 1182 a
2486 1142 2652 1200 regno
2680 1125 2776 1197 Dei
2808 1123 3170 1187 alienandum,
3201 1133 3258 1176 et
3293 1136 3420 1177 cum
3463 1115 3679 1174 diabolo
3695 1124 3745 1171 et

2160 1219 2277 1291 ejus
2304 1220 2659 1276 atrocissimis
2686 1218 2897 1290 pompis
2931 1225 3096 1286 atque
3135 1230 3262 1272 eum
3304 1211 3446 1269 Juda
3490 1209 3745 1267 traditore

2159 1313 2372 1370 Domini
2397 1312 2569 1369 nostri
2603 1311 2729 1369 Iesu
2759 1310 2958 1366 Christi
2989 1317 3194 1366 aeterno
3226 1305 3486 1363 incendio
3523 1317 3747 1360 concre-

2159 1406 2456 1474 mandum,
2510 1415 2565 1461 et
2631 1405 2685 1460 in
2735 1403 3052 1475 voraginem
3108 1408 3529 1468 tartareumque
3593 1394 3749 1451 chaos

2158 1516 2372 1559 mersus
2396 1517 2519 1561 cum
2551 1500 2733 1573 impiis
2775 1499 3010 1556 deficiat.
3045 1497 3148 1566 Qui
3186 1510 3319 1552 vero
3347 1504 3539 1552 custos
3574 1501 3635 1549 et
3662 1494 3749 1547 ob-

2159 1605 2407 1655 servator
2433 1594 2725 1662 exstiterit,
2748 1591 3144 1650 benedictionis
3168 1590 3403 1664 gratiam
3427 1597 3488 1646 et
3516 1586 3750 1645 celestis

465 1678 549 1737 Ex
576 1680 680 1738 buc
704 1681 847 1738 enim
874 1684 1212 1754 potissimum
1256 1667 1541 1757 praemium
1568 1702 1598 1742 a
1629 1685 1908 1743 conditore
1932 1700 2052 1741 om-
2080 1667 2131 1732 Β
2161 1688 2536 1744 retributionis
2591 1704 2621 1743 a
2663 1688 2810 1759 justo
2858 1684 3041 1756 judice
3087 1684 3319 1743 Domino
3371 1690 3569 1739 nostro
3629 1678 3750 1737 Iesu

465 1775 617 1831 nium
664 1776 773 1833 Deo
812 1777 999 1849 procul
1023 1779 1186 1835 dubio
1214 1795 1623 1850 promeremur,
1649 1780 1864 1852 quando
1896 1793 2058 1836 vene-

464 1864 658 1921 rabilia
690 1866 808 1923 loca
830 1880 1133 1939 opportune
1166 1872 1415 1926 ordinata
1444 1872 1510 1926 ad
1541 1871 1821 1928 meliorem
1851 1869 2056 1926 fuerint

466 1956 586 2013 sine
615 1957 777 2016 dubio
824 1969 1027 2016 statum
1058 1962 1341 2032 perducta.
1374 1962 1545 2032 Igitur
1588 1963 1716 2034 quia
1745 1961 2058 2033 postulastis

468 2064 499 2103 a
546 2049 704 2106 nobis
760 2059 1027 2122 quatenus
1076 2053 1445 2124 supradictum
1494 2054 1887 2109 monasterium
1933 2066 2055 2106 cum

466 2138 720 2207 omnibus
756 2142 868 2196 suis
911 2140 1077 2210 locis,
1123 2143 1378 2199 videlicet
1426 2143 1705 2209 ecclesiis,
1745 2142 2056 2215 parochiis,

464 2228 630 2297 villis,
662 2229 864 2298 fundis,
898 2233 1059 2302 casis,
1084 2234 1375 2303 casalibus,
1400 2235 1579 2303 terris,
1607 2234 1799 2303 vineis,
1829 2235 2054 2307 campis,

462 2320 658 2397 pratis,
691 2323 911 2394 pascuis
932 2367 946 2393 ,
985 2324 1137 2382 silvis
1159 2366 1174 2393 ,
1206 2327 1467 2398 garricis,
1504 2328 1677 2395 arcis,
1709 2327 2017 2384 torculariis
2038 2371 2053 2397 ,

463 2427 730 2485 aquarum
756 2415 857 2472 viis
880 2458 895 2486 ,
922 2418 1279 2486 molendinis,
1319 2435 1440 2475 cum
1485 2421 1599 2476 suis
1640 2420 1963 2491 caputaquis
2000 2428 2058 2474 et

462 2502 579 2561 suis
626 2505 954 2576 piscatoriis,
991 2507 1197 2564 cultum
1227 2518 1282 2566 et
1326 2510 1613 2578 incultum,
1657 2511 1770 2566 sive
1815 2512 1979 2566 etiam
2003 2518 2058 2567 ct

464 2596 521 2654 in
551 2596 708 2666 locis,
756 2609 811 2656 et
845 2610 1109 2672 quantum
1155 2603 1210 2659 in
1259 2604 1490 2661 circuitu
1534 2605 1704 2677 ipsius
1743 2604 2056 2662 monasterii

464 2688 672 2747 habere
703 2691 1064 2762 dignoscitur,
1095 2696 1549 2754 conﬁrmaremus
1586 2699 1763 2767 vobis,
1796 2708 1904 2755 etc.
1934 2698 2059 2754 Sta-

463 2781 670 2857 tuimus
697 2794 877 2841 autem
911 2794 1003 2857 ut,
1054 2789 1272 2859 quando
1312 2791 1483 2847 abbas
1528 2791 1697 2863 ipsius
1726 2792 1957 2849 coenobii
1992 2793 2057 2849 de

463 2872 571 2953 Itoc
617 2876 815 2932 saeculo
850 2879 1195 2952 migraverit,
1240 2898 1416 2953 neque
1450 2899 1481 2938 a
1523 2884 1777 2956 regibus,
1824 2899 1999 2955 neque
2024 2889 2090 2940 a'

463 2965 774 3035 comitibus,
827 2985 1003 3040 neque
1032 2987 1062 3028 a
1088 2972 1451 3045 qualicunque
1480 2991 1717 3047 persona
1760 2991 1858 3047 pro
1901 2976 2053 3047 cupi-

2160 1777 2378 1834 Cltristo
2428 1777 2797 1849 multipliciter
2836 1783 3231 1847 consequatur,
3261 1782 3320 1831 et
3364 1772 3495 1829 vitae
3538 1778 3752 1827 aeterna:

2157 1870 2426 1941 particeps
2452 1885 2573 1927 esse
2602 1879 2893 1927 mereatur.

2230 1962 2505 2035 Scriptum
2536 1978 2632 2036 per
2669 1978 2889 2019 manum
2935 1960 3193 2033 Stephani
3222 1958 3425 2017 notarii
3463 1953 3755 2032 legionarii

2159 2065 2322 2129 atque
2348 2057 2618 2113 seriniarii
2661 2066 2865 2114 sanctzc
2892 2055 3150 2113 Ecclesiae
3188 2052 3459 2127 Romana:
3484 2050 3540 2106 iu
3573 2062 3756 2106 mense

2160 2149 2522 2220 Decembrio,
2574 2150 2871 2208 indictione
2931 2149 3244 2222 supradicta
3313 2145 3552 2202 decima.
3618 2142 3758 2198 Bene

2158 2243 2355 2301 valete.

2882 2314 3021 2373 XIV.

2288 2440 2516 2484 AGAPE'I‘I
2549 2442 2588 2484 II
2622 2441 2884 2485 EPISIOLA
2917 2442 2987 2483 AD
3021 2438 3314 2483 SENIADIUI
3350 2436 3635 2480 ᾹΒΒΔηί.

2770 2542 2961 2615 (Anno
2992 2539 3089 2597 95I
3105 2539 3145 2612 .)

2267 2653 2580 2711 Monasterii
2638 2654 2938 2711 Crassensis
3005 2654 3278 2727 priuilegia
3340 2652 3659 2724 conﬁrmat.

2385 2747 2562 2821 [Apud
2594 2747 2657 2804 D.
2686 2747 2929 2820 Bouquet
2956 2748 3045 2803 ubi
3072 2763 3267 2821 supra,
3299 2763 3357 2819 p.
3388 2744 3552 2819 231.]

2229 2860 2516 2919 ΛςΑριετυε
2563 2864 2877 2935 episcopus,
2919 2878 3110 2920 servus
3153 2856 3448 2918 servorum
3490 2859 3628 2929 Dei,
3668 2859 3761 2916 Sua

2159 2969 2344 3010 MARIO
2380 2954 2633 3025 religioso
2691 2953 2870 3009 abbati
2906 2952 3232 3010 venerabilis
3267 2949 3608 3008 monasterii
3644 2966 3760 3007 san—

463 3055 649 3113 ditatis
673 3061 913 3129 pecuniae
935 3042 1123 3130 causa,
1151 3081 1327 3137 neque
1348 3042 1447 3137 pro
1470 3042 1833 3141 qualicunque
1858 3042 2060 3125 favoris
2086 3061 2133 3127 C
2164 3054 2282 3141 θίαῖ
2304 3047 2398 3141 “9i
2436 3047 2716 3141 geni'ric‘is
2752 3046 2933 3141 Maria:
2957 3046 3244 3141 ’“dominm
3284 3056 3497 3103 "05mg
3524 3087 3541 3113 ’
3581 3042 3756 3141 [βιῳ

462 3148 644 3208 inanis
670 3153 864 3225 gloria,
908 3156 1106 3212 ibidem
1138 3158 1307 3215 abbas
1352 3160 1424 3216 sit
1472 3163 1834 3229 constitutus;
1890 3163 1986 3219 sed
2024 3178 2056 3219 a

465 3244 676 3302 cunctis
721 3247 893 3304 servis
925 3248 1021 3305 Dei
1057 3250 1299 3323 ejusdem
1347 3255 1642 3325 supradicti
1696 3256 1929 3312 cmuobii
1967 3271 2057 3312 se-

465 3338 700 3394 cundum
741 3340 910 3397 Deum
946 3352 1001 3398 et
1032 3345 1326 3401 secundum
1359 3347 1532 3403 sancti
1577 3347 1849 3404 Benedicti
1881 3347 2057 3407 Patris

463 3430 702 3503 regulam
732 3433 893 3506 digna
919 3450 1148 3507 persona
1177 3437 1407 3510 eligatur
1433 3439 1667 3495 abbatis.
1700 3440 1873 3496 Situm
1899 3457 2054 3497 nam-

463 3537 571 3595 que
603 3533 688 3582 est
731 3529 1101 3597 supradiclum
1146 3532 1452 3588 coenobium
1510 3533 1770 3588 territorii
1819 3532 2056 3590 Ausonis

462 3614 518 3678 in
564 3617 701 3674 valle
747 3618 1078 3691 Riopnllensi
1115 3623 1258 3680 inter
1286 3625 1392 3679 duo
1436 3624 1676 3681 ﬂumina.
1717 3626 1851 3683 Item
1890 3627 2055 3683 etiam

462 3708 842 3787 constituimus
869 3712 967 3768 tibi
1000 3714 1213 3786 tuisque
1239 3715 1645 3771 successoribus
1667 3715 1732 3771 de
1756 3715 2052 3787 supradicti

464 3798 700 3854 εαξηοῦἰὶ
736 3782 871 3857 lueis
914 3809 970 3857 et
1018 3782 1362 3874 pertinentiis
1392 3804 1659 3875 primitias
1686 3813 1741 3861 et
1788 3782 2049 3862 decimas.

462 3886 685 3945 Necnon
714 3900 770 3946 et
818 3891 1011 3949 iterum
1059 3895 1361 3953 stabilimus
1393 3905 1451 3951 ut
1479 3896 1622 3951 nulla
1649 3896 1903 3967 qumlibet
1932 3913 2054 3969 per-

462 3995 596 4037 sona
652 3985 935 4042 monachis
987 3988 1339 4059 suprascripti
1384 3990 1551 4044 vestri
1596 3990 1830 4046 coenobii
1874 3990 2054 4045 consi-

463 4076 733 4134 stentibus
761 4079 961 4151 injuste
1010 4081 1212 4137 inferre
1256 4082 1684 4152 districtionem,
1732 4090 1825 4138 aut
1872 4084 1939 4138 ad
1966 4083 2052 4138 in-

456 4164 662 4237 justam
686 4171 867 4244 legem
903 4175 1187 4246 deportare
1217 4190 1337 4231 cum
1368 4176 1545 4232 laicali
1571 4191 1799 4248 persona
1842 4192 2053 4248 praesu-

461 4266 597 4313 mat.
622 4258 758 4315 Nam
781 4264 906 4332 quia
930 4266 1301 4336 supradictum
1334 4269 1720 4324 monasterium
1745 4270 2053 4342 ubicunque

404 4390 414 4397 .
460 4364 583 4417 cum
599 4352 712 4409 suis
724 4355 1058 4424 pertinentiis
1070 4374 1099 4413 a
1111 4358 1444 4415 Francorum
1463 4361 1679 4433 regibus
1692 4378 1790 4433 per
1800 4365 2053 4436 praecepti

2160 3136 2284 3212 est]
2335 3137 2498 3193 situm
2546 3139 2600 3193 in
2650 3138 2909 3194 comitatu
2957 3137 3347 3205 Carcassense,
3376 3152 3555 3211 super
3602 3137 3755 3192 ﬂuvio

2161 3231 2450 3299 Urbionis,
2503 3240 2561 3288 et
2608 3242 2731 3305 post
2780 3243 2831 3289 te
2879 3232 2931 3288 in
2975 3233 3164 3289 eodem
3211 3232 3525 3289 venerabili
3573 3248 3754 3290 mona-

2160 3324 2328 3381 sterio
2369 3326 2475 3380 tuis
2510 3329 2918 3385 successoribus
2957 3330 3010 3384 in
3047 3338 3398 3400 perpetuum.

2229 3416 2493 3473 Convenit
2520 3420 2819 3489 apostolico
2847 3422 3202 3477 moderamiui
3227 3423 3317 3493 pia
3344 3422 3618 3495 religione
3644 3420 3756 3493 pol-

2159 3508 2393 3564 lentibus
2414 3509 2675 3565 benevola
2699 3512 3071 3582 compassioue
3091 3527 3450 3579 succurrere,
3466 3522 3760 3585 etposceu-

2161 3601 2293 3657 tium
2336 3603 2534 3659 animis
2571 3617 2695 3660 cum
2735 3603 2902 3659 alacri
2941 3604 3225 3661 devotione
3256 3604 3541 3676 impertiri
3570 3619 3754 3661 asseu-

2158 3708 2298 3749 sum.
2349 3692 2425 3748 Ex
2470 3693 2574 3749 hoc
2613 3694 2758 3749 enim
2795 3694 2933 3750 lucri
2974 3696 3321 3766 potissimum
3361 3696 3692 3768 pnemium,
3722 3710 3751 3748 a

2158 3786 2439 3842 conditore
2472 3788 2750 3854 omnium,
2781 3787 2892 3844 Deo
2928 3788 3114 3859 procul
3145 3788 3314 3845 dubio
3355 3805 3753 3862 promeremur,

2158 3879 2375 3951 quando
2405 3879 2737 3935 venerabilia
2777 3882 2895 3936 loca
2925 3888 3227 3952 opportune
3256 3882 3516 3937 ordinata
3544 3882 3613 3938 ad
3643 3895 3751 3937 me-

2158 3971 2349 4028 liorem
2387 3970 2591 4029 fuerint
2629 3974 2748 4031 sine
2780 3972 2944 4031 dubio
2981 3983 3182 4029 statum
3222 3976 3521 4046 perducta.
3570 3976 3749 4049 Igitur,

2158 4068 2281 4137 quia
2309 4081 2403 4137 per
2426 4075 2666 4122 vestrum
2696 4066 2952 4138 legatum,
2978 4066 3234 4124 videlicet
3257 4069 3556 4125 Arnull’um
3586 4068 3753 4126 humi-

2157 4162 2261 4218 lem
2288 4161 2537 4218 abbatem
2560 4161 3049 4235 (Rivipullensem)
3073 4162 3361 4233 postulasti
3384 4179 3419 4218 a
3445 4165 3604 4220 nobis
3625 4179 3751 4236 qua—

2158 4266 2317 4313 tenus
2370 4257 2758 4313 monasterium
2814 4257 3180 4328 supradictum
3250 4260 3748 4329 contirmaremus;

2160 4364 2283 4407 cum
2312 4349 2562 4405 omnibus
2588 4348 2701 4406 suis
2730 4350 2895 4419 locis,
2930 4349 3185 4408 videlicet
3211 4352 3502 4411 ecclesiis.
3522 4394 3540 4409 .
3561 4394 3576 4408 .
3600 4354 3748 4410 villa-

457 4444 714 4516 paginam
747 4444 1019 4503 ﬁrmatum
1051 4461 1106 4505 et
1140 4451 1428 4508 solidatum
1463 4462 1548 4509 est
1589 4455 1758 4525 regali
1807 4458 2044 4512 auctori-

2163 4441 2292 4511 bus,
2324 4443 2498 4511 casis,
2533 4442 2726 4513 terris,
2759 4443 2966 4510 vineis,
2998 4445 3229 4516 campis,
3262 4447 3473 4517 pratis,
3502 4448 3737 4518 pascuis,

463 4544 597 4605 tate,
636 4546 695 4592 ut
724 4539 973 4610 superius
1021 4541 1280 4599 insertum
1328 4553 1443 4612 est,
1489 4547 1684 4602 amodo
1732 4555 1789 4603 et
1830 4548 2046 4606 inantea

460 4628 723 4699 quidquid
755 4645 851 4686 vos
892 4632 1166 4703 vestrique
1206 4650 1547 4692 successores
1578 4636 1826 4708 legaliter
1862 4640 2049 4710 aequi.-

459 4720 550 4775 siti
584 4719 793 4795 fueritis
836 4721 1037 4779 futuris
1087 4727 1441 4797 temporibus,
1487 4744 1516 4783 a
1546 4731 1797 4799 praesenti
1839 4731 2048 4789 decima

460 4811 757 4872 indictione
784 4855 799 4882 ,
846 4815 1085 4872 inclinati
1122 4819 1377 4889 precibus
1401 4821 1620 4889 vestris,
1652 4832 1707 4878 et
1730 4839 1827 4894 per
1860 4839 2052 4893 supra-

459 4904 662 4976 scripta
695 4906 896 4978 regalia
934 4917 1226 4980 pra-cepta,
1254 4918 1309 4965 et
1342 4910 1502 4982 bujns
1530 4912 1799 4986 privilegii
1829 4914 2047 4982 seriem,

460 5003 525 5048 ut
570 4998 820 5067 superius
857 4999 1081 5056 missum
1129 5010 1256 5069 est,
1304 5001 1358 5056 in
1402 5014 1719 5076 perpetuum
1764 5007 1921 5063 vobis
1959 5023 2051 5065 ve-

467 5086 705 5158 strisque
756 5092 1166 5149 successoribus
1198 5092 1584 5169 conﬁrmamus
1636 5106 1692 5153 et
1743 5098 2051 5156 stabilimus

465 5175 812 5235 detinendum
830 5191 885 5237 et
904 5186 1099 5241 amodo
1115 5186 1529 5258 dispensandum
1552 5196 1712 5258 atque
1734 5190 2047 5261 regendum,

465 5274 530 5321 ut
549 5269 726 5326 nullus
747 5288 868 5339 rex,
901 5276 1078 5333 nullus
1103 5279 1384 5350 princeps,
1428 5279 1607 5334 nullus
1631 5296 1838 5349 comes,
1871 5283 2050 5343 nullus

2155 4536 2327 4603 silvis,
2343 4537 2596 4608 garrieis,
2629 4537 2775 4594 areis
2803 4546 2858 4594 et
2885 4538 3225 4607 torculariis,
3259 4541 3457 4613 aquis,
3486 4556 3745 4613 aquarum

2153 4629 2258 4684 viis
2276 4671 2292 4697 ,
2323 4628 2655 4686 molentlinis
2684 4645 2808 4687 cum
2840 4630 2956 4687 suis
2982 4633 3309 4704 caputaquis
3337 4642 3394 4689 et
3426 4634 3546 4690 suis
3574 4634 3746 4705 pisca-

2157 4720 2314 4789 toriis
2334 4763 2348 4789 ,
2377 4722 2585 4778 cultum
2608 4723 2694 4779 vel
2718 4723 3018 4792 incultum;
3042 4726 3159 4781 sive
3183 4726 3352 4783 etiam
3383 4736 3444 4784 et
3476 4728 3531 4784 in
3560 4729 3646 4784 bis
3672 4727 3743 4781 lo-

2157 4813 2267 4881 cis,
2302 4814 2353 4868 iu
2382 4816 2643 4871 comitatu
2675 4815 3055 4886 Carcassense,
3088 4817 3273 4873 villam
3302 4818 3601 4889 Agrifolio,
3625 4833 3740 4875 cum

2155 4908 2385 4982 ecclesia
2416 4910 2588 4965 sancti
2621 4910 2800 4981 Cyrici
2830 4927 2953 4967 cum
2989 4911 3237 4975 terminis
3270 4921 3328 4969 et
3358 4912 3566 4970 ﬁnibus
3597 4913 3739 4977 suis,

2155 5001 2337 5056 villam
2369 5002 2531 5057 etiam
2569 5001 2887 5060 Verzeliano
2911 5019 3035 5060 cum
3067 5003 3297 5061 ecclesia
3326 5015 3540 5062 sancta:
3571 5004 3741 5060 Mari:

2156 5099 2213 5147 et
2255 5107 2376 5149 cum
2423 5092 2670 5150 terminis
2700 5095 2833 5164 suis,
2865 5104 2921 5153 et
2945 5096 3126 5152 villam
3156 5096 3482 5155 Cucnniano
3508 5114 3635 5155 cum
3658 5112 3743 5154 ec-

2158 5186 2325 5243 clesia
2367 5197 2570 5245 sancta:
2612 5188 2798 5246 Mariae
2836 5200 2894 5247 et
2923 5190 3171 5248 terminis
3208 5191 3358 5260 suis,
3399 5192 3741 5250 medietatem

2158 5278 2355 5346 etiam,
2391 5288 2447 5336 et
2481 5281 2839 5350 quantumtin
2871 5280 2985 5353 jam
3025 5281 3171 5337 dicto
3209 5281 3483 5339 comitatu
3520 5284 3643 5354 ipse
3671 5282 3745 5337 lo-
