3964 5356
134 239 225 301 909

1251 228 1613 290 EPIS'I‘OLIE
1651 228 1740 291 ET
1778 228 2193 290 PRIVILEGIA.

2723 208 2767 231 ,μ
2820 208 2879 218 ιι.
2910 208 2956 233 υιε
3001 211 3055 231 ,τω

3258 231 3362 290 910

130 358 371 428 quantum
404 337 481 404 ibi
520 332 848 411 Simplicius
872 332 1189 401 archilevita
1240 347 1510 404 concessit
1556 361 1680 403 cum
1710 348 1757 412 Α
1788 352 2112 403 auctoritate
2155 352 2211 400 ut
2254 342 2504 417 superius
2546 326 2962 415 insertum-est,
2990 330 3006 402 ζ
3031 332 3364 409 ..incliuati

129 444 231 501 suis
274 438 726 511 consanguineis,
779 438 926 495 sicut
976 437 1030 494 in
1069 454 1256 495 eorum
1294 439 1687 512 scripturarum

128 536 255 595 serie
301 542 550 601 resonat,
577 531 661 588 vel
693 532 746 586 in
776 541 933 588 antea
963 532 1017 587 in
1048 532 1181 603 ipsis
1211 532 1527 603 acquisituri
1555 531 1688 587 estis

126 629 246 687 locis
270 644 284 696 ;
312 636 366 684 et
396 627 449 689 in
476 626 734 683 comitatu
764 624 1007 682 Redense
1027 634 1290 699 quantum
1323 625 1520 681 ibidem
1551 639 1692 696 prae-

126 722 258 778 fatus
285 719 596 789 Simplicius
624 717 940 773 archilevita
969 718 1267 783 concessit,
1299 726 1408 772 tam
1439 717 1494 772 in
1523 730 1686 789 paro-

126 817 252 873 chiis
305 829 467 885 quam
523 821 580 869 et
613 813 667 868 in
707 812 917 868 ceteris
954 811 1124 878 locis,
1166 811 1347 866 villam
1384 811 1549 866 etiam
1584 808 1689 864 Bo-

126 919 459 963 xamauream
510 911 564 960 et
608 902 950 959 Aureliosam
999 918 1122 959 cum
1173 902 1426 958 omnibus
1468 902 1685 971 juribus

125 1000 358 1064 illorum;
394 1007 450 1054 et
485 997 541 1053 in
580 997 841 1053 suburbio
869 996 1371 1068 Petrapertusiense
1408 996 1513 1052 hoc
1545 995 1689 1065 quod

123 1090 257 1148 dedit
290 1088 553 1162 Rogerius
590 1088 643 1145 in
674 1087 989 1149 Cucuniano
1010 1127 1026 1155 ,
1054 1087 1255 1159 Retgas
1281 1088 1334 1142 in
1372 1085 1535 1143 Ollito
1563 1102 1688 1143 cum

123 1181 341 1239 ecclesia
358 1222 374 1248 ,
397 1219 412 1236 .
432 1221 446 1237 .
468 1219 484 1236 .
512 1181 567 1236 in
600 1179 834 1238 Paterno
859 1196 983 1238 cum
1012 1189 1274 1253 quantum
1305 1181 1372 1237 de
1398 1180 1524 1239 villa
1551 1180 1688 1241 Cor-

122 1274 326 1331 neliano
356 1288 530 1344 usque
559 1273 627 1330 ad
650 1272 765 1343 jam
793 1273 995 1329 dictum
1014 1314 1028 1338 ,
1060 1273 1202 1330 sicut
1229 1272 1304 1329 ibi
1335 1271 1525 1328 Holiba
1554 1287 1687 1329 con-

122 1362 312 1430 cessit;
337 1360 534 1418 Villam
556 1362 885 1419 Corneliano
908 1378 1032 1419 cum
1065 1362 1184 1433 Ipsa
1207 1348 1438 1418 ecclesiis
1464 1402 1479 1428 ,
1505 1361 1691 1417 villam

121 1454 342 1529 Stagello
372 1470 497 1512 cum
528 1469 626 1510 sua
655 1454 885 1511 ecclesia
909 1492 925 1508 .
952 1493 968 1510 .
994 1491 1010 1507 .
1038 1452 1404 1527 quarumlibet
1457 1452 1514 1508 in
1563 1450 1690 1507 villa

120 1546 357 1620 Gologias
386 1562 511 1603 cum
538 1545 768 1603 ecclesia
803 1561 898 1602 sua
920 1586 936 1613 ,
962 1546 1198 1607 medium
1230 1545 1540 1603 Vernettum
1565 1558 1692 1600 cum

120 1653 207 1693 sua
235 1634 708 1703 ecclesia,‘villam
738 1624 903 1708 Ripas
930 1635 1083 1693 Altas
1113 1652 1236 1692 cum
1274 1652 1372 1693 sua
1407 1635 1639 1692 ecclesia
1666 1673 1683 1702 ,

1788 438 2038 515 precibus
2079 437 2372 510 supradicti
2401 438 2566 512 legati
2597 440 2761 497 vestri
2790 439 2999 496 Arnulil
3028 439 3239 498 abbatis
3259 483 3275 509 ,
3307 449 3365 498 et
3440 434 3449 439 ’

1786 549 1884 613 per
1925 533 2293 604 suprascripta
2338 533 2537 604 regalia
2567 543 2834 607 przecepta
2864 544 2919 591 et
2946 534 3052 592 alia
3080 534 3363 608 privilegia

1791 663 1806 679 .
1834 661 1849 678 .
1883 662 1897 677 .
1924 623 1978 679 in
2028 632 2352 695 perpetuum
2405 625 2559 701 vobis
2603 627 2906 698 vestrisque
2955 628 3364 684 successoribus

1787 716 2173 797 conﬁrmamus
2198 724 2252 771 et
2282 715 2587 773 stabilimus
2616 717 2966 774 detinendum
2988 760 3002 785 ,
3032 727 3087 774 et
3114 718 3208 774 Dei
3236 732 3364 776 cum

1788 808 1985 875 timore
2014 816 2069 865 et
2101 823 2131 863 a
2159 809 2319 864 modo
2359 809 2784 881 dispensandum
2830 822 2991 883 atque
3031 815 3361 886 regendum,

1786 907 1847 979 ut
1874 899 2052 955 nullus
2075 915 2201 964 rex,
2234 899 2413 957 nullus
2438 902 2722 975 princeps,
2752 903 2928 959 nullus
2951 919 3157 971 comes,
3185 905 3364 965 nullus

1787 991 2054 1057 marchio,
2081 991 2259 1048 nullus
2279 991 2444 1064 judex
2462 1032 2479 1060 ,
2502 1009 2676 1065 neque
2705 994 2848 1051 nulla
2876 1011 3067 1067 magna
3091 1011 3369 1068 parvaque

1786 1096 2018 1153 persona
2050 1083 2283 1153 aliquam
2313 1085 2423 1140 vim
2453 1096 2548 1141 aut
2578 1086 2916 1143 iuvasioncm
2947 1088 3000 1143 in
3032 1090 3220 1145 eodem
3249 1104 3369 1145 cte-

1787 1175 1973 1242 nobio,
1996 1192 2172 1247 neque
2192 1178 2245 1233 in
2267 1176 2381 1234 suis
2398 1177 2743 1249 pertinentiis
2765 1196 3003 1252 unquam
3029 1180 3211 1236 facere
3230 1196 3369 1254 prae-

1787 1276 1988 1322 sumat.
2018 1266 2125 1324 Pro
2155 1283 2263 1339 quo
2291 1279 2348 1323 et
2380 1268 2482 1325 sub
2508 1269 2675 1329 divini
2700 1267 2891 1339 judicii
2922 1272 3288 1330 obtestatione
3312 1280 3373 1330 et

1788 1359 2152 1416 anathematis
2203 1360 2493 1417 interdicto
2540 1362 2944 1439 promulgantes
2992 1363 3370 1429 decernimus.

1789 1457 1852 1504 ut
1875 1448 2008 1505 nulli
2031 1466 2269 1523 unquam
2293 1462 2604 1510 nostrorum
2629 1470 3005 1511 successorum
3027 1456 3371 1528 pontiﬁcum,

1789 1547 1880 1604 et,
1920 1548 1979 1596 ut
2015 1542 2263 1613 superius
2298 1545 2609 1616 posuimus,
2663 1546 2809 1603 nulla
2858 1564 3052 1622 magna
3091 1567 3374 1625 parvaque

1788 1644 2017 1705 persona
2042 1633 2235 1689 audeat
2261 1650 2436 1707 neque
2460 1648 2752 1708 prmsumat
2780 1650 2969 1696 contra
2995 1642 3097 1698 hoc
3123 1651 3373 1699 nostrum

117 1735 168 1782 et
192 1727 361 1799 ipsum
389 1726 648 1783 Villarem
676 1707 919 1783 cumsua
943 1727 1191 1793 ecclesia,
1215 1726 1393 1782 villam
1417 1725 1689 1802 Coniuges
1719 1707 1768 1768 Β
1797 1722 2151 1797 apostolicum
2168 1726 2508 1799 privilegium
2530 1729 2581 1784 in
2607 1730 2807 1802 aliquid
2830 1747 3008 1805 agere,
3028 1748 3200 1806 neque
3223 1735 3372 1791 fran-

119 1835 234 1876 cum
266 1835 364 1875 sua
394 1819 626 1877 ecclesia
652 1859 668 1884 ,
698 1828 754 1877 et
782 1819 837 1875 in
867 1818 1025 1876 villas
1056 1816 1240 1895 Palsas
1259 1860 1276 1881 .
1305 1828 1359 1877 et
1386 1820 1440 1875 in
1470 1820 1593 1875 villa
1620 1821 1688 1876 de

118 1896 341 1965 Canonae
367 1909 704 1982 piscaturas;
738 1916 794 1965 et
823 1908 876 1964 in
902 1909 1161 1965 comitatu
1187 1909 1490 1967 conﬂuente
1518 1925 1690 1981 quan-

117 2011 221 2059 tum
243 2003 458 2061 habetis
481 2003 535 2060 in
561 2014 715 2076 prata
740 2012 795 2060 et
816 2005 869 2060 in
892 2005 1115 2061 bonaria
1146 2005 1216 2061 ad
1236 2019 1295 2061 se
1320 2004 1686 2077 pertinentia;

116 2093 166 2152 in
194 2096 460 2154 comitatu
487 2095 838 2154 Gerundense
867 2097 1153 2155 ecclesiam
1181 2098 1351 2154 sancti
1381 2097 1599 2163 Felicis,
1634 2097 1690 2153 in

116 2191 234 2246 villa
266 2190 609 2260 Lorostaria,
639 2199 694 2246 et
725 2206 821 2248 sua
851 2192 1079 2248 ecclesia
1104 2208 1118 2259 ;
1146 2191 1201 2248 in
1231 2190 1487 2247 comitatu
1515 2189 1693 2247 Bisul—

116 2281 331 2342 dinense
345 2283 634 2342 ecclesiam
651 2285 825 2342 sancti
843 2283 1101 2356 Stephani
1117 2295 1171 2340 et
1195 2284 1366 2340 sancti
1387 2282 1688 2355 Peregrini,

115 2391 204 2434 seu
241 2387 296 2434 et
330 2377 520 2434 villam
554 2372 811 2434 Enuscho
848 2384 903 2435 et
939 2375 1186 2433 Mediana
1216 2368 1338 2434 cum
1372 2375 1603 2432 ecclesia
1637 2382 1693 2430 et

113 2482 205 2524 sua
242 2468 617 2542 pertinentia;
651 2480 706 2524 et
733 2469 877 2541 quod
911 2466 1112 2525 habent
1149 2468 1205 2523 in
1252 2456 1688 2533 Barcinonense,

112 2568 163 2617 et
211 2561 263 2618 in
311 2561 643 2629 Oriellense,
693 2570 748 2617 et
798 2560 852 2616 in
899 2558 1286 2628 Sardariense,
1324 2570 1380 2617 et
1424 2561 1476 2616 in
1516 2560 1693 2619 Caba-

110 2642 321 2722 slense,
354 2663 413 2711 et
445 2653 499 2709 iu
527 2652 814 2721 Albiense,
844 2661 899 2709 et
927 2653 978 2708 in
1010 2646 1375 2719 Minerbeuse,
1405 2650 1694 2708 conﬁrma-

111 2762 245 2814 mus,
275 2753 330 2803 et
362 2744 422 2801 in
457 2745 717 2801 comitatu
744 2744 1090 2802 Narbonense
1121 2746 1301 2802 villam
1327 2746 1540 2803 Erciam
1568 2761 1689 2802 cum

110 2853 199 2894 sua
224 2838 498 2906 ecclesia,
527 2847 582 2895 et
608 2837 663 2894 in
689 2838 861 2894 insula
889 2837 1001 2895 Sici
1028 2837 1313 2896 ecclesiam
1340 2838 1514 2894 sancti
1545 2837 1693 2897 Petri

109 2945 225 2989 cum
264 2947 364 2988 sua
404 2930 770 3005 pertinentia,
796 2916 865 2987 et
897 2940 1163 3002 quantum
1201 2931 1274 2986 ibi
1313 2931 1463 2987 dedit
1510 2930 1696 2987 Remi-

110 3022 225 3096 gius
253 3023 577 3081 arcbilevita
597 3064 613 3091 ,
642 3032 698 3080 et
728 3023 781 3079 in
812 3021 1084 3081 Tolosano
1111 3023 1235 3079 villa
1253 3062 1268 3077 .
1289 3063 1303 3078 .
1322 3064 1337 3078 .
1365 3032 1420 3081 et
1447 3023 1693 3080 Palmam

107 3086 159 3169 et
188 3115 243 3193 in
273 3114 407 3170 villa
450 3086 664 3169 Alianto
690 3122 745 3169 et
771 3113 1092 3170 Fabriciano
1117 3123 1172 3170 et
1195 3112 1443 3170 Fcrrales
1464 3155 1479 3181 ,
1513 3111 1691 3169 Faba-
1721 3086 1768 3152 ο

109 3204 217 3262 rios
255 3206 438 3264 sancti
477 3205 733 3277 Stephani
772 3215 827 3263 et
863 3207 1038 3264 sancti
1076 3206 1293 3264 Genesii
1321 3223 1335 3274 ;
1365 3206 1451 3265 vel
1478 3207 1530 3263 iu
1563 3206 1693 3265 villa

108 3293 328 3354 Miliano
366 3305 631 3369 quantum
670 3296 867 3353 ibidem
905 3298 1123 3354 habent.
1163 3297 1222 3353 In
1269 3297 1532 3354 comitatu
1579 3292 1697 3352 Au?

108 3402 235 3446 sona
292 3389 593 3447 ecclesiam
648 3389 818 3446 sancti
858 3389 1110 3456 Martini,
1159 3405 1283 3446 cum
1322 3391 1435 3447 suis
1469 3390 1695 3448 decimis

109 3490 161 3538 et
187 3481 581 3556 pertinentiis,
614 3496 705 3536 seu
738 3490 793 3537 et
821 3481 873 3536 in
906 3482 1032 3537 villa
1061 3482 1138 3537 Ii.
1161 3522 1176 3537 .
1205 3522 1218 3537 .
1239 3464 1376 3540 .‘ano
1414 3492 1471 3539 et
1508 3484 1695 3540 villare

102 3572 411 3642 Aseuario,
461 3582 722 3646 quantum
763 3574 961 3629 ibidem
1006 3575 1244 3644 habent;
1287 3586 1343 3633 et
1384 3578 1438 3633 in
1480 3577 1694 3635 Salinas

104 3683 272 3742 prope
317 3668 577 3724 Narbona
621 3678 675 3724 et
707 3667 861 3740 juxta
897 3660 1146 3745 stagnum
1191 3679 1451 3747 quantum
1494 3672 1693 3730 ibidem

104 3759 348 3829 habent,
383 3758 473 3815 vel
503 3775 624 3816 cum
655 3759 907 3818 omnibus
938 3760 1002 3817 ad
1043 3763 1466 3835 suprascriptum
1508 3781 1696 3821 mona-

104 3855 340 3911 sterium
378 3853 435 3908 in
481 3853 694 3925 integro
732 3855 1169 3933 pertinentibus:
1212 3864 1266 3913 et
1310 3857 1696 3914 conﬁrmamus

101 3945 257 4002 vobis
302 3944 683 4016 pontaticutn,
734 3946 1087 4017 raptaticum,
1135 3948 1514 4016 salinaticum,
1558 3948 1700 4006 tolo-

100 4048 265 4092 neum
285 4074 302 4102 ,
336 4033 489 4091 sicut
517 4050 673 4108 reges
700 4036 851 4093 vobis
879 4052 976 4107 per
1003 4038 1258 4109 praecepti
1288 4040 1539 4111 paginam
1568 4055 1698 4096 con-

100 4136 421 4187 cesserunt.
459 4126 759 4185 Statuimus
788 4140 968 4186 autem
1000 4138 1090 4197 ut,
1122 4132 1339 4204 quando
1363 4133 1531 4190 abbas
1563 4132 1697 4189 dicit

98 4221 437 4280 monasterii
469 4221 535 4278 de
563 4222 665 4278 hoc
691 4222 887 4278 saeculo
915 4223 1261 4295 migraverit,
1295 4239 1468 4297 neque
1497 4241 1527 4279 a
1557 4225 1699 4298 regi-

98 4311 233 4379 bus,
271 4326 464 4384 neque
492 4327 521 4366 a
553 4314 869 4379 comitibus,
899 4329 1072 4384 neque
1114 4330 1144 4369 a
1184 4313 1546 4386 qualicunque
1574 4329 1721 4385 per-.

99 4418 233 4458 sona
256 4418 362 4474 pro
380 4401 697 4470 cupiditatis
721 4402 964 4473 pecuniae
995 4417 1178 4468 causa,
1199 4419 1371 4474 neque
1396 4420 1491 4474 pro
1518 4404 1695 4476 quali-

98 4510 319 4566 cunque
350 4492 563 4549 favoris
594 4494 768 4549 inanis
800 4494 1001 4565 gloria,
1030 4496 1226 4553 ibidem
1256 4497 1420 4554 abbas
1449 4498 1521 4555 sit
1550 4515 1688 4556 cou-

98 4588 361 4652 stitutus,
410 4585 508 4641 sed
535 4600 566 4641 a
592 4586 804 4642 cunctis
843 4602 1121 4644 servorum
1167 4589 1258 4645 Dei
1297 4590 1470 4645 eidem
1511 4607 1700 4647 mona-

97 4681 273 4738 sterio
301 4678 609 4737 secundum
632 4679 801 4735 Deum
828 4688 884 4735 et
909 4681 1202 4737 secundum
1226 4684 1396 4739 sancti
1422 4683 1697 4741 Benedicti

98 4769 284 4827 Patris
314 4765 568 4841 regulam
588 4807 603 4824 .
620 4808 635 4823 .
657 4809 671 4825 .
697 4769 967 4842 eligantur
994 4773 1235 4830 abbates.
1266 4774 1439 4832 Situm
1465 4790 1697 4847 namque

98 4877 179 4923 est
205 4864 595 4938 supradictum
622 4864 1012 4920 monasterium
1040 4865 1312 4923 territorio
1337 4865 1698 4926 Carcassense

92 4958 249 5029 juxta
296 4971 447 5029 pago
489 4953 878 5012 Narbonensis.
925 4956 1057 5013 Item
1104 4966 1158 5012 et
1193 4959 1577 5014 confirmamus
1604 4960 1700 5016 tibi

98 5049 328 5118 tuisque
380 5046 796 5101 successoribus
847 5046 915 5100 de
957 5047 1128 5117 ipsius
1170 5050 1342 5104 sancti
1384 5049 1698 5104 monasterii

96 5138 235 5196 locis
266 5147 327 5194 et
356 5135 738 5210 pertinentiis,
779 5135 1037 5205 primitiis
1076 5146 1131 5194 et
1169 5138 1396 5197 decimis
1428 5156 1442 5192 :
1487 5154 1699 5196 necnon

95 5240 153 5287 et
195 5232 410 5287 iterum
446 5227 751 5283 stabilimus
780 5234 842 5281 ut
872 5229 1018 5284 nulla
1046 5230 1287 5301 qualibet
1317 5245 1547 5305 persona
1578 5247 1698 5288 mo-

97 5324 294 5356 ηαηιιῖδ
329 5318 508 5356 ινΔεΙνῖ
542 5318 860 5356 mnnoclori:
892 5322 1319 5356 nnnaiclnnﬂknn
1357 5321 1557 5356 :nincln

1791 1834 1916 1901 gere
1946 1828 2135 1877 tentet.
2175 1820 2232 1878 Si
2271 1823 2392 1894 quis
2421 1832 2603 1881 autem
2623 1865 2639 1892 ,
2668 1827 2812 1895 quod
2841 1843 2947 1883 non
2975 1828 3280 1897 credimus,
3312 1829 3373 1887 in

1791 1908 1972 1979 aliquo
2000 1910 2248 1983 frangere
2276 1917 2594 1982 tentaverit,
2622 1914 2761 1971 sciat
2783 1930 2871 1982 se,
2907 1918 3011 1973 nisi
3053 1919 3377 1991 resipuerit,

1792 2000 2115 2057 auctoritate
2143 2002 2233 2056 Dei
2255 2005 2666 2074 omnipotentis,
2691 2014 2745 2062 et
2767 2008 2941 2063 sancti
2967 2007 3117 2065 Petri
3159 2019 3378 2081 aposto-

1790 2086 1964 2144 lorum
2005 2089 2298 2162 principis,
2330 2102 2495 2164 atque
2536 2104 2757 2163 nostra,
2802 2096 2894 2166 qui
2936 2095 3053 2166 ejus
3094 2097 3373 2171 fungimur

1791 2178 2175 2263 vicariatione,
2226 2184 2587 2242 anatltematis
2651 2187 2883 2245 vinculis
2928 2189 3377 2249 iudissolubiliter

1792 2288 1915 2351 esse
1958 2274 2323 2332 innodandum
2348 2318 2365 2345 ,
2395 2286 2451 2334 et
2494 2295 2525 2334 a
2550 2266 2732 2353 regno
2777 2282 2872 2339 Dei
2914 2282 3291 2353 alienandum,
3319 2296 3378 2344 et

1794 2381 1916 2441 cum
1949 2366 2162 2424 diabolo
2192 2376 2245 2424 et
2274 2368 2392 2441 ejus
2423 2371 2781 2427 atrocissimis
2800 2374 3033 2445 pompis,
3064 2385 3228 2448 atque
3250 2392 3376 2434 cum

1793 2455 1929 2537 Iuda
1975 2459 2237 2514 traditore
2270 2459 2480 2517 Domini
2512 2463 2685 2519 nostri
2714 2462 2846 2521 Jesu
2876 2465 3078 2523 Christi
3099 2508 3114 2535 ,
3165 2479 3373 2526 aeterno

1795 2547 2047 2604 incendio
2099 2548 2589 2633 concremandum,
2647 2562 2701 2610 et
2750 2555 2803 2611 iu
2848 2558 3162 2630 voraginem
3208 2568 3375 2617 tartao

1794 2632 2056 2713 reumque
2086 2644 2251 2701 chaos
2276 2645 2556 2705 demersus
2583 2664 2706 2706 cum
2739 2651 2921 2723 impiis
2947 2650 3184 2725 deﬁciat.

1868 2732 2142 2808 Scriptura
2197 2753 2298 2811 per
2347 2754 2566 2795 manum
2618 2740 2910 2812 Stephani,
2963 2745 3161 2801 notarii
3214 2755 3381 2823 atque

1797 2826 2067 2884 scriniarii
2092 2839 2293 2886 sanctae
2315 2839 2476 2903 atque
2490 2832 2800 2903 apostolicae
2815 2835 3072 2892 Romamn
3093 2835 3375 2907 Ecclesia),

1797 2917 1852 2973 in
1887 2935 2069 2976 mense
2109 2920 2423 2990 Decembri,
2468 2940 2566 2998 per
2606 2923 2961 2984 indictionem
3005 2931 3379 3002 supradictam

1800 3004 2089 3068 decimam.
2132 3012 2276 3070 Bene
2302 3002 2517 3072 valetea

2531 3130 2648 3189 XV.

1831 3253 2061 3297 ΔΘΔΡΕΤῙ
2099 3255 2246 3298 ΡΔΡΕ
2286 3256 2326 3298 II
2369 3257 2715 3302 Ριιινιιεαιωί
2769 3261 3071 3306 εοκοεεευιι
3109 3264 3385 3311 IMIIBODO

2234 3328 2304 3371 ΠΛ
2313 3329 2620 3373 τιδεοιηεμει
2658 3332 2929 3377 EPISCOPO.

2347 3428 2527 3501 (Anno
2553 3430 2836 3507 946-954.)

1797 3535 2045 3595 Ecclesiae
2097 3539 2158 3596 S.
2224 3539 2484 3597 Vincentii
2532 3541 2941 3602 Matiscouensis
3007 3544 3382 3608 canonicorum

2054 3609 2324 3683 privilegia
2348 3622 2396 3667 et
2424 3616 2770 3683 possessiones
2814 3620 3111 3689 conﬁrmat.

1941 3726 2118 3801 {Apud
2142 3727 2334 3796 Mansi,
2361 3729 2560 3787 Concil.
2590 3741 2721 3789 tom.
2746 3732 2928 3804 XVIII,
2952 3737 3056 3793 col.
3079 3738 3236 3814 UL]

1866 3841 2152 3900 Acsrsrus
2180 3843 2482 3917 episcopus,
2518 3861 2707 3903 servus
2729 3862 3008 3905 servorum
3041 3850 3137 3906 Dei
3165 3890 3182 3918 ,
3223 3869 3380 3910 reve‘

1799 3939 2112 3995 rentissimo
2135 3947 2191 3994 et
2238 3939 2579 3997 sanctissimo
2629 3941 2915 4000 Mmmooo
2967 3943 3384 4004 Matisconeusis

1799 4027 2055 4085 Ecclesia:
2101 4029 2392 4103 episcopo,
2438 4033 2821 4104 perpetuisque
2867 4037 3275 4095 successoribus
3323 4039 3383 4098 in

1796 4129 2136 4193 perpetuum.

1871 4210 2001 4268 Cum
2029 4213 2269 4269 omnium
2314 4225 2626 4273 sanctarum
2683 4218 2778 4275 Dei
2825 4220 3178 4278 ecclesiarum
3204 4233 3382 4282 status

1800 4319 1831 4359 a
1862 4305 2142 4359 beatorum
2191 4307 2559 4377 apostolorum
2605 4310 2870 4384 principis
2909 4312 3054 4370 Petri
3115 4317 3382 4375 doctrinis

1802 4395 2150 4464 provehatur,
2182 4399 2326 4453 etab
2351 4398 2466 4469 ejus
2492 4400 2767 4459 fulcimine
2807 4404 2957 4476 lapsa
2987 4422 3108 4478 quae
3138 4418 3265 4467 sunt
3292 4425 3383 4466 rc-

1805 4488 2106 4545 solidantur
2136 4506 2152 4544 :
2191 4502 2405 4563 oportet
2429 4495 2621 4551 merito
2655 4506 2899 4553 sanctam
2930 4499 3382 4556 Matiscoucnsem

1805 4580 2100 4637 Ecclesium
2127 4584 2547 4640 minorationem
2576 4604 2686 4643 suae
2731 4590 3031 4646 ditnceseos
3062 4590 3387 4659 patientem,

1805 4689 2129 4746 suarumque
2150 4675 2479 4751 dignitatum
2502 4681 2654 4751 copia
2676 4693 2954 4738 carentem
2995 4683 3106 4737 cito
3142 4683 3388 4749 restitui,

1804 4774 1865 4823 ut
1886 4769 2143 4825 honorem
2180 4785 2349 4831 suum
2380 4786 2487 4826 non
2514 4774 2745 4828 amittat.
2794 4776 3196 4846 Cognoscentes
3232 4775 3396 4845 igitur

1806 4848 1979 4931 ipsam
2005 4859 2059 4915 in
2086 4865 2353 4926 omnibus
2376 4872 2704 4933 quassatam,
2733 4865 2985 4923 convenit
3011 4865 3079 4917 ad
3106 4862 3240 4931 ejus
3266 4863 3403 4919 rele-

1806 4953 2038 5009 vationis
2101 4961 2328 5022 statum
2377 4955 2767 5015 auxiliatricem
2818 4967 3054 5014 nostram
3115 4958 3417 5027 porrigere

1808 5045 2053 5103 dextram
2082 5063 2095 5098 ε
2129 5061 2435 5117 quamius
2459 5044 2520 5102 Β.
2554 5048 2697 5105 Petri
2736 5048 2954 5120 apostoli
2998 5046 3147 5101 fonte
3188 5052 3424 5114 potata,

1808 5136 2023 5194 Christo
2046 5134 2325 5219 iuvante,
2372 5138 2484 5199 suis
2526 5138 2912 5210 redintegretur
2957 5131 3328 5199 honoribus;
3376 5140 3433 5187 et

1806 5231 1927 5288 ideo
1951 5229 2195 5288 omnium
2276 5241 2602 5304 sanctarum
2645 5228 2740 5284 Dei
2786 5228 3131 5285 ecclesiarum
3176 5228 3440 5303 cultores

2330 5346 2380 5356 ,λ
2413 5320 2591 5356 Ιζιὶυιηα
2670 5336 2731 5356 ΔΛ
2768 5320 2902 5356 animi
2938 5313 3303 5356 Mqitnitminc
3373 5298 3453 5356 (“-

1808 5331 2134 5356 nn-nnnniqnl
2175 5342 2205 5356 λ
2221 5340 2239 5356 Ι
