3964 5356
1833 251 2132 312 AGAPETI
2166 251 2370 311 PAPIE
2409 251 2455 313 ll

3658 255 3757 317 912

490 375 811 449 episcopum
838 368 945 429 nisi
967 367 1184 443 qualem
1223 366 1474 427 canonici
1509 382 1618 426 una
1639 383 1762 427 cum
1801 370 2076 443 praedictis
2103 374 2155 435 Α
2179 368 2341 441 plicio
2365 356 2844 428 concremandum.
2869 368 2940 425 At
2961 382 3094 426 vero
3117 367 3209 443 qui
3235 367 3328 443 pio
3349 367 3556 425 intuitu
3587 382 3759 429 custos

491 466 763 540 religiosis
792 463 946 523 Iaicis
971 464 1115 521 inter
1131 479 1192 521 se
1216 463 1499 535 elegerint,
1528 463 1671 520 sicut
1694 463 1835 521 sacri
1857 471 2085 520 censent

490 575 734 618 canones
764 574 779 626 ;
811 558 979 614 etiam
1004 556 1357 613 concedimus
1386 556 1490 612 sibi
1511 556 1734 628 suisque
1747 554 2082 612 successori-

490 655 617 721 bus,
645 660 707 708 ut
744 651 920 709 honor
964 649 1180 706 debitus
1227 648 1376 705 omni
1425 655 1668 720 tempore
1712 646 2078 719 impendatur.

491 744 914 804 Pramominatis
970 743 1137 799 etiam
1185 742 1465 800 canonicis
1516 740 1863 799 concedimus
1919 752 2084 813 atque

491 837 877 897 confirmamus
913 851 1104 893 omnes
1148 848 1256 903 res,
1283 850 1404 907 trum
1447 848 1546 905 per
1583 843 1851 906 prmcepta
1895 848 2084 906 regum

488 928 577 987 vel
601 927 949 1001 largitionem
972 927 1237 983 bonorum
1281 924 1483 982 Christi
1523 924 1762 981 fideliora
1801 924 2086 996 utriusque

488 1035 658 1079 sexus
692 1020 748 1077 in
770 1019 960 1077 eodem
983 1017 1105 1074 loco
1125 1017 1341 1075 collatre
1376 1023 1524 1084 sunt,
1553 1023 1613 1071 ut
1638 1014 2086 1087 irrel'ragabiliter

486 1113 610 1173 sine
650 1111 881 1183 alicujus
904 1109 1336 1168 contradictione
1375 1110 1430 1164 in
1466 1116 1789 1179 perpetuum
1821 1107 2079 1163 habeant.

484 1203 777 1264 Abbatiam
801 1216 934 1258 vero
969 1201 1029 1257 8.
1055 1199 1352 1259 Clementis
1404 1197 1663 1269 martyris
1684 1237 1699 1263 ,
1743 1210 1864 1267 quae
1897 1206 1981 1251 est
2028 1195 2084 1251 in

489 1293 753 1357 suburbio
781 1291 1021 1365 praelata:
1037 1290 1275 1348 civitatis
1319 1304 1442 1347 cum
1487 1288 1634 1344 omni
1675 1287 1989 1360 integritate
2030 1295 2088 1343 et

488 1389 736 1448 ecclesiis
760 1396 924 1458 atque
953 1384 1115 1442 terris
1138 1392 1194 1440 et
1214 1382 1449 1449 ancillis,
1474 1380 1685 1439 colonis
1706 1388 1762 1435 et
1789 1378 2085 1436 colonabus

486 1485 591 1545 sibi
619 1482 1066 1559 pertinentibus;
1097 1493 1201 1537 nec
1226 1494 1335 1535 non
1377 1486 1434 1535 et
1478 1475 1772 1533 ecclesiam
1817 1471 1878 1529 S.
1922 1471 2083 1529 Desi-

486 1577 627 1636 derii
655 1577 711 1634 in
742 1575 1004 1648 Vergiaco
1031 1572 1158 1628 villa
1185 1572 1349 1628 sitam
1370 1584 1496 1627 cum
1526 1565 1727 1624 terrula
1756 1563 1816 1621 S.
1839 1563 1990 1620 Petri
2013 1578 2080 1619 ex

485 1671 801 1743 episcopatu
825 1666 880 1724 in
912 1664 1305 1740 praenominata
1335 1660 1459 1717 villa
1483 1659 1836 1731 coujaceute,
1894 1654 2084 1714 simul-

2186 472 2243 520 et
2269 465 2586 522 observator
2613 464 2670 521 in
2694 464 2947 521 omnibus
2967 463 3238 520 exstiterit
3266 464 3587 520 custodiens
3614 465 3760 537 hujus

2187 556 2358 611 nostri
2407 556 2687 627 apostolici
2736 555 3092 613 constitutum
3117 553 3187 609 ad
3216 540 3422 610 cultum
3468 554 3568 609 Dei
3599 557 3754 627 respi-

2186 645 2357 714 ciens,
2419 645 2851 704 benedictionem
2892 656 3151 703 aaternam
3192 660 3225 701 a
3263 644 3763 704 misericordissima

2187 737 2414 795 Domino
2446 741 2554 796 Deo
2581 749 2769 798 nostro
2795 740 3062 813 percipiat
3088 748 3144 796 et
3169 738 3299 795 vitae
3339 747 3571 796 aeterna:
3609 740 3761 812 parti-

2183 845 2313 903 ccps
2345 829 2481 889 eﬂici
2511 842 2805 891 mereatur.

2358 1074 2586 1117 AGAPE'I'I
2623 1076 2769 1117 PAPB
2799 1076 2850 1116 'll
2887 1075 3149 1118 ειηετοιΑ
3186 1077 3257 1118 ΔΙ)
3291 1076 3596 1119 nmmos.

2719 1171 2900 1246 (Anno
2925 1173 3030 1231 946
3048 1174 3247 1246 -955.)

2257 1283 2544 1343 l‘rwdones
2572 1306 2605 1344 a
2642 1289 2960 1345 monasterio
2983 1289 3363 1347 Celsint'acenst'
3406 1301 3709 1348 arceantur.

2187 1421 2363 1498 [Apud
2399 1424 2463 1482 D.
2498 1425 2771 1499 Bouquet,
2799 1425 3011 1484 Recueil
3039 1428 3130 1485 de:
3157 1429 3464 1497 historicus,
3506 1427 3603 1495 1X,
3635 1426 3771 1502 232.]

2254 1563 2544 1621 AGAPETUS
2568 1564 2875 1637 episcopus,
2902 1580 3092 1623 servus
3131 1580 3415 1625 servorum
3448 1568 3583 1635 Dei,
3612 1565 3777 1623 omni-

2183 1656 2284 1714 bus
2315 1667 2516 1715 sancta:
2547 1659 2639 1716 Dei
2670 1659 2924 1717 Ecclesiae
2953 1659 3078 1717 filiis
3116 1661 3168 1717 in
3203 1660 3509 1718 Arvernico
3548 1661 3778 1716 habitatio

485 1783 593 1841 que
615 1764 904 1823 ecclesiam
944 1762 1003 1819 S.
1034 1758 1267 1817 Romani
1316 1758 1370 1815 in
1416 1756 1729 1813 Calhenaco
1768 1751 1866 1827 [αι.
1904 1751 2079 1808 Cade-
2106 1755 2156 1820 Β
2188 1749 2348 1841 tibus,
2395 1758 2711 1841 perpetuam
2759 1765 2983 1822 pacem,
3034 1760 3410 1824 aeternamque
3438 1752 3680 1809 salutem
3730 1751 3778 1807 in

484 1855 669 1932 niaco]
697 1855 824 1913 villa
854 1855 1034 1912 sitam.
1086 1851 1286 1909 Verum
1331 1849 1497 1907 etiam
1536 1861 1708 1903 nonas
1747 1854 1803 1901 et
1843 1845 2084 1901 decimas

485 1958 542 2008 et
568 1966 635 2008 ex
661 1947 909 2022 furtis[f.
958 1944 1155 2035 [urnis]
1197 1942 1407 2035 praefati
1448 1941 1835 2035 pagiaatque
1866 1938 2084 1995 tertiam

482 2049 702 2115 partem
745 2031 990 2096 nemoris
1035 2036 1193 2109 juxta
1242 2034 1460 2090 Ararim
1518 2031 1741 2088 ﬂuvium
1787 2031 1857 2086 ab
1902 2045 2080 2095 amne,

483 2130 722 2205 villaque
762 2127 991 2186 Adolani
1026 2126 1212 2194 latam,
1263 2126 1406 2182 sicut
1456 2125 1580 2195 pius
1631 2122 1940 2179 Ludovicus
1988 2137 2085 2177 rex

484 2223 719 2281 dilectus
744 2220 886 2278 illius
909 2228 1095 2277 noster
1117 2224 1390 2274 annuente
1430 2223 1733 2288 prretaxato
1776 2212 2083 2269 Maimbodo

484 2314 718 2389 praesule
748 2316 816 2373 de
841 2313 1067 2371 decimis
1094 2322 1150 2369 et
1177 2319 1346 2379 terra,
1374 2314 1687 2383 pariterque
1734 2309 2081 2366 consentien-

484 2410 633 2468 tibus
656 2407 881 2481 Hugone
901 2406 1219 2463 marchione
1243 2414 1300 2462 et
1324 2404 1621 2462 Leothaldo
1647 2403 2083 2461 moderatiss'mo

483 2503 706 2570 comite,
737 2501 896 2571 cujus
921 2500 1137 2557 animus
1165 2499 1220 2555 in
1249 2506 1541 2571 augmento
1563 2494 1803 2569 praefatae
1837 2495 2083 2553 ecclesia:

483 2595 711 2654 omnino
746 2593 1031 2667 ﬂagrabat,
1091 2592 1385 2650 concessit.
1442 2590 1632 2663 Itaque
1684 2607 1783 2648 nos
1835 2606 1934 2663 per
1981 2589 2085 2647 hoc

487 2695 739 2745 nostrum
771 2685 1127 2757 apostolicum
1159 2683 1501 2756 privilegium
1550 2683 1900 2740 concedimus
1938 2683 2083 2739 deti-

482 2777 721 2835 nendam
748 2775 1139 2849 perpetualiter
1173 2790 1297 2832 cum
1321 2773 1547 2831 decimis
1594 2772 1652 2830 S.
1695 2773 1889 2830 Albani
1935 2789 2081 2830 mar-

481 2867 621 2940 tyris
654 2875 711 2924 et
732 2864 951 2923 Gisario
981 2882 996 2921 :
1027 2865 1100 2921 ita
1130 2873 1190 2921 ut
1214 2864 1410 2921 amodo
1435 2872 1491 2920 et
1516 2863 1772 2935 deinceps
1820 2864 2082 2936 quidquid

484 2958 546 3016 in
571 2959 763 3015 eodem
803 2958 924 3015 loco
948 2958 1151 3014 donata
1180 2955 1264 3015 vel
1289 2969 1549 3013 concessa
1579 2963 1738 3023 sunt,
1771 2955 1855 3011 vel
1895 2956 2082 3013 divina

484 3056 665 3129 pietas
689 3055 743 3112 in
771 3063 1047 3127 posterum
1072 3068 1273 3127 augere
1321 3051 1557 3110 voluerit
1607 3067 1933 3123 quacunque
1958 3068 2082 3123 per-

2186 1838 2405 1896 Christo
2426 1839 2579 1898 Jesu.

2256 1929 2527 1988 lmmensa
2558 1933 2941 2005 suspendimur
2965 1932 3329 1991 admiratione
3352 1976 3368 2001 ,
3398 1949 3502 1990 cur
3540 1932 3646 2002 illi,
3674 1934 3781 2005 qui-

2186 2026 2288 2083 bus
2329 2026 2470 2083 inter
2497 2041 2597 2084 vos
2640 2028 2928 2100 pastoralis
2968 2045 3099 2087 cura
3130 2030 3424 2087 commissa
3454 2040 3545 2086 est
3567 2073 3585 2097 ,
3613 2031 3784 2087 oculos

2186 2119 2423 2175 habeant
2460 2119 2723 2178 mentales
2761 2121 3007 2186 clausos;
3036 2130 3281 2179 sanctam
3332 2122 3678 2192 Eccluiam,
3702 2125 3782 2191 ita,

2184 2220 2247 2267 ut
2267 2212 2423 2269 nobis
2448 2222 2761 2286 suggestum
2788 2223 2894 2283 est,
2920 2215 3103 2271 sinant
3142 2231 3439 2286 pravorum
3464 2217 3626 2273 rabie
3652 2217 3785 2273 lace-

2185 2305 2297 2361 rari
2325 2346 2342 2373 ,
2387 2306 2633 2375 vastari,
2685 2308 2847 2364 rebus
2874 2308 3107 2379 propriis
3131 2310 3458 2381 exspoliari,
3489 2325 3602 2366 non
3637 2326 3787 2383 oppo-
3834 2374 3837 2375 ν

2185 2407 2379 2456 nentes
2408 2415 2467 2457 se
2504 2417 2723 2457 murum
2747 2418 2847 2475 pro
2877 2403 3037 2459 domo
3070 2402 3257 2469 Israel,
3294 2419 3397 2460 nec
3427 2404 3484 2459 in
3524 2404 3716 2477 prmlio
3740 2405 3787 2460 in

2186 2492 2274 2550 die
2306 2494 2519 2551 Domini
2546 2504 2771 2565 stantes,
2794 2505 2852 2551 ut
2877 2496 3099 2553 obvient
3120 2511 3217 2552 sua
3241 2497 3589 2553 auctoritate
3620 2506 3788 2567 rapto-

2187 2587 2338 2643 ribus
2377 2595 2433 2644 et
2456 2589 2839 2661 praedonibus:
2869 2590 2965 2646 sed
3008 2590 3255 2647 videntes
3289 2591 3621 2648 iubouorari
3650 2607 3787 2649 suam

2186 2676 2425 2747 ipsorum
2466 2688 2716 2750 matrem,
2749 2688 2949 2749 tacent,
2980 2695 3078 2738 nec
3104 2696 3296 2753 aspera
3342 2682 3693 2755 redarguunt
3716 2683 3790 2738 iu-

2185 2770 2434 2828 vectione
2484 2780 2811 2845 patratores.
2842 2771 3099 2829 Videntur
3125 2773 3269 2829 enim
3303 2773 3622 2829 terribilem
3654 2773 3787 2829 illam

2184 2880 2375 2922 vocem
2399 2872 2494 2921 aut
2517 2867 2786 2939 ignorare,
2814 2874 2909 2923 aut
2928 2865 3234 2922 nullatenus
3255 2867 3495 2923 omnino
3518 2868 3791 2940 pertimes-

2187 2972 2313 3014 cere
2333 2999 2348 3026 ,
2373 2972 2493 3029 quae
2521 2958 2695 3014 dixit:
2742 2976 2763 3010 ι
2791 2957 3111 3015 Maledictus
3136 2959 3228 3030 qui
3271 2959 3545 3031 prohibet
3571 2959 3789 3032 gladium

2188 3063 2347 3105 suum
2376 3064 2406 3104 a
2432 3049 2697 3121 sanguine
2720 3048 2857 3123 (Jer.
2875 3066 3065 3119 xnvm,
3091 3049 3205 3123 10).
3230 3069 3249 3104 ι
3280 3050 3444 3107 Unde
3471 3051 3791 3125 generaliter

484 3162 645 3213 sona,
684 3147 889 3217 absque
918 3143 1145 3213 alicujus
1194 3142 1536 3215 impulsionis
1577 3141 1825 3199 molestia
1863 3149 2085 3198 teneant
2112 3129 2159 3193 C
2186 3142 2444 3200 omnibus
2481 3142 2637 3200 vobis
2676 3142 3063 3212 condolemus,
3112 3143 3371 3200 timentes
3416 3160 3495 3201 ne
3531 3145 3618 3200 ira
3652 3143 3739 3201 Dei
3763 3157 3790 3197 ι

484 3248 543 3296 et
573 3238 905 3310 possideant.
939 3237 1014 3292 Ea
1037 3252 1169 3293 vero
1195 3236 1410 3292 ratione
1433 3245 1494 3291 ut
1541 3235 1718 3291 nullus
1761 3249 1857 3291 rex
1880 3274 1896 3302 ,
1930 3235 2038 3291 dux
2068 3275 2086 3304 ,

489 3345 698 3400 comes,
731 3338 827 3386 aut
853 3337 1082 3386 exactor
1103 3327 1190 3385 vel
1228 3326 1477 3401 publicus
1516 3326 1770 3383 minister
1805 3340 1970 3398 super
1992 3340 2088 3382 eos

490 3424 730 3496 aliquam
763 3422 1042 3494 angariam
1070 3429 1165 3476 aut
1183 3418 1580 3498 districtionem
1634 3435 1730 3475 seu
1792 3433 2088 3492 gravamen

491 3524 654 3586 atque
678 3512 1092 3585 imperationem
1123 3510 1406 3583 imponere
1433 3517 1748 3583 prmsumat,
1777 3511 1882 3566 nisi
1911 3525 2088 3581 quan-

490 3615 604 3663 tam
635 3605 819 3663 fideles
848 3604 1096 3662 canonici
1127 3603 1370 3675 praedicti
1398 3603 1499 3660 loci
1529 3603 1687 3659 alicui
1735 3619 1984 3676 persona:
2016 3603 2087 3659 ob

486 3713 642 3754 suam
697 3699 992 3754 bonitatem
1041 3697 1341 3754 concedere
1405 3695 1700 3751 voluerint.
1769 3696 2088 3752 Statuentes

492 3800 659 3862 atque
719 3791 1127 3862 promulgantes
1182 3803 1367 3845 coram
1422 3788 1531 3843 Deo
1590 3797 1645 3843 et
1696 3787 1923 3843 terribili
1971 3787 2089 3857 ejus

493 3878 764 3945 examine,
811 3894 910 3950 per
962 3877 1118 3948 hujus
1182 3889 1428 3934 nostrum
1485 3879 1765 3955 apostolici
1820 3878 2084 3949 privilegii

493 3973 894 4030 firmamentum
922 3976 1218 4036 sancimus,
1244 3980 1301 4027 et
1340 3973 1480 4027 beati
1511 3971 1658 4027 Petri
1711 3973 2084 4043 apostolorum

490 4068 754 4139 principis
782 4067 1107 4122 auctoritate
1137 4066 1500 4131 decernimus,
1524 4073 1577 4119 et
1619 4074 1727 4117 tam
1776 4065 2085 4134 apostolicae

491 4159 637 4215 sedis
661 4161 999 4215 obtestamur
1024 4158 1237 4212 futuros
1264 4157 1568 4228 pontifices,
1599 4171 1765 4226 quam
1791 4158 1883 4226 qui
1912 4158 2085 4213 cccle-

490 4251 742 4307 siasticas
764 4251 1197 4308 tninistraverint
1216 4250 1546 4315 functiones,
1569 4248 1651 4302 vel
1667 4248 1831 4303 etiam
1862 4265 2087 4321 magnas

490 4359 797 4417 parvasque
855 4359 1116 4416 personas
1144 4384 1170 4410 ,r
1225 4357 1291 4397 ne
1329 4341 1596 4412 quispiam
1618 4382 1633 4409 ,
1669 4356 1990 4412 quacunque
2016 4342 2086 4396 sit

489 4436 757 4507 dignitate
791 4437 1065 4506 praeditus,
1110 4437 1175 4491 de
1194 4435 1448 4490 omnibus
1476 4434 1595 4503 istis
1632 4434 1913 4504 capitulis,
1964 4444 2085 4506 qme'

497 4528 714 4585 anubis
757 4544 1014 4585 concessa
1066 4538 1194 4585 sunt
1244 4527 1626 4600 quoquoniodo
1666 4527 1941 4583 licentiam
1992 4531 2089 4585 ha-

493 4621 655 4678 beant
680 4638 711 4678 a
738 4638 884 4695 sirpe
903 4624 1101 4695 sepius
1124 4623 1401 4678 nominato
1429 4622 1570 4689 loco,
1589 4630 1753 4693 atque
1777 4622 2089 4692 specialiter

491 4715 804 4788 apostolica:
844 4716 1178 4773 exorationis
1221 4716 1397 4787 gratia
1440 4714 1728 4784 conjuncta
1777 4714 2087 4787 disjungere

491 4816 589 4862 aut
615 4808 875 4864 alienare.
902 4806 959 4864 Si
988 4807 1112 4879 quis
1148 4808 1353 4864 interea
1382 4847 1398 4876 ,
1447 4806 1593 4877 quod
1633 4822 1738 4861 non
1792 4807 2085 4874 credimus,

494 4900 786 4957 temerario
814 4915 950 4956 ausu
977 4910 1167 4956 contra
1207 4913 1292 4967 ea,
1321 4914 1443 4970 quae
1474 4898 1577 4954 hac
1613 4908 1801 4954 nostra
1838 4900 2084 4956 auctori-

496 4999 606 5047 tate
639 4992 726 5065 pie
780 5003 837 5049 et
884 4993 1112 5050 firmiter
1163 5008 1260 5065 per
1304 4993 1407 5048 hoc
1456 5000 1705 5048 nostrum
1744 4992 2086 5064 privilegium

495 5083 759 5155 disposita
787 5094 930 5151 sunt,
957 5086 1234 5143 contraire
1268 5084 1584 5150 teutaverit,
1628 5085 1712 5141 vel
1740 5087 1874 5151 haec,
1905 5101 2028 5157 qum
2054 5101 2086 5140 a

494 5176 657 5232 nobis
685 5177 754 5232 ad
776 5176 990 5234 laudem
1021 5179 1112 5235 Dei
1146 5193 1246 5250 pro
1269 5175 1568 5232 stabilitate
1589 5174 1703 5244 jam
1737 5177 1895 5233 dictae
1920 5178 2092 5235 eccle-

500 5270 600 5327 sia:
629 5271 877 5328 ordinate
905 5281 1107 5329 statuta
1151 5284 1317 5340 sunt,
1365 5271 1642 5343 refragare
1689 5273 1743 5329 in
1777 5273 1958 5344 aliquo
2000 5283 2096 5331 aut

2188 3237 2506 3293 sanctuario
2532 3235 2721 3306 ipsius,
2750 3236 2804 3292 id
2824 3246 2907 3292 est
2937 3253 2967 3292 a
2998 3235 3235 3308 praelatis
3263 3236 3566 3308 insipiens,
3599 3237 3657 3293 in
3680 3250 3790 3293 oves

2190 3344 2379 3387 eorum
2430 3328 2579 3401 justo
2628 3330 2866 3401 grassari
2921 3328 3271 3400 permittatur
3317 3328 3565 3399 judicio.
3625 3328 3789 3384 Nostis

2190 3435 2356 3492 quam
2379 3420 2629 3492 plurimis
2657 3462 2671 3489 ,
2702 3418 2902 3476 fratres
2926 3461 2943 3489 ,
2974 3428 3029 3477 et
3057 3420 3148 3492 qui
3181 3420 3405 3492 ignorat
3432 3463 3449 3489 ,
3481 3430 3789 3491 cognoscat,

2190 3513 2367 3569 locum
2416 3513 2910 3582 Celsiuianias,ex
2963 3529 3070 3586 quo
3121 3514 3382 3572 fundatus
3432 3526 3571 3584 est,
3601 3527 3791 3574 sancta

2192 3604 2450 3661 [laniante
2472 3604 2725 3661 Ecclesiae
2750 3605 3059 3678 specialiter
3077 3622 3199 3663 esse
3222 3610 3629 3677 contraditum,
3656 3610 3791 3681 ejus-

2190 3713 2296 3770 que
2325 3700 2426 3755 sub
2454 3699 2681 3755 tuitione
2712 3699 2780 3754 ab
2821 3699 2974 3756 init’o
3004 3700 3272 3756 mansisse
3294 3742 3312 3767 ,
3361 3716 3535 3771 quem
3582 3700 3788 3773 speciali

2192 3807 2378 3847 amore
2399 3791 2726 3863 diligendum
2748 3807 2871 3849 esse
2893 3791 3261 3860 decernimus,
3290 3802 3461 3864 atque
3482 3796 3639 3849 omni
3670 3806 3788 3849 tem-

2190 3887 2322 3955 pore
2363 3884 2649 3955 multiplici
2693 3885 3089 3941 sublimandum
3148 3886 3359 3941 honore
3407 3887 3784 3958 judicavimns.

2192 3975 2301 4031 Nec
2339 3976 2610 4032 immerito
2635 4019 2650 4045 ,
2686 3994 2809 4032 nam
2851 3975 3189 4032 salutiferam
3245 3979 3540 4034 monastici
3593 3980 3788 4034 ordinis

2192 4068 2376 4121 aroma
2410 4083 2476 4121 ex
2507 4069 2695 4122 eodem
2729 4067 2847 4124 loco
2870 4084 3094 4137 surgens
3119 4110 3135 4134 ,
3167 4085 3314 4125 nunc
3346 4069 3400 4122 in
3439 4070 3642 4124 nostris
3672 4086 3788 4139 par-

2193 4159 2336 4215 tibus
2361 4202 2376 4227 ,
2407 4160 2518 4215 Deo
2548 4163 2783 4216 donante
2808 4201 2823 4225 ,
2855 4160 3089 4232 ﬂagrare
3117 4162 3328 4218 utiliter
3369 4164 3611 4219 videtur.
3655 4166 3789 4231 Qua-

2191 4261 2414 4325 propter
2445 4270 2697 4327 rogamus
2741 4262 2797 4309 et
2844 4254 3218 4322 obsecramus,
3277 4270 3590 4326 magnaque
3638 4271 3785 4327 prece

2193 4348 2534 4417 deposcimus
2570 4357 2627 4403 ut
2656 4348 2917 4418 pr:cdicto
2958 4347 3077 4404 loco
3120 4351 3487 4405 reverentiam
3541 4350 3786 4405 exhibere

2196 4440 2439 4508 Curetis,
2494 4440 2675 4511 ibique
2730 4442 2838 4497 Deo
2903 4439 3201 4496 militantes
3249 4441 3433 4496 nullus
3492 4442 3786 4513 inquietare

2194 4543 2511 4605 praesumat.
2545 4533 2602 4590 Si
2645 4535 2767 4604 quis
2802 4544 2981 4590 autem
3018 4535 3085 4591 de
3128 4544 3275 4591 terra
3328 4536 3397 4591 ad
3446 4536 3565 4606 jam
3597 4538 3783 4593 dictum

2193 4628 2586 4684 monasterium
2621 4628 2951 4699 pertinente,
2982 4628 3066 4685 vel
3094 4630 3317 4686 eosdem
3353 4631 3678 4697 monachos,
3703 4642 3786 4687 aut

2192 4718 2261 4777 de
2294 4722 2531 4790 ipsorum
2562 4721 2763 4776 familia
2789 4720 2989 4791 aliquid
3013 4719 3209 4790 injuste
3239 4731 3434 4780 contra
3464 4725 3782 4781 voluntatem

2193 4810 2407 4867 abbatis
2450 4809 2691 4881 ejusdem
2739 4812 2972 4867 cmnobii
3015 4821 3206 4880 tenet,
3261 4824 3451 4870 nostra
3503 4816 3783 4887 apostolica

2195 4901 2520 4957 auctoritate
2543 4901 2885 4971 praecipimus
2912 4911 2970 4956 ut
2995 4904 3100 4959 hoc
3128 4904 3249 4959 sine
3275 4905 3545 4963 dilatione
3577 4909 3781 4963 reddere

2199 4990 2439 5047 festinet.
2477 4989 2630 5058 Quod
2667 4991 2711 5047 si
2743 5007 2849 5046 non
2875 4989 3089 5059 fecerit,
3113 5001 3240 5049 ante
3276 5004 3528 5051 nostram
3561 5014 3781 5069 prm-

2202 5086 2333 5143 tiam
2354 5084 2608 5156 jubcmus
2635 5094 2695 5141 ut
2743 5085 2924 5142 veniat
2965 5072 3346 5143 ratiOnabilem
3369 5104 3599 5145 causam
3630 5093 3780 5146 dict:-

2201 5194 2318 5235 rus.
2352 5178 2409 5234 Si
2440 5193 2567 5234 vero
2610 5187 2665 5235 et
2701 5181 2808 5236 hoc
2857 5180 3243 5249 contempserit
3294 5180 3504 5251 facere,
3542 5193 3657 5238 terr
3677 5185 3737 5238 bi:
3760 5198 3784 5232 ε

2204 5271 2564 5328 auatbematis
2608 5270 2897 5327 innodatus
2942 5280 3127 5328 nostra
3183 5277 3779 5335 excommunicatioae.
