  <div class='ocr_page' id='page_1' title='image "/cluster/home/n/w/nwhite01/storage/ocr_20150623/133/hvd.32044010035673/460.png"; bbox 0 0 3964 5356; ppageno 0'>
   <div class='ocr_carea' id='block_1_1' title="bbox 157 391 3420 469">
    <p class='ocr_par' dir='ltr' id='par_1_1' title="bbox 157 391 3420 469">
     <span class='ocr_line' id='line_1_1' title="bbox 157 391 3420 469; baseline 0.005 -24"><span class='ocrx_word' id='word_1_1' title='bbox 157 397 256 457; x_wconf 69' lang='lat'><strong>913</strong></span> <span class='ocrx_word' id='word_1_2' title='bbox 1309 391 1666 450; x_wconf 57' lang='lat' dir='ltr'><strong>EPISTOLZE</strong></span> <span class='ocrx_word' id='word_1_3' title='bbox 1706 391 1794 449; x_wconf 88' lang='lat' dir='ltr'><strong>ET</strong></span> <span class='ocrx_word' id='word_1_4' title='bbox 1833 393 2244 456; x_wconf 74' lang='lat' dir='ltr'><strong>PRIVILEGIA.</strong></span> <span class='ocrx_word' id='word_1_5' title='bbox 3311 410 3420 469; x_wconf 75' lang='grc'><strong>914</strong></span> 
     </span>
    </p>
   </div>
   <div class='ocr_carea' id='block_1_2' title="bbox 152 507 3418 597">
    <p class='ocr_par' dir='ltr' id='par_1_2' title="bbox 152 507 3418 597">
     <span class='ocr_line' id='line_1_2' title="bbox 152 507 3418 597; baseline 0.005 -28"><span class='ocrx_word' id='word_1_6' title='bbox 152 511 370 570; x_wconf 80' lang='lat' dir='ltr'><strong>sterium</strong></span> <span class='ocrx_word' id='word_1_7' title='bbox 395 507 558 566; x_wconf 92' lang='lat' dir='ltr'><strong>situm</strong></span> <span class='ocrx_word' id='word_1_8' title='bbox 593 515 695 577; x_wconf 87' lang='lat' dir='ltr'><strong>est,</strong></span> <span class='ocrx_word' id='word_1_9' title='bbox 732 517 790 564; x_wconf 94' lang='lat' dir='ltr'><strong>ut</strong></span> <span class='ocrx_word' id='word_1_10' title='bbox 819 524 1008 566; x_wconf 90' lang='lat' dir='ltr'><strong>omnes</strong></span> <span class='ocrx_word' id='word_1_11' title='bbox 1031 523 1120 565; x_wconf 86' lang='lat' dir='ltr'><strong>res</strong></span> <span class='ocrx_word' id='word_1_12' title='bbox 1146 509 1386 581; x_wconf 87' lang='lat' dir='ltr'><strong>ejusdem</strong></span> <span class='ocrx_word' id='word_1_13' title='bbox 1412 509 1727 565; x_wconf 73' lang='lat' dir='ltr'><strong>monasterii</strong></span> <span class='ocrx_word' id='word_1_14' title='bbox 1757 517 1808 574; x_wconf 80' lang='grc' dir='ltr'>Α</span> <span class='ocrx_word' id='word_1_15' title='bbox 1834 522 1926 567; x_wconf 93' lang='lat' dir='ltr'><strong>aut</strong></span> <span class='ocrx_word' id='word_1_16' title='bbox 1959 515 2182 571; x_wconf 90' lang='lat' dir='ltr'><strong>multum</strong></span> <span class='ocrx_word' id='word_1_17' title='bbox 2214 526 2322 575; x_wconf 90' lang='lat' dir='ltr'><strong>tres</strong></span> <span class='ocrx_word' id='word_1_18' title='bbox 2344 534 2500 577; x_wconf 88' lang='lat' dir='ltr'><strong>senes</strong></span> <span class='ocrx_word' id='word_1_19' title='bbox 2526 521 2778 578; x_wconf 83' lang='lat' dir='ltr'><strong>monachi</strong></span> <span class='ocrx_word' id='word_1_20' title='bbox 2805 523 2871 580; x_wconf 93' lang='lat' dir='ltr'><strong>de</strong></span> <span class='ocrx_word' id='word_1_21' title='bbox 2903 539 3134 597; x_wconf 90' lang='lat' dir='ltr'><strong>quorum</strong></span> <span class='ocrx_word' id='word_1_22' title='bbox 3162 526 3271 583; x_wconf 85' lang='lat' dir='ltr'><strong>vita</strong></span> <span class='ocrx_word' id='word_1_23' title='bbox 3306 544 3418 586; x_wconf 91' lang='lat' dir='ltr'><strong>non</strong></span> 
     </span>
    </p>
   </div>
   <div class='ocr_carea' id='block_1_3' title="bbox 151 601 3418 685">
    <p class='ocr_par' dir='ltr' id='par_1_3' title="bbox 151 601 3418 685">
     <span class='ocr_line' id='line_1_3' title="bbox 151 601 3418 685; baseline 0.005 -25"><span class='ocrx_word' id='word_1_24' title='bbox 151 612 416 660; x_wconf 78' lang='lat' dir='ltr'><strong>vastantes</strong></span> <span class='ocrx_word' id='word_1_25' title='bbox 446 643 459 665; x_wconf 90' lang='lat'><strong>,</strong></span> <span class='ocrx_word' id='word_1_26' title='bbox 509 601 592 658; x_wconf 85' lang='lat' dir='ltr'><strong>vel</strong></span> <span class='ocrx_word' id='word_1_27' title='bbox 643 603 847 672; x_wconf 89' lang='lat' dir='ltr'><strong>aliquid</strong></span> <span class='ocrx_word' id='word_1_28' title='bbox 895 603 1019 658; x_wconf 88' lang='lat' dir='ltr'><strong>mali</strong></span> <span class='ocrx_word' id='word_1_29' title='bbox 1067 601 1285 659; x_wconf 82' lang='lat' dir='ltr'><strong>familia</strong></span> <span class='ocrx_word' id='word_1_30' title='bbox 1340 605 1729 660; x_wconf 82' lang='lat' dir='ltr'><strong>monachorum</strong></span> <span class='ocrx_word' id='word_1_31' title='bbox 1833 603 2109 661; x_wconf 89' lang='lat' dir='ltr'><strong>dubitetur</strong></span> <span class='ocrx_word' id='word_1_32' title='bbox 2153 608 2532 681; x_wconf 88' lang='lat' dir='ltr'><strong>relinquantur</strong></span> <span class='ocrx_word' id='word_1_33' title='bbox 2579 614 2644 668; x_wconf 90' lang='lat' dir='ltr'><strong>ad</strong></span> <span class='ocrx_word' id='word_1_34' title='bbox 2679 615 2970 685; x_wconf 89' lang='lat' dir='ltr'><strong>regendum</strong></span> <span class='ocrx_word' id='word_1_35' title='bbox 3016 625 3071 672; x_wconf 92' lang='lat' dir='ltr'><strong>et</strong></span> <span class='ocrx_word' id='word_1_36' title='bbox 3104 619 3418 676; x_wconf 86' lang='lat' dir='ltr'><strong>custodien-</strong></span> 
     </span>
    </p>
   </div>
   <div class='ocr_carea' id='block_1_4' title="bbox 149 695 3416 778">
    <p class='ocr_par' dir='ltr' id='par_1_4' title="bbox 149 695 3416 778">
     <span class='ocr_line' id='line_1_4' title="bbox 149 695 3416 778; baseline 0.004 -25"><span class='ocrx_word' id='word_1_37' title='bbox 149 696 339 753; x_wconf 89' lang='lat' dir='ltr'><strong>ibidem</strong></span> <span class='ocrx_word' id='word_1_38' title='bbox 385 695 795 749; x_wconf 87' lang='lat' dir='ltr'><strong>consistentium</strong></span> <span class='ocrx_word' id='word_1_39' title='bbox 842 695 1133 752; x_wconf 85' lang='lat' dir='ltr'><strong>interentes</strong></span> <span class='ocrx_word' id='word_1_40' title='bbox 1156 737 1172 762; x_wconf 94' lang='lat'><strong>,</strong></span> <span class='ocrx_word' id='word_1_41' title='bbox 1212 696 1388 766; x_wconf 86' lang='lat' dir='ltr'><strong>gladio</strong></span> <span class='ocrx_word' id='word_1_42' title='bbox 1419 712 1730 752; x_wconf 83' lang='lat' dir='ltr'><strong>excommu-</strong></span> <span class='ocrx_word' id='word_1_43' title='bbox 1831 697 1978 751; x_wconf 88' lang='lat' dir='ltr'><strong>dum.</strong></span> <span class='ocrx_word' id='word_1_44' title='bbox 2009 698 2201 754; x_wconf 70' lang='lat' dir='ltr'><strong>(lateri</strong></span> <span class='ocrx_word' id='word_1_45' title='bbox 2231 717 2360 756; x_wconf 85' lang='lat' dir='ltr'><strong>vero</strong></span> <span class='ocrx_word' id='word_1_46' title='bbox 2393 704 2642 758; x_wconf 92' lang='lat' dir='ltr'><strong>monachi</strong></span> <span class='ocrx_word' id='word_1_47' title='bbox 2671 721 2860 761; x_wconf 89' lang='lat' dir='ltr'><strong>omnes</strong></span> <span class='ocrx_word' id='word_1_48' title='bbox 2893 707 3128 778; x_wconf 77' lang='lat' dir='ltr'><strong>majores</strong></span> <span class='ocrx_word' id='word_1_49' title='bbox 3161 722 3218 766; x_wconf 89' lang='lat' dir='ltr'><strong>et</strong></span> <span class='ocrx_word' id='word_1_50' title='bbox 3238 710 3416 768; x_wconf 84' lang='lat' dir='ltr'><strong>miuo-</strong></span> 
     </span>
    </p>
   </div>
   <div class='ocr_carea' id='block_1_5' title="bbox 147 785 3415 871">
    <p class='ocr_par' dir='ltr' id='par_1_5' title="bbox 147 785 3415 871">
     <span class='ocr_line' id='line_1_5' title="bbox 147 785 3415 871; baseline 0.006 -28"><span class='ocrx_word' id='word_1_51' title='bbox 147 787 428 844; x_wconf 88' lang='lat' dir='ltr'><strong>nicationis</strong></span> <span class='ocrx_word' id='word_1_52' title='bbox 451 785 614 842; x_wconf 80' lang='lat' dir='ltr'><strong>ferire</strong></span> <span class='ocrx_word' id='word_1_53' title='bbox 661 803 766 842; x_wconf 91' lang='lat' dir='ltr'><strong>non</strong></span> <span class='ocrx_word' id='word_1_54' title='bbox 819 787 1053 853; x_wconf 78' lang='lat' dir='ltr'><strong>diﬂ‘erat,</strong></span> <span class='ocrx_word' id='word_1_55' title='bbox 1085 797 1138 844; x_wconf 92' lang='lat' dir='ltr'><strong>et</strong></span> <span class='ocrx_word' id='word_1_56' title='bbox 1161 804 1191 843; x_wconf 88' lang='lat' dir='ltr'><strong>a</strong></span> <span class='ocrx_word' id='word_1_57' title='bbox 1223 788 1500 843; x_wconf 89' lang='lat' dir='ltr'><strong>liminibus</strong></span> <span class='ocrx_word' id='word_1_58' title='bbox 1528 798 1729 845; x_wconf 83' lang='lat' dir='ltr'><strong>sancta</strong></span> <span class='ocrx_word' id='word_1_59' title='bbox 1828 801 1918 841; x_wconf 90' lang='lat' dir='ltr'><strong>res</strong></span> <span class='ocrx_word' id='word_1_60' title='bbox 1939 803 2058 842; x_wconf 92' lang='lat' dir='ltr'><strong>cum</strong></span> <span class='ocrx_word' id='word_1_61' title='bbox 2075 790 2325 847; x_wconf 91' lang='lat' dir='ltr'><strong>omnibus</strong></span> <span class='ocrx_word' id='word_1_62' title='bbox 2349 795 2663 850; x_wconf 75' lang='lat' dir='ltr'><strong>monasterii</strong></span> <span class='ocrx_word' id='word_1_63' title='bbox 2687 797 2842 853; x_wconf 83' lang='lat' dir='ltr'><strong>rebus</strong></span> <span class='ocrx_word' id='word_1_64' title='bbox 2857 799 2922 854; x_wconf 89' lang='lat' dir='ltr'><strong>ad</strong></span> <span class='ocrx_word' id='word_1_65' title='bbox 2935 801 3210 871; x_wconf 86' lang='lat' dir='ltr'><strong>proprium</strong></span> <span class='ocrx_word' id='word_1_66' title='bbox 3229 817 3415 861; x_wconf 81' lang='lat' dir='ltr'><strong>cauo-</strong></span> 
     </span>
    </p>
   </div>
   <div class='ocr_carea' id='block_1_6' title="bbox 146 876 3446 966">
    <p class='ocr_par' dir='ltr' id='par_1_6' title="bbox 146 876 3446 966">
     <span class='ocr_line' id='line_1_6' title="bbox 146 876 3446 966; baseline 0.005 -31"><span class='ocrx_word' id='word_1_67' title='bbox 146 882 234 939; x_wconf 88' lang='lat' dir='ltr'><strong>Dei</strong></span> <span class='ocrx_word' id='word_1_68' title='bbox 279 880 532 936; x_wconf 74' lang='lat' dir='ltr'><strong>Ecclesia:</strong></span> <span class='ocrx_word' id='word_1_69' title='bbox 565 881 746 937; x_wconf 86' lang='lat' dir='ltr'><strong>tandiu</strong></span> <span class='ocrx_word' id='word_1_70' title='bbox 778 891 1083 953; x_wconf 85' lang='lat' dir='ltr'><strong>sequestret</strong></span> <span class='ocrx_word' id='word_1_71' title='bbox 1107 923 1124 950; x_wconf 95' lang='lat'><strong>,</strong></span> <span class='ocrx_word' id='word_1_72' title='bbox 1155 883 1327 939; x_wconf 90' lang='lat' dir='ltr'><strong>donec</strong></span> <span class='ocrx_word' id='word_1_73' title='bbox 1377 883 1538 956; x_wconf 85' lang='lat' dir='ltr'><strong>digna</strong></span> <span class='ocrx_word' id='word_1_74' title='bbox 1567 883 1726 939; x_wconf 87' lang='lat' dir='ltr'><strong>satis-</strong></span> <span class='ocrx_word' id='word_1_75' title='bbox 1826 876 1973 932; x_wconf 85' lang='lat' dir='ltr'><strong>bium</strong></span> <span class='ocrx_word' id='word_1_76' title='bbox 1991 878 2172 934; x_wconf 89' lang='lat' dir='ltr'><strong>Casini</strong></span> <span class='ocrx_word' id='word_1_77' title='bbox 2200 884 2397 938; x_wconf 87' lang='lat' dir='ltr'><strong>montis</strong></span> <span class='ocrx_word' id='word_1_78' title='bbox 2417 894 2757 941; x_wconf 74' lang='lat' dir='ltr'><strong>revertantur</strong></span> <span class='ocrx_word' id='word_1_79' title='bbox 2779 887 2849 943; x_wconf 88' lang='lat' dir='ltr'><strong>ibi</strong></span> <span class='ocrx_word' id='word_1_80' title='bbox 2874 889 2982 945; x_wconf 90' lang='lat' dir='ltr'><strong>Deo</strong></span> <span class='ocrx_word' id='word_1_81' title='bbox 3000 890 3407 963; x_wconf 80' lang='lat' dir='ltr'><strong>famul-antibus,</strong></span> <span class='ocrx_word' id='word_1_82' title='bbox 3443 961 3446 966; x_wconf 28' lang='grc' dir='ltr'>ι</span> 
     </span>
    </p>
   </div>
   <div class='ocr_carea' id='block_1_7' title="bbox 145 968 3410 1054">
    <p class='ocr_par' dir='ltr' id='par_1_7' title="bbox 145 968 3410 1054">
     <span class='ocr_line' id='line_1_7' title="bbox 145 968 3410 1054; baseline 0.003 -24"><span class='ocrx_word' id='word_1_83' title='bbox 145 970 372 1030; x_wconf 80' lang='lat' dir='ltr'><strong>factione</strong></span> <span class='ocrx_word' id='word_1_84' title='bbox 407 971 700 1028; x_wconf 88' lang='lat' dir='ltr'><strong>emendare</strong></span> <span class='ocrx_word' id='word_1_85' title='bbox 738 981 1025 1044; x_wconf 86' lang='lat' dir='ltr'><strong>cogantur.</strong></span> <span class='ocrx_word' id='word_1_86' title='bbox 1825 968 1925 1023; x_wconf 89' lang='lat' dir='ltr'><strong>sub</strong></span> <span class='ocrx_word' id='word_1_87' title='bbox 1949 969 2115 1040; x_wconf 90' lang='lat' dir='ltr'><strong>ipsius</strong></span> <span class='ocrx_word' id='word_1_88' title='bbox 2141 973 2284 1027; x_wconf 84' lang='lat' dir='ltr'><strong>beati</strong></span> <span class='ocrx_word' id='word_1_89' title='bbox 2321 973 2499 1030; x_wconf 85' lang='lat' dir='ltr'><strong>Patris</strong></span> <span class='ocrx_word' id='word_1_90' title='bbox 2549 975 2821 1032; x_wconf 83' lang='lat' dir='ltr'><strong>Benedicti</strong></span> <span class='ocrx_word' id='word_1_91' title='bbox 2855 980 3037 1050; x_wconf 86' lang='lat' dir='ltr'><strong>regula</strong></span> <span class='ocrx_word' id='word_1_92' title='bbox 3069 982 3410 1054; x_wconf 84' lang='lat' dir='ltr'><strong>degentibus,</strong></span> 
     </span>
    </p>
   </div>
   <div class='ocr_carea' id='block_1_8' title="bbox 1825 1059 3414 1137">
    <p class='ocr_par' dir='ltr' id='par_1_8' title="bbox 1825 1059 3414 1137">
     <span class='ocr_line' id='line_1_8' title="bbox 1825 1059 3414 1137; baseline 0.009 -24"><span class='ocrx_word' id='word_1_93' title='bbox 1825 1059 1965 1113; x_wconf 89' lang='lat' dir='ltr'><strong>sicut</strong></span> <span class='ocrx_word' id='word_1_94' title='bbox 1992 1061 2290 1132; x_wconf 91' lang='lat' dir='ltr'><strong>antiquitus</strong></span> <span class='ocrx_word' id='word_1_95' title='bbox 2323 1079 2352 1117; x_wconf 92' lang='lat' dir='ltr'><strong>a</strong></span> <span class='ocrx_word' id='word_1_96' title='bbox 2384 1065 2586 1120; x_wconf 87' lang='lat' dir='ltr'><strong>nostris</strong></span> <span class='ocrx_word' id='word_1_97' title='bbox 2616 1067 3107 1137; x_wconf 83' lang='lat' dir='ltr'><strong>pradecessoribus</strong></span> <span class='ocrx_word' id='word_1_98' title='bbox 3130 1080 3186 1127; x_wconf 90' lang='lat' dir='ltr'><strong>et</strong></span> <span class='ocrx_word' id='word_1_99' title='bbox 3213 1071 3282 1127; x_wconf 91' lang='lat' dir='ltr'><strong>ab</strong></span> <span class='ocrx_word' id='word_1_100' title='bbox 3309 1071 3414 1128; x_wconf 90' lang='lat' dir='ltr'><strong>im-</strong></span> 
     </span>
    </p>
   </div>
   <div class='ocr_carea' id='block_1_9' title="bbox 925 1087 936 1114">
    <p class='ocr_par' dir='ltr' id='par_1_9' title="bbox 925 1087 936 1114">
     <span class='ocr_line' id='line_1_9' title="bbox 925 1087 936 1114; baseline 0 0"><span class='ocrx_word' id='word_1_101' title='bbox 925 1087 936 1114; x_wconf 74' lang='grc'>7</span> 
     </span>
    </p>
   </div>
   <div class='ocr_carea' id='block_1_10' title="bbox 206 1087 1702 1252">
    <p class='ocr_par' dir='ltr' id='par_1_10' title="bbox 206 1087 1649 1252">
     <span class='ocr_line' id='line_1_10' title="bbox 466 1087 1004 1152; baseline 0.002 -10"><span class='ocrx_word' id='word_1_102' title='bbox 466 1149 470 1152; x_wconf 95' lang='lat'><strong><em>_</em></strong></span> <span class='ocrx_word' id='word_1_103' title='bbox 843 1087 1004 1143; x_wconf 83' lang='lat' dir='ltr'><strong>XVII.</strong></span> 
     </span>
     <span class='ocr_line' id='line_1_11' title="bbox 206 1209 1649 1252; baseline 0 -2"><span class='ocrx_word' id='word_1_104' title='bbox 206 1209 430 1252; x_wconf 60' lang='lat' dir='ltr'><strong>nouem</strong></span> <span class='ocrx_word' id='word_1_105' title='bbox 482 1209 524 1250; x_wconf 89' lang='grc' dir='ltr'><strong><em>ιι</em></strong></span> <span class='ocrx_word' id='word_1_106' title='bbox 575 1210 835 1252; x_wconf 62' lang='grc' dir='ltr'><strong>ειηετοιλ</strong></span> <span class='ocrx_word' id='word_1_107' title='bbox 885 1212 952 1251; x_wconf 64' lang='lat' dir='ltr'><strong>an</strong></span> <span class='ocrx_word' id='word_1_108' title='bbox 1003 1209 1320 1252; x_wconf 72' lang='lat' dir='ltr'><strong>LANDULFUI</strong></span> <span class='ocrx_word' id='word_1_109' title='bbox 1368 1209 1649 1252; x_wconf 57' lang='lat' dir='ltr'><strong>unusnon</strong></span> 
     </span>
    </p>
   </div>
   <div class='ocr_carea' id='block_1_11' title="bbox 1810 1087 3414 1252">
    <p class='ocr_par' dir='ltr' id='par_1_11' title="bbox 1822 1087 3414 1233">
     <span class='ocr_line' id='line_1_12' title="bbox 1825 1087 3414 1137; baseline 0.009 -24"><span class='ocrx_word' id='word_1_110' title='bbox 1825 1087 1965 1113; x_wconf 72' lang='lat' dir='ltr'><strong>arcus</strong></span> <span class='ocrx_word' id='word_1_111' title='bbox 1992 1087 2290 1132; x_wconf 71' lang='lat' dir='ltr'><strong>ulluquuus</strong></span> <span class='ocrx_word' id='word_1_112' title='bbox 2323 1087 2352 1117; x_wconf 77' lang='lat' dir='ltr'><strong>u</strong></span> <span class='ocrx_word' id='word_1_113' title='bbox 2384 1087 2586 1120; x_wconf 74' lang='lat' dir='ltr'><strong>IIUSU&#39;IS</strong></span> <span class='ocrx_word' id='word_1_114' title='bbox 2616 1087 3107 1137; x_wconf 67' lang='grc' dir='ltr'><strong>μνωιιρεθεδοι-ιυυε</strong></span> <span class='ocrx_word' id='word_1_115' title='bbox 3130 1087 3186 1127; x_wconf 76' lang='lat' dir='ltr'><strong>CI.</strong></span> <span class='ocrx_word' id='word_1_116' title='bbox 3213 1087 3282 1127; x_wconf 85' lang='lat' dir='ltr'><strong>an</strong></span> <span class='ocrx_word' id='word_1_117' title='bbox 3309 1087 3414 1128; x_wconf 79' lang='grc' dir='ltr'><strong>ιω-</strong></span> 
     </span>
     <span class='ocr_line' id='line_1_13' title="bbox 1822 1150 3414 1233; baseline 0.013 -32"><span class='ocrx_word' id='word_1_118' title='bbox 1822 1150 2165 1218; x_wconf 83' lang='lat' dir='ltr'><strong>peratoribus</strong></span> <span class='ocrx_word' id='word_1_119' title='bbox 2207 1160 2262 1206; x_wconf 91' lang='lat' dir='ltr'><strong>et</strong></span> <span class='ocrx_word' id='word_1_120' title='bbox 2314 1153 2531 1225; x_wconf 79' lang='lat' dir='ltr'><strong>regibus</strong></span> <span class='ocrx_word' id='word_1_121' title='bbox 2561 1155 2840 1212; x_wconf 79' lang='lat' dir='ltr'><strong>deﬁnitum</strong></span> <span class='ocrx_word' id='word_1_122' title='bbox 2866 1199 2880 1224; x_wconf 94' lang='lat'><strong>,</strong></span> <span class='ocrx_word' id='word_1_123' title='bbox 2910 1168 2965 1214; x_wconf 88' lang='lat' dir='ltr'><strong>et</strong></span> <span class='ocrx_word' id='word_1_124' title='bbox 3011 1160 3414 1233; x_wconf 86' lang='lat' dir='ltr'><strong>promulgatum</strong></span> 
     </span>
    </p>
   </div>
   <div class='ocr_carea' id='block_1_12' title="bbox 769 1243 3412 1326">
    <p class='ocr_par' dir='ltr' id='par_1_12' title="bbox 769 1243 3412 1326">
     <span class='ocr_line' id='line_1_14' title="bbox 769 1243 3412 1326; baseline -0.004 -13"><span class='ocrx_word' id='word_1_125' title='bbox 769 1243 1320 1323; x_wconf 42' lang='lat' dir='ltr'><strong>ﬁrm-apalwnu—</strong></span> <span class='ocrx_word' id='word_1_126' title='bbox 1370 1243 1649 1252; x_wconf 56' lang='lat' dir='ltr'><strong>&quot;mm&quot;</strong></span> <span class='ocrx_word' id='word_1_127' title='bbox 1822 1251 1925 1308; x_wconf 74' lang='grc' dir='ltr'><strong>οδιο</strong></span> <span class='ocrx_word' id='word_1_128' title='bbox 1957 1251 2015 1296; x_wconf 82' lang='grc' dir='ltr'><strong>ιιι</strong></span> <span class='ocrx_word' id='word_1_129' title='bbox 2055 1243 2154 1299; x_wconf 80' lang='lat' dir='ltr'><strong>sub</strong></span> <span class='ocrx_word' id='word_1_130' title='bbox 2178 1243 2376 1300; x_wconf 79' lang='lat' dir='ltr'><strong>nullius</strong></span> <span class='ocrx_word' id='word_1_131' title='bbox 2421 1247 2680 1319; x_wconf 83' lang='lat' dir='ltr'><strong>principis</strong></span> <span class='ocrx_word' id='word_1_132' title='bbox 2703 1289 2718 1316; x_wconf 93' lang='lat'><strong>,</strong></span> <span class='ocrx_word' id='word_1_133' title='bbox 2756 1249 2942 1318; x_wconf 89' lang='lat' dir='ltr'><strong>ducis,</strong></span> <span class='ocrx_word' id='word_1_134' title='bbox 2977 1264 3070 1307; x_wconf 85' lang='lat' dir='ltr'><strong>aut</strong></span> <span class='ocrx_word' id='word_1_135' title='bbox 3117 1255 3412 1326; x_wconf 75' lang='lat' dir='ltr'><strong>gastaldei,</strong></span> 
     </span>
    </p>
   </div>
   <div class='ocr_carea' id='block_1_13' title="bbox 1820 1332 3413 1416">
    <p class='ocr_par' dir='ltr' id='par_1_13' title="bbox 1820 1332 3413 1416">
     <span class='ocr_line' id='line_1_15' title="bbox 1820 1332 3413 1416; baseline 0.01 -30"><span class='ocrx_word' id='word_1_136' title='bbox 1820 1332 1907 1388; x_wconf 85' lang='lat' dir='ltr'><strong>vel</strong></span> <span class='ocrx_word' id='word_1_137' title='bbox 1930 1333 2157 1406; x_wconf 89' lang='lat' dir='ltr'><strong>alicujus</strong></span> <span class='ocrx_word' id='word_1_138' title='bbox 2188 1351 2397 1409; x_wconf 83' lang='lat' dir='ltr'><strong>magna</strong></span> <span class='ocrx_word' id='word_1_139' title='bbox 2420 1352 2708 1410; x_wconf 84' lang='lat' dir='ltr'><strong>parvaque</strong></span> <span class='ocrx_word' id='word_1_140' title='bbox 2732 1355 2979 1411; x_wconf 85' lang='lat' dir='ltr'><strong>persona</strong></span> <span class='ocrx_word' id='word_1_141' title='bbox 2997 1383 3013 1409; x_wconf 97' lang='lat'><strong>,</strong></span> <span class='ocrx_word' id='word_1_142' title='bbox 3040 1343 3221 1416; x_wconf 91' lang='lat' dir='ltr'><strong>aliquo</strong></span> <span class='ocrx_word' id='word_1_143' title='bbox 3249 1345 3413 1402; x_wconf 88' lang='lat' dir='ltr'><strong>modo</strong></span> 
     </span>
    </p>
   </div>
   <div class='ocr_carea' id='block_1_14' title="bbox 763 1423 3413 1508">
    <p class='ocr_par' dir='ltr' id='par_1_14' title="bbox 763 1423 3413 1508">
     <span class='ocr_line' id='line_1_16' title="bbox 763 1423 3413 1508; baseline 0.015 -56"><span class='ocrx_word' id='word_1_144' title='bbox 876 1423 978 1435; x_wconf 70' lang='grc' dir='ltr'>νιν</span> <span class='ocrx_word' id='word_1_145' title='bbox 1218 1503 1229 1508; x_wconf 23' lang='grc' dir='ltr'><strong><em>Α</em></strong></span> <span class='ocrx_word' id='word_1_146' title='bbox 1275 1501 1287 1508; x_wconf 32' lang='grc' dir='ltr'><strong><em>Δ</em></strong></span> <span class='ocrx_word' id='word_1_147' title='bbox 1437 1493 1466 1508; x_wconf 45' lang='grc'><strong><em>⁸</em></strong></span> <span class='ocrx_word' id='word_1_148' title='bbox 1557 1492 1568 1508; x_wconf 47' lang='grc' dir='ltr'><strong>Ι</strong></span> <span class='ocrx_word' id='word_1_149' title='bbox 1611 1500 1623 1508; x_wconf 32' lang='grc' dir='ltr'><strong><em>Δ</em></strong></span> <span class='ocrx_word' id='word_1_150' title='bbox 1821 1423 2144 1478; x_wconf 88' lang='lat' dir='ltr'><strong>subderetur</strong></span> <span class='ocrx_word' id='word_1_151' title='bbox 2190 1426 2429 1482; x_wconf 86' lang='lat' dir='ltr'><strong>dominio</strong></span> <span class='ocrx_word' id='word_1_152' title='bbox 2459 1467 2475 1493; x_wconf 93' lang='lat'><strong>,</strong></span> <span class='ocrx_word' id='word_1_153' title='bbox 2526 1429 2600 1482; x_wconf 90' lang='lat' dir='ltr'><strong>ita</strong></span> <span class='ocrx_word' id='word_1_154' title='bbox 2646 1437 2702 1484; x_wconf 92' lang='lat' dir='ltr'><strong>et</strong></span> <span class='ocrx_word' id='word_1_155' title='bbox 2746 1431 2844 1486; x_wconf 87' lang='lat' dir='ltr'><strong>sub</strong></span> <span class='ocrx_word' id='word_1_156' title='bbox 2903 1441 3088 1488; x_wconf 88' lang='lat' dir='ltr'><strong>nostra</strong></span> <span class='ocrx_word' id='word_1_157' title='bbox 3133 1443 3191 1490; x_wconf 90' lang='lat' dir='ltr'><strong>et</strong></span> <span class='ocrx_word' id='word_1_158' title='bbox 3222 1448 3413 1508; x_wconf 85' lang='lat' dir='ltr'><strong>regum</strong></span> 
     </span>
    </p>
   </div>
   <div class='ocr_carea' id='block_1_15' title="bbox 205 1488 1702 1590">
    <p class='ocr_par' dir='ltr' id='par_1_15' title="bbox 205 1488 1646 1564">
     <span class='ocr_line' id='line_1_17' title="bbox 205 1488 1646 1564; baseline 0 -18"><span class='ocrx_word' id='word_1_159' title='bbox 205 1488 382 1547; x_wconf 77' lang='lat' dir='ltr'><strong>Mouet</strong></span> <span class='ocrx_word' id='word_1_160' title='bbox 403 1507 468 1548; x_wconf 81' lang='lat' dir='ltr'><strong>ne</strong></span> <span class='ocrx_word' id='word_1_161' title='bbox 490 1493 794 1548; x_wconf 77' lang='lat' dir='ltr'><strong>monasterii</strong></span> <span class='ocrx_word' id='word_1_162' title='bbox 817 1491 1059 1562; x_wconf 84' lang='lat' dir='ltr'><strong>Capuani</strong></span> <span class='ocrx_word' id='word_1_163' title='bbox 1079 1492 1372 1548; x_wconf 80' lang='lat' dir='ltr'><strong>libertatem</strong></span> <span class='ocrx_word' id='word_1_164' title='bbox 1394 1492 1646 1564; x_wconf 76' lang='lat' dir='ltr'><strong>oﬂendat.</strong></span> 
     </span>
    </p>
   </div>
   <div class='ocr_carea' id='block_1_16' title="bbox 1810 1488 3414 1590">
    <p class='ocr_par' dir='ltr' id='par_1_16' title="bbox 1820 1488 3414 1590">
     <span class='ocr_line' id='line_1_18' title="bbox 1820 1488 3414 1590; baseline 0.01 -20"><span class='ocrx_word' id='word_1_165' title='bbox 1820 1515 2073 1582; x_wconf 86' lang='lat' dir='ltr'><strong>tuitione,</strong></span> <span class='ocrx_word' id='word_1_166' title='bbox 2104 1515 2205 1573; x_wconf 88' lang='lat' dir='ltr'><strong>sub</strong></span> <span class='ocrx_word' id='word_1_167' title='bbox 2244 1519 2456 1574; x_wconf 89' lang='lat' dir='ltr'><strong>abbatis</strong></span> <span class='ocrx_word' id='word_1_168' title='bbox 2494 1520 2839 1578; x_wconf 88' lang='lat' dir='ltr'><strong>ordinatione</strong></span> <span class='ocrx_word' id='word_1_169' title='bbox 2865 1563 2881 1590; x_wconf 91' lang='lat'><strong>,</strong></span> <span class='ocrx_word' id='word_1_170' title='bbox 2911 1524 3008 1580; x_wconf 90' lang='lat' dir='ltr'><strong>Dei</strong></span> <span class='ocrx_word' id='word_1_171' title='bbox 3061 1540 3186 1582; x_wconf 93' lang='lat' dir='ltr'><strong>cum</strong></span> <span class='ocrx_word' id='word_1_172' title='bbox 3217 1488 3414 1586; x_wconf 50' lang='lat' dir='ltr'><strong>liuiore</strong></span> 
     </span>
    </p>
   </div>
   <div class='ocr_carea' id='block_1_17' title="bbox 537 1583 1702 1690">
    <p class='ocr_par' dir='ltr' id='par_1_17' title="bbox 537 1583 1312 1660">
     <span class='ocr_line' id='line_1_19' title="bbox 537 1583 1312 1660; baseline 0.001 -21"><span class='ocrx_word' id='word_1_173' title='bbox 537 1583 797 1658; x_wconf 86' lang='lat' dir='ltr'><strong>[Gattula,</strong></span> <span class='ocrx_word' id='word_1_174' title='bbox 831 1584 973 1640; x_wconf 76' lang='lat' dir='ltr'><strong>Hist.</strong></span> <span class='ocrx_word' id='word_1_175' title='bbox 1005 1585 1129 1641; x_wconf 77' lang='lat' dir='ltr'><strong>Cas.</strong></span> <span class='ocrx_word' id='word_1_176' title='bbox 1163 1584 1312 1660; x_wconf 84' lang='lat' dir='ltr'><strong>I90.]</strong></span> 
     </span>
    </p>
   </div>
   <div class='ocr_carea' id='block_1_18' title="bbox 1810 1583 3409 1690">
    <p class='ocr_par' dir='ltr' id='par_1_18' title="bbox 1817 1583 3409 1690">
     <span class='ocr_line' id='line_1_20' title="bbox 1817 1583 3409 1690; baseline 0.01 -30"><span class='ocrx_word' id='word_1_177' title='bbox 1817 1607 2130 1677; x_wconf 85' lang='lat' dir='ltr'><strong>perenniter</strong></span> <span class='ocrx_word' id='word_1_178' title='bbox 2182 1610 2478 1681; x_wconf 87' lang='lat' dir='ltr'><strong>regendum</strong></span> <span class='ocrx_word' id='word_1_179' title='bbox 2531 1621 2692 1683; x_wconf 88' lang='lat' dir='ltr'><strong>atque</strong></span> <span class='ocrx_word' id='word_1_180' title='bbox 2741 1583 3183 1685; x_wconf 81' lang='lat' dir='ltr'><strong>dispensandum.</strong></span> <span class='ocrx_word' id='word_1_181' title='bbox 3227 1583 3409 1690; x_wconf 69' lang='lat' dir='ltr'><strong>Nam,</strong></span> 
     </span>
    </p>
   </div>
   <div class='ocr_carea' id='block_1_19' title="bbox 198 1695 3407 1782">
    <p class='ocr_par' dir='ltr' id='par_1_19' title="bbox 198 1695 3407 1782">
     <span class='ocr_line' id='line_1_21' title="bbox 198 1695 3407 1782; baseline 0.005 -30"><span class='ocrx_word' id='word_1_182' title='bbox 198 1695 482 1754; x_wconf 68' lang='lat' dir='ltr'><strong>Amemus</strong></span> <span class='ocrx_word' id='word_1_183' title='bbox 523 1699 828 1771; x_wconf 89' lang='lat' dir='ltr'><strong>episcopus,</strong></span> <span class='ocrx_word' id='word_1_184' title='bbox 866 1716 1056 1758; x_wconf 89' lang='lat' dir='ltr'><strong>servus</strong></span> <span class='ocrx_word' id='word_1_185' title='bbox 1097 1717 1379 1758; x_wconf 90' lang='lat' dir='ltr'><strong>servorum</strong></span> <span class='ocrx_word' id='word_1_186' title='bbox 1417 1701 1536 1771; x_wconf 88' lang='lat' dir='ltr'><strong>Dei,</strong></span> <span class='ocrx_word' id='word_1_187' title='bbox 1576 1700 1720 1758; x_wconf 61' lang='grc' dir='ltr'><strong>[ΑΝ-</strong></span> <span class='ocrx_word' id='word_1_188' title='bbox 1819 1701 2098 1771; x_wconf 90' lang='lat' dir='ltr'><strong>quodnon</strong></span> <span class='ocrx_word' id='word_1_189' title='bbox 2125 1703 2398 1758; x_wconf 87' lang='lat' dir='ltr'><strong>credimus</strong></span> <span class='ocrx_word' id='word_1_190' title='bbox 2421 1745 2434 1769; x_wconf 95' lang='lat'><strong>,</strong></span> <span class='ocrx_word' id='word_1_191' title='bbox 2463 1705 2554 1776; x_wconf 90' lang='lat' dir='ltr'><strong>qui</strong></span> <span class='ocrx_word' id='word_1_192' title='bbox 2595 1706 2752 1762; x_wconf 89' lang='lat' dir='ltr'><strong>aliter</strong></span> <span class='ocrx_word' id='word_1_193' title='bbox 2782 1722 2942 1780; x_wconf 89' lang='lat' dir='ltr'><strong>agere</strong></span> <span class='ocrx_word' id='word_1_194' title='bbox 2971 1712 3407 1782; x_wconf 83' lang='lat' dir='ltr'><strong>prasumpserit,</strong></span> 
     </span>
    </p>
   </div>
   <div class='ocr_carea' id='block_1_20' title="bbox 136 1789 3409 1870">
    <p class='ocr_par' dir='ltr' id='par_1_20' title="bbox 136 1789 3409 1870">
     <span class='ocr_line' id='line_1_22' title="bbox 136 1789 3409 1870; baseline 0.005 -26"><span class='ocrx_word' id='word_1_195' title='bbox 136 1803 323 1856; x_wconf 81' lang='lat' dir='ltr'><strong>DULFO,</strong></span> <span class='ocrx_word' id='word_1_196' title='bbox 355 1789 612 1862; x_wconf 87' lang='lat' dir='ltr'><strong>Capuano</strong></span> <span class='ocrx_word' id='word_1_197' title='bbox 649 1793 899 1863; x_wconf 91' lang='lat' dir='ltr'><strong>principi.</strong></span> <span class='ocrx_word' id='word_1_198' title='bbox 1819 1799 1914 1846; x_wconf 87' lang='lat' dir='ltr'><strong>aut</strong></span> <span class='ocrx_word' id='word_1_199' title='bbox 1942 1791 2176 1864; x_wconf 89' lang='lat' dir='ltr'><strong>aliquam</strong></span> <span class='ocrx_word' id='word_1_200' title='bbox 2208 1794 2608 1851; x_wconf 87' lang='lat' dir='ltr'><strong>ordinationem</strong></span> <span class='ocrx_word' id='word_1_201' title='bbox 2634 1798 2700 1853; x_wconf 92' lang='lat' dir='ltr'><strong>de</strong></span> <span class='ocrx_word' id='word_1_202' title='bbox 2729 1798 2846 1870; x_wconf 91' lang='lat' dir='ltr'><strong>ipso</strong></span> <span class='ocrx_word' id='word_1_203' title='bbox 2867 1802 3198 1858; x_wconf 90' lang='lat' dir='ltr'><strong>monasterio</strong></span> <span class='ocrx_word' id='word_1_204' title='bbox 3227 1802 3409 1861; x_wconf 79' lang='lat' dir='ltr'><strong>facere</strong></span> 
     </span>
    </p>
   </div>
   <div class='ocr_carea' id='block_1_21' title="bbox 196 1880 3410 1961">
    <p class='ocr_par' dir='ltr' id='par_1_21' title="bbox 196 1880 3410 1961">
     <span class='ocr_line' id='line_1_23' title="bbox 196 1880 3410 1961; baseline 0.006 -26"><span class='ocrx_word' id='word_1_205' title='bbox 196 1880 551 1948; x_wconf 85' lang='lat' dir='ltr'><strong>Audivimus,</strong></span> <span class='ocrx_word' id='word_1_206' title='bbox 581 1884 723 1953; x_wconf 89' lang='lat' dir='ltr'><strong>quod</strong></span> <span class='ocrx_word' id='word_1_207' title='bbox 773 1884 891 1939; x_wconf 90' lang='lat' dir='ltr'><strong>sine</strong></span> <span class='ocrx_word' id='word_1_208' title='bbox 943 1885 1178 1940; x_wconf 80' lang='lat' dir='ltr'><strong>maxima</strong></span> <span class='ocrx_word' id='word_1_209' title='bbox 1225 1885 1404 1941; x_wconf 89' lang='lat' dir='ltr'><strong>cordis</strong></span> <span class='ocrx_word' id='word_1_210' title='bbox 1455 1886 1714 1942; x_wconf 72' lang='lat' dir='ltr'><strong>mastitia</strong></span> <span class='ocrx_word' id='word_1_211' title='bbox 1746 1880 1791 1941; x_wconf 88' lang='lat' dir='ltr'><strong>B</strong></span> <span class='ocrx_word' id='word_1_212' title='bbox 1822 1886 2132 1950; x_wconf 86' lang='lat' dir='ltr'><strong>tentaverit,</strong></span> <span class='ocrx_word' id='word_1_213' title='bbox 2160 1886 2275 1940; x_wconf 88' lang='lat' dir='ltr'><strong>sive</strong></span> <span class='ocrx_word' id='word_1_214' title='bbox 2319 1886 2386 1942; x_wconf 89' lang='lat' dir='ltr'><strong>de</strong></span> <span class='ocrx_word' id='word_1_215' title='bbox 2433 1888 2596 1943; x_wconf 86' lang='lat' dir='ltr'><strong>rebus</strong></span> <span class='ocrx_word' id='word_1_216' title='bbox 2624 1891 2917 1961; x_wconf 85' lang='lat' dir='ltr'><strong>supradicti</strong></span> <span class='ocrx_word' id='word_1_217' title='bbox 2965 1895 3282 1952; x_wconf 88' lang='lat' dir='ltr'><strong>monasterii</strong></span> <span class='ocrx_word' id='word_1_218' title='bbox 3324 1897 3410 1954; x_wconf 75' lang='lat' dir='ltr'><strong>in-</strong></span> 
     </span>
    </p>
   </div>
   <div class='ocr_carea' id='block_1_22' title="bbox 133 1971 3408 2058">
    <p class='ocr_par' dir='ltr' id='par_1_22' title="bbox 133 1971 3408 2058">
     <span class='ocr_line' id='line_1_24' title="bbox 133 1971 3408 2058; baseline 0.005 -31"><span class='ocrx_word' id='word_1_219' title='bbox 133 1971 269 2043; x_wconf 91' lang='lat' dir='ltr'><strong>loqui</strong></span> <span class='ocrx_word' id='word_1_220' title='bbox 293 1988 398 2027; x_wconf 92' lang='lat' dir='ltr'><strong>non</strong></span> <span class='ocrx_word' id='word_1_221' title='bbox 427 1989 740 2044; x_wconf 89' lang='lat' dir='ltr'><strong>possumus,</strong></span> <span class='ocrx_word' id='word_1_222' title='bbox 764 1973 1103 2031; x_wconf 88' lang='lat' dir='ltr'><strong>Cassinensis</strong></span> <span class='ocrx_word' id='word_1_223' title='bbox 1140 1976 1377 2031; x_wconf 86' lang='lat' dir='ltr'><strong>coenobii</strong></span> <span class='ocrx_word' id='word_1_224' title='bbox 1423 1977 1716 2033; x_wconf 89' lang='lat' dir='ltr'><strong>monachos</strong></span> <span class='ocrx_word' id='word_1_225' title='bbox 1814 1976 2015 2031; x_wconf 84' lang='lat' dir='ltr'><strong>vadere</strong></span> <span class='ocrx_word' id='word_1_226' title='bbox 2039 1979 2465 2049; x_wconf 85' lang='lat' dir='ltr'><strong>prasumpserit,</strong></span> <span class='ocrx_word' id='word_1_227' title='bbox 2495 1988 2551 2035; x_wconf 90' lang='lat' dir='ltr'><strong>et</strong></span> <span class='ocrx_word' id='word_1_228' title='bbox 2595 1981 2734 2037; x_wconf 90' lang='lat' dir='ltr'><strong>hanc</strong></span> <span class='ocrx_word' id='word_1_229' title='bbox 2765 1992 3008 2039; x_wconf 88' lang='lat' dir='ltr'><strong>nostram</strong></span> <span class='ocrx_word' id='word_1_230' title='bbox 3052 1987 3408 2058; x_wconf 87' lang='lat' dir='ltr'><strong>apostolicam</strong></span> 
     </span>
    </p>
   </div>
   <div class='ocr_carea' id='block_1_23' title="bbox 131 2064 3409 2146">
    <p class='ocr_par' dir='ltr' id='par_1_23' title="bbox 131 2064 3409 2146">
     <span class='ocr_line' id='line_1_25' title="bbox 131 2064 3409 2146; baseline 0.005 -26"><span class='ocrx_word' id='word_1_231' title='bbox 131 2064 406 2121; x_wconf 84' lang='lat' dir='ltr'><strong>inhoneste</strong></span> <span class='ocrx_word' id='word_1_232' title='bbox 443 2077 498 2121; x_wconf 92' lang='lat' dir='ltr'><strong>et</strong></span> <span class='ocrx_word' id='word_1_233' title='bbox 539 2066 767 2136; x_wconf 90' lang='lat' dir='ltr'><strong>turpiter</strong></span> <span class='ocrx_word' id='word_1_234' title='bbox 812 2067 1144 2121; x_wconf 88' lang='lat' dir='ltr'><strong>conversari.</strong></span> <span class='ocrx_word' id='word_1_235' title='bbox 1189 2067 1340 2135; x_wconf 85' lang='lat' dir='ltr'><strong>Quod</strong></span> <span class='ocrx_word' id='word_1_236' title='bbox 1390 2082 1554 2137; x_wconf 89' lang='lat' dir='ltr'><strong>quam</strong></span> <span class='ocrx_word' id='word_1_237' title='bbox 1587 2083 1713 2137; x_wconf 80' lang='lat' dir='ltr'><strong>per-</strong></span> <span class='ocrx_word' id='word_1_238' title='bbox 1807 2064 3409 2146; x_wconf 85' lang='lat' dir='ltr'><strong>jussioneminaliquibusl‘rangeretentaverit,sciatse,nisi</strong></span> 
     </span>
    </p>
   </div>
   <div class='ocr_carea' id='block_1_24' title="bbox 130 2156 3404 2241">
    <p class='ocr_par' dir='ltr' id='par_1_24' title="bbox 130 2156 3404 2241">
     <span class='ocr_line' id='line_1_26' title="bbox 130 2156 3404 2241; baseline 0.005 -30"><span class='ocrx_word' id='word_1_239' title='bbox 130 2156 385 2213; x_wconf 89' lang='lat' dir='ltr'><strong>niciosum</strong></span> <span class='ocrx_word' id='word_1_240' title='bbox 414 2165 473 2214; x_wconf 90' lang='lat' dir='ltr'><strong>et</strong></span> <span class='ocrx_word' id='word_1_241' title='bbox 497 2173 658 2227; x_wconf 90' lang='lat' dir='ltr'><strong>quam</strong></span> <span class='ocrx_word' id='word_1_242' title='bbox 686 2156 969 2212; x_wconf 88' lang='lat' dir='ltr'><strong>scelestum</strong></span> <span class='ocrx_word' id='word_1_243' title='bbox 1001 2158 1074 2213; x_wconf 85' lang='lat' dir='ltr'><strong>sit</strong></span> <span class='ocrx_word' id='word_1_244' title='bbox 1103 2199 1117 2224; x_wconf 92' lang='lat'><strong>,</strong></span> <span class='ocrx_word' id='word_1_245' title='bbox 1150 2158 1328 2213; x_wconf 90' lang='lat' dir='ltr'><strong>nullus</strong></span> <span class='ocrx_word' id='word_1_246' title='bbox 1365 2157 1535 2212; x_wconf 81' lang='lat' dir='ltr'><strong>ﬁdelis</strong></span> <span class='ocrx_word' id='word_1_247' title='bbox 1565 2157 1716 2229; x_wconf 84' lang='lat' dir='ltr'><strong>igno-</strong></span> <span class='ocrx_word' id='word_1_248' title='bbox 1815 2162 2125 2232; x_wconf 87' lang='lat' dir='ltr'><strong>resipuerit,</strong></span> <span class='ocrx_word' id='word_1_249' title='bbox 2144 2164 2471 2219; x_wconf 88' lang='lat' dir='ltr'><strong>auctoritate</strong></span> <span class='ocrx_word' id='word_1_250' title='bbox 2497 2163 2592 2219; x_wconf 90' lang='lat' dir='ltr'><strong>Dei</strong></span> <span class='ocrx_word' id='word_1_251' title='bbox 2614 2173 2671 2221; x_wconf 83' lang='lat' dir='ltr'><strong>et</strong></span> <span class='ocrx_word' id='word_1_252' title='bbox 2689 2166 2833 2222; x_wconf 88' lang='lat' dir='ltr'><strong>beati</strong></span> <span class='ocrx_word' id='word_1_253' title='bbox 2861 2167 3008 2224; x_wconf 87' lang='lat' dir='ltr'><strong>Petri</strong></span> <span class='ocrx_word' id='word_1_254' title='bbox 3035 2169 3404 2241; x_wconf 89' lang='lat' dir='ltr'><strong>apostolorum</strong></span> 
     </span>
    </p>
   </div>
   <div class='ocr_carea' id='block_1_25' title="bbox 665 1379 1182 1452">
    <p class='ocr_par' dir='ltr' id='par_1_25' title="bbox 665 1379 1182 1452">
     <span class='ocr_line' id='line_1_27' title="bbox 665 1379 1182 1452; baseline 0.002 -19"><span class='ocrx_word' id='word_1_255' title='bbox 665 1379 844 1452; x_wconf 81' lang='lat' dir='ltr'><strong>(Anno</strong></span> <span class='ocrx_word' id='word_1_256' title='bbox 873 1380 979 1435; x_wconf 74' lang='grc'><strong>946</strong></span> <span class='ocrx_word' id='word_1_257' title='bbox 992 1379 1182 1448; x_wconf 83' lang='lat'><strong>-955.)</strong></span> 
     </span>
    </p>
   </div>
   <div class='ocr_carea' id='block_1_26' title="bbox 129 2245 1713 2319">
    <p class='ocr_par' dir='ltr' id='par_1_26' title="bbox 129 2245 1713 2319">
     <span class='ocr_line' id='line_1_28' title="bbox 129 2245 1713 2319; baseline 0.002 -18"><span class='ocrx_word' id='word_1_258' title='bbox 129 2255 226 2313; x_wconf 88' lang='lat' dir='ltr'><strong>rat,</strong></span> <span class='ocrx_word' id='word_1_259' title='bbox 255 2263 378 2302; x_wconf 90' lang='lat' dir='ltr'><strong>nam</strong></span> <span class='ocrx_word' id='word_1_260' title='bbox 414 2256 478 2301; x_wconf 93' lang='lat' dir='ltr'><strong>ut</strong></span> <span class='ocrx_word' id='word_1_261' title='bbox 503 2245 770 2316; x_wconf 88' lang='lat' dir='ltr'><strong>Propheta</strong></span> <span class='ocrx_word' id='word_1_262' title='bbox 803 2257 1035 2304; x_wconf 88' lang='lat' dir='ltr'><strong>testatur</strong></span> <span class='ocrx_word' id='word_1_263' title='bbox 1066 2265 1078 2302; x_wconf 92' lang='lat'><strong>:</strong></span> <span class='ocrx_word' id='word_1_264' title='bbox 1116 2266 1134 2299; x_wconf 85' lang='grc'>‹</span> <span class='ocrx_word' id='word_1_265' title='bbox 1166 2247 1394 2319; x_wconf 84' lang='lat' dir='ltr'><strong>Lapides</strong></span> <span class='ocrx_word' id='word_1_266' title='bbox 1419 2248 1713 2304; x_wconf 86' lang='lat' dir='ltr'><strong>sanctuarii</strong></span> 
     </span>
    </p>
   </div>
   <div class='ocr_carea' id='block_1_27' title="bbox 129 2337 1708 2412">
    <p class='ocr_par' dir='ltr' id='par_1_27' title="bbox 129 2337 1708 2412">
     <span class='ocr_line' id='line_1_29' title="bbox 129 2337 1708 2412; baseline 0.002 -20"><span class='ocrx_word' id='word_1_267' title='bbox 129 2337 179 2394; x_wconf 89' lang='lat' dir='ltr'><strong>in</strong></span> <span class='ocrx_word' id='word_1_268' title='bbox 212 2340 383 2411; x_wconf 90' lang='lat' dir='ltr'><strong>capite</strong></span> <span class='ocrx_word' id='word_1_269' title='bbox 429 2340 732 2412; x_wconf 90' lang='lat' dir='ltr'><strong>platearum</strong></span> <span class='ocrx_word' id='word_1_270' title='bbox 777 2340 1008 2410; x_wconf 88' lang='lat' dir='ltr'><strong>dispersi</strong></span> <span class='ocrx_word' id='word_1_271' title='bbox 1043 2351 1170 2397; x_wconf 91' lang='lat' dir='ltr'><strong>sunt</strong></span> <span class='ocrx_word' id='word_1_272' title='bbox 1213 2339 1431 2411; x_wconf 78' lang='lat' dir='ltr'><strong>(Tltren.</strong></span> <span class='ocrx_word' id='word_1_273' title='bbox 1476 2356 1550 2406; x_wconf 78' lang='lat' dir='ltr'><strong>tv,</strong></span> <span class='ocrx_word' id='word_1_274' title='bbox 1579 2341 1655 2410; x_wconf 85' lang='lat' dir='ltr'><strong>l),</strong></span> <span class='ocrx_word' id='word_1_275' title='bbox 1687 2361 1708 2394; x_wconf 71' lang='grc' dir='ltr'><strong><em>ι</em></strong></span> 
     </span>
    </p>
   </div>
   <div class='ocr_carea' id='block_1_28' title="bbox 129 2432 1708 2504">
    <p class='ocr_par' dir='ltr' id='par_1_28' title="bbox 129 2432 1708 2504">
     <span class='ocr_line' id='line_1_30' title="bbox 129 2432 1708 2504; baseline 0.003 -18"><span class='ocrx_word' id='word_1_276' title='bbox 129 2446 242 2487; x_wconf 91' lang='lat' dir='ltr'><strong>cum</strong></span> <span class='ocrx_word' id='word_1_277' title='bbox 269 2433 344 2500; x_wconf 89' lang='lat' dir='ltr'><strong>hi,</strong></span> <span class='ocrx_word' id='word_1_278' title='bbox 383 2432 478 2504; x_wconf 91' lang='lat' dir='ltr'><strong>qui</strong></span> <span class='ocrx_word' id='word_1_279' title='bbox 512 2434 565 2488; x_wconf 95' lang='lat' dir='ltr'><strong>in</strong></span> <span class='ocrx_word' id='word_1_280' title='bbox 610 2437 943 2490; x_wconf 88' lang='lat' dir='ltr'><strong>monasterio</strong></span> <span class='ocrx_word' id='word_1_281' title='bbox 973 2434 1116 2489; x_wconf 90' lang='lat' dir='ltr'><strong>sicut</strong></span> <span class='ocrx_word' id='word_1_282' title='bbox 1145 2433 1289 2489; x_wconf 87' lang='lat' dir='ltr'><strong>beati</strong></span> <span class='ocrx_word' id='word_1_283' title='bbox 1321 2434 1598 2490; x_wconf 88' lang='lat' dir='ltr'><strong>Benedicti</strong></span> <span class='ocrx_word' id='word_1_284' title='bbox 1623 2449 1708 2490; x_wconf 83' lang='lat' dir='ltr'><strong>re-</strong></span> 
     </span>
    </p>
   </div>
   <div class='ocr_carea' id='block_1_29' title="bbox 129 2523 1712 2598">
    <p class='ocr_par' dir='ltr' id='par_1_29' title="bbox 129 2523 1712 2598">
     <span class='ocr_line' id='line_1_31' title="bbox 129 2523 1712 2598; baseline 0.004 -22"><span class='ocrx_word' id='word_1_285' title='bbox 129 2523 244 2595; x_wconf 89' lang='lat' dir='ltr'><strong>gula</strong></span> <span class='ocrx_word' id='word_1_286' title='bbox 269 2525 533 2588; x_wconf 89' lang='lat' dir='ltr'><strong>continet,</strong></span> <span class='ocrx_word' id='word_1_287' title='bbox 567 2524 679 2580; x_wconf 91' lang='lat' dir='ltr'><strong>Deo</strong></span> <span class='ocrx_word' id='word_1_288' title='bbox 718 2525 927 2581; x_wconf 91' lang='lat' dir='ltr'><strong>servire</strong></span> <span class='ocrx_word' id='word_1_289' title='bbox 951 2525 1252 2582; x_wconf 90' lang='lat' dir='ltr'><strong>debuerant</strong></span> <span class='ocrx_word' id='word_1_290' title='bbox 1276 2542 1373 2598; x_wconf 92' lang='lat' dir='ltr'><strong>per</strong></span> <span class='ocrx_word' id='word_1_291' title='bbox 1400 2527 1625 2582; x_wconf 89' lang='lat' dir='ltr'><strong>castella</strong></span> <span class='ocrx_word' id='word_1_292' title='bbox 1657 2537 1712 2582; x_wconf 92' lang='lat' dir='ltr'><strong>et</strong></span> 
     </span>
    </p>
   </div>
   <div class='ocr_carea' id='block_1_30' title="bbox 126 2612 1708 2687">
    <p class='ocr_par' dir='ltr' id='par_1_30' title="bbox 126 2612 1708 2687">
     <span class='ocr_line' id='line_1_32' title="bbox 126 2612 1708 2687; baseline 0.003 -21"><span class='ocrx_word' id='word_1_293' title='bbox 126 2612 320 2684; x_wconf 86' lang='lat' dir='ltr'><strong>plateas</strong></span> <span class='ocrx_word' id='word_1_294' title='bbox 349 2613 695 2670; x_wconf 89' lang='lat' dir='ltr'><strong>ambulantes</strong></span> <span class='ocrx_word' id='word_1_295' title='bbox 739 2615 987 2671; x_wconf 89' lang='lat' dir='ltr'><strong>habitare</strong></span> <span class='ocrx_word' id='word_1_296' title='bbox 1009 2615 1316 2680; x_wconf 90' lang='lat' dir='ltr'><strong>videantur,</strong></span> <span class='ocrx_word' id='word_1_297' title='bbox 1347 2624 1400 2670; x_wconf 89' lang='lat' dir='ltr'><strong>et</strong></span> <span class='ocrx_word' id='word_1_298' title='bbox 1425 2626 1708 2687; x_wconf 89' lang='lat' dir='ltr'><strong>pr0pterea</strong></span> 
     </span>
    </p>
   </div>
   <div class='ocr_carea' id='block_1_31' title="bbox 129 2706 1707 2778">
    <p class='ocr_par' dir='ltr' id='par_1_31' title="bbox 129 2706 1707 2778">
     <span class='ocr_line' id='line_1_33' title="bbox 129 2706 1707 2778; baseline 0.001 -19"><span class='ocrx_word' id='word_1_299' title='bbox 129 2706 416 2778; x_wconf 82' lang='lat' dir='ltr'><strong>regularem</strong></span> <span class='ocrx_word' id='word_1_300' title='bbox 463 2707 629 2762; x_wconf 88' lang='lat' dir='ltr'><strong>vitam</strong></span> <span class='ocrx_word' id='word_1_301' title='bbox 668 2707 1054 2778; x_wconf 89' lang='lat' dir='ltr'><strong>relinquentes,</strong></span> <span class='ocrx_word' id='word_1_302' title='bbox 1082 2716 1135 2762; x_wconf 93' lang='lat' dir='ltr'><strong>et</strong></span> <span class='ocrx_word' id='word_1_303' title='bbox 1165 2708 1395 2778; x_wconf 83' lang='lat' dir='ltr'><strong>propria</strong></span> <span class='ocrx_word' id='word_1_304' title='bbox 1421 2708 1707 2775; x_wconf 88' lang='lat' dir='ltr'><strong>voluntati,</strong></span> 
     </span>
    </p>
   </div>
   <div class='ocr_carea' id='block_1_32' title="bbox 127 2797 1709 2868">
    <p class='ocr_par' dir='ltr' id='par_1_32' title="bbox 127 2797 1709 2868">
     <span class='ocr_line' id='line_1_34' title="bbox 127 2797 1709 2868; baseline -0.001 -15"><span class='ocrx_word' id='word_1_305' title='bbox 127 2807 176 2853; x_wconf 89' lang='lat' dir='ltr'><strong>et</strong></span> <span class='ocrx_word' id='word_1_306' title='bbox 215 2797 485 2855; x_wconf 88' lang='lat' dir='ltr'><strong>illecebris</strong></span> <span class='ocrx_word' id='word_1_307' title='bbox 512 2799 816 2856; x_wconf 88' lang='lat' dir='ltr'><strong>servientes</strong></span> <span class='ocrx_word' id='word_1_308' title='bbox 865 2799 1006 2854; x_wconf 90' lang='lat' dir='ltr'><strong>sicut</strong></span> <span class='ocrx_word' id='word_1_309' title='bbox 1036 2799 1179 2854; x_wconf 91' lang='lat' dir='ltr'><strong>beati</strong></span> <span class='ocrx_word' id='word_1_310' title='bbox 1209 2797 1485 2855; x_wconf 87' lang='lat' dir='ltr'><strong>Benedicti</strong></span> <span class='ocrx_word' id='word_1_311' title='bbox 1524 2797 1709 2868; x_wconf 87' lang='lat' dir='ltr'><strong>regula</strong></span> 
     </span>
    </p>
   </div>
   <div class='ocr_carea' id='block_1_33' title="bbox 129 2891 1709 2962">
    <p class='ocr_par' dir='ltr' id='par_1_33' title="bbox 129 2891 1709 2962">
     <span class='ocr_line' id='line_1_35' title="bbox 129 2891 1709 2962; baseline 0 -16"><span class='ocrx_word' id='word_1_312' title='bbox 129 2893 357 2949; x_wconf 89' lang='lat' dir='ltr'><strong>continet</strong></span> <span class='ocrx_word' id='word_1_313' title='bbox 382 2933 398 2960; x_wconf 94' lang='lat'><strong>,</strong></span> <span class='ocrx_word' id='word_1_314' title='bbox 428 2907 538 2949; x_wconf 89' lang='lat' dir='ltr'><strong>non</strong></span> <span class='ocrx_word' id='word_1_315' title='bbox 573 2892 893 2958; x_wconf 92' lang='lat' dir='ltr'><strong>Dominicis,</strong></span> <span class='ocrx_word' id='word_1_316' title='bbox 922 2891 1018 2948; x_wconf 91' lang='lat' dir='ltr'><strong>sed</strong></span> <span class='ocrx_word' id='word_1_317' title='bbox 1050 2893 1164 2948; x_wconf 88' lang='lat' dir='ltr'><strong>suis</strong></span> <span class='ocrx_word' id='word_1_318' title='bbox 1194 2891 1589 2947; x_wconf 90' lang='lat' dir='ltr'><strong>inclusionibus</strong></span> <span class='ocrx_word' id='word_1_319' title='bbox 1612 2905 1709 2962; x_wconf 94' lang='lat' dir='ltr'><strong>pro</strong></span> 
     </span>
    </p>
   </div>
   <div class='ocr_carea' id='block_1_34' title="bbox 126 2983 1708 3056">
    <p class='ocr_par' dir='ltr' id='par_1_34' title="bbox 126 2983 1708 3056">
     <span class='ocr_line' id='line_1_36' title="bbox 126 2983 1708 3056; baseline 0.002 -18"><span class='ocrx_word' id='word_1_320' title='bbox 126 2983 234 3056; x_wconf 84' lang='lat' dir='ltr'><strong>lege</strong></span> <span class='ocrx_word' id='word_1_321' title='bbox 259 2995 342 3041; x_wconf 90' lang='lat' dir='ltr'><strong>est</strong></span> <span class='ocrx_word' id='word_1_322' title='bbox 377 2986 460 3042; x_wconf 87' lang='lat' dir='ltr'><strong>eis</strong></span> <span class='ocrx_word' id='word_1_323' title='bbox 486 2987 882 3041; x_wconf 88' lang='lat' dir='ltr'><strong>desideriorum</strong></span> <span class='ocrx_word' id='word_1_324' title='bbox 921 2985 1189 3055; x_wconf 90' lang='lat' dir='ltr'><strong>voluptas.</strong></span> <span class='ocrx_word' id='word_1_325' title='bbox 1230 2985 1383 3054; x_wconf 85' lang='lat' dir='ltr'><strong>Quod</strong></span> <span class='ocrx_word' id='word_1_326' title='bbox 1417 2984 1618 3040; x_wconf 90' lang='lat' dir='ltr'><strong>malum</strong></span> <span class='ocrx_word' id='word_1_327' title='bbox 1650 2985 1708 3041; x_wconf 89' lang='lat' dir='ltr'><strong>in</strong></span> 
     </span>
    </p>
   </div>
   <div class='ocr_carea' id='block_1_35' title="bbox 127 3079 1708 3153">
    <p class='ocr_par' dir='ltr' id='par_1_35' title="bbox 127 3079 1708 3153">
     <span class='ocr_line' id='line_1_37' title="bbox 127 3079 1708 3153; baseline 0.003 -21"><span class='ocrx_word' id='word_1_328' title='bbox 127 3089 280 3149; x_wconf 89' lang='lat' dir='ltr'><strong>caput</strong></span> <span class='ocrx_word' id='word_1_329' title='bbox 303 3079 576 3152; x_wconf 90' lang='lat' dir='ltr'><strong>quondam</strong></span> <span class='ocrx_word' id='word_1_330' title='bbox 607 3080 856 3136; x_wconf 87' lang='lat' dir='ltr'><strong>Landulti</strong></span> <span class='ocrx_word' id='word_1_331' title='bbox 895 3080 970 3136; x_wconf 89' lang='lat' dir='ltr'><strong>tui</strong></span> <span class='ocrx_word' id='word_1_332' title='bbox 1012 3081 1275 3153; x_wconf 82' lang='lat' dir='ltr'><strong>genitoris</strong></span> <span class='ocrx_word' id='word_1_333' title='bbox 1318 3081 1580 3152; x_wconf 86' lang='lat' dir='ltr'><strong>respicit,</strong></span> <span class='ocrx_word' id='word_1_334' title='bbox 1614 3081 1708 3153; x_wconf 89' lang='lat' dir='ltr'><strong>qui</strong></span> 
     </span>
    </p>
   </div>
   <div class='ocr_carea' id='block_1_36' title="bbox 127 3168 1706 3246">
    <p class='ocr_par' dir='ltr' id='par_1_36' title="bbox 127 3168 1706 3246">
     <span class='ocr_line' id='line_1_38' title="bbox 127 3168 1706 3246; baseline 0.002 -21"><span class='ocrx_word' id='word_1_335' title='bbox 127 3171 272 3242; x_wconf 89' lang='lat' dir='ltr'><strong>quasi</strong></span> <span class='ocrx_word' id='word_1_336' title='bbox 303 3173 693 3228; x_wconf 88' lang='lat' dir='ltr'><strong>monasterium</strong></span> <span class='ocrx_word' id='word_1_337' title='bbox 725 3173 867 3228; x_wconf 91' lang='lat' dir='ltr'><strong>intra</strong></span> <span class='ocrx_word' id='word_1_338' title='bbox 891 3171 1201 3246; x_wconf 84' lang='lat' dir='ltr'><strong>Capuanum</strong></span> <span class='ocrx_word' id='word_1_339' title='bbox 1233 3168 1507 3230; x_wconf 88' lang='lat' dir='ltr'><strong>civitatem</strong></span> <span class='ocrx_word' id='word_1_340' title='bbox 1544 3173 1706 3230; x_wconf 76' lang='lat' dir='ltr'><strong>aditi-</strong></span> 
     </span>
    </p>
   </div>
   <div class='ocr_carea' id='block_1_37' title="bbox 127 3236 1780 3340">
    <p class='ocr_par' dir='ltr' id='par_1_37' title="bbox 127 3236 1780 3340">
     <span class='ocr_line' id='line_1_39' title="bbox 127 3236 1780 3340; baseline 0.004 -21"><span class='ocrx_word' id='word_1_341' title='bbox 127 3277 271 3331; x_wconf 87' lang='lat' dir='ltr'><strong>eans,</strong></span> <span class='ocrx_word' id='word_1_342' title='bbox 304 3281 410 3321; x_wconf 91' lang='lat' dir='ltr'><strong>non</strong></span> <span class='ocrx_word' id='word_1_343' title='bbox 441 3267 512 3322; x_wconf 89' lang='lat' dir='ltr'><strong>ob</strong></span> <span class='ocrx_word' id='word_1_344' title='bbox 546 3264 642 3320; x_wconf 90' lang='lat' dir='ltr'><strong>Dei</strong></span> <span class='ocrx_word' id='word_1_345' title='bbox 685 3267 1046 3322; x_wconf 89' lang='lat' dir='ltr'><strong>reverentiam</strong></span> <span class='ocrx_word' id='word_1_346' title='bbox 1073 3309 1088 3332; x_wconf 93' lang='lat'><strong>,</strong></span> <span class='ocrx_word' id='word_1_347' title='bbox 1116 3267 1212 3324; x_wconf 88' lang='lat' dir='ltr'><strong>sed</strong></span> <span class='ocrx_word' id='word_1_348' title='bbox 1244 3268 1500 3339; x_wconf 89' lang='lat' dir='ltr'><strong>temporis</strong></span> <span class='ocrx_word' id='word_1_349' title='bbox 1520 3267 1705 3340; x_wconf 83' lang='lat' dir='ltr'><strong>gloria</strong></span> <span class='ocrx_word' id='word_1_350' title='bbox 1731 3236 1780 3305; x_wconf 67' lang='grc' dir='ltr'>α</span> 
     </span>
    </p>
   </div>
   <div class='ocr_carea' id='block_1_38' title="bbox 128 3358 1702 3434">
    <p class='ocr_par' dir='ltr' id='par_1_38' title="bbox 128 3358 1702 3434">
     <span class='ocr_line' id='line_1_40' title="bbox 128 3358 1702 3434; baseline -0.001 -17"><span class='ocrx_word' id='word_1_351' title='bbox 128 3358 323 3417; x_wconf 83' lang='lat' dir='ltr'><strong>honore</strong></span> <span class='ocrx_word' id='word_1_352' title='bbox 349 3361 576 3434; x_wconf 88' lang='lat' dir='ltr'><strong>cupidus</strong></span> <span class='ocrx_word' id='word_1_353' title='bbox 605 3361 1001 3432; x_wconf 86' lang='lat' dir='ltr'><strong>parvipendcns</strong></span> <span class='ocrx_word' id='word_1_354' title='bbox 1031 3361 1336 3416; x_wconf 91' lang='lat' dir='ltr'><strong>animarum</strong></span> <span class='ocrx_word' id='word_1_355' title='bbox 1368 3361 1702 3432; x_wconf 90' lang='lat' dir='ltr'><strong>periculum,</strong></span> 
     </span>
    </p>
   </div>
   <div class='ocr_carea' id='block_1_39' title="bbox 125 3454 1709 3526">
    <p class='ocr_par' dir='ltr' id='par_1_39' title="bbox 125 3454 1709 3526">
     <span class='ocr_line' id='line_1_41' title="bbox 125 3454 1709 3526; baseline 0.001 -17"><span class='ocrx_word' id='word_1_356' title='bbox 125 3465 216 3509; x_wconf 70' lang='lat' dir='ltr'><strong>suo</strong></span> <span class='ocrx_word' id='word_1_357' title='bbox 256 3454 556 3511; x_wconf 88' lang='lat' dir='ltr'><strong>dominalui</strong></span> <span class='ocrx_word' id='word_1_358' title='bbox 605 3455 994 3510; x_wconf 85' lang='lat' dir='ltr'><strong>monasterium</strong></span> <span class='ocrx_word' id='word_1_359' title='bbox 1027 3454 1260 3511; x_wconf 90' lang='lat' dir='ltr'><strong>subdere</strong></span> <span class='ocrx_word' id='word_1_360' title='bbox 1291 3457 1516 3525; x_wconf 91' lang='lat' dir='ltr'><strong>cupiens</strong></span> <span class='ocrx_word' id='word_1_361' title='bbox 1537 3494 1552 3520; x_wconf 90' lang='lat'><strong>,</strong></span> <span class='ocrx_word' id='word_1_362' title='bbox 1582 3469 1709 3526; x_wconf 88' lang='lat' dir='ltr'><strong>per-</strong></span> 
     </span>
    </p>
   </div>
   <div class='ocr_carea' id='block_1_40' title="bbox 125 3543 1679 3616">
    <p class='ocr_par' dir='ltr' id='par_1_40' title="bbox 125 3543 1679 3616">
     <span class='ocr_line' id='line_1_42' title="bbox 125 3543 1679 3616; baseline 0.001 -20"><span class='ocrx_word' id='word_1_363' title='bbox 125 3556 272 3599; x_wconf 83' lang='lat' dir='ltr'><strong>verso</strong></span> <span class='ocrx_word' id='word_1_364' title='bbox 316 3559 468 3599; x_wconf 90' lang='lat' dir='ltr'><strong>more</strong></span> <span class='ocrx_word' id='word_1_365' title='bbox 507 3557 630 3599; x_wconf 90' lang='lat' dir='ltr'><strong>cum</strong></span> <span class='ocrx_word' id='word_1_366' title='bbox 677 3543 925 3598; x_wconf 89' lang='lat' dir='ltr'><strong>morbido</strong></span> <span class='ocrx_word' id='word_1_367' title='bbox 962 3558 1123 3616; x_wconf 83' lang='lat' dir='ltr'><strong>grege</strong></span> <span class='ocrx_word' id='word_1_368' title='bbox 1153 3543 1469 3599; x_wconf 88' lang='lat' dir='ltr'><strong>recumbere</strong></span> <span class='ocrx_word' id='word_1_369' title='bbox 1498 3543 1679 3599; x_wconf 89' lang='lat' dir='ltr'><strong>deside</strong></span> 
     </span>
    </p>
   </div>
   <div class='ocr_carea' id='block_1_41' title="bbox 126 3634 1707 3705">
    <p class='ocr_par' dir='ltr' id='par_1_41' title="bbox 126 3634 1707 3705">
     <span class='ocr_line' id='line_1_43' title="bbox 126 3634 1707 3705; baseline 0.002 -16"><span class='ocrx_word' id='word_1_370' title='bbox 126 3649 240 3691; x_wconf 88' lang='lat' dir='ltr'><strong>rans</strong></span> <span class='ocrx_word' id='word_1_371' title='bbox 265 3677 280 3703; x_wconf 97' lang='lat'><strong>,</strong></span> <span class='ocrx_word' id='word_1_372' title='bbox 324 3644 386 3690; x_wconf 92' lang='lat' dir='ltr'><strong>ut</strong></span> <span class='ocrx_word' id='word_1_373' title='bbox 427 3635 595 3690; x_wconf 92' lang='lat' dir='ltr'><strong>totius</strong></span> <span class='ocrx_word' id='word_1_374' title='bbox 637 3636 910 3705; x_wconf 90' lang='lat' dir='ltr'><strong>possessio</strong></span> <span class='ocrx_word' id='word_1_375' title='bbox 929 3634 1044 3705; x_wconf 84' lang='lat' dir='ltr'><strong>jam</strong></span> <span class='ocrx_word' id='word_1_376' title='bbox 1094 3635 1221 3690; x_wconf 91' lang='lat' dir='ltr'><strong>dicti</strong></span> <span class='ocrx_word' id='word_1_377' title='bbox 1251 3635 1561 3690; x_wconf 84' lang='lat' dir='ltr'><strong>monasterii</strong></span> <span class='ocrx_word' id='word_1_378' title='bbox 1593 3635 1707 3692; x_wconf 86' lang='lat' dir='ltr'><strong>suis</strong></span> 
     </span>
    </p>
   </div>
   <div class='ocr_carea' id='block_1_42' title="bbox 125 3724 1707 3798">
    <p class='ocr_par' dir='ltr' id='par_1_42' title="bbox 125 3724 1707 3798">
     <span class='ocr_line' id='line_1_44' title="bbox 125 3724 1707 3798; baseline -0.001 -17"><span class='ocrx_word' id='word_1_379' title='bbox 125 3728 267 3796; x_wconf 86' lang='lat' dir='ltr'><strong>quasi</strong></span> <span class='ocrx_word' id='word_1_380' title='bbox 307 3727 434 3798; x_wconf 78' lang='lat' dir='ltr'><strong>jure</strong></span> <span class='ocrx_word' id='word_1_381' title='bbox 468 3726 812 3783; x_wconf 83' lang='lat' dir='ltr'><strong>hareditario</strong></span> <span class='ocrx_word' id='word_1_382' title='bbox 843 3726 1261 3797; x_wconf 85' lang='lat' dir='ltr'><strong>relinqueretur.</strong></span> <span class='ocrx_word' id='word_1_383' title='bbox 1297 3724 1450 3782; x_wconf 88' lang='lat' dir='ltr'><strong>Unde</strong></span> <span class='ocrx_word' id='word_1_384' title='bbox 1497 3726 1707 3796; x_wconf 90' lang='lat' dir='ltr'><strong>gravis-</strong></span> 
     </span>
    </p>
   </div>
   <div class='ocr_carea' id='block_1_43' title="bbox 122 3818 1706 3889">
    <p class='ocr_par' dir='ltr' id='par_1_43' title="bbox 122 3818 1706 3889">
     <span class='ocr_line' id='line_1_45' title="bbox 122 3818 1706 3889; baseline 0.001 -16"><span class='ocrx_word' id='word_1_385' title='bbox 122 3818 250 3876; x_wconf 89' lang='lat' dir='ltr'><strong>sime</strong></span> <span class='ocrx_word' id='word_1_386' title='bbox 277 3821 541 3888; x_wconf 88' lang='lat' dir='ltr'><strong>dolemus,</strong></span> <span class='ocrx_word' id='word_1_387' title='bbox 563 3828 619 3877; x_wconf 89' lang='lat' dir='ltr'><strong>et</strong></span> <span class='ocrx_word' id='word_1_388' title='bbox 656 3820 920 3875; x_wconf 89' lang='lat' dir='ltr'><strong>miramur</strong></span> <span class='ocrx_word' id='word_1_389' title='bbox 949 3819 1084 3875; x_wconf 86' lang='lat' dir='ltr'><strong>tanti</strong></span> <span class='ocrx_word' id='word_1_390' title='bbox 1124 3819 1224 3874; x_wconf 88' lang='lat' dir='ltr'><strong>viri</strong></span> <span class='ocrx_word' id='word_1_391' title='bbox 1261 3834 1461 3875; x_wconf 82' lang='lat' dir='ltr'><strong>eaeam</strong></span> <span class='ocrx_word' id='word_1_392' title='bbox 1498 3818 1706 3889; x_wconf 90' lang='lat' dir='ltr'><strong>cupidi-</strong></span> 
     </span>
    </p>
   </div>
   <div class='ocr_carea' id='block_1_44' title="bbox 125 3909 1706 3983">
    <p class='ocr_par' dir='ltr' id='par_1_44' title="bbox 125 3909 1706 3983">
     <span class='ocr_line' id='line_1_46' title="bbox 125 3909 1706 3983; baseline 0.001 -19"><span class='ocrx_word' id='word_1_393' title='bbox 125 3917 280 3968; x_wconf 87' lang='lat' dir='ltr'><strong>tatem</strong></span> <span class='ocrx_word' id='word_1_394' title='bbox 317 3928 424 3970; x_wconf 91' lang='lat' dir='ltr'><strong>non</strong></span> <span class='ocrx_word' id='word_1_395' title='bbox 467 3911 853 3977; x_wconf 89' lang='lat' dir='ltr'><strong>retractantis,</strong></span> <span class='ocrx_word' id='word_1_396' title='bbox 881 3911 1028 3983; x_wconf 92' lang='lat' dir='ltr'><strong>quod</strong></span> <span class='ocrx_word' id='word_1_397' title='bbox 1075 3910 1296 3967; x_wconf 88' lang='lat' dir='ltr'><strong>incensa</strong></span> <span class='ocrx_word' id='word_1_398' title='bbox 1343 3919 1398 3966; x_wconf 91' lang='lat' dir='ltr'><strong>et</strong></span> <span class='ocrx_word' id='word_1_399' title='bbox 1443 3909 1706 3966; x_wconf 87' lang='lat' dir='ltr'><strong>subversa</strong></span> 
     </span>
    </p>
   </div>
   <div class='ocr_carea' id='block_1_45' title="bbox 123 4003 1703 4076">
    <p class='ocr_par' dir='ltr' id='par_1_45' title="bbox 123 4003 1703 4076">
     <span class='ocr_line' id='line_1_47' title="bbox 123 4003 1703 4076; baseline 0 -19"><span class='ocrx_word' id='word_1_400' title='bbox 123 4003 344 4061; x_wconf 89' lang='lat' dir='ltr'><strong>ecclesia</strong></span> <span class='ocrx_word' id='word_1_401' title='bbox 375 4005 610 4072; x_wconf 88' lang='lat' dir='ltr'><strong>Cassini,</strong></span> <span class='ocrx_word' id='word_1_402' title='bbox 643 4021 731 4062; x_wconf 92' lang='lat' dir='ltr'><strong>res</strong></span> <span class='ocrx_word' id='word_1_403' title='bbox 769 4005 886 4076; x_wconf 84' lang='lat' dir='ltr'><strong>ejus</strong></span> <span class='ocrx_word' id='word_1_404' title='bbox 911 4004 1122 4076; x_wconf 88' lang='lat' dir='ltr'><strong>accepit</strong></span> <span class='ocrx_word' id='word_1_405' title='bbox 1150 4012 1340 4060; x_wconf 88' lang='lat' dir='ltr'><strong>contra</strong></span> <span class='ocrx_word' id='word_1_406' title='bbox 1379 4003 1703 4059; x_wconf 89' lang='lat' dir='ltr'><strong>sententiam</strong></span> 
     </span>
    </p>
   </div>
   <div class='ocr_carea' id='block_1_46' title="bbox 123 4092 1700 4167">
    <p class='ocr_par' dir='ltr' id='par_1_46' title="bbox 123 4092 1700 4167">
     <span class='ocr_line' id='line_1_48' title="bbox 123 4092 1700 4167; baseline 0.001 -20"><span class='ocrx_word' id='word_1_407' title='bbox 123 4092 397 4166; x_wconf 83' lang='lat' dir='ltr'><strong>Propheta</strong></span> <span class='ocrx_word' id='word_1_408' title='bbox 420 4097 650 4154; x_wconf 90' lang='lat' dir='ltr'><strong>dicentis</strong></span> <span class='ocrx_word' id='word_1_409' title='bbox 675 4115 687 4151; x_wconf 92' lang='lat'><strong>:</strong></span> <span class='ocrx_word' id='word_1_410' title='bbox 717 4115 736 4148; x_wconf 74' lang='grc' dir='ltr'>ι</span> <span class='ocrx_word' id='word_1_411' title='bbox 758 4095 961 4154; x_wconf 88' lang='lat' dir='ltr'><strong>Omnes</strong></span> <span class='ocrx_word' id='word_1_412' title='bbox 982 4095 1256 4166; x_wconf 90' lang='lat' dir='ltr'><strong>principes</strong></span> <span class='ocrx_word' id='word_1_413' title='bbox 1281 4096 1374 4167; x_wconf 89' lang='lat' dir='ltr'><strong>qui</strong></span> <span class='ocrx_word' id='word_1_414' title='bbox 1396 4095 1652 4151; x_wconf 79' lang='lat' dir='ltr'><strong>dixerunt</strong></span> <span class='ocrx_word' id='word_1_415' title='bbox 1686 4113 1700 4149; x_wconf 85' lang='lat'><strong>:</strong></span> 
     </span>
    </p>
   </div>
   <div class='ocr_carea' id='block_1_47' title="bbox 123 4184 1701 4263">
    <p class='ocr_par' dir='ltr' id='par_1_47' title="bbox 123 4184 1701 4263">
     <span class='ocr_line' id='line_1_49' title="bbox 123 4184 1701 4263; baseline 0.002 -23"><span class='ocrx_word' id='word_1_416' title='bbox 123 4184 442 4247; x_wconf 70' lang='lat' dir='ltr'><strong>[hereditate</strong></span> <span class='ocrx_word' id='word_1_417' title='bbox 493 4191 866 4263; x_wconf 91' lang='lat' dir='ltr'><strong>possideamus</strong></span> <span class='ocrx_word' id='word_1_418' title='bbox 919 4190 1075 4247; x_wconf 89' lang='lat' dir='ltr'><strong>nobis</strong></span> <span class='ocrx_word' id='word_1_419' title='bbox 1140 4188 1509 4245; x_wconf 86' lang='lat' dir='ltr'><strong>sanctuarium</strong></span> <span class='ocrx_word' id='word_1_420' title='bbox 1563 4187 1701 4253; x_wconf 87' lang='lat' dir='ltr'><strong>Dei;</strong></span> 
     </span>
    </p>
   </div>
   <div class='ocr_carea' id='block_1_48' title="bbox 124 4276 1704 4352">
    <p class='ocr_par' dir='ltr' id='par_1_48' title="bbox 124 4276 1704 4352">
     <span class='ocr_line' id='line_1_50' title="bbox 124 4276 1704 4352; baseline 0.001 -21"><span class='ocrx_word' id='word_1_421' title='bbox 124 4276 258 4335; x_wconf 87' lang='lat' dir='ltr'><strong>Deus</strong></span> <span class='ocrx_word' id='word_1_422' title='bbox 303 4297 478 4348; x_wconf 90' lang='lat' dir='ltr'><strong>meus,</strong></span> <span class='ocrx_word' id='word_1_423' title='bbox 523 4296 662 4352; x_wconf 91' lang='lat' dir='ltr'><strong>pone</strong></span> <span class='ocrx_word' id='word_1_424' title='bbox 713 4281 836 4337; x_wconf 89' lang='lat' dir='ltr'><strong>illos</strong></span> <span class='ocrx_word' id='word_1_425' title='bbox 865 4289 924 4336; x_wconf 89' lang='lat' dir='ltr'><strong>ut</strong></span> <span class='ocrx_word' id='word_1_426' title='bbox 974 4289 1172 4345; x_wconf 89' lang='lat' dir='ltr'><strong>rotam,</strong></span> <span class='ocrx_word' id='word_1_427' title='bbox 1202 4288 1258 4334; x_wconf 89' lang='lat' dir='ltr'><strong>et</strong></span> <span class='ocrx_word' id='word_1_428' title='bbox 1287 4279 1430 4334; x_wconf 90' lang='lat' dir='ltr'><strong>sicut</strong></span> <span class='ocrx_word' id='word_1_429' title='bbox 1451 4278 1704 4349; x_wconf 90' lang='lat' dir='ltr'><strong>stipulam</strong></span> 
     </span>
    </p>
   </div>
   <div class='ocr_carea' id='block_1_49' title="bbox 122 4370 1700 4444">
    <p class='ocr_par' dir='ltr' id='par_1_49' title="bbox 122 4370 1700 4444">
     <span class='ocr_line' id='line_1_51' title="bbox 122 4370 1700 4444; baseline 0.002 -22"><span class='ocrx_word' id='word_1_430' title='bbox 122 4379 242 4428; x_wconf 89' lang='lat' dir='ltr'><strong>ante</strong></span> <span class='ocrx_word' id='word_1_431' title='bbox 269 4371 463 4429; x_wconf 85' lang='lat' dir='ltr'><strong>faciem</strong></span> <span class='ocrx_word' id='word_1_432' title='bbox 488 4374 655 4440; x_wconf 91' lang='lat' dir='ltr'><strong>venti,</strong></span> <span class='ocrx_word' id='word_1_433' title='bbox 685 4381 741 4428; x_wconf 86' lang='lat' dir='ltr'><strong>et</strong></span> <span class='ocrx_word' id='word_1_434' title='bbox 773 4373 913 4429; x_wconf 90' lang='lat' dir='ltr'><strong>sicut</strong></span> <span class='ocrx_word' id='word_1_435' title='bbox 935 4372 1074 4444; x_wconf 87' lang='lat' dir='ltr'><strong>ignis</strong></span> <span class='ocrx_word' id='word_1_436' title='bbox 1096 4371 1187 4443; x_wconf 86' lang='lat' dir='ltr'><strong>qui</strong></span> <span class='ocrx_word' id='word_1_437' title='bbox 1221 4371 1490 4426; x_wconf 90' lang='lat' dir='ltr'><strong>comburit</strong></span> <span class='ocrx_word' id='word_1_438' title='bbox 1515 4370 1700 4437; x_wconf 89' lang='lat' dir='ltr'><strong>silvas,</strong></span> 
     </span>
    </p>
   </div>
   <div class='ocr_carea' id='block_1_50' title="bbox 122 4464 1703 4539">
    <p class='ocr_par' dir='ltr' id='par_1_50' title="bbox 122 4464 1703 4539">
     <span class='ocr_line' id='line_1_52' title="bbox 122 4464 1703 4539; baseline 0.002 -22"><span class='ocrx_word' id='word_1_439' title='bbox 122 4474 174 4517; x_wconf 91' lang='lat' dir='ltr'><strong>et</strong></span> <span class='ocrx_word' id='word_1_440' title='bbox 194 4465 334 4522; x_wconf 89' lang='lat' dir='ltr'><strong>velut</strong></span> <span class='ocrx_word' id='word_1_441' title='bbox 358 4467 575 4524; x_wconf 81' lang='lat' dir='ltr'><strong>ﬂamma</strong></span> <span class='ocrx_word' id='word_1_442' title='bbox 609 4467 905 4524; x_wconf 88' lang='lat' dir='ltr'><strong>incendens</strong></span> <span class='ocrx_word' id='word_1_443' title='bbox 938 4476 1148 4523; x_wconf 87' lang='lat' dir='ltr'><strong>montes</strong></span> <span class='ocrx_word' id='word_1_444' title='bbox 1172 4464 1344 4539; x_wconf 74' lang='lat' dir='ltr'><strong>(Paul.</strong></span> <span class='ocrx_word' id='word_1_445' title='bbox 1369 4481 1579 4531; x_wconf 80' lang='lat' dir='ltr'><strong>Lxxxu,</strong></span> <span class='ocrx_word' id='word_1_446' title='bbox 1608 4466 1703 4520; x_wconf 76' lang='grc'><strong>15-</strong></span> 
     </span>
    </p>
   </div>
   <div class='ocr_carea' id='block_1_51' title="bbox 124 4555 1702 4632">
    <p class='ocr_par' dir='ltr' id='par_1_51' title="bbox 124 4555 1702 4632">
     <span class='ocr_line' id='line_1_53' title="bbox 124 4555 1702 4632; baseline 0.002 -21"><span class='ocrx_word' id='word_1_447' title='bbox 124 4555 232 4629; x_wconf 82' lang='lat' dir='ltr'><strong>I5).</strong></span> <span class='ocrx_word' id='word_1_448' title='bbox 263 4578 282 4612; x_wconf 80' lang='grc' dir='ltr'><strong><em>ι</em></strong></span> <span class='ocrx_word' id='word_1_449' title='bbox 315 4560 444 4629; x_wconf 84' lang='lat' dir='ltr'><strong>Quae</strong></span> <span class='ocrx_word' id='word_1_450' title='bbox 465 4563 534 4618; x_wconf 90' lang='lat' dir='ltr'><strong>ab</strong></span> <span class='ocrx_word' id='word_1_451' title='bbox 557 4563 668 4627; x_wconf 93' lang='lat' dir='ltr'><strong>illo,</strong></span> <span class='ocrx_word' id='word_1_452' title='bbox 695 4562 742 4618; x_wconf 92' lang='lat' dir='ltr'><strong>si</strong></span> <span class='ocrx_word' id='word_1_453' title='bbox 773 4561 888 4617; x_wconf 84' lang='lat' dir='ltr'><strong>ﬁeri</strong></span> <span class='ocrx_word' id='word_1_454' title='bbox 920 4569 1116 4632; x_wconf 88' lang='lat' dir='ltr'><strong>potest,</strong></span> <span class='ocrx_word' id='word_1_455' title='bbox 1142 4561 1283 4616; x_wconf 91' lang='lat' dir='ltr'><strong>Deus</strong></span> <span class='ocrx_word' id='word_1_456' title='bbox 1311 4568 1543 4616; x_wconf 89' lang='lat' dir='ltr'><strong>avertat.</strong></span> <span class='ocrx_word' id='word_1_457' title='bbox 1571 4559 1702 4614; x_wconf 84' lang='lat' dir='ltr'><strong>Fre-</strong></span> 
     </span>
    </p>
   </div>
   <div class='ocr_carea' id='block_1_52' title="bbox 1813 2257 3406 2336">
    <p class='ocr_par' dir='ltr' id='par_1_52' title="bbox 1813 2257 3406 2336">
     <span class='ocr_line' id='line_1_54' title="bbox 1813 2257 3406 2336; baseline 0.011 -27"><span class='ocrx_word' id='word_1_458' title='bbox 1813 2257 2096 2328; x_wconf 90' lang='lat' dir='ltr'><strong>principis,</strong></span> <span class='ocrx_word' id='word_1_459' title='bbox 2125 2267 2289 2329; x_wconf 91' lang='lat' dir='ltr'><strong>atque</strong></span> <span class='ocrx_word' id='word_1_460' title='bbox 2317 2267 2532 2326; x_wconf 89' lang='lat' dir='ltr'><strong>nostra,</strong></span> <span class='ocrx_word' id='word_1_461' title='bbox 2555 2261 2647 2330; x_wconf 93' lang='lat' dir='ltr'><strong>qui</strong></span> <span class='ocrx_word' id='word_1_462' title='bbox 2678 2260 2793 2330; x_wconf 91' lang='lat' dir='ltr'><strong>ejus</strong></span> <span class='ocrx_word' id='word_1_463' title='bbox 2815 2261 3163 2336; x_wconf 83' lang='lat' dir='ltr'><strong>Iungimurin</strong></span> <span class='ocrx_word' id='word_1_464' title='bbox 3195 2267 3406 2326; x_wconf 86' lang='lat' dir='ltr'><strong>carica-</strong></span> 
     </span>
    </p>
   </div>
   <div class='ocr_carea' id='block_1_53' title="bbox 1815 2348 3396 2430">
    <p class='ocr_par' dir='ltr' id='par_1_53' title="bbox 1815 2348 3396 2430">
     <span class='ocr_line' id='line_1_55' title="bbox 1815 2348 3396 2430; baseline 0.009 -28"><span class='ocrx_word' id='word_1_465' title='bbox 1815 2348 2014 2403; x_wconf 90' lang='lat' dir='ltr'><strong>tionem</strong></span> <span class='ocrx_word' id='word_1_466' title='bbox 2058 2348 2174 2422; x_wconf 77' lang='lat' dir='ltr'><strong>(sic)</strong></span> <span class='ocrx_word' id='word_1_467' title='bbox 2196 2390 2211 2416; x_wconf 93' lang='lat'><strong>,</strong></span> <span class='ocrx_word' id='word_1_468' title='bbox 2245 2363 2368 2406; x_wconf 90' lang='lat' dir='ltr'><strong>esse</strong></span> <span class='ocrx_word' id='word_1_469' title='bbox 2398 2353 2948 2421; x_wconf 79' lang='lat' dir='ltr'><strong>excommunicatum,</strong></span> <span class='ocrx_word' id='word_1_470' title='bbox 2979 2363 3034 2410; x_wconf 91' lang='lat' dir='ltr'><strong>et</strong></span> <span class='ocrx_word' id='word_1_471' title='bbox 3054 2355 3122 2411; x_wconf 90' lang='lat' dir='ltr'><strong>ab</strong></span> <span class='ocrx_word' id='word_1_472' title='bbox 3148 2357 3396 2430; x_wconf 89' lang='lat' dir='ltr'><strong>ingressu</strong></span> 
     </span>
    </p>
   </div>
   <div class='ocr_carea' id='block_1_54' title="bbox 1812 2443 3408 2520">
    <p class='ocr_par' dir='ltr' id='par_1_54' title="bbox 1812 2443 3408 2520">
     <span class='ocr_line' id='line_1_56' title="bbox 1812 2443 3408 2520; baseline 0.004 -20"><span class='ocrx_word' id='word_1_473' title='bbox 1812 2443 2076 2512; x_wconf 82' lang='lat' dir='ltr'><strong>ecclesia,</strong></span> <span class='ocrx_word' id='word_1_474' title='bbox 2107 2454 2161 2501; x_wconf 91' lang='lat' dir='ltr'><strong>et</strong></span> <span class='ocrx_word' id='word_1_475' title='bbox 2185 2461 2412 2516; x_wconf 91' lang='lat' dir='ltr'><strong>corpore</strong></span> <span class='ocrx_word' id='word_1_476' title='bbox 2451 2455 2504 2501; x_wconf 90' lang='lat' dir='ltr'><strong>et</strong></span> <span class='ocrx_word' id='word_1_477' title='bbox 2525 2446 2787 2518; x_wconf 87' lang='lat' dir='ltr'><strong>sanguine</strong></span> <span class='ocrx_word' id='word_1_478' title='bbox 2801 2445 3002 2503; x_wconf 88' lang='lat' dir='ltr'><strong>Christi</strong></span> <span class='ocrx_word' id='word_1_479' title='bbox 3032 2449 3329 2520; x_wconf 86' lang='lat' dir='ltr'><strong>privatum,</strong></span> <span class='ocrx_word' id='word_1_480' title='bbox 3350 2461 3408 2509; x_wconf 85' lang='lat' dir='ltr'><strong>et</strong></span> 
     </span>
    </p>
   </div>
   <div class='ocr_carea' id='block_1_55' title="bbox 1810 2536 3407 2615">
    <p class='ocr_par' dir='ltr' id='par_1_55' title="bbox 1810 2536 3407 2615">
     <span class='ocr_line' id='line_1_57' title="bbox 1810 2536 3407 2615; baseline 0.005 -24"><span class='ocrx_word' id='word_1_481' title='bbox 1810 2551 1842 2591; x_wconf 89' lang='lat' dir='ltr'><strong>a</strong></span> <span class='ocrx_word' id='word_1_482' title='bbox 1875 2538 2152 2592; x_wconf 87' lang='lat' dir='ltr'><strong>consortio</strong></span> <span class='ocrx_word' id='word_1_483' title='bbox 2191 2536 2628 2593; x_wconf 87' lang='lat' dir='ltr'><strong>Christianorum</strong></span> <span class='ocrx_word' id='word_1_484' title='bbox 2678 2548 3018 2612; x_wconf 89' lang='lat' dir='ltr'><strong>segregatum</strong></span> <span class='ocrx_word' id='word_1_485' title='bbox 3043 2581 3060 2608; x_wconf 92' lang='lat'><strong>,</strong></span> <span class='ocrx_word' id='word_1_486' title='bbox 3099 2541 3407 2615; x_wconf 90' lang='lat' dir='ltr'><strong>iterumque</strong></span> 
     </span>
    </p>
   </div>
   <div class='ocr_carea' id='block_1_56' title="bbox 1810 2631 3406 2703">
    <p class='ocr_par' dir='ltr' id='par_1_56' title="bbox 1810 2631 3406 2703">
     <span class='ocr_line' id='line_1_58' title="bbox 1810 2631 3406 2703; baseline 0.004 -17"><span class='ocrx_word' id='word_1_487' title='bbox 1810 2631 1948 2686; x_wconf 90' lang='lat' dir='ltr'><strong>sciat</strong></span> <span class='ocrx_word' id='word_1_488' title='bbox 1986 2645 2044 2686; x_wconf 91' lang='lat' dir='ltr'><strong>se</strong></span> <span class='ocrx_word' id='word_1_489' title='bbox 2092 2645 2189 2702; x_wconf 88' lang='lat' dir='ltr'><strong>per</strong></span> <span class='ocrx_word' id='word_1_490' title='bbox 2221 2632 2487 2703; x_wconf 83' lang='lat' dir='ltr'><strong>privilegii</strong></span> <span class='ocrx_word' id='word_1_491' title='bbox 2537 2631 2872 2687; x_wconf 86' lang='lat' dir='ltr'><strong>sanctionem</strong></span> <span class='ocrx_word' id='word_1_492' title='bbox 2919 2633 3019 2688; x_wconf 92' lang='lat' dir='ltr'><strong>sub</strong></span> <span class='ocrx_word' id='word_1_493' title='bbox 3047 2634 3406 2693; x_wconf 87' lang='lat' dir='ltr'><strong>anathematis</strong></span> 
     </span>
    </p>
   </div>
   <div class='ocr_carea' id='block_1_57' title="bbox 1809 2720 3402 2793">
    <p class='ocr_par' dir='ltr' id='par_1_57' title="bbox 1809 2720 3402 2793">
     <span class='ocr_line' id='line_1_59' title="bbox 1809 2720 3402 2793; baseline 0.006 -20"><span class='ocrx_word' id='word_1_494' title='bbox 1809 2720 2044 2777; x_wconf 90' lang='lat' dir='ltr'><strong>vinculis</strong></span> <span class='ocrx_word' id='word_1_495' title='bbox 2075 2721 2424 2788; x_wconf 89' lang='lat' dir='ltr'><strong>innodatum;</strong></span> <span class='ocrx_word' id='word_1_496' title='bbox 2451 2723 2545 2792; x_wconf 88' lang='lat' dir='ltr'><strong>qui</strong></span> <span class='ocrx_word' id='word_1_497' title='bbox 2573 2735 2701 2778; x_wconf 91' lang='lat' dir='ltr'><strong>vero</strong></span> <span class='ocrx_word' id='word_1_498' title='bbox 2729 2731 2914 2779; x_wconf 89' lang='lat' dir='ltr'><strong>custos</strong></span> <span class='ocrx_word' id='word_1_499' title='bbox 2935 2761 2950 2790; x_wconf 92' lang='lat'><strong>,</strong></span> <span class='ocrx_word' id='word_1_500' title='bbox 2979 2734 3035 2779; x_wconf 91' lang='lat' dir='ltr'><strong>et</strong></span> <span class='ocrx_word' id='word_1_501' title='bbox 3062 2724 3402 2793; x_wconf 85' lang='lat' dir='ltr'><strong>observator,</strong></span> 
     </span>
    </p>
   </div>
   <div class='ocr_carea' id='block_1_58' title="bbox 1809 2813 3407 2889">
    <p class='ocr_par' dir='ltr' id='par_1_58' title="bbox 1809 2813 3407 2889">
     <span class='ocr_line' id='line_1_60' title="bbox 1809 2813 3407 2889; baseline 0.004 -22"><span class='ocrx_word' id='word_1_502' title='bbox 1809 2821 1972 2882; x_wconf 87' lang='lat' dir='ltr'><strong>atque</strong></span> <span class='ocrx_word' id='word_1_503' title='bbox 2015 2813 2229 2884; x_wconf 87' lang='lat' dir='ltr'><strong>adjutor</strong></span> <span class='ocrx_word' id='word_1_504' title='bbox 2275 2814 2576 2881; x_wconf 78' lang='lat' dir='ltr'><strong>exstiterit,</strong></span> <span class='ocrx_word' id='word_1_505' title='bbox 2612 2815 3003 2872; x_wconf 88' lang='lat' dir='ltr'><strong>benedictionis</strong></span> <span class='ocrx_word' id='word_1_506' title='bbox 3056 2817 3309 2889; x_wconf 81' lang='lat' dir='ltr'><strong>gratiam,</strong></span> <span class='ocrx_word' id='word_1_507' title='bbox 3350 2825 3407 2874; x_wconf 78' lang='lat' dir='ltr'><strong>et</strong></span> 
     </span>
    </p>
   </div>
   <div class='ocr_carea' id='block_1_59' title="bbox 1809 2903 3405 2967">
    <p class='ocr_par' dir='ltr' id='par_1_59' title="bbox 1809 2903 3405 2967">
     <span class='ocr_line' id='line_1_61' title="bbox 1809 2903 3405 2967; baseline 0.004 -7"><span class='ocrx_word' id='word_1_508' title='bbox 1809 2903 2084 2960; x_wconf 80' lang='lat' dir='ltr'><strong>calesteru</strong></span> <span class='ocrx_word' id='word_1_509' title='bbox 2138 2905 2553 2961; x_wconf 88' lang='lat' dir='ltr'><strong>retributionem</strong></span> <span class='ocrx_word' id='word_1_510' title='bbox 2616 2922 2646 2961; x_wconf 90' lang='lat' dir='ltr'><strong>a</strong></span> <span class='ocrx_word' id='word_1_511' title='bbox 2709 2904 2928 2964; x_wconf 86' lang='lat' dir='ltr'><strong>Christo</strong></span> <span class='ocrx_word' id='word_1_512' title='bbox 2997 2906 3227 2966; x_wconf 90' lang='lat' dir='ltr'><strong>Domino</strong></span> <span class='ocrx_word' id='word_1_513' title='bbox 3293 2909 3405 2967; x_wconf 90' lang='lat' dir='ltr'><strong>Deo</strong></span> 
     </span>
    </p>
   </div>
   <div class='ocr_carea' id='block_1_60' title="bbox 1809 2995 3406 3072">
    <p class='ocr_par' dir='ltr' id='par_1_60' title="bbox 1809 2995 3406 3072">
     <span class='ocr_line' id='line_1_62' title="bbox 1809 2995 3406 3072; baseline 0.004 -22"><span class='ocrx_word' id='word_1_514' title='bbox 1809 3005 1998 3052; x_wconf 87' lang='lat' dir='ltr'><strong>nostro</strong></span> <span class='ocrx_word' id='word_1_515' title='bbox 2039 2995 2412 3068; x_wconf 91' lang='lat' dir='ltr'><strong>multipliciter</strong></span> <span class='ocrx_word' id='word_1_516' title='bbox 2439 3007 2826 3069; x_wconf 89' lang='lat' dir='ltr'><strong>consequatur.</strong></span> <span class='ocrx_word' id='word_1_517' title='bbox 2870 2996 3023 3056; x_wconf 82' lang='lat' dir='ltr'><strong>Hanc</strong></span> <span class='ocrx_word' id='word_1_518' title='bbox 3049 3009 3230 3056; x_wconf 87' lang='lat' dir='ltr'><strong>autem</strong></span> <span class='ocrx_word' id='word_1_519' title='bbox 3275 3015 3406 3072; x_wconf 61' lang='lat' dir='ltr'><strong>apoc</strong></span> 
     </span>
    </p>
   </div>
   <div class='ocr_carea' id='block_1_61' title="bbox 1809 3089 3404 3169">
    <p class='ocr_par' dir='ltr' id='par_1_61' title="bbox 1809 3089 3404 3169">
     <span class='ocr_line' id='line_1_63' title="bbox 1809 3089 3404 3169; baseline 0.004 -23"><span class='ocrx_word' id='word_1_520' title='bbox 1809 3089 2054 3146; x_wconf 88' lang='lat' dir='ltr'><strong>stolicam</strong></span> <span class='ocrx_word' id='word_1_521' title='bbox 2081 3089 2385 3161; x_wconf 85' lang='lat' dir='ltr'><strong>jussionem</strong></span> <span class='ocrx_word' id='word_1_522' title='bbox 2412 3091 2697 3164; x_wconf 81' lang='lat' dir='ltr'><strong>praefatum</strong></span> <span class='ocrx_word' id='word_1_523' title='bbox 2739 3093 3128 3152; x_wconf 87' lang='lat' dir='ltr'><strong>monasterium</strong></span> <span class='ocrx_word' id='word_1_524' title='bbox 3171 3109 3270 3169; x_wconf 87' lang='lat' dir='ltr'><strong>pro</strong></span> <span class='ocrx_word' id='word_1_525' title='bbox 3314 3095 3404 3153; x_wconf 81' lang='lat' dir='ltr'><strong>fu-</strong></span> 
     </span>
    </p>
   </div>
   <div class='ocr_carea' id='block_1_62' title="bbox 1811 3182 2828 3254">
    <p class='ocr_par' dir='ltr' id='par_1_62' title="bbox 1811 3182 2828 3254">
     <span class='ocr_line' id='line_1_64' title="bbox 1811 3182 2828 3254; baseline 0.004 -15"><span class='ocrx_word' id='word_1_526' title='bbox 1811 3190 1937 3239; x_wconf 91' lang='lat' dir='ltr'><strong>turo</strong></span> <span class='ocrx_word' id='word_1_527' title='bbox 1987 3182 2298 3241; x_wconf 90' lang='lat' dir='ltr'><strong>testimonio</strong></span> <span class='ocrx_word' id='word_1_528' title='bbox 2331 3182 2532 3241; x_wconf 88' lang='lat' dir='ltr'><strong>habere</strong></span> <span class='ocrx_word' id='word_1_529' title='bbox 2550 3183 2828 3254; x_wconf 71' lang='lat' dir='ltr'><strong>iubemus.</strong></span> 
     </span>
    </p>
   </div>
   <div class='ocr_carea' id='block_1_63' title="bbox 2508 3295 2694 3354">
    <p class='ocr_par' dir='ltr' id='par_1_63' title="bbox 2508 3295 2694 3354">
     <span class='ocr_line' id='line_1_65' title="bbox 2508 3295 2694 3354; baseline 0.005 -2"><span class='ocrx_word' id='word_1_530' title='bbox 2508 3295 2694 3354; x_wconf 81' lang='lat' dir='ltr'><strong>XVIII.</strong></span> 
     </span>
    </p>
   </div>
   <div class='ocr_carea' id='block_1_64' title="bbox 1807 3422 3403 3470">
    <p class='ocr_par' dir='ltr' id='par_1_64' title="bbox 1807 3422 3403 3470">
     <span class='ocr_line' id='line_1_66' title="bbox 1807 3422 3403 3470; baseline 0.004 -8"><span class='ocrx_word' id='word_1_531' title='bbox 1807 3422 2074 3466; x_wconf 72' lang='lat' dir='ltr'><strong>EPISTOLA</strong></span> <span class='ocrx_word' id='word_1_532' title='bbox 2130 3423 2358 3465; x_wconf 67' lang='lat' dir='ltr'><strong>AGAPETI</strong></span> <span class='ocrx_word' id='word_1_533' title='bbox 2396 3424 2544 3464; x_wconf 64' lang='lat' dir='ltr'><strong>PAPE</strong></span> <span class='ocrx_word' id='word_1_534' title='bbox 2579 3425 2621 3464; x_wconf 87' lang='lat' dir='ltr'><strong>II</strong></span> <span class='ocrx_word' id='word_1_535' title='bbox 2658 3425 2728 3465; x_wconf 74' lang='lat' dir='ltr'><strong>AD</strong></span> <span class='ocrx_word' id='word_1_536' title='bbox 2765 3424 3150 3470; x_wconf 68' lang='lat' dir='ltr'><strong>WILLIIIELIUI</strong></span> <span class='ocrx_word' id='word_1_537' title='bbox 3211 3425 3403 3470; x_wconf 55' lang='lat' dir='ltr'><strong>“CIII”</strong></span> 
     </span>
    </p>
   </div>
   <div class='ocr_carea' id='block_1_65' title="bbox 2237 3493 2974 3539">
    <p class='ocr_par' dir='ltr' id='par_1_65' title="bbox 2237 3493 2974 3539">
     <span class='ocr_line' id='line_1_67' title="bbox 2237 3493 2974 3539; baseline 0.005 -5"><span class='ocrx_word' id='word_1_538' title='bbox 2237 3493 2534 3536; x_wconf 69' lang='lat' dir='ltr'><strong>EPISCOPUH</strong></span> <span class='ocrx_word' id='word_1_539' title='bbox 2597 3494 2974 3539; x_wconf 73' lang='lat' dir='ltr'><strong>IIOGIJNTINUI.</strong></span> 
     </span>
    </p>
   </div>
   <div class='ocr_carea' id='block_1_66' title="bbox 2412 3597 2798 3671">
    <p class='ocr_par' dir='ltr' id='par_1_66' title="bbox 2412 3597 2798 3671">
     <span class='ocr_line' id='line_1_68' title="bbox 2412 3597 2798 3671; baseline 0 -19"><span class='ocrx_word' id='word_1_540' title='bbox 2412 3597 2591 3670; x_wconf 84' lang='lat' dir='ltr'><strong>(Anno</strong></span> <span class='ocrx_word' id='word_1_541' title='bbox 2647 3598 2798 3671; x_wconf 83' lang='lat'><strong>955.)</strong></span> 
     </span>
    </p>
   </div>
   <div class='ocr_carea' id='block_1_67' title="bbox 1807 3687 3398 3762">
    <p class='ocr_par' dir='ltr' id='par_1_67' title="bbox 1807 3687 3398 3762">
     <span class='ocr_line' id='line_1_69' title="bbox 1807 3687 3398 3762; baseline 0.003 -16"><span class='ocrx_word' id='word_1_542' title='bbox 1807 3688 1962 3746; x_wconf 83' lang='lat' dir='ltr'><strong>Idem</strong></span> <span class='ocrx_word' id='word_1_543' title='bbox 1986 3687 2318 3761; x_wconf 82' lang='lat' dir='ltr'><strong>privilegium</strong></span> <span class='ocrx_word' id='word_1_544' title='bbox 2340 3689 2521 3744; x_wconf 83' lang='lat' dir='ltr'><strong>tribuit</strong></span> <span class='ocrx_word' id='word_1_545' title='bbox 2550 3692 2690 3762; x_wconf 84' lang='lat' dir='ltr'><strong>quod</strong></span> <span class='ocrx_word' id='word_1_546' title='bbox 2719 3690 2986 3750; x_wconf 71' lang='lat' dir='ltr'><strong>Maximus</strong></span> <span class='ocrx_word' id='word_1_547' title='bbox 3015 3691 3079 3749; x_wconf 86' lang='lat' dir='ltr'><strong>II</strong></span> <span class='ocrx_word' id='word_1_548' title='bbox 3107 3690 3398 3750; x_wconf 80' lang='lat' dir='ltr'><strong>Fridurico</strong></span> 
     </span>
    </p>
   </div>
   <div class='ocr_carea' id='block_1_68' title="bbox 2303 3773 2772 3818">
    <p class='ocr_par' dir='ltr' id='par_1_68' title="bbox 2303 3773 2772 3818">
     <span class='ocr_line' id='line_1_70' title="bbox 2303 3773 2772 3818; baseline -0.002 -1"><span class='ocrx_word' id='word_1_549' title='bbox 2303 3810 2309 3817; x_wconf 95' lang='lat'><strong>.</strong></span> <span class='ocrx_word' id='word_1_550' title='bbox 2425 3777 2452 3815; x_wconf 82' lang='lat' dir='ltr'><strong><em>C</em></strong></span> <span class='ocrx_word' id='word_1_551' title='bbox 2457 3777 2696 3818; x_wconf 72' lang='grc'><strong>011088881⁸</strong></span> <span class='ocrx_word' id='word_1_552' title='bbox 2697 3773 2772 3818; x_wconf 85' lang='lat' dir='ltr'><strong>at.</strong></span> 
     </span>
    </p>
   </div>
   <div class='ocr_carea' id='block_1_69' title="bbox 1810 3875 3397 3954">
    <p class='ocr_par' dir='ltr' id='par_1_69' title="bbox 1810 3875 3397 3954">
     <span class='ocr_line' id='line_1_71' title="bbox 1810 3875 3397 3954; baseline 0.002 -22"><span class='ocrx_word' id='word_1_553' title='bbox 1810 3876 1990 3952; x_wconf 85' lang='lat' dir='ltr'><strong>[Apud</strong></span> <span class='ocrx_word' id='word_1_554' title='bbox 2037 3875 2415 3945; x_wconf 83' lang='lat' dir='ltr'><strong>Wurdtwciu,</strong></span> <span class='ocrx_word' id='word_1_555' title='bbox 2461 3875 2716 3950; x_wconf 75' lang='lat' dir='ltr'><strong>Epistola:</strong></span> <span class='ocrx_word' id='word_1_556' title='bbox 2743 3875 2802 3934; x_wconf 88' lang='lat' dir='ltr'><strong>S.</strong></span> <span class='ocrx_word' id='word_1_557' title='bbox 2833 3877 3118 3952; x_wconf 78' lang='lat' dir='ltr'><strong>Bonifacii,</strong></span> <span class='ocrx_word' id='word_1_558' title='bbox 3157 3892 3214 3951; x_wconf 91' lang='lat' dir='ltr'><strong>p.</strong></span> <span class='ocrx_word' id='word_1_559' title='bbox 3243 3877 3397 3954; x_wconf 78' lang='lat'><strong>375.]</strong></span> 
     </span>
    </p>
   </div>
   <div class='ocr_carea' id='block_1_70' title="bbox 1879 3990 3396 4065">
    <p class='ocr_par' dir='ltr' id='par_1_70' title="bbox 1879 3990 3396 4065">
     <span class='ocr_line' id='line_1_72' title="bbox 1879 3990 3396 4065; baseline 0.004 -20"><span class='ocrx_word' id='word_1_560' title='bbox 1879 3990 2267 4048; x_wconf 87' lang='lat' dir='ltr'><strong>Fraternitatis</strong></span> <span class='ocrx_word' id='word_1_561' title='bbox 2310 4007 2495 4048; x_wconf 91' lang='lat' dir='ltr'><strong>amore</strong></span> <span class='ocrx_word' id='word_1_562' title='bbox 2521 3992 2629 4047; x_wconf 88' lang='lat' dir='ltr'><strong>acti</strong></span> <span class='ocrx_word' id='word_1_563' title='bbox 2663 3991 2876 4063; x_wconf 82' lang='lat' dir='ltr'><strong>ﬁdeque</strong></span> <span class='ocrx_word' id='word_1_564' title='bbox 2909 3993 3254 4065; x_wconf 82' lang='lat' dir='ltr'><strong>antiquorum</strong></span> <span class='ocrx_word' id='word_1_565' title='bbox 3286 3995 3396 4052; x_wconf 91' lang='lat' dir='ltr'><strong>cir-</strong></span> 
     </span>
    </p>
   </div>
   <div class='ocr_carea' id='block_1_71' title="bbox 1807 4082 3392 4158">
    <p class='ocr_par' dir='ltr' id='par_1_71' title="bbox 1807 4082 3392 4158">
     <span class='ocr_line' id='line_1_73' title="bbox 1807 4082 3392 4158; baseline 0.003 -20"><span class='ocrx_word' id='word_1_566' title='bbox 1807 4082 2096 4138; x_wconf 91' lang='lat' dir='ltr'><strong>cumcincti</strong></span> <span class='ocrx_word' id='word_1_567' title='bbox 2125 4097 2190 4138; x_wconf 89' lang='lat' dir='ltr'><strong>ea</strong></span> <span class='ocrx_word' id='word_1_568' title='bbox 2215 4083 2368 4138; x_wconf 90' lang='lat' dir='ltr'><strong>vobis</strong></span> <span class='ocrx_word' id='word_1_569' title='bbox 2417 4092 2728 4154; x_wconf 81' lang='lat' dir='ltr'><strong>sanctaque</strong></span> <span class='ocrx_word' id='word_1_570' title='bbox 2757 4084 3086 4158; x_wconf 83' lang='lat' dir='ltr'><strong>Moguntina</strong></span> <span class='ocrx_word' id='word_1_571' title='bbox 3113 4085 3392 4155; x_wconf 88' lang='lat' dir='ltr'><strong>Ecclesia,</strong></span> 
     </span>
    </p>
   </div>
   <div class='ocr_carea' id='block_1_72' title="bbox 1807 4169 3394 4251">
    <p class='ocr_par' dir='ltr' id='par_1_72' title="bbox 1807 4169 3394 4251">
     <span class='ocr_line' id='line_1_74' title="bbox 1807 4169 3394 4251; baseline 0.004 -21"><span class='ocrx_word' id='word_1_572' title='bbox 1807 4174 1894 4230; x_wconf 92' lang='lat' dir='ltr'><strong>cui</strong></span> <span class='ocrx_word' id='word_1_573' title='bbox 1921 4175 2167 4245; x_wconf 88' lang='lat' dir='ltr'><strong>praestis</strong></span> <span class='ocrx_word' id='word_1_574' title='bbox 2211 4175 2479 4248; x_wconf 89' lang='lat' dir='ltr'><strong>denegare</strong></span> <span class='ocrx_word' id='word_1_575' title='bbox 2507 4176 2838 4248; x_wconf 88' lang='lat' dir='ltr'><strong>ignoramus,</strong></span> <span class='ocrx_word' id='word_1_576' title='bbox 2889 4187 3110 4250; x_wconf 88' lang='lat' dir='ltr'><strong>propter</strong></span> <span class='ocrx_word' id='word_1_577' title='bbox 3139 4169 3259 4251; x_wconf 80' lang='lat' dir='ltr'><strong>qua</strong></span> <span class='ocrx_word' id='word_1_578' title='bbox 3301 4196 3394 4238; x_wconf 90' lang='lat' dir='ltr'><strong>ve-</strong></span> 
     </span>
    </p>
   </div>
   <div class='ocr_carea' id='block_1_73' title="bbox 1805 4267 3395 4344">
    <p class='ocr_par' dir='ltr' id='par_1_73' title="bbox 1805 4267 3395 4344">
     <span class='ocr_line' id='line_1_75' title="bbox 1805 4267 3395 4344; baseline 0.004 -22"><span class='ocrx_word' id='word_1_579' title='bbox 1805 4275 1950 4322; x_wconf 88' lang='lat' dir='ltr'><strong>stros</strong></span> <span class='ocrx_word' id='word_1_580' title='bbox 1987 4267 2208 4322; x_wconf 90' lang='lat' dir='ltr'><strong>nuntios</strong></span> <span class='ocrx_word' id='word_1_581' title='bbox 2232 4267 2299 4322; x_wconf 88' lang='lat' dir='ltr'><strong>ad</strong></span> <span class='ocrx_word' id='word_1_582' title='bbox 2347 4273 2591 4324; x_wconf 88' lang='lat' dir='ltr'><strong>sanctam</strong></span> <span class='ocrx_word' id='word_1_583' title='bbox 2619 4269 2802 4324; x_wconf 85' lang='lat' dir='ltr'><strong>sedem</strong></span> <span class='ocrx_word' id='word_1_584' title='bbox 2827 4270 3090 4340; x_wconf 86' lang='lat' dir='ltr'><strong>principis</strong></span> <span class='ocrx_word' id='word_1_585' title='bbox 3121 4272 3395 4344; x_wconf 90' lang='lat' dir='ltr'><strong>apostolo-</strong></span> 
     </span>
    </p>
   </div>
   <div class='ocr_carea' id='block_1_74' title="bbox 1805 4359 3394 4434">
    <p class='ocr_par' dir='ltr' id='par_1_74' title="bbox 1805 4359 3394 4434">
     <span class='ocr_line' id='line_1_76' title="bbox 1805 4359 3394 4434; baseline 0.004 -18"><span class='ocrx_word' id='word_1_586' title='bbox 1805 4375 1926 4416; x_wconf 92' lang='lat' dir='ltr'><strong>rum</strong></span> <span class='ocrx_word' id='word_1_587' title='bbox 1952 4367 2006 4416; x_wconf 90' lang='lat' dir='ltr'><strong>et</strong></span> <span class='ocrx_word' id='word_1_588' title='bbox 2035 4361 2104 4415; x_wconf 88' lang='lat' dir='ltr'><strong>ad</strong></span> <span class='ocrx_word' id='word_1_589' title='bbox 2155 4367 2400 4416; x_wconf 88' lang='lat' dir='ltr'><strong>nostram</strong></span> <span class='ocrx_word' id='word_1_590' title='bbox 2453 4359 2804 4431; x_wconf 87' lang='lat' dir='ltr'><strong>apostolicam</strong></span> <span class='ocrx_word' id='word_1_591' title='bbox 2851 4362 3166 4434; x_wconf 80' lang='lat' dir='ltr'><strong>dignitatem</strong></span> <span class='ocrx_word' id='word_1_592' title='bbox 3196 4365 3394 4422; x_wconf 90' lang='lat' dir='ltr'><strong>missos</strong></span> 
     </span>
    </p>
   </div>
   <div class='ocr_carea' id='block_1_75' title="bbox 1804 4455 3391 4526">
    <p class='ocr_par' dir='ltr' id='par_1_75' title="bbox 1804 4455 3391 4526">
     <span class='ocr_line' id='line_1_77' title="bbox 1804 4455 3391 4526; baseline 0.004 -16"><span class='ocrx_word' id='word_1_593' title='bbox 1804 4455 2180 4526; x_wconf 89' lang='lat' dir='ltr'><strong>cognoscimus</strong></span> <span class='ocrx_word' id='word_1_594' title='bbox 2229 4463 2285 4511; x_wconf 92' lang='lat' dir='ltr'><strong>et</strong></span> <span class='ocrx_word' id='word_1_595' title='bbox 2306 4469 2426 4526; x_wconf 78' lang='lat' dir='ltr'><strong>qua</strong></span> <span class='ocrx_word' id='word_1_596' title='bbox 2465 4463 2637 4511; x_wconf 80' lang='lat' dir='ltr'><strong>nostri</strong></span> <span class='ocrx_word' id='word_1_597' title='bbox 2662 4463 3039 4514; x_wconf 89' lang='lat' dir='ltr'><strong>antecessores</strong></span> <span class='ocrx_word' id='word_1_598' title='bbox 3074 4458 3270 4516; x_wconf 87' lang='lat' dir='ltr'><strong>vestris</strong></span> <span class='ocrx_word' id='word_1_599' title='bbox 3296 4475 3391 4517; x_wconf 80' lang='lat' dir='ltr'><strong>an-</strong></span> 
     </span>
    </p>
   </div>
   <div class='ocr_carea' id='block_1_76' title="bbox 1807 4544 3390 4620">
    <p class='ocr_par' dir='ltr' id='par_1_76' title="bbox 1807 4544 3390 4620">
     <span class='ocr_line' id='line_1_78' title="bbox 1807 4544 3390 4620; baseline 0.003 -17"><span class='ocrx_word' id='word_1_600' title='bbox 1807 4546 2166 4604; x_wconf 83' lang='lat' dir='ltr'><strong>tecessoribus</strong></span> <span class='ocrx_word' id='word_1_601' title='bbox 2211 4547 2499 4620; x_wconf 88' lang='lat' dir='ltr'><strong>denegare.</strong></span> <span class='ocrx_word' id='word_1_602' title='bbox 2555 4544 2770 4604; x_wconf 90' lang='lat' dir='ltr'><strong>Scimus</strong></span> <span class='ocrx_word' id='word_1_603' title='bbox 2796 4563 2924 4606; x_wconf 89' lang='lat' dir='ltr'><strong>vero</strong></span> <span class='ocrx_word' id='word_1_604' title='bbox 2954 4551 3152 4606; x_wconf 89' lang='lat' dir='ltr'><strong>vestris</strong></span> <span class='ocrx_word' id='word_1_605' title='bbox 3189 4551 3390 4607; x_wconf 82' lang='lat' dir='ltr'><strong>litteris</strong></span> 
     </span>
    </p>
   </div>
   <div class='ocr_carea' id='block_1_77' title="bbox 122 4618 3388 4725">
    <p class='ocr_par' dir='ltr' id='par_1_77' title="bbox 122 4618 3388 4725">
     <span class='ocr_line' id='line_1_79' title="bbox 122 4618 3388 4725; baseline 0.002 -32"><span class='ocrx_word' id='word_1_606' title='bbox 122 4618 548 4719; x_wconf 58' lang='grc' dir='ltr'><strong>(ιυὲηιεῖευιεηι</strong></span> <span class='ocrx_word' id='word_1_607' title='bbox 579 4618 816 4712; x_wconf 55' lang='grc' dir='ltr'><strong>ιηάηίιυε</strong></span> <span class='ocrx_word' id='word_1_608' title='bbox 841 4696 857 4722; x_wconf 60' lang='grc'><em>,</em></span> <span class='ocrx_word' id='word_1_609' title='bbox 885 4618 1012 4709; x_wconf 44' lang='lat' dir='ltr'><strong>dim,</strong></span> <span class='ocrx_word' id='word_1_610' title='bbox 1052 4618 1352 4721; x_wconf 56' lang='lat' dir='ltr'><strong>adviveret,</strong></span> <span class='ocrx_word' id='word_1_611' title='bbox 1382 4669 1565 4710; x_wconf 69' lang='lat' dir='ltr'><strong>comm</strong></span> <span class='ocrx_word' id='word_1_612' title='bbox 1587 4655 1702 4725; x_wconf 73' lang='lat' dir='ltr'><strong>cpi-</strong></span> <span class='ocrx_word' id='word_1_613' title='bbox 1729 4618 1781 4680; x_wconf 78' lang='lat' dir='ltr'><strong>D</strong></span> <span class='ocrx_word' id='word_1_614' title='bbox 1806 4641 2184 4698; x_wconf 88' lang='lat' dir='ltr'><strong>intimantibus</strong></span> <span class='ocrx_word' id='word_1_615' title='bbox 2226 4651 2419 4696; x_wconf 90' lang='lat' dir='ltr'><strong>sancto</strong></span> <span class='ocrx_word' id='word_1_616' title='bbox 2463 4640 2741 4699; x_wconf 84' lang='lat' dir='ltr'><strong>Bonifacio</strong></span> <span class='ocrx_word' id='word_1_617' title='bbox 2787 4653 2970 4700; x_wconf 90' lang='lat' dir='ltr'><strong>vestro</strong></span> <span class='ocrx_word' id='word_1_618' title='bbox 2997 4643 3326 4700; x_wconf 89' lang='lat' dir='ltr'><strong>antecessori</strong></span> <span class='ocrx_word' id='word_1_619' title='bbox 3354 4659 3388 4700; x_wconf 88' lang='lat' dir='ltr'><strong>a</strong></span> 
     </span>
    </p>
   </div>
   <div class='ocr_carea' id='block_1_78' title="bbox 121 4745 1700 4818">
    <p class='ocr_par' dir='ltr' id='par_1_78' title="bbox 121 4745 1700 4818">
     <span class='ocr_line' id='line_1_80' title="bbox 121 4745 1700 4818; baseline 0.004 -25"><span class='ocrx_word' id='word_1_620' title='bbox 121 4752 276 4810; x_wconf 87' lang='lat' dir='ltr'><strong>scopo</strong></span> <span class='ocrx_word' id='word_1_621' title='bbox 304 4759 402 4801; x_wconf 88' lang='lat' dir='ltr'><strong>suo</strong></span> <span class='ocrx_word' id='word_1_622' title='bbox 431 4747 570 4802; x_wconf 92' lang='lat' dir='ltr'><strong>sicut</strong></span> <span class='ocrx_word' id='word_1_623' title='bbox 605 4747 721 4818; x_wconf 90' lang='lat' dir='ltr'><strong>ipse</strong></span> <span class='ocrx_word' id='word_1_624' title='bbox 752 4745 1048 4802; x_wconf 89' lang='lat' dir='ltr'><strong>Balduinus</strong></span> <span class='ocrx_word' id='word_1_625' title='bbox 1093 4745 1262 4802; x_wconf 88' lang='lat' dir='ltr'><strong>abbas</strong></span> <span class='ocrx_word' id='word_1_626' title='bbox 1305 4754 1554 4812; x_wconf 84' lang='lat' dir='ltr'><strong>testatur,</strong></span> <span class='ocrx_word' id='word_1_627' title='bbox 1585 4745 1700 4802; x_wconf 85' lang='lat' dir='ltr'><strong>cul-</strong></span> 
     </span>
    </p>
   </div>
   <div class='ocr_carea' id='block_1_79' title="bbox 121 4831 1699 4909">
    <p class='ocr_par' dir='ltr' id='par_1_79' title="bbox 121 4831 1699 4909">
     <span class='ocr_line' id='line_1_81' title="bbox 121 4831 1699 4909; baseline 0.008 -25"><span class='ocrx_word' id='word_1_628' title='bbox 121 4831 344 4898; x_wconf 86' lang='lat' dir='ltr'><strong>pabilem</strong></span> <span class='ocrx_word' id='word_1_629' title='bbox 391 4853 450 4893; x_wconf 88' lang='lat' dir='ltr'><strong>se</strong></span> <span class='ocrx_word' id='word_1_630' title='bbox 483 4839 759 4904; x_wconf 90' lang='lat' dir='ltr'><strong>reddidit,</strong></span> <span class='ocrx_word' id='word_1_631' title='bbox 786 4847 842 4894; x_wconf 91' lang='lat' dir='ltr'><strong>et</strong></span> <span class='ocrx_word' id='word_1_632' title='bbox 884 4838 1257 4909; x_wconf 88' lang='lat' dir='ltr'><strong>supradictum</strong></span> <span class='ocrx_word' id='word_1_633' title='bbox 1307 4839 1699 4896; x_wconf 89' lang='lat' dir='ltr'><strong>monasterium</strong></span> 
     </span>
    </p>
   </div>
   <div class='ocr_carea' id='block_1_80' title="bbox 122 4920 1697 5006">
    <p class='ocr_par' dir='ltr' id='par_1_80' title="bbox 122 4920 1697 5006">
     <span class='ocr_line' id='line_1_82' title="bbox 122 4920 1697 5006; baseline 0.011 -31"><span class='ocrx_word' id='word_1_634' title='bbox 122 4935 236 4979; x_wconf 88' lang='lat' dir='ltr'><strong>cum</strong></span> <span class='ocrx_word' id='word_1_635' title='bbox 271 4930 518 4987; x_wconf 90' lang='lat' dir='ltr'><strong>omnibus</strong></span> <span class='ocrx_word' id='word_1_636' title='bbox 558 4933 671 4988; x_wconf 89' lang='lat' dir='ltr'><strong>suis</strong></span> <span class='ocrx_word' id='word_1_637' title='bbox 701 4931 864 4990; x_wconf 88' lang='lat' dir='ltr'><strong>rebus</strong></span> <span class='ocrx_word' id='word_1_638' title='bbox 908 4920 1083 4988; x_wconf 83' lang='lat' dir='ltr'><strong>eidem</strong></span> <span class='ocrx_word' id='word_1_639' title='bbox 1132 4935 1316 4990; x_wconf 91' lang='lat' dir='ltr'><strong>abbati</strong></span> <span class='ocrx_word' id='word_1_640' title='bbox 1347 4935 1401 4990; x_wconf 93' lang='lat' dir='ltr'><strong>in</strong></span> <span class='ocrx_word' id='word_1_641' title='bbox 1429 4935 1697 5006; x_wconf 88' lang='lat' dir='ltr'><strong>integrum</strong></span> 
     </span>
    </p>
   </div>
   <div class='ocr_carea' id='block_1_81' title="bbox 123 5014 1695 5094">
    <p class='ocr_par' dir='ltr' id='par_1_81' title="bbox 123 5014 1695 5094">
     <span class='ocr_line' id='line_1_83' title="bbox 123 5014 1695 5094; baseline 0.01 -27"><span class='ocrx_word' id='word_1_642' title='bbox 123 5014 386 5087; x_wconf 81' lang='lat' dir='ltr'><strong>restituit,</strong></span> <span class='ocrx_word' id='word_1_643' title='bbox 429 5020 628 5076; x_wconf 88' lang='lat' dir='ltr'><strong>nullam</strong></span> <span class='ocrx_word' id='word_1_644' title='bbox 655 5021 796 5087; x_wconf 91' lang='lat' dir='ltr'><strong>sibi,</strong></span> <span class='ocrx_word' id='word_1_645' title='bbox 848 5030 942 5078; x_wconf 89' lang='lat' dir='ltr'><strong>aut</strong></span> <span class='ocrx_word' id='word_1_646' title='bbox 973 5022 1088 5078; x_wconf 84' lang='lat' dir='ltr'><strong>suis</strong></span> <span class='ocrx_word' id='word_1_647' title='bbox 1114 5025 1345 5094; x_wconf 87' lang='lat' dir='ltr'><strong>posteris</strong></span> <span class='ocrx_word' id='word_1_648' title='bbox 1384 5024 1695 5084; x_wconf 87' lang='lat' dir='ltr'><strong>dominandi</strong></span> 
     </span>
    </p>
   </div>
   <div class='ocr_carea' id='block_1_82' title="bbox 123 5115 1698 5190">
    <p class='ocr_par' dir='ltr' id='par_1_82' title="bbox 123 5115 1698 5190">
     <span class='ocr_line' id='line_1_84' title="bbox 123 5115 1698 5190; baseline 0.01 -27"><span class='ocrx_word' id='word_1_649' title='bbox 123 5117 432 5176; x_wconf 83' lang='lat' dir='ltr'><strong>potestatem</strong></span> <span class='ocrx_word' id='word_1_650' title='bbox 462 5115 692 5172; x_wconf 90' lang='lat' dir='ltr'><strong>ulterius</strong></span> <span class='ocrx_word' id='word_1_651' title='bbox 716 5115 1049 5188; x_wconf 89' lang='lat' dir='ltr'><strong>relinquens.</strong></span> <span class='ocrx_word' id='word_1_652' title='bbox 1085 5118 1196 5176; x_wconf 87' lang='lat' dir='ltr'><strong>Nos</strong></span> <span class='ocrx_word' id='word_1_653' title='bbox 1222 5135 1353 5176; x_wconf 87' lang='lat' dir='ltr'><strong>vero</strong></span> <span class='ocrx_word' id='word_1_654' title='bbox 1384 5120 1545 5174; x_wconf 93' lang='lat' dir='ltr'><strong>modo</strong></span> <span class='ocrx_word' id='word_1_655' title='bbox 1572 5137 1698 5190; x_wconf 86' lang='lat' dir='ltr'><strong>gra-</strong></span> 
     </span>
    </p>
   </div>
   <div class='ocr_carea' id='block_1_83' title="bbox 126 5204 1671 5236">
    <p class='ocr_par' dir='ltr' id='par_1_83' title="bbox 126 5204 1671 5236">
     <span class='ocr_line' id='line_1_85' title="bbox 126 5204 1671 5236; baseline 0 0"><span class='ocrx_word' id='word_1_656' title='bbox 126 5204 220 5236; x_wconf 65' lang='lat' dir='ltr'><strong>‘i&#39;lﬂ</strong></span> <span class='ocrx_word' id='word_1_657' title='bbox 253 5204 356 5236; x_wconf 65' lang='grc' dir='ltr'><strong>ΠΑἏΛ</strong></span> <span class='ocrx_word' id='word_1_658' title='bbox 385 5207 676 5236; x_wconf 55' lang='grc' dir='ltr'><strong>υιΛθΛ-ΛἎΙΛΛ</strong></span> <span class='ocrx_word' id='word_1_659' title='bbox 707 5209 773 5236; x_wconf 48' lang='grc' dir='ltr'><strong>ΑΒ</strong></span> <span class='ocrx_word' id='word_1_660' title='bbox 803 5210 1163 5236; x_wconf 59' lang='grc' dir='ltr'><strong>υηυιΛ-ΛησῖΑ-ν-</strong></span> <span class='ocrx_word' id='word_1_661' title='bbox 1214 5210 1354 5236; x_wconf 45' lang='lat' dir='ltr'><strong>Ida-sl:</strong></span> <span class='ocrx_word' id='word_1_662' title='bbox 1401 5208 1572 5236; x_wconf 61' lang='grc' dir='ltr'><strong>Παιδί-ξι.</strong></span> <span class='ocrx_word' id='word_1_663' title='bbox 1604 5212 1671 5236; x_wconf 69' lang='grc' dir='ltr'><strong>η-</strong></span> 
     </span>
    </p>
   </div>
   <div class='ocr_carea' id='block_1_84' title="bbox 1801 4731 3390 4806">
    <p class='ocr_par' dir='ltr' id='par_1_84' title="bbox 1801 4731 3390 4806">
     <span class='ocr_line' id='line_1_86' title="bbox 1801 4731 3390 4806; baseline 0 -15"><span class='ocrx_word' id='word_1_664' title='bbox 1801 4732 2062 4806; x_wconf 87' lang='lat' dir='ltr'><strong>Gregorio</strong></span> <span class='ocrx_word' id='word_1_665' title='bbox 2103 4736 2362 4803; x_wconf 87' lang='lat' dir='ltr'><strong>secundo,</strong></span> <span class='ocrx_word' id='word_1_666' title='bbox 2396 4731 2660 4806; x_wconf 87' lang='lat' dir='ltr'><strong>Gregorio</strong></span> <span class='ocrx_word' id='word_1_667' title='bbox 2689 4736 2868 4806; x_wconf 87' lang='lat' dir='ltr'><strong>tertio,</strong></span> <span class='ocrx_word' id='word_1_668' title='bbox 2900 4749 3000 4792; x_wconf 92' lang='lat' dir='ltr'><strong>nec</strong></span> <span class='ocrx_word' id='word_1_669' title='bbox 3043 4751 3150 4791; x_wconf 90' lang='lat' dir='ltr'><strong>non</strong></span> <span class='ocrx_word' id='word_1_670' title='bbox 3180 4735 3390 4791; x_wconf 85' lang='lat' dir='ltr'><strong>Zacha-</strong></span> 
     </span>
    </p>
   </div>
   <div class='ocr_carea' id='block_1_85' title="bbox 1799 4827 3394 4897">
    <p class='ocr_par' dir='ltr' id='par_1_85' title="bbox 1799 4827 3394 4897">
     <span class='ocr_line' id='line_1_87' title="bbox 1799 4827 3394 4897; baseline 0.001 -14"><span class='ocrx_word' id='word_1_671' title='bbox 1799 4827 1902 4894; x_wconf 90' lang='lat' dir='ltr'><strong>ria,</strong></span> <span class='ocrx_word' id='word_1_672' title='bbox 1935 4827 2138 4882; x_wconf 89' lang='lat' dir='ltr'><strong>nostris</strong></span> <span class='ocrx_word' id='word_1_673' title='bbox 2167 4827 2632 4897; x_wconf 83' lang='lat' dir='ltr'><strong>antecessoribus,</strong></span> <span class='ocrx_word' id='word_1_674' title='bbox 2665 4838 2852 4884; x_wconf 87' lang='lat' dir='ltr'><strong>nostro</strong></span> <span class='ocrx_word' id='word_1_675' title='bbox 2877 4827 3061 4897; x_wconf 88' lang='lat' dir='ltr'><strong>utique</strong></span> <span class='ocrx_word' id='word_1_676' title='bbox 3087 4828 3394 4896; x_wconf 78' lang='lat' dir='ltr'><strong>pradeces-</strong></span> 
     </span>
    </p>
   </div>
   <div class='ocr_carea' id='block_1_86' title="bbox 1799 4916 3391 4991">
    <p class='ocr_par' dir='ltr' id='par_1_86' title="bbox 1799 4916 3391 4991">
     <span class='ocr_line' id='line_1_88' title="bbox 1799 4916 3391 4991; baseline -0.001 -15"><span class='ocrx_word' id='word_1_677' title='bbox 1799 4933 1944 4987; x_wconf 90' lang='lat' dir='ltr'><strong>sore,</strong></span> <span class='ocrx_word' id='word_1_678' title='bbox 1971 4933 2070 4975; x_wconf 92' lang='lat' dir='ltr'><strong>nec</strong></span> <span class='ocrx_word' id='word_1_679' title='bbox 2093 4935 2196 4975; x_wconf 92' lang='lat' dir='ltr'><strong>non</strong></span> <span class='ocrx_word' id='word_1_680' title='bbox 2228 4921 2635 4991; x_wconf 84' lang='lat' dir='ltr'><strong>pradecessore</strong></span> <span class='ocrx_word' id='word_1_681' title='bbox 2658 4929 2845 4977; x_wconf 92' lang='lat' dir='ltr'><strong>nostro</strong></span> <span class='ocrx_word' id='word_1_682' title='bbox 2872 4917 3078 4974; x_wconf 81' lang='lat' dir='ltr'><strong>Marino</strong></span> <span class='ocrx_word' id='word_1_683' title='bbox 3103 4916 3391 4976; x_wconf 88' lang='lat' dir='ltr'><strong>Fridurico</strong></span> 
     </span>
    </p>
   </div>
   <div class='ocr_carea' id='block_1_87' title="bbox 1798 5011 3402 5084">
    <p class='ocr_par' dir='ltr' id='par_1_87' title="bbox 1798 5011 3402 5084">
     <span class='ocr_line' id='line_1_89' title="bbox 1798 5011 3402 5084; baseline -0.002 -13"><span class='ocrx_word' id='word_1_684' title='bbox 1798 5022 1986 5071; x_wconf 90' lang='lat' dir='ltr'><strong>nostro</strong></span> <span class='ocrx_word' id='word_1_685' title='bbox 2009 5011 2294 5082; x_wconf 84' lang='lat' dir='ltr'><strong>oonfratri,</strong></span> <span class='ocrx_word' id='word_1_686' title='bbox 2329 5020 2516 5070; x_wconf 88' lang='lat' dir='ltr'><strong>vestro</strong></span> <span class='ocrx_word' id='word_1_687' title='bbox 2563 5013 2975 5084; x_wconf 86' lang='lat' dir='ltr'><strong>pradecessori,</strong></span> <span class='ocrx_word' id='word_1_688' title='bbox 3021 5011 3307 5080; x_wconf 81' lang='lat' dir='ltr'><strong>collatum,</strong></span> <span class='ocrx_word' id='word_1_689' title='bbox 3335 5019 3402 5068; x_wconf 72' lang='lat' dir='ltr'><strong>ut</strong></span> 
     </span>
    </p>
   </div>
   <div class='ocr_carea' id='block_1_88' title="bbox 1803 5102 3406 5178">
    <p class='ocr_par' dir='ltr' id='par_1_88' title="bbox 1803 5102 3406 5178">
     <span class='ocr_line' id='line_1_90' title="bbox 1803 5102 3406 5178; baseline -0.002 -14"><span class='ocrx_word' id='word_1_690' title='bbox 1803 5107 1860 5164; x_wconf 87' lang='lat' dir='ltr'><strong>in</strong></span> <span class='ocrx_word' id='word_1_691' title='bbox 1912 5105 2156 5176; x_wconf 89' lang='lat' dir='ltr'><strong>partibus</strong></span> <span class='ocrx_word' id='word_1_692' title='bbox 2203 5107 2372 5164; x_wconf 83' lang='lat' dir='ltr'><strong>totius</strong></span> <span class='ocrx_word' id='word_1_693' title='bbox 2437 5102 2744 5164; x_wconf 79' lang='lat' dir='ltr'><strong>Germania</strong></span> <span class='ocrx_word' id='word_1_694' title='bbox 2795 5103 3084 5174; x_wconf 84' lang='lat' dir='ltr'><strong>Galliaque</strong></span> <span class='ocrx_word' id='word_1_695' title='bbox 3141 5107 3406 5178; x_wconf 75' lang='lat' dir='ltr'><strong>provisor</strong></span> 
     </span>
    </p>
   </div>
   <div class='ocr_carea' id='block_1_89' title="bbox 1803 5197 3410 5236">
    <p class='ocr_par' dir='ltr' id='par_1_89' title="bbox 1803 5197 3410 5236">
     <span class='ocr_line' id='line_1_91' title="bbox 1803 5197 3410 5236; baseline 0 0"><span class='ocrx_word' id='word_1_696' title='bbox 1803 5207 2007 5236; x_wconf 67' lang='grc' dir='ltr'><strong>οηιιριω</strong></span> <span class='ocrx_word' id='word_1_697' title='bbox 2033 5197 2357 5236; x_wconf 64' lang='lat' dir='ltr'><strong>&quot;nonI-ninam</strong></span> <span class='ocrx_word' id='word_1_698' title='bbox 2380 5198 2526 5236; x_wconf 69' lang='lat' dir='ltr'><strong>antlia</strong></span> <span class='ocrx_word' id='word_1_699' title='bbox 2574 5202 2808 5236; x_wconf 65' lang='lat' dir='ltr'><strong>uino-nine</strong></span> <span class='ocrx_word' id='word_1_700' title='bbox 2839 5197 3142 5236; x_wconf 68' lang='lat' dir='ltr'><strong>miccucnun</strong></span> <span class='ocrx_word' id='word_1_701' title='bbox 3184 5208 3410 5236; x_wconf 59' lang='lat' dir='ltr'><strong>annum.</strong></span> 
     </span>
    </p>
   </div>
  </div>
