3964 5356
479 347 584 410 9l9

1781 344 2075 406 AGAPETI
2111 345 2312 404 ΡΑΡίΕ
2348 351 2391 408 II

2701 259 2706 262 -
2717 247 2830 268 σω

3631 353 3730 412 9‘20

479 469 599 540 gius
626 475 825 526 sanctae
849 467 1126 540 Nepesina:
1151 467 1408 526 Ecclesia:
1440 468 1744 542 episcOpus,
1777 482 1898 523 cum
1925 464 2055 520 Ber-
2079 461 2133 524 Α
2158 466 2392 522 casalem
2436 485 2600 526 unum
2663 471 2719 530 in
2771 471 3032 546 integrum
3091 487 3250 544 quem
3305 469 3555 541 Lampati
3613 486 3729 526 cum

485 562 572 617 tha
598 569 653 617 et
679 561 784 616 alia
809 561 1028 629 Bertha,
1048 572 1267 634 propter
1295 562 1488 618 vallem
1518 563 1691 618 sancti
1723 560 1862 628 Viti,
1894 574 2053 630 quem

482 653 536 707 in
565 653 861 709 venerabili
885 655 1214 710 monasterio
1237 664 1440 711 sancta:
1465 655 1689 726 Agnetis
1717 652 2054 724 supradictus

479 743 763 801 Albericus
808 746 1057 813 donavit;
1089 763 1246 818 quem
1293 748 1359 804 de
1384 757 1570 804 vestro
1605 746 1932 802 monasterio
1960 761 2054 801 su-

480 836 787 906 prascripto
829 836 930 893 fuit
960 841 1122 908 posit.
1164 837 1282 893 Jam
1308 839 1449 894 dicta
1483 838 1614 894 foris
1639 847 1792 908 porta
1822 837 2054 894 miliario

451 926 551 983 ‘ab
576 929 710 984 urbe
754 928 922 985 Roma
961 929 1116 998 juxta
1156 929 1372 986 ﬂuvium
1404 930 1659 1004 Tyberis,
1703 932 1844 987 inter
1868 929 2054 986 aﬂines

484 1015 552 1071 ab
596 1033 700 1073 uno
747 1017 916 1075 latere
960 1035 1121 1089 quem
1166 1021 1415 1092 Gurgini,
1448 1031 1499 1076 et
1533 1037 1562 1074 a
1609 1019 1842 1075 secundo
1889 1020 2054 1076 latere

485 1105 699 1161 ﬂuvium
731 1108 989 1180 Tyberis,
1038 1125 1130 1166 seu
1165 1120 1304 1164 terra
1337 1111 1712 1166 sementaricia
1747 1128 1867 1166 cunt
1900 1121 2055 1183 prato

488 1216 584 1251 sun
638 1204 702 1251 de
749 1203 1044 1258 venerabili
1102 1204 1428 1259 monasterio
1485 1206 1657 1259 sancti
1713 1205 1934 1269 Basilii,
1979 1205 2057 1258 si-

491 1300 598 1344 tum
659 1292 708 1344 in
757 1298 899 1346 scola
949 1294 1314 1356 Mortuorum.
1364 1311 1484 1350 cum
1535 1295 1638 1349 alia
1700 1305 1860 1351 terra.
1925 1297 2052 1351 Item

483 1397 602 1434 cum
655 1392 809 1450 prato
859 1399 956 1437 suo
1007 1385 1072 1441 de
1123 1384 1412 1440 venerabili
1471 1386 1799 1440 monasterio
1856 1395 2056 1441 sant-ta:

485 1471 665 1528 Maria:
689 1491 851 1545 quam
899 1476 951 1530 in
990 1477 1280 1542 Aventino,
1309 1487 1363 1531 et
1393 1487 1590 1532 terram
1635 1479 1760 1532 item
1784 1496 1903 1533 cum
1937 1495 2056 1550 pra-

486 1577 539 1621 tu
589 1568 694 1622 sito
747 1571 812 1624 de
853 1569 1114 1641 Gregorio
1164 1587 1192 1626 a
1246 1570 1448 1642 Campo
1477 1572 1688 1636 Martio,
1719 1581 1772 1626 et
1819 1591 1848 1627 a
1897 1573 2058 1628 tertio

465 1659 654 1730 latere
702 1661 895 1717 fundus
945 1680 1036 1720 sex
1087 1664 1492 1733 columnarum,
1533 1675 1589 1722 et
1632 1677 1866 1723 n'umtem
1898 1683 2054 1736 quem

485 1750 747 1817 Mollario,
797 1764 849 1808 et
887 1768 916 1808 a
953 1764 1145 1826 quarto
1196 1755 1429 1812 latere...
1467 1755 1669 1826 juris...
1703 1757 1964 1812 Similiter
2002 1768 2056 1812 et

2156 559 2404 614 onmibus
2431 563 2498 616 ad
2528 578 2658 630 eum
2690 565 3081 634 pertinentibus
3111 566 3254 620 inter
3280 561 3469 618 alﬁnes
3502 577 3535 617 a
3563 562 3731 617 tribus

2156 650 2414 709 lateribus
2456 654 2674 710 ﬂuvium
2723 658 2815 727 qui
2844 657 3108 714 Tiverone
3153 656 3532 714 circumdatur
3559 697 3576 722 ,
3607 663 3662 710 et
3701 670 3731 710 a

2157 750 2348 811 quarto
2371 742 2537 800 latere
2583 744 2866 801 Fossatum
2892 756 2946 803 et
2990 747 3076 802 via
3107 746 3319 818 publica
3354 746 3497 816 juris
3546 759 3730 798 mona-

2157 833 2306 888 sterii
2331 836 2499 891 sancti
2516 835 2789 894 Laurentii
2818 841 2960 910 quod
2983 841 3279 912 appellatur
3302 837 3580 894 Palacina.
3601 836 3737 892 Nec-

2157 937 2262 976 non
2303 932 2360 978 et
2405 925 2584 980 cesina
2618 942 2722 980 una
2765 929 2831 982 ad
2861 928 3159 983 modiorum
3211 927 3331 998 plus
3377 927 3562 981 minus
3616 940 3734 979 cum

2157 1014 2344 1083 criptis
2392 1018 2696 1084 arenariis,
2738 1019 3018 1090 parietinis
3066 1020 3284 1075 discetis
3339 1029 3396 1074 et
3437 1035 3562 1075 cum
3625 1033 3738 1073 om-

2159 1106 2317 1161 nibus
2382 1108 2448 1162 ad
2503 1125 2620 1164 eam
2677 1113 3087 1181 pertinentem,
3145 1115 3242 1169 sita
3316 1112 3451 1168 l‘uris
3528 1122 3735 1182 portam

2157 1198 2328 1253 sancti
2351 1198 2594 1263 Joannis,
2625 1202 2818 1257 miliar.
2856 1203 2922 1257 ab
2958 1205 3090 1259 urbe
3119 1205 3284 1258 Roma
3325 1202 3446 1274 plus
3466 1201 3734 1256 min-ts...

2159 1287 2300 1344 inter
2326 1287 2507 1344 alliues
2532 1306 2560 1344 a
2589 1292 2796 1348 duobus
2823 1294 3082 1350 lateribus
3113 1305 3252 1351 terra
3278 1297 3343 1350 de
3373 1294 3622 1349 Adriano
3651 1308 3738 1346 no-

2159 1377 2248 1433 ltili
2281 1381 2398 1436 viro
2423 1423 2437 1447 ,
2479 1382 2586 1436 lilio
2616 1384 2832 1438 Adriani
2864 1387 3128 1456 quondam
3159 1387 3306 1458 (259)
3334 1387 3600 1451 archarii;
3631 1394 3684 1440 et
3709 1402 3738 1438 ει

2159 1473 2317 1526 tertio
2365 1474 2544 1528 latere
2571 1483 2716 1530 terra
2771 1477 2836 1530 de
2883 1477 3092 1532 luerede
3139 1478 3416 1548 quondam
3476 1475 3736 1546 Stephani

2159 1562 2472 1632 Cltaumati;
2519 1575 2572 1621 et
2617 1582 2644 1620 a
2693 1575 2886 1638 quarto
2945 1567 3110 1623 latere
3160 1566 3330 1622 forma
3376 1566 3737 1638 aqttzetluctio.

2159 1658 2447 1715 Enimvero
2477 1670 2531 1715 ct
2559 1661 2677 1716 alia:
2715 1671 2869 1716 terra:
2904 1661 3293 1717 se'nentariciae
3329 1661 3404 1715 ibi
3448 1660 3571 1730 ipso
3601 1658 3736 1729 post.

2162 1757 2228 1803 tae
2253 1764 2372 1803 cum
2402 1751 2628 1805 diversis
2661 1751 2944 1806 arboribus
2973 1751 3086 1806 suis
3111 1751 3270 1806 sicuti
3295 1750 3449 1806 vobis
3486 1763 3588 1819 per
3611 1748 3738 1803 scri—

481 1850 697 1911 pratum
721 1859 885 1898 unum
912 1845 963 1900 in
997 1845 1263 1914 integrum
1294 1847 1450 1902 sicuti
1478 1849 1729 1903 detinetis
1757 1847 1888 1904 roris
1923 1865 2057 1921 pon-
2081 1845 2129 1906 B
2157 1849 2430 1911 ptumum
2450 1844 2619 1898 series
2641 1843 2910 1913 pertinere
2923 1843 3133 1898 videtur
3148 1859 3270 1898 cum
3290 1843 3547 1898 omnibus
3565 1841 3634 1895 ad
3651 1855 3736 1895 eas

480 1939 588 1988 tem
627 1931 893 1989 Salarium
939 1935 991 1990 in
1021 1935 1194 1991 locum
1225 1953 1382 2009 quem
1409 1937 1629 1993 Fliscari
1671 1939 1759 2009 qui
1807 1949 1888 1995 est
1920 1940 2060 1995 inter

480 2022 666 2079 aﬂiues
693 2023 759 2080 ab
789 2040 894 2080 uno
937 2024 1107 2081 latere
1154 2027 1456 2094 Fossatum,
1495 2036 1549 2083 et
1569 2043 1598 2082 a
1623 2029 1857 2084 secundo
1890 2029 2059 2086 latere

478 2121 761 2184 pratum...
812 2123 867 2170 et
915 2129 946 2170 a
998 2115 1158 2171 tertio
1188 2115 1434 2189 ,latere...
1479 2127 1533 2173 et
1577 2133 1607 2172 a
1654 2127 1847 2189 quarto
1891 2119 2060 2176 latere

484 2213 702 2274 pratum
768 2220 929 2276 quem
994 2206 1197 2263 detinet
1257 2207 1575 2265 Benedictus
1632 2220 1832 2266 sancta:
1889 2209 2060 2283 Sylvae

480 2294 630 2368 (256)
664 2294 916 2352 Candida:
961 2297 1234 2369 episc0po,
1271 2299 1409 2370 juris
1453 2301 1612 2356 etiam
1641 2311 1693 2359 et
1731 2301 1958 2356 casalem
2004 2301 2058 2356 in

479 2387 748 2459 integrum
800 2403 958 2459 quem
1008 2387 1281 2446 Gallorum
1326 2406 1420 2446 seu
1466 2390 1780 2448 Balneolum
1829 2401 1884 2448 et
1925 2392 2061 2449 Pac-

478 2482 716 2546 cianum.
753 2483 867 2541 sive
887 2485 1081 2557 quibus
1121 2486 1241 2544 aliis
1269 2488 1541 2544 vocabulis
1566 2489 1706 2545 sicut
1741 2489 1824 2545 vel
1854 2491 1920 2544 ab
1946 2490 2058 2544 ori-

479 2575 604 2642 gine
625 2573 862 2642 fuerunt,
901 2577 1057 2632 sicuti
1091 2577 1218 2632 olim
1255 2577 1491 2635 Joannes
1521 2580 1611 2650 qui
1651 2581 1926 2637 dicebatur
1951 2581 2060 2639 Ou-

463 2665 606 2722 idino
632 2683 730 2737 per
755 2668 1099 2725 donationem
1138 2669 1358 2727 Cartula
1389 2671 1443 2726 in
1484 2673 1852 2745 suprascripto
1881 2683 2059 2730 vestro

479 2759 676 2814 obtulit
703 2761 1032 2818 monasterio
1057 2777 1180 2818 cum
1227 2764 1388 2820 terris
1421 2765 1850 2834 sationabilibus,
1873 2768 2060 2838 criptis

483 2854 1016 2928 arenariis,campis,
1039 2858 1231 2928 pratis,
1249 2860 1483 2930 pascuis,
1511 2860 1750 2917 aediliciis
1778 2863 2061 2933 parietinis

480 2945 977 3020 adjacentibusque,
1001 2950 1226 3021 planitie
1256 2960 1310 3008 et
1348 2953 1523 3024 puteis
1553 2953 1820 3022 fontibus;
1857 2956 2057 3012 cultum

479 3038 565 3092 vel
589 3039 870 3108 incultum,
907 3057 1033 3098 cum
1053 3043 1304 3100 omnibus
1337 3060 1457 3116 qua:
1483 3047 1550 3102 ad
1577 3062 1699 3104 eum
1733 3049 2060 3120 generaliter

481 3139 539 3185 et
590 3131 643 3186 in
698 3131 967 3204 integrum
1027 3135 1428 3205 pertinentibus
1482 3139 1643 3195 situm
1706 3140 1838 3197 foris
1897 3150 2058 3212 ponte

2163 1933 2554 2002 pertinentibus
2605 1936 2766 2005 posit.
2799 1934 2928 1991 foris
2958 1937 3380 2006 suprascriptam
3411 1946 3630 2005 portam
3646 1933 3742 1988 mi-

2161 2023 2283 2081 liar.
2319 2025 2388 2080 ab
2431 2027 2564 2082 urbe
2593 2027 2710 2096 plus
2741 2029 2918 2082 minus
2945 2037 3097 2082 sexto
3127 2028 3268 2082 inter
3306 2026 3501 2081 alﬂnes
3529 2026 3599 2080 ab
3638 2039 3740 2079 uno

2159 2115 2326 2174 latere
2377 2127 2519 2174 terra
2584 2118 2841 2190 Stephani
2897 2119 3288 2175 Denimentis...
3347 2119 3428 2175 del
3459 2119 3742 2174 Theodoro

2159 2207 2434 2280 przel'ecto,
2460 2216 2514 2264 et
2539 2225 2568 2263 a
2595 2209 2832 2265 secundo
2859 2208 3026 2265 latere
3054 2218 3196 2265 terra
3228 2211 3294 2266 de
3325 2210 3542 2266 hterede
3572 2224 3742 2279 quon-

2160 2299 2281 2354 dam
2315 2300 2596 2356 Theodoro
2642 2301 2709 2356 de
2763 2302 3045 2369 Aventino,
3077 2313 3182 2358 eta
3223 2303 3382 2357 tertio
3403 2303 3574 2356 latere
3600 2313 3740 2355 terra

2161 2405 2318 2460 quem
2351 2390 2595 2457 Morani;
2626 2400 2680 2446 et
2710 2407 2740 2445 a
2768 2403 2963 2462 quarto
2993 2393 3160 2449 latere
3191 2410 3355 2465 supra
3385 2395 3592 2464 scripta
3639 2393 3744 2448 for-

2160 2496 2247 2536 ma
2275 2482 2608 2551 aquaeductio
2635 2521 2650 2548 ,
2681 2490 2739 2538 et
2758 2480 2976 2538 fundum
3009 2499 3163 2553 quem
3197 2495 3402 2556 septem
3430 2472 3580 2539 missi
3621 2500 3742 2538 cum

2160 2573 2272 2628 suis
2301 2572 2664 2643 pertinentiis,
2690 2573 2830 2628 inter
2859 2589 2921 2628 ea
2949 2583 3005 2629 et
3046 2573 3148 2628 alia
3179 2582 3326 2631 terra
3369 2583 3427 2630 et
3459 2575 3583 2630 alite
3610 2589 3743 2629 cess:

2161 2663 2410 2720 sational.
2469 2665 2625 2720 sicuti
2669 2665 2922 2722 tletinetis
2964 2668 3017 2722 in
3053 2666 3226 2724 locmn
3266 2683 3430 2738 quem
3471 2667 3585 2722 Mil.
3642 2667 3744 2721 ﬂxo

2160 2761 2293 2816 foris
2340 2761 2510 2832 ipsam
2563 2761 2982 2832 suprascriptum
3021 2771 3232 2833 portam
3277 2761 3455 2817 sancti
3494 2759 3740 2816 Joannis.

2160 2850 2426 2907 Praeterea
2465 2850 2854 2907 conﬁrmamus
2891 2853 3046 2907 vobis
3093 2852 3322 2908 fundora
3365 2861 3478 2907 tres
3508 2852 3745 2923 integras

2159 2958 2325 2998 unum
2371 2957 2532 3013 quem
2580 2942 2805 2998 Pontcm
2833 2944 2898 2998 de
2939 2942 3092 3000 Nono
3127 2943 3267 2999 intra
3310 2943 3490 3012 ipsum
3526 2954 3742 3016 pontem

2159 3050 2282 3092 cum
2309 3035 2538 3091 diversis
2578 3035 2740 3092 terris
2769 3035 3122 3092 sationalibus
3171 3045 3226 3091 et
3261 3036 3561 3092 arboribus
3609 3037 3742 3101 suis,

2158 3128 2272 3184 sive
2303 3127 2491 3198 criptis
2526 3128 2811 3195 arenariis,
2835 3129 3118 3200 parietinis
3146 3129 3261 3184 suis
3289 3127 3560 3194 diversis,
3597 3137 3653 3182 et
3673 3127 3748 3181 di-

481 3219 728 3289 Salario,
773 3224 974 3280 miliar.
1003 3226 1072 3282 ab
1123 3226 1240 3297 ipso
1287 3239 1450 3300 ponte
1489 3231 1608 3302 plus
1654 3233 1833 3289 minus
1877 3237 2055 3302 tutius,

2163 3221 2351 3287 sertis,
2388 3230 2442 3277 ct
2470 3220 2576 3278 sint
2605 3221 2658 3276 in
2691 3237 2854 3292 opere
2882 3230 3168 3292 cooperto,
3203 3220 3411 3276 cultum
3443 3219 3534 3274 vel
3580 3219 3746 3275 incul-

479 3314 626 3370 inter
645 3313 830 3373 aﬂines
854 3357 870 3385 ,
899 3317 967 3373 ab
989 3333 1096 3374 uno
1124 3319 1292 3376 latere
1335 3321 1515 3379 casale
1543 3325 1686 3394 quod
1713 3323 1816 3381 fuit
1851 3326 2061 3386 Roserii

480 3407 628 3464 Petri
662 3417 871 3477 stante;
909 3419 966 3466 et
1009 3425 1039 3466 a
1080 3413 1316 3468 secundo
1344 3412 1513 3470 latere
1538 3415 1744 3486 pariete
1765 3418 1985 3489 antiqua
2008 3428 2064 3476 et

475 3509 628 3557 terra
661 3517 782 3574 quae
823 3503 950 3560 olim
992 3503 1095 3560 fuit
1139 3507 1411 3578 quondam
1455 3507 1698 3566 Maczoni
1744 3511 1855 3569 ﬂlio
1885 3514 2059 3570 sacel-

478 3594 625 3662 larii,
676 3611 838 3668 quem
888 3614 1030 3655 nunc
1079 3599 1284 3657 detinet
1312 3602 1499 3673 Ylpizo
1548 3605 1715 3660 nobil.
1766 3606 1881 3674 vir;
1927 3616 1982 3662 et
2029 3623 2062 3665 a

479 3687 644 3744 tertio
695 3689 867 3746 latere
919 3699 1116 3747 terram
1165 3691 1422 3765 Stephani
1481 3695 1548 3752 de
1600 3695 1881 3755 Theodoro
1911 3698 2060 3770 (257)

484 3779 745 3850 praefecto
782 3822 798 3849 ,
843 3790 900 3838 et
956 3797 986 3836 a
1030 3792 1224 3855 quarto
1272 3785 1441 3842 latere
1488 3787 1673 3859 criptte
1718 3805 1878 3848 auem
1936 3788 2063 3846 Ser-

477 3873 723 3943 pentaria
770 3881 824 3930 et
867 3873 1026 3928 aliam
1075 3885 1275 3931 terram
1321 3887 1602 3934 vacantem
1636 3877 1790 3949 juxta
1831 3897 1891 3937 se
1922 3880 2062 3953 juris

478 3963 806 4022 venerabilis
841 3966 1155 4022 monasterii
1183 3969 1355 4024 sancti
1384 3967 1513 4024 Viti.
1543 3969 1677 4024 Nam
1708 3980 1764 4027 et
1793 3971 1926 4028 alias
1955 3982 2062 4028 ter-

481 4075 574 4117 ras
597 4060 1002 4118 sementericias
1024 4062 1197 4134 petias
1218 4064 1352 4120 duas
1373 4064 1599 4134 integris
1630 4064 1704 4121 ibi
1749 4066 1866 4137 ipso
1881 4066 2061 4137 posito

471 4150 630 4222 juxta
658 4153 834 4224 ipsum
871 4152 1053 4211 casale
1095 4162 1152 4210 et
1183 4153 1338 4224 juxta
1377 4155 1797 4227 suprascriptam
1831 4157 2060 4228 criptam

477 4243 545 4297 de
569 4244 680 4314 ipsa
729 4255 880 4316 parte
927 4246 1095 4318 ipsius
1132 4247 1319 4320 criptm
1366 4248 1508 4304 inter
1552 4249 1738 4305 aﬂines
1776 4264 1808 4304 a
1853 4251 2061 4308 duobus

481 4333 768 4402 lateribus,
823 4346 968 4393 terra
1011 4353 1131 4410 qua:
1173 4339 1300 4394 olim
1350 4338 1453 4396 fuit
1503 4341 1880 4414 suprascripta:
1905 4342 2063 4398 Rosa:

476 4426 862 4497 superinstant.
902 4427 948 4483 A
989 4420 1148 4486 tertio
1192 4430 1361 4488 latere
1400 4441 1544 4489 terra
1589 4434 1655 4490 de
1686 4432 1900 4490 hmrede
1927 4432 2064 4489 Leo-

477 4519 567 4575 nis
613 4519 1014 4591 Camburlingo,
1066 4534 1122 4579 et
1159 4538 1189 4578 a
1240 4533 1433 4594 quarto
1487 4526 1660 4582 latere
1705 4529 1792 4583 via
1846 4527 2057 4600 publica

2164 3323 2304 3386 tum,
2333 3323 2390 3371 et
2415 3329 2538 3370 cum
2559 3315 2812 3369 omnibus
2841 3314 2908 3370 ad
2932 3329 3024 3369 cas
3051 3313 3378 3384 generaliter
3416 3322 3472 3368 et
3519 3314 3577 3368 in
3615 3313 3747 3368 inte-

2165 3416 2319 3473 grum
2361 3401 2720 3471 pertinentem
2767 3400 2928 3470 posit.
2956 3399 3089 3456 foris
3136 3400 3482 3471 saepedictam
3537 3409 3743 3470 portast

2164 3492 2338 3550 sancti
2367 3491 2591 3548 Joannis
2616 3505 2736 3562 qua:
2761 3491 2859 3546 Via
2891 3488 3080 3544 Latina
3114 3496 3488 3560 nuncupatur,
3514 3487 3747 3542 miliario

2161 3591 2232 3646 ab
2260 3589 2393 3646 urbe
2419 3587 2587 3642 Roma
2624 3585 2744 3656 plus
2775 3585 2953 3640 minus
2982 3599 3143 3650 nono,
3175 3591 3232 3639 et
3267 3583 3411 3639 inter
3446 3579 3642 3637 aliine:
3684 3579 3750 3633 ab

2162 3695 2272 3736 uno
2295 3682 2465 3735 latere
2495 3678 2861 3749 suprascripta
2888 3676 3056 3732 forma
3073 3675 3400 3746 aquaductio
3427 3689 3556 3745 qua:
3583 3670 3750 3744 appel-

2163 3769 2309 3828 latur
2333 3769 2551 3827 Claudia
2577 3810 2595 3839 ,
2618 3779 2672 3825 ct
2699 3769 2954 3840 praedicto
2985 3778 3147 3838 ponte
3184 3782 3346 3837 quem
3374 3765 3532 3820 Nono
3565 3807 3583 3831 ,
3631 3774 3685 3820 et
3717 3778 3747 3817 a

2161 3863 2397 3921 secundo
2424 3861 2588 3918 latere
2611 3858 2720 3930 jam
2744 3858 2967 3930 praefata
2991 3858 3158 3915 forma
3183 3874 3304 3930 quae
3320 3857 3529 3912 dicitur
3540 3855 3748 3913 Abebe-

2162 3955 2464 4020 ratorium,
2510 3963 2566 4010 et
2612 3969 2642 4008 a
2690 3954 2848 4007 tertio
2877 3953 3044 4006 latere
3092 3952 3463 4022 suprascripta
3491 3949 3661 4005 Gorte
3689 3949 3747 4001 de

2163 4048 2366 4105 Moreni
2384 4089 2399 4116 ,
2430 4057 2485 4104 et
2511 4064 2542 4103 a
2566 4057 2759 4120 quarto
2789 4047 2960 4101 latere
2984 4045 3209 4100 limitem
3234 4057 3396 4114 quem
3421 4042 3577 4097 ducit
3599 4040 3747 4110 juxta

2168 4147 2399 4218 criptam
2474 4160 2633 4215 quem
2707 4141 2957 4198 Ardenda
3015 4138 3156 4208 juris
3220 4144 3427 4193 sanctae
3491 4135 3746 4190 Romam:

2163 4239 2440 4298 Ecclesiae.
2467 4236 2708 4306 Itemque
2737 4243 2792 4290 et
2817 4233 2978 4288 alium
3009 4229 3232 4286 fundum
3266 4229 3320 4284 in
3361 4227 3584 4298 integro
3609 4224 3746 4296 quod

2164 4329 2551 4402 dompnicaria,
2580 4328 2633 4382 in
2665 4340 2770 4396 quo
2797 4331 2880 4380 est
2904 4321 3136 4378 ecclesia
3164 4321 3378 4376 deserta
3403 4334 3529 4373 cum
3561 4316 3748 4386 eriptis

2163 4423 2443 4497 parietinis
2471 4421 2615 4486 suis,
2646 4417 2783 4474 cum'
2817 4417 2979 4472 terris
3034 4411 3393 4470 sationalibus
3418 4418 3478 4466 et
3518 4410 3746 4465 diversis

2165 4515 2448 4572 arboribus
2472 4511 2584 4567 suis
2596 4506 2873 4580 pomiferis
2898 4515 2952 4561 ct
2976 4503 3268 4560 fructiferis
3292 4501 3498 4557 diversi
3510 4500 3744 4571 generis,

475 4612 617 4685 juris
663 4613 1019 4687 suprascripti
1064 4618 1376 4673 monasterii
1425 4619 1601 4675 sancti
1643 4618 1772 4674 Viti.
1821 4594 2059 4689 ltentque
2090 4625 2138 4686 ι)
2163 4608 2365 4666 cultum
2397 4605 2482 4661 νει
2503 4602 2761 4659 “lculi-11m
2795 4641 2811 4668 ν
2847 4599 3204 4669 Ollln'lbus‘lue
3229 4596 3296 4650 ad
3325 4610 3452 4689 eum
3474 4594 3747 4664 Ρεηίιιθυ·

479 4706 795 4764 Columnam
877 4706 1025 4779 (258)
1107 4705 1366 4776 majorem
1419 4725 1581 4764 unam
1657 4711 1722 4766 in
1798 4710 2060 4781 integrant

480 4812 644 4866 quam
693 4797 967 4854 Antonino
1018 4813 1141 4854 cum
1192 4797 1324 4853 cella
1377 4798 1478 4853 sub
1511 4813 1572 4854 se
1616 4808 1672 4854 et
1725 4809 1922 4854 terram
1969 4816 2064 4854 va-

481 4894 691 4942 cantem
729 4888 785 4943 in
837 4887 1066 4943 circuitu
1125 4901 1224 4943 suo
1272 4887 1428 4944 sicuti
1453 4888 1692 4958 undique
1749 4903 1780 4942 a
1829 4889 1914 4944 via
1965 4905 2062 4960 pu—

487 4977 628 5035 blica
676 4979 1069 5050 cicumscriptte
1112 4993 1233 5035 esse
1271 4979 1540 5044 videntur,
1589 4979 1693 5034 sita
1753 4979 1898 5033 intro
1926 4981 2064 5036 lianc

492 5071 752 5139 civitate;
823 5073 1101 5143 parimodo
1156 5081 1211 5129 et
1259 5071 1393 5130 foris
1449 5081 1666 5144 pontem
1728 5071 2065 5130 Numentano

556 5183 702 5256 (9.543)
727 5185 911 5268 lignea
941 5187 1062 5268 alla”
1085 5189 1242 5255 serie.
1260 5188 1592 5268 Ughelliana_
1618 5187 1654 5242 il
1677 5196 1941 5268 _presente
1965 5205 2057 5244 ve-

2171 4712 2276 4759 tem
2308 4741 2324 4768 ,
2372 4699 2534 4754 situm
2599 4694 2966 4765 suprascripta
3013 4689 3107 4745 Via
3156 4688 3348 4744 Latina
3399 4688 3561 4758 juxta
3615 4699 3746 4755 pra-

2167 4793 2500 4852 nominatum
2542 4788 2765 4843 fundum
2820 4785 2963 4856 quod
3007 4799 3034 4837 a
3065 4784 3232 4838 Ponte
3278 4781 3345 4836 de
3392 4777 3551 4834 Nono
3609 4779 3744 4832 inter

2167 4888 2354 4944 aﬂines
2381 4890 2449 4940 ab
2474 4898 2582 4939 uno
2602 4881 2770 4937 latere
2792 4881 2966 4950 ipsum
2988 4876 3232 4941 fundum,
3257 4890 3288 4929 a
3311 4872 3555 4928 secundo
3584 4871 3742 4925 latere

2171 4979 2288 5034 rivo
2320 4978 2640 5032 decurrente
2667 4972 2759 5041 qui
2793 4970 3019 5037 Papati;
3071 4983 3100 5022 a
3131 4966 3288 5021 tertio
3315 4965 3490 5020 latere
3528 4962 3618 5017 via
3652 4975 3743 5031 pn-

2169 5071 2308 5128 blica
2333 5081 2456 5124 cum
2498 5063 2647 5120 silice
2675 5063 2896 5132 antiqua
2919 5101 2933 5124 ,
2965 5068 3019 5114 et
3066 5073 3097 5112 a
3125 5065 3318 5128 quarto
3366 5054 3540 5109 latere
3571 5051 3742 5106 forma

2233 5183 2380 5266 (258.)
2419 5181 2575 5268 circa
2636 5176 2672 5230 ίι
2717 5176 2914 5268 arma.
2951 5173 3392 5268 evertisse.
3418 5167 3740 5268 '3...°.9.‘°£:':

3219 5239 3300 5268 ...λ
3339 5240 3392 5268 0.-
3430 5239 3599 5268 AA...“
