3964 5356
135 308 225 369 921

1274 310 1629 370 EPISTOLIF.
1667 309 1754 366 ET
1792 307 2201 368 PRIVILEGIA.

3281 313 3388 372 922

135 423 327 502 majore
356 427 412 478 et
435 419 661 479 fundum
699 437 861 494 quem
901 431 1108 495 septem
1143 426 1321 482 vassia
1373 442 1496 484 cum
1547 427 1694 483 omni
1723 427 1774 492 A
1803 429 2025 501 Maiore,
2056 439 2114 487 et
2140 445 2262 488 cum
2291 433 2540 493 omnibus
2576 433 2646 490 ad
2678 448 2800 490 eam
2829 432 3193 507 pertinentem
3225 428 3390 485 terri-

133 519 195 573 ad
218 515 328 586 ejus
350 515 697 588 pertinentia,
720 516 884 572 etiam
898 525 952 573 et
967 516 1188 574 fundum
1215 519 1380 576 alium
1408 520 1461 576 in
1493 521 1704 592 integro

134 609 266 682 quod
295 608 501 665 Casana
547 624 669 665 cum
703 609 824 666 aliis
875 611 1108 668 diversis
1138 612 1272 681 locis
1320 622 1376 669 et
1425 615 1704 671 vocabulis

134 703 238 760 suis
254 745 268 768 ,
293 702 562 770 videlicet,
592 702 730 760 valle
750 703 1043 770 Marciano,
1075 721 1200 763 casa
1223 707 1498 774 Pretiosa;
1526 718 1707 764 monte

135 794 218 866 qui
255 793 470 850 Paulelli
499 837 515 862 ,
546 804 599 851 et
634 811 825 870 campo
873 799 964 870 qui
991 798 1316 856 Albanensis
1345 843 1359 867 ,
1397 801 1480 856 vel
1513 803 1558 857 si
1587 802 1708 871 quis

135 886 249 942 aliis
275 885 546 942 vocalibus
572 897 697 944 sunt
716 888 801 944 vel
820 888 886 945 ab
907 891 1115 963 origine
1144 890 1362 949 fuerunt
1390 908 1514 949 cum
1544 894 1708 948 satio-

135 977 518 1040 nalibussilvis
544 989 598 1034 et
634 981 863 1036 diversis
906 983 1192 1040 arboribus
1217 985 1330 1040 suis
1361 995 1522 1055 atque
1557 984 1709 1056 aqui-

134 1069 284 1125 molts
328 1071 656 1126 mo.eutibus
685 1113 699 1135 ,
742 1076 884 1129 sicut
931 1075 1220 1131 ecclesiam
1272 1083 1540 1131 desertam
1589 1093 1709 1148 quae

134 1163 292 1218 sancti
321 1161 470 1217 Petri
500 1173 555 1219 et
581 1181 704 1219 cum
732 1166 983 1222 omnibus
1010 1168 1077 1222 ad
1121 1184 1240 1224 eam
1273 1170 1602 1240 generaliter
1654 1171 1708 1226 iu

132 1256 333 1326 integro
378 1257 778 1328 pertinentibus
808 1259 984 1330 posito
1032 1261 1143 1331 jam
1192 1261 1335 1316 dicta
1385 1262 1469 1315 via
1495 1261 1708 1327 Latina,

131 1348 320 1403 miliar.
364 1349 434 1403 ab
475 1347 620 1404 Urbe
663 1349 781 1420 plus
822 1351 1000 1405 minus
1027 1351 1239 1407 decimo
1270 1393 1286 1416 ,
1333 1353 1475 1407 inter
1524 1352 1711 1408 alﬁncs

132 1439 241 1509 ejus
273 1481 289 1506 ,
343 1439 414 1494 ab
446 1454 555 1495 uno
581 1438 752 1496 latere
781 1449 926 1496 terra
962 1441 1054 1496 ubi
1088 1440 1214 1495 olim
1253 1441 1472 1498 fuerunt
1518 1454 1670 1513 prata
1694 1485 1709 1508 ,

131 1549 244 1605 quae
289 1521 630 1604 appellantur
678 1534 864 1599 Pauli;
923 1550 952 1589 a
1006 1536 1244 1590 secundo
1293 1536 1461 1590 latere
1519 1535 1714 1592 fmulus

130 1643 284 1697 quam
312 1626 581 1693 Civitella,
605 1635 659 1682 et
685 1643 712 1681 a
747 1627 908 1682 tertio
941 1626 1108 1683 latere
1123 1629 1275 1682 vinea
1303 1627 1370 1682 de
1400 1629 1714 1698 silpradicto

129 1721 458 1778 monasterio
488 1722 572 1776 via
617 1721 828 1792 publica
875 1737 997 1792 quae
1020 1722 1381 1778 descenditad
1419 1722 1594 1779 locum
1623 1723 1712 1777 ubi

1809 524 1949 578 torio
1968 523 2234 579 Ariciens.
2265 524 2450 594 posit.,
2493 525 2547 581 in
2586 525 2706 582 loco
2743 540 2902 596 quem
2943 523 3008 578 ad
3037 521 3382 599 Cucuruczii,

1808 613 1948 668 inter
1989 612 2176 668 alliues
2220 611 2290 668 ab
2330 627 2437 667 uno
2481 613 2652 672 latere
2692 615 3002 683 supradicta
3035 613 3227 681 Silice,
3264 623 3318 668 et
3355 627 3386 668 λ

1807 704 2044 762 secundo
2085 706 2259 762 latere
2301 707 2526 762 vinea...
2564 718 2618 762 et
2661 724 2691 762 a
2731 710 2892 764 tertio
2931 709 3100 764 latere
3136 708 3222 763 via
3269 722 3391 778 quae

1810 797 1956 853 ducit
2011 797 2079 852 ad
2133 798 2393 868 parietem
2449 798 2539 868 qui
2599 800 2896 869 appellatur
2941 799 3198 870 longum;
3255 808 3311 854 et
3359 813 3390 852 a

1809 898 2004 960 quarto
2035 888 2206 944 latere
2235 889 2463 945 vinea...
2513 889 2579 944 Et
2613 891 2957 946 concedimus
2983 892 3132 946 vobis
3158 889 3393 946 casalem

1811 984 1865 1040 in
1917 985 2186 1054 integrum
2233 1001 2392 1054 quem
2447 984 2696 1049 Zizinni,
2744 1002 2866 1040 cum
2917 985 3147 1040 ecclesia
3194 992 3396 1040 sanctae

1813 1077 2013 1142 Mariae,
2056 1079 2250 1143 vineis,
2303 1080 2488 1142 terris,
2539 1095 2631 1133 seu
2682 1078 3046 1150 aquimolum,
3088 1086 3142 1133 et
3206 1076 3396 1147 criptis

1812 1172 1953 1227 sicut
1987 1171 2237 1226 manibus
2266 1172 2462 1227 vestris
2489 1172 2764 1237 detinetis,
2804 1172 2915 1242 jam
2951 1171 3096 1226 dicto
3127 1170 3398 1225 territorio

1811 1261 2104 1318 Albaneus.
2136 1265 2321 1334 posit.,
2356 1264 2589 1320 miliario
2620 1265 2687 1318 ab
2716 1263 2848 1317 urbe
2879 1264 3047 1318 Roma
3079 1262 3197 1333 plus
3223 1261 3400 1316 minus

1817 1358 1976 1412 tertio
2004 1359 2215 1413 decimo
2233 1357 2372 1426 juris
2395 1357 2614 1435 vestarii
2643 1356 2809 1411 nostri
2843 1355 3085 1426 majoris,
3111 1361 3402 1424 prmslante

1815 1450 1932 1506 auri
1961 1450 2118 1505 solid.
2152 1459 2290 1516 tres;
2343 1451 2488 1504 inter
2530 1449 2734 1513 amnes,
2785 1449 2852 1503 ab
2884 1466 2990 1502 uno
3027 1448 3196 1502 latere
3225 1446 3404 1502 casale

1817 1553 2016 1597 sanctte
2047 1541 2392 1614 Heupltemiae
2412 1583 2427 1606 ,
2469 1549 2524 1595 et
2554 1541 2709 1596 vinea
2743 1541 2807 1594 de
2833 1539 2972 1595 Urso
2996 1540 3194 1594 dudum
3220 1538 3407 1608 primi-

1818 1634 2004 1689 cberio
2032 1633 2205 1705 (260),
2244 1643 2299 1688 et
2329 1650 2358 1687 a
2393 1633 2630 1689 secundo
2659 1632 2828 1687 latere
2860 1632 3015 1686 vinea
3045 1633 3110 1684 de
3141 1632 3269 1686 item
3297 1629 3408 1684 bte-

1819 1727 1947 1781 rede
1979 1727 2247 1796 quondam
2277 1725 2586 1789 Gausberti,
2627 1735 2682 1779 et
2716 1741 2746 1778 a
2787 1725 2947 1779 tertio
2976 1723 3145 1780 latere
3173 1723 3260 1778 via
3308 1737 3409 1792 pu-

131 1813 324 1869 dicitur
346 1812 492 1870 Sella
539 1814 708 1869 sancti
736 1813 917 1880 Petri;
944 1820 1000 1869 et
1021 1830 1049 1867 a
1079 1823 1272 1885 quarto
1297 1814 1464 1869 latere
1488 1815 1714 1870 ecclesia
1748 1821 1794 1881 Β
1821 1817 1961 1872 blica
1987 1825 2042 1872 et
2068 1818 2337 1888 pastinum
2368 1818 2434 1872 de
2463 1817 2740 1887 Stephano
2764 1818 3043 1883 venerab.;
3077 1824 3131 1871 et
3155 1832 3184 1870 a
3212 1823 3408 1886 quarto

129 1907 335 1963 deserta
385 1924 509 1978 quae
558 1909 857 1979 appellatur
879 1919 1078 1964 sanctae
1129 1909 1386 1964 Mariaain
1437 1909 1713 1977 Diaconia,

127 2009 178 2055 et
218 2000 415 2055 exinde
464 1999 622 2055 sicuti
674 2001 950 2055 descendit
994 2015 1092 2070 per
1136 1999 1398 2055 fossatum
1446 2015 1615 2070 usque
1662 2000 1717 2055 iu

129 2093 516 2166 praedictum...
543 2093 626 2149 vel
651 2093 694 2149 si
719 2094 840 2164 quis
865 2093 986 2148 aliis
1023 2093 1210 2149 afﬁnes
1248 2101 1492 2148 sunt-aut
1517 2092 1585 2147 ab
1610 2093 1720 2147 ori-

130 2185 248 2258 gine
305 2184 533 2241 fuerunt
591 2184 731 2254 juris
787 2186 1115 2241 venerabilis
1181 2186 1494 2241 monasterii
1549 2186 1720 2241 sancti

130 2277 356 2333 Andreae
387 2277 621 2348 apostoli
664 2290 717 2332 et
759 2277 1118 2334 Bartholomei
1150 2279 1240 2348 qui
1273 2278 1574 2348 appellatur
1608 2279 1719 2333 Ho-

130 2370 285 2424 norii.
335 2369 457 2426 [mo
483 2378 540 2425 et
563 2370 848 2426 ecclesiam
891 2387 1052 2425 unam
1082 2371 1133 2425 in
1164 2371 1376 2441 integro
1403 2386 1522 2441 quae
1551 2370 1722 2426 sancti

126 2462 338 2535 Angeli,
385 2478 514 2518 cum
557 2462 731 2518 vineis
775 2478 868 2518 seu
911 2463 1073 2519 terris
1113 2463 1257 2519 circa
1300 2479 1358 2518 se
1395 2464 1509 2518 sive
1537 2462 1723 2533 procul

129 2569 159 2610 a
202 2571 298 2623 se,
355 2563 419 2610 et.
469 2569 591 2610 cum
641 2556 893 2610 omnibus
937 2556 1005 2610 ad
1056 2571 1150 2611 eas
1197 2555 1522 2628 generaliter
1568 2565 1624 2611 et
1670 2555 1724 2609 in

129 2646 342 2720 integro
376 2645 768 2718 pertinentem,
799 2646 956 2701 sicuti
1006 2647 1072 2700 ad
1120 2646 1372 2700 manibus
1399 2645 1598 2724 vestris
1635 2645 1726 2701 de-

132 2740 336 2801 tinetis,
366 2741 480 2796 sita
525 2739 836 2810 patrimonii
859 2741 1044 2811 Appia:
1086 2738 1363 2794 territorio
1402 2738 1723 2805 Albanens.,

131 2835 388 2892 milliario
449 2835 518 2890 ab
557 2834 691 2890 urbe
733 2835 971 2890 Roma...
1017 2839 1138 2904 plus
1180 2833 1395 2901 minus,
1445 2832 1499 2887 in
1546 2840 1728 2888 monte

134 2942 295 2998 quem
335 2927 675 2984 Crescentuli
725 2927 866 2981 inter
909 2926 1096 2981 afﬁnes
1142 2940 1170 2980 a
1216 2923 1426 2979 duobus
1469 2923 1730 2978 lateribus

135 3029 283 3076 terra
335 3018 456 3089 ipsa
501 3018 567 3074 de
613 3017 792 3074 Monte
829 3018 894 3073 de
921 3017 1134 3072 luerelle
1159 3017 1429 3086 quondam
1459 3015 1729 3071 dominico

1824 1909 1994 1966 latere
2023 1911 2254 1966 casalem
2287 1927 2447 1981 quem
2479 1909 2766 1976 Luczano;
2805 1911 2969 1967 etiam
2998 1917 3053 1965 et
3100 1909 3207 1964 duo
3254 1907 3412 1978 petite

1827 2003 1893 2058 de
1924 2003 2094 2058 vineis
2145 2003 2198 2057 in
2249 2003 2369 2059 loco
2403 2018 2564 2073 quem
2603 2002 2802 2057 Honori
2843 2001 3120 2056 territorio
3150 1997 3413 2054 Aritiensi

1825 2098 1987 2153 sicuti
2019 2097 2072 2152 in
2104 2095 2353 2151 manibus
2381 2095 2580 2151 vestris
2610 2094 2886 2159 detinetis,
2918 2107 3112 2164 nempe
3137 2091 3192 2148 in
3220 2103 3413 2161 supra-

1828 2189 1973 2245 dicto
2013 2188 2288 2243 territorio
2316 2187 2599 2252 Aritiens.,
2631 2186 2683 2240 in
2732 2185 2854 2241 loco
2889 2199 3121 2254 quem...
3161 2182 3317 2237 vinea
3360 2181 3416 2235 in

1827 2283 1964 2355 pede
2011 2283 2078 2338 de
2129 2281 2295 2336 Silice
2345 2279 2584 2348 Maiore;
2624 2278 2770 2333 inter
2800 2275 2987 2332 afﬁnes
3019 2277 3087 2330 ab
3117 2290 3224 2329 uno
3251 2273 3419 2327 latere

1829 2375 1946 2445 ipsa
1985 2374 2294 2443 supradicta
2332 2371 2529 2437 Silice;
2571 2378 2626 2425 et
2652 2385 2682 2423 a
2723 2368 2960 2425 secundo
2990 2366 3161 2422 latere
3190 2365 3418 2420 vinea...

1829 2477 1885 2522 et
1915 2483 1944 2520 a
1976 2466 2136 2521 tertio
2165 2465 2402 2519 latere...
2441 2472 2496 2518 et
2530 2478 2561 2517 a
2588 2470 2785 2533 quarto
2822 2461 2993 2514 latere
3025 2458 3248 2513 vinea...
3281 2455 3422 2526 juris

1831 2555 2160 2612 venerabilis
2192 2553 2454 2610 diaconiaz
2494 2560 2697 2608 sancta:
2736 2550 2921 2605 Mariae
2963 2563 3124 2620 quam
3156 2543 3418 2602 Cosmidi.

1832 2651 1958 2708 Pari
2001 2649 2162 2705 modo
2215 2648 2566 2704 concedimus
2616 2655 2780 2716 atque
2827 2642 3217 2701 conﬁrmamus
3248 2638 3425 2695 'vobis

1833 2742 2180 2798 medietatem
2225 2739 2280 2794 in
2328 2739 2596 2810 integrum
2629 2735 2695 2792 de
2722 2750 2830 2790 uno
2866 2733 2955 2789 filo
2979 2731 3200 2796 Salinae,
3230 2728 3425 2785 inloco

1834 2852 1994 2908 quem
2024 2833 2313 2890 Fossatum
2345 2829 2606 2900 majorem
2626 2871 2641 2894 ,
2674 2827 2834 2884 sicuti
2864 2825 3018 2882 vobis
3063 2839 3161 2894 per
3189 2821 3426 2891 scriptu—

1835 2943 2019 2983 rarum
2049 2926 2222 2982 series
2256 2923 2437 2979 evenit
2463 2921 2736 2993 quondam
2766 2919 3038 2989 dominico
3076 2916 3167 2986 qui
3209 2913 3429 2970 diceba-

1839 3029 1929 3076 tur
1956 3017 2349 3083 Cacainbocte;
2383 3015 2525 3070 inter
2551 3020 2852 3077 consortes,
2884 3010 3044 3065 aliam
3085 3006 3430 3064 medietatem

134 3113 228 3186 qui
270 3111 562 3168 dicebatur
603 3109 982 3175 Cacainbocte,
1032 3116 1087 3163 et
1130 3108 1289 3164 sicuti
1335 3107 1535 3162 dicitur
1564 3123 1591 3160 a
1626 3115 1732 3162 ter-
1840 3115 1906 3169 de
1935 3111 2150 3167 hami-ede
2176 3108 2448 3180 quondam
2482 3105 2672 3172 Leoni,
2699 3104 2962 3175 quod.est
2994 3101 3170 3172 ipsum
3203 3099 3255 3154 in
3296 3097 3438 3153 inte-

135 3205 286 3261 mino
353 3210 413 3259 et
476 3201 764 3256 arboribus
817 3200 1128 3271 designate;
1184 3207 1237 3254 et
1280 3216 1310 3254 a
1351 3199 1587 3254 secundo
1655 3187 1992 3279 la-Cgrum
2041 3203 2223 3270 mum,
2276 3202 2419 3257 inter
2469 3197 2695 3264 amnes,
2751 3197 2819 3252 ab
2868 3209 2978 3250 uno
3027 3193 3234 3259 latere,
3284 3188 3434 3245 ﬁlum

138 3305 255 3353 tere
285 3294 520 3354 Clasura
549 3303 736 3350 secute
777 3295 1011 3349 ducente
1055 3309 1153 3364 per
1194 3293 1482 3348 arboribus
1508 3301 1564 3348 et
1591 3291 1734 3346 latus
1838 3295 2151 3360 Benedicti,
2194 3300 2251 3349 et
2293 3307 2326 3347 a
2371 3289 2611 3346 secundo
2641 3288 2813 3342 latere
2840 3285 2987 3340 ﬁlum
3022 3282 3220 3348 Salini,
3249 3279 3318 3336 de
3345 3295 3451 3336 sua

132 3398 281 3446 terra
332 3401 501 3460 quem
545 3394 758 3441 tenente
801 3385 962 3439 PCll‘O
1006 3385 1215 3440 medico
1261 3385 1607 3455 perveniente
1652 3390 1738 3435 at-
1841 3387 2069 3460 pradicli
2106 3385 2320 3440 limi-ede
2347 3381 2650 3446 dominici;
2697 3387 2752 3433 ει
2791 3393 2823 3433 a
2856 3376 3017 3432 lenio
3045 3375 3217 3430 latere
3244 3386 3437 3443 supra.

133 3498 241 3555 que
285 3482 345 3537 in
383 3479 620 3533 termino
659 3478 750 3547 qui
798 3486 881 3532 est
924 3477 1068 3530 latus
1109 3476 1283 3530 vineze
1331 3475 1397 3531 de
1444 3471 1738 3530 venerabili
1842 3479 1988 3534 dicto
2023 3476 2251 3532 Fossan
2289 3475 2526 3545 majore;
2586 3479 2643 3527 et
2689 3486 2720 3525 a
2770 3477 2966 3538 quarto
3009 3467 3249 3523 latere...
3301 3464 3436 3519 Item

133 3571 485 3634 monasterio
498 3581 699 3627 sanetae
709 3568 1058 3636 Marize,quod
1076 3567 1128 3622 in
1142 3567 1405 3622 Aventino
1421 3566 1719 3636 appellatur

1844 3571 1992 3626 tilum
2028 3571 2092 3624 de
2129 3568 2342 3622 luerede
2379 3564 2654 3636 quondam
2691 3561 2915 3617 Joannis
2955 3559 3199 3630 majoris,
3227 3556 3434 3627 juris...

131 3679 186 3726 et
207 3686 240 3726 a
268 3666 442 3725 tertio
464 3663 547 3720 vel
571 3662 966 3734 quartolatere.
998 3661 1128 3716 ltem
1157 3660 1311 3714 vinea
1327 3661 1392 3715 de
1413 3676 1574 3732 supra
1596 3661 1741 3716 dioto

131 3757 490 3819 monasterio
518 3771 640 3828 quae
659 3753 962 3825 appellatur
984 3753 1036 3807 in
1058 3752 1346 3820 Aventino,
1369 3752 1636 3822 simulque
1662 3752 1743 3806 vi-

131 3873 314 3916 nea...
335 3857 393 3911 in
423 3852 634 3922 integro
659 3865 782 3907 cum
807 3847 1030 3903 introitu
1053 3862 1152 3903 suo
1178 3855 1342 3916 atque
1370 3845 1645 3901 reddimen
1674 3847 1741 3900 ad

131 3946 497 4014 Calcatorio,
547 3952 755 4000 etcum
798 3940 1049 3998 omnibus
1104 3939 1171 3995 ad
1217 3953 1338 3994 eam
1361 3938 1743 4018 "pertinentem

132 4045 307 4118 posit.
379 4040 438 4096 in
502 4036 778 4093 territorio
839 4033 1134 4088 Albanens.
1183 4030 1416 4086 miliario
1481 4032 1550 4086 ab
1614 4028 1747 4086 urbe

131 4137 396 4194 Roma...
452 4131 572 4204 plus
602 4129 805 4196 minus,
833 4125 989 4182 afﬁne
1012 4125 1128 4195 eius
1153 4126 1221 4180 ab
1244 4139 1350 4178 uno
1376 4123 1546 4179 latere
1575 4123 1747 4178 vinem

1847 3661 2112 3717 Similiter
2157 3668 2213 3716 et
2259 3657 2424 3711 alium
2473 3655 2622 3710 ﬁlum
2671 3667 2840 3708 unum
2874 3651 2928 3706 in
2964 3650 3233 3721 integrum
3274 3662 3436 3718 quem

1847 3753 2019 3810 sancti
2055 3749 2316 3824 Sylvestri
2360 3749 2413 3803 in
2459 3747 2579 3802 loco
2609 3760 2769 3818 quem
2818 3744 3022 3814 Campo
3070 3740 3244 3806 Malo,
3298 3739 3441 3796 inter

1847 3843 2055 3908 afﬁnes,
2089 3843 2157 3898 ab
2192 3855 2298 3895 uno
2328 3838 2565 3893 latere...
2600 3845 2654 3892 et
2679 3852 2709 3891 a
2735 3835 2973 3891 secundo
2999 3833 3165 3888 latere
3193 3829 3439 3901 ejusdem

1848 3936 2058 4012 praefati
2111 3932 2276 3990 vestri
2331 3927 2666 3988 monasterii.
2730 3927 2906 3981 Etiam
2950 3933 3005 3980 et
3053 3922 3441 4012 conﬁrmamus

1849 4011 2002 4086 vobis
2034 4024 2367 4099 aquimolum
2400 4022 2699 4078 molentum
2746 4033 2913 4073 unum
2963 4015 3017 4070 in
3065 4014 3332 4083 integrum
3384 4011 3438 4068 in

1851 4123 2071 4179 ﬂuvium
2100 4118 2330 4191 Tyberis
2348 4115 2496 4186 iusta
2524 4113 2706 4170 schola
2746 4111 3023 4194 Saxonum
3056 4107 3248 4179 possit.
3279 4104 3443 4161 sicuti

1850 4217 2007 4274 vobis
2056 4215 2305 4270 eumdem
2353 4209 2688 4282 aquimolum
2737 4204 2952 4277 largivit
2995 4202 3268 4274 quondam
3317 4199 3444 4255 ΑΙιο

132 4218 260 4304 (ιυώ
302 4227 536 4282 fuerunt
577 4223 644 4278 de
683 4221 828 4277 Aczo
869 4218 1142 4284 Accariti,
1191 4223 1245 4271 et
1284 4216 1442 4270 vinea
1481 4216 1548 4271 de
1583 4229 1747 4270 vene-

131 4323 301 4381 rabili
358 4315 698 4376 monasterio
762 4312 935 4369 sancti
978 4310 1233 4366 Laurenti
1272 4310 1407 4365 foris
1464 4324 1642 4375 muro,
1695 4315 1749 4363 et

131 4433 166 4474 a
234 4411 492 4473 secundo
548 4409 721 4465 latere
767 4406 924 4462 vinea
967 4405 1035 4460 de
1090 4403 1236 4459 Aczo
1293 4403 1360 4458 de
1422 4401 1655 4468 Albano,
1696 4411 1752 4458 et
1853 4411 1909 4459 et
1953 4417 1985 4456 a
2030 4398 2268 4456 secundo
2313 4395 2485 4451 latere
2531 4390 2864 4464 aquimolum
2903 4386 3184 4444 Benedicti
3209 4383 3444 4457 Virgarii

132 4528 164 4569 a
209 4509 384 4566 tertio
430 4504 604 4560 latere
640 4502 797 4557 vinea
825 4499 892 4555 de
912 4497 1226 4569 supradicto
1269 4494 1599 4563 monasterio
1627 4509 1751 4549 san-
1782 4553 1826 4569 ﬁ
1855 4503 2025 4566 porta:
2055 4491 2230 4548 sancti
2259 4487 2406 4545 Petri
2437 4501 2558 4543 cum
2591 4484 2712 4540 aliis
2745 4480 3091 4540 consortibus
3124 4478 3268 4544 suis;
3316 4485 3371 4532 et
3412 4489 3443 4530 a

131 4613 239 4663 ctaa
283 4599 486 4658 Maria:
523 4597 588 4654 de
624 4595 924 4662 Aventino,
967 4602 1023 4649 et
1067 4609 1099 4648 a
1143 4600 1338 4664 quarto
1379 4590 1571 4655 latere,
1621 4589 1749 4645 item
1779 4553 1830 4614 υ
1858 4587 2019 4644 tertio
2050 4585 2221 4639 latere
2257 4583 2480 4638 Portum
2519 4576 2780 4647 majorem
2817 4575 2986 4646 ipsius
3014 4569 3276 4669 aquilinis,
3304 4574 3375 4669 Det
3414 4580 3446 4620 a

131 4658 302 4755 {,iﬁea
353 4693 430 4748 de
476 4687 868 4761 praenominato
906 4658 1239 4742 monasterio
1264 4681 1438 4738 sancti
1468 4680 1749 4736 Laurentii
1858 4685 2052 4748 quarto
2078 4674 2251 4728 latere
2275 4672 2363 4726 via
2401 4669 2614 4740 publica
2655 4667 2797 4722 unde
2830 4661 3178 4761 descenditur
3205 4658 3449 4761 adipsos

134 4794 278 4853 foris
328 4755 518 4853 muro,
565 4793 621 4840 et
658 4783 882 4838 vinea...
928 4779 1061 4836 ltem
1105 4779 1276 4834 vineae
1315 4776 1474 4849 petize
1519 4785 1754 4846 quatuor
1861 4769 2186 4842 aquimolos,
2217 4762 2743 4836 cumligamentorio
2771 4769 2828 4817 et
2857 4755 3081 4858 introitu
3107 4758 3450 4858 suo,et‘c:un

135 4839 473 4955 iii-integro
506 4839 637 4934 'cum
680 4874 957 4931 reddimen
999 4872 1065 4927 ad
1106 4839 1402 4928 calcatorio
1439 4875 1496 4923 et
1530 4865 1753 4923 introitu
1861 4864 2008 4919 omni
2036 4860 2350 4955 conciatura
2380 4871 2478 4955 sua
2502 4871 2626 4910 cum
2649 4854 2902 4909 omnibus
2929 4845 3039 4955 sibi

135 4939 400 5048 suo—,"etu
422 4985 551 5028 cum
588 4968 840 5024 omnibus
881 4965 948 5020 ad
997 4980 1116 5020 eam
1154 4960 1552 5035 pertinentibus
1579 4958 1755 5016 eidem
1864 4953 2023 5008 sicuti
2045 4968 2073 5006 a
2095 4947 2307 5006 Joanne
2330 4945 2728 5048 praedecessore
2751 4939 3458 5048 nostrotpc'r-pl‘a‘icepii

139 5025 464 5135 ie-ririitorio',
492 5063 546 5118 in
587 5061 706 5117 loco
747 5073 907 5130 quem
934 5055 1076 5122 Ruﬁ,
1103 5025 1244 5112 inter
1275 5055 1464 5111 amnes
1490 5066 1521 5106 a
1545 5048 1755 5105 duobus
1864 5045 2046 5116 Sinam
2071 5025 3282 5135 i"_VeS"09§l““l“lODf‘Siel‘iO;Siil‘ililil‘fff

447 5118 641 5211 'vineze
684 5118 881 5208 domne
921 5118 1183 5218 Marocze,
1226 5157 1283 5204 et
1324 5163 1354 5202 a
1397 5143 1560 5198 tertio
1585 5141 1754 5195 latere
1863 5136 1986 5210 legii
2016 5131 2274 5206 paginam
2291 5127 2902 5224 vobiSfoncessitatqu-e
2932 5118 3470 5224 Conlil'maVilinjlf:

435 5257 496 5305 et
533 5262 562 5301 a
591 5253 783 5316 quarto
824 5241 992 5297 latere
1031 5206 1186 5299 vinea
1214 5241 1281 5298 de
1304 5234 1601 5296 venerabili
1629 5248 1757 5288 sau-
1861 5229 2165 5302 pradictum
2185 5224 2413 5283 ﬂuvium
2429 5219 2803 5317 Tyberis‘anle
2829 5219 3172 5317 ριοτιοξινριιιξι
3191 5223 3331 5317 ilan
3345 5206 3474 5317 90.5:

269 5293 382 5311 uno.
436 5293 496 5305 ν*
533 5293 562 5301 ’-
593 5293 778 5316 ‘1“"""
825 5293 990 5297 ““"‘
1043 5293 1186 5299 """‘
1220 5293 1277 5298 ην
1316 5293 1364 5296 "

269 5350 300 5356 .-
349 5345 401 5356 .ε
634 5354 636 5356 .
699 5333 1294 5356 ---*-ιι,.--..ρ-ιιμ.---.-
1368 5343 1486 5356 ιιι-ιη
1530 5325 1722 5356 ξιιιιιιιῖΙι

1861 5293 1916 5356 ξι.
1945 5323 2008 5356 ml
2026 5321 2188 5356 ηιῖιητι
2207 5316 2543 5356 σιηιιῐηιηιιιηι
2562 5311 2888 5356 Γηοίρηῆιιιιν
2911 5316 2967 5356 el
2983 5304 3120 5356 illlCl‘
3133 5302 3237 5356 llos
3255 5302 3389 5356 ﬁnes
3401 5293 3474 5348 ab

1851 4310 2203 4373 Achomatos,
2229 4307 2369 4361 inter
2390 4301 2598 4368 afﬁnes,
2619 4301 2686 4355 ab
2711 4314 2816 4354 uno
2840 4298 3011 4352 latere
3037 4293 3442 4367 aquimolum...

1368 5343 1486 5356 ιιι-ιη
1530 5334 1750 5356 ἶιιίηιιίίιὶ
