3964 5356
512 225 624 292 923

1831 222 2120 280 AGAPETI
2158 222 2358 282 PAPzE
2400 230 2443 287 ll

3694 247 3787 307 921

520 345 815 413 scriniarii;
838 353 894 403 et
921 357 952 401 a
976 344 1213 403 secundo
1238 344 1409 405 latere
1448 347 1793 405 medietatem
1820 349 1991 422 ipsius
2012 347 2110 404 ﬁu—
2136 342 2191 404 λ
2218 348 2531 404 monasterii
2574 346 2809 422 pertinet
2845 338 2898 409 in
2942 338 3216 414 territorio
3245 356 3520 430 Nepesino
3552 372 3615 437 _et
3642 363 3794 424 Casa~

521 437 707 503 minis,
762 446 816 495 et
864 453 896 493 a
948 439 1111 495 tertio
1164 438 1336 495 latere
1388 440 1718 511 aquimolum
1764 441 2108 515 Theophilati

522 528 738 598 quidem
782 527 930 602 (262)
973 531 1403 589 nomenculator.
1443 543 1498 590 et
1520 536 1852 605 aquimolum
1884 552 2111 593 venera-

519 620 645 679 bilis
667 623 978 680 monasterii
1005 628 1177 680 sancti
1206 625 1405 684 Ciriaci
1433 629 1574 699 quod
1605 630 1904 701 appellatur
1934 633 1988 687 in
2010 632 2109 689 Via

521 713 680 783 Lata,
702 725 758 773 et
776 733 806 772 a
828 726 1025 789 quarto
1040 717 1209 775 latere
1231 722 1316 777 via
1332 723 1544 793 publica
1567 724 1711 795 juris
1737 727 1822 781 cui
1844 727 2105 783 existens.

523 809 731 884 Nempe
775 823 831 870 et
877 817 1267 873 monasterium
1319 820 1373 875 in
1424 821 1695 894 integrann
1733 836 1891 892 quem
1936 820 2109 877 sancti

524 903 839 961 Terentiani
870 921 993 963 cum
1030 908 1285 966 omnibus
1311 912 1634 983 subscriptis
1683 912 1833 969 cellis
1860 914 1998 979 suis,
2034 913 2111 967 vi-

521 996 719 1054 delicet
764 1008 938 1055 sancti
980 998 1242 1073 Stephani
1288 1012 1453 1075 atque
1505 1014 1709 1061 sanctae
1757 1006 1964 1074 Mariae.
1997 1008 2111 1065 sive

521 1093 716 1150 cellam
743 1096 917 1151 sancti
939 1095 1218 1155 Benedicti
1241 1106 1296 1154 et
1322 1101 1496 1157 sancti
1527 1099 1813 1175 Sylvestri,
1844 1112 1897 1160 et
1935 1106 2111 1162 sancti

522 1185 821 1254 Valentini,
844 1189 929 1245 vel
959 1205 1083 1246 cum
1129 1192 1382 1250 omnibus
1424 1195 1537 1250 suis
1580 1196 1843 1264 aedificiis,
1873 1206 1927 1253 et
1962 1197 2111 1269 adja-

523 1280 721 1335 centiis
741 1280 970 1352 ejusque
1005 1282 1207 1354 ubique
1240 1286 1587 1355 pertinentiis
1630 1288 1793 1345 situm
1838 1290 2111 1348 territorio

521 1369 962 1441 Polimarceusis,
1006 1373 1143 1448 juris
1201 1378 1527 1436 venerabilis
1568 1382 1882 1438 monasterii
1934 1386 2110 1442 sancti

520 1461 723 1521 Christi
763 1469 1022 1540 martyris
1077 1467 1380 1535 Laurentii,
1436 1472 1580 1543 quod
1618 1474 1919 1545 appellatur
1954 1475 2110 1532 Foris

521 1554 695 1620 Iuro,
729 1556 888 1628 hujus
909 1560 1161 1617 adeo.....
1183 1571 1402 1619 servant
1438 1565 1566 1621 civi.
1613 1564 1771 1621 Rom.
1794 1576 2108 1638 praestante.

520 1644 790 1705 Praeterea
812 1650 1077 1708 conﬁrmo
1101 1653 1257 1710 vobis
1277 1654 1570 1712 Paternum
1594 1659 1648 1714 in
1679 1659 1952 1731 integrum
1980 1677 2102 1718 cum

517 1742 796 1799 vocabulis
842 1743 986 1812 suis;
1037 1745 1289 1817 idemque
1344 1759 1400 1805 et
1451 1749 1683 1807 Massam
1739 1752 1792 1807 in
1835 1754 2104 1826 integrum

517 1845 679 1902 quem
703 1831 914 1914 Majana
939 1849 1064 1891 cum
1098 1837 1368 1895 universis
1404 1839 1537 1897 locis
1564 1841 1646 1898 vel
1678 1845 1950 1901 vocabulis
1972 1848 2105 1914 suis,

517 1923 733 1980 scilicet
757 1908 934 1991 curte,
964 1927 1256 1999 Tujanum,
1285 1929 1639 2000 Pollejanum,
1667 1933 1977 1999 Anticuum,
2008 1908 2110 1992 Su;

519 2020 730 2080 tauum,
744 2014 1041 2086 Oceanum,
1059 2018 1401 2091 Betuja‘num,
1421 2023 1831 2094 Terentianum,
1850 2026 2109 2085 Centum-

516 2104 677 2174 cellc,
707 2107 823 2164 isive
850 2110 1203 2180 quibusaliis
1227 2116 1505 2173 vocabulis
1541 2128 1941 2189 nuneupantur,
1983 2137 2108 2177 cum

515 2198 717 2267 vineis,
742 2202 949 2283 lterris,
992 2203 1192 2276 sylvis,
1233 2207 1376 2264 casis
1402 2249 1417 2275 ,
1467 2208 1678 2266 colonis
1716 2219 1771 2266 et
1815 2211 2109 2269 eolonabus

515 2293 798 2366 utriusque
812 2292 975 2353 sexus
990 2297 1188 2355 ibidem
1213 2301 1594 2371 residentibus,
1612 2319 1675 2359 ac
1688 2305 2105 2376 pertinentibus,

513 2386 744 2458 campis,
793 2389 987 2458 pratis,
1028 2393 1268 2463 pascuis,
1314 2395 1502 2468 sylvis,
1552 2398 1794 2464 salectis,
1821 2400 2108 2458 arboribus

512 2479 821 2550 pomiferis,
844 2484 930 2540 vel
958 2484 1313 2546 infructil‘eris
1332 2489 1601 2548 etdiversi
1626 2494 1871 2565 generis;
1904 2498 2104 2566 puteis,

512 2574 790 2644 pontibus,
831 2578 963 2635 rivis
1007 2588 1168 2653 atque
1194 2586 1450 2653 perennis
1485 2587 1731 2645 tedificiis
1779 2591 2101 2661 parietinis:

515 2671 721 2729 cultum
745 2673 828 2731 vel
857 2675 1118 2733 incultum
1146 2694 1269 2736 cum
1293 2680 1548 2739 omnibus
1571 2686 1637 2740 ad
1658 2699 1753 2741 eas
1776 2688 2107 2757 generaliter

513 2772 569 2820 et
592 2765 643 2821 in
673 2766 940 2841 integrum
970 2771 1368 2843 pertinentibus
1389 2776 1550 2847 posit.
1577 2778 1854 2835 territorio
1877 2776 2102 2847 Ortano,

510 2857 711 2915 miiiar.
757 2862 828 2917 ab
858 2861 993 2920 urbe
1036 2863 1208 2921 Roma
1252 2867 1373 2937 plus
1427 2870 1607 2924 minus
1663 2871 2102 2944 quadragesimo,

505 2949 648 3022 juris
673 2956 973 3025 supradicti
1006 2958 1171 3013 vestri
1200 2962 1541 3017 monasterii.
1594 2962 1916 3034 Paritcrquc
1941 2964 2107 3021 stabi-

511 3039 675 3099 limus
701 3043 856 3101 vobis
884 3045 1114 3103 diversis
1136 3048 1393 3107 cadaiinis
1424 3053 1544 3108 sitis
1579 3053 1723 3109 intro
1754 3054 1944 3111 eadem
1970 3056 2108 3112 civi-

510 3139 626 3189 tate
669 3134 875 3192 Ortano
922 3138 1089 3195 etiam
1137 3150 1193 3196 et
1234 3136 1394 3198 terris
1439 3134 1693 3201 omnibus
1737 3145 2101 3206 immobilibus

511 3225 650 3285 locis
681 3242 805 3302 quae
846 3230 989 3304 juris
1019 3235 1318 3307 supradicti
1369 3238 1535 3295 vestri
1582 3243 1898 3299 monasterii
1940 3245 2104 3317 perti-

508 3329 662 3390 nent,
703 3330 815 3380 tam
844 3322 986 3381 infra
1006 3326 1122 3398 ipsa
1151 3327 1356 3386 Ortana
1382 3331 1605 3389 civitate
1631 3350 1905 3408 quamque
1933 3339 2099 3394 etiam

508 3416 656 3474 etde
684 3416 818 3475 foris
877 3418 1106 3478 diversis
1154 3421 1288 3480 locis
1337 3426 1741 3497 nuncupantur,
1781 3436 1835 3485 et
1865 3428 2100 3488 Cartulte

476 3570 481 3576 ,
511 3508 639 3566 inde
666 3512 918 3569 veredlce
939 3510 1114 3571 factae.
1142 3515 1210 3571 Et
1238 3516 1438 3574 iterum
1468 3520 1519 3575 in
1547 3520 1739 3577 eodem
1766 3520 1971 3579 Ortano
1996 3532 2105 3580 ter-

510 3600 703 3658 ritorio
732 3598 1121 3663 conﬁrmamus
1166 3606 1321 3664 vobis
1351 3610 1641 3667 ecclesiam
1684 3614 1859 3668 sancti
1896 3613 2100 3670 Christi

511 3694 770 3769 martyris
810 3694 1091 3755 Juvenalis
1130 3714 1255 3755 cum
1300 3701 1553 3760 onmibus
1602 3706 1715 3761 suis
1768 3706 1822 3762 in
1876 3706 2101 3779 integris

506 3785 925 3855 pertinentibus,
950 3789 1109 3846 sicuti
1130 3791 1198 3847 ab
1224 3793 1412 3850 eodem
1435 3793 1640 3851 Ortano
1656 3796 1928 3869 episcopio
1951 3798 2102 3857 vobis

505 3881 785 3950 pertinere
813 3882 1049 3939 videtur.
1078 3884 1387 3959 iterumque
1414 3890 1577 3944 etiam
1600 3898 1654 3946 et
1674 3892 1977 3948 stabilimus
2007 3909 2101 3949 vo-

506 3966 592 4026 bis
616 3973 869 4031 omnibus
900 3975 1267 4036 immobilibus
1294 3979 1449 4048 locis,
1493 3998 1612 4055 quae
1659 3985 1954 4052 supradicti
1988 4004 2102 4044 mo-

507 4066 735 4122 nasterii
766 4068 936 4124 vestri
964 4071 1201 4141 pertinet
1221 4072 1359 4129 infra
1392 4078 1611 4135 civitate
1638 4074 1937 4149 Gallisana,
1964 4092 2019 4138 et
2046 4083 2098 4138 in

507 4154 627 4228 ejus
678 4156 879 4232 ubique
921 4162 1196 4220 territorio
1241 4166 1355 4223 sive
1381 4168 1435 4224 iu
1492 4170 1579 4227 bis
1635 4170 1858 4228 fundum
1912 4174 2096 4242 trium,

506 4260 669 4321 quam
726 4252 1030 4324 Cazanum,
1078 4257 1460 4331 Casinianum,
1512 4275 1567 4322 et
1621 4266 1756 4323 Cesa
1805 4267 2092 4327 Narniens.

508 4342 709 4400 Verum
734 4346 898 4403 etiam
943 4358 998 4404 et
1044 4367 1220 4409 massa
1260 4370 1421 4426 quem
1477 4354 1894 4417 Preciliana.....
1946 4362 2108 4441 vobis,

2211 440 2351 495 mala
2389 445 2531 512 quod
2556 453 2639 500 est
2682 444 2905 503 fumium
2945 464 3102 520 quem
3135 451 3420 509 Casanova
3454 465 3514 510 et
3546 454 3794 519 Bovarico

2210 540 2373 602 atque
2400 531 2679 604 Boltejano
2703 553 2806 592 una
2834 553 2954 595 cum
2995 542 3165 598 servis
3198 552 3252 599 et
3281 545 3497 602 ancillis
3523 548 3795 608 utriusuue

2211 640 2374 682 sexus
2401 626 2598 685 ibidem
2628 629 2990 688 residentibus
3011 628 3078 690 ab
3100 634 3288 690 eodem
3318 636 3466 692 dicto
3483 636 3600 706 jam
3626 651 3796 697 vestro

2210 720 2541 776 monasterio
2583 721 3018 793 pertinentibus;
3062 740 3164 781 nec
3199 741 3302 782 non
3326 736 3383 782 et
3412 728 3797 788 conﬁrmamus

2209 812 2363 868 vobis
2390 828 2453 869 ea
2495 828 2614 884 qua:
2643 829 2740 885 per
2769 817 3162 887 scripturarum
3200 819 3374 875 series
3406 820 3657 890 ejusdem
3690 840 3796 878 mo-

2212 906 2438 961 nasterii
2483 906 2537 961 iu
2579 905 2693 976 jam
2721 908 2867 965 dicto
2906 911 3240 967 monasterio
3273 913 3552 969 territorio
3593 915 3664 971 ab
3687 917 3797 973 Alte

2211 1000 2483 1070 quondam
2530 999 2834 1058 Acbomato
2888 1002 3041 1059 vobis
3085 1005 3341 1076 pertinet.
3390 1004 3713 1079 lterumque
3747 1020 3797 1064 et

2212 1093 2601 1149 confirmamus
2634 1094 2789 1150 vobis
2834 1092 3082 1151 Casalem
3126 1096 3179 1151 in
3207 1096 3482 1170 integrum
3513 1115 3679 1169 quam
3707 1100 3799 1155 Pa-

2211 1184 2425 1239 cianum
2482 1196 2604 1239 cum
2644 1185 2899 1241 omnibus
2945 1186 3012 1241 ad
3042 1200 3162 1241 eum
3199 1188 3608 1269 pertinentibus
3637 1193 3798 1261 posito

2212 1278 2488 1334 territorio
2518 1276 2743 1334 Sutrino
2771 1279 3039 1351 simulque
3068 1288 3122 1337 et
3158 1296 3350 1337 omnes
3395 1298 3485 1338 res
3515 1284 3798 1341 conﬁrma-

2212 1384 2334 1426 mus
2365 1368 2519 1426 vobis
2558 1386 2677 1441 qute
2697 1370 2788 1443 jus
2815 1381 2872 1427 et
2906 1371 3108 1430 ditione
3147 1373 3447 1446 supradicti
3495 1377 3667 1432 vestri
3696 1394 3800 1435 mo-

2212 1463 2437 1527 nasterii
2487 1464 2764 1535 pertinent
2789 1464 2842 1520 in
2885 1474 2996 1522 toto
3041 1467 3317 1524 territorio
3342 1467 3649 1526 Collinens.
3675 1472 3797 1528 etin

2211 1553 2389 1609 locum
2418 1570 2579 1626 quem
2608 1553 2758 1611 Valle
2784 1566 2838 1612 et
2864 1556 3171 1614 Tintoriscii
3194 1567 3249 1614 et
3271 1559 3326 1614 in
3350 1569 3540 1615 monte
3561 1577 3721 1633 quem
3741 1562 3800 1620 de

2211 1649 2373 1714 Asca,
2405 1650 2591 1706 siveiu
2616 1659 2807 1706 sancto
2837 1651 3097 1719 Cassano,
3139 1659 3195 1707 et
3234 1653 3289 1707 in
3342 1652 3517 1710 Curte
3557 1663 3719 1727 atque
3746 1656 3798 1712 in

2208 1740 2520 1798 Baccaricia
2543 1759 2665 1798 cum
2693 1743 2865 1800 vineis
2892 1752 2947 1800 et
2972 1744 3130 1801 terris
3170 1744 3612 1812 sationabilibus,
3650 1748 3799 1820 sylvis

2208 1848 2331 1889 cum
2358 1844 2597 1905 pantano
2649 1851 2747 1892 suo
2776 1834 3002 1906 majore,
3046 1852 3150 1893 una
3181 1854 3306 1894 cum
3335 1839 3552 1896 colonis
3577 1851 3635 1896 et
3664 1843 3801 1898 colo-

2208 1929 2385 1985 nabus
2426 1928 2557 1986 inibi
2608 1932 3071 1987 commorantibus
3111 1933 3177 1987 ad
3210 1933 3387 2004 ipsum
3435 1935 3802 2006 supradictum

2207 2028 2449 2074 vestrum
2494 2020 3326 2092 monasteriumpertinentibus,
3366 2026 3802 2096 supradictorutn

2210 2106 3043 2182 immobiliorumlocorumjuris
3083 2123 3285 2171 sancta:
3316 2120 3524 2173 nostra:
3551 2115 3804 2177 Romam:

2209 2204 2464 2261 Ecclesiae
2490 2213 2544 2262 et
2567 2207 2862 2278 supradicti
2900 2209 3233 2275 monasterii,
3271 2208 3355 2264 vel
3385 2210 3623 2266 aliorum
3663 2214 3803 2284 prie.

2210 2313 2331 2354 rum
2409 2298 2653 2356 locorum
2732 2301 2887 2372 cujus
2923 2343 2938 2370 ,
3004 2301 3125 2372 jura
3210 2303 3558 2374 consistunt;
3641 2308 3796 2364 etiam

2208 2401 2264 2448 et
2314 2393 2698 2450 conﬁrmamus
2766 2396 2919 2452 vobis
2975 2395 3227 2452 Casalem
3270 2412 3444 2452 unum
3478 2398 3534 2454 in
3598 2400 3805 2473 integro

2208 2499 2327 2555 quae
2382 2482 2665 2542 Ruscituio
2715 2502 2840 2543 cum
2893 2490 3145 2544 omnibus
3202 2491 3318 2546 suis
3373 2491 3712 2561 generaliter
3754 2502 3807 2549 et

2209 2569 2263 2635 in
2328 2579 2540 2649 integro
2605 2582 2948 2652 pertinentiis
3010 2584 3173 2640 situm
3245 2588 3676 2644 territorio......
3724 2588 3807 2643 via

2207 2669 2475 2727 Flaminia
2510 2671 2709 2728 miiiar.
2739 2675 2807 2728 ab
2856 2674 2989 2731 urbe
3030 2675 3199 2732 Roma
3230 2678 3356 2749 plus
3398 2680 3589 2735 minus
3619 2691 3808 2753 quarto

2208 2767 2418 2823 decimo
2480 2782 2601 2823 cum
2652 2769 2906 2826 omnibus
2951 2769 3128 2828 fundis
3192 2771 3279 2827 vel
3330 2773 3624 2830 vocabulis
3701 2776 3806 2831 suis

2216 2858 2472 2914 videlicet
2522 2858 2882 2930 Sergiauum,
2927 2860 3337 2932 Staturianum,
3393 2866 3490 2936 qui
3554 2874 3612 2920 et
3671 2864 3808 2921 Nuce

2218 2950 2420 3020 praedia
2455 2959 2718 3018 vocatur,
2753 2967 2847 3008 seu
2897 2951 3183 3009 Sabariam
3216 2966 3382 3026 atque
3425 2956 3760 3011 Pontianum
3792 2973 3807 3023 ;

2209 3058 2419 3100 necnon
2459 3051 2514 3100 et
2540 3043 2837 3100 Bavianum
2876 3046 2988 3102 sive
3017 3046 3214 3117 quibus
3251 3047 3375 3103 aliis
3414 3047 3708 3103 vocabulis
3727 3060 3809 3102 vo-

2208 3146 2364 3193 catur
2395 3152 2519 3192 cum
2548 3138 2708 3203 casis,
2741 3138 2932 3205 vineis,
2969 3139 3160 3206 terris,
3193 3138 3362 3212 sylvis
3387 3147 3448 3195 et
3475 3155 3611 3195 cum
3638 3138 3803 3194 omni-

2206 3233 2308 3289 bus
2338 3230 2553 3295 finibus,
2600 3231 2848 3286 terminis
2880 3231 3248 3304 limitibusque
3275 3232 3411 3298 suis,
3443 3232 3600 3289 inter
3630 3231 3804 3288 afﬁnes

2207 3326 2274 3382 ab
2310 3342 2415 3383 uno
2437 3327 2610 3383 latere
2643 3327 2727 3382 via
2767 3325 2981 3399 publica
3016 3326 3107 3396 qui
3157 3325 3306 3381 ducit
3356 3325 3413 3381 in
3464 3324 3703 3382 Fossam
3748 3320 3809 3380 de

2206 3421 2417 3477 brerede
2459 3410 2731 3492 quondam
2758 3414 2983 3477 Joannis
3012 3418 3160 3494 (265)
3191 3421 3547 3493 grammatici
3578 3432 3636 3478 et
3674 3426 3809 3477 recte

2203 3526 2300 3583 per
2323 3511 2497 3582 ipsum
2525 3511 2807 3567 Fossatum
2840 3512 2891 3567 iu
2925 3511 3041 3567 rivo
3080 3511 3175 3582 qui
3203 3504 3491 3567 descendit
3545 3512 3603 3567 in
3649 3509 3807 3566 Ponte

2204 3619 2365 3675 quem
2420 3601 2722 3658 Veucni....
2755 3611 2811 3658 et
2849 3602 2917 3658 ab
2962 3602 3069 3658 alio
3099 3601 3271 3657 latere
3310 3617 3411 3673 per
3458 3602 3584 3673 ipsa
3629 3616 3808 3673 supra-

2203 3699 2403 3769 scripta
2429 3699 2512 3754 via
2543 3698 2756 3770 publica
2788 3707 2935 3755 recte
2980 3697 3211 3753 ducente
3238 3711 3339 3768 per
3365 3694 3700 3751 Monteeello
3722 3694 3805 3766 qui

2204 3792 2351 3849 ducit
2383 3793 2435 3850 iu
2474 3794 2588 3849 rivo
2608 3836 2622 3861 ,
2654 3803 2708 3849 et
2755 3793 2950 3850 deinde
2978 3808 3074 3865 per
3106 3803 3314 3848 terram
3361 3790 3800 3847 sementariciatn

2203 3892 2259 3949 in
2287 3890 2372 3945 via
2404 3888 2469 3945 de
2496 3888 2706 3955 Solaro,
2737 3899 2793 3945 et
2813 3888 3008 3944 eximie
3029 3902 3126 3958 per
3150 3886 3329 3942 limite
3353 3885 3406 3940 iu
3432 3885 3641 3951 Puteo,
3666 3893 3719 3940 et
3737 3883 3797 3937 ab

2202 3986 2320 4057 ipso
2354 3986 2523 4049 Puteo
2569 3994 2756 4041 secute
2787 3984 2839 4040 in
2881 3982 3192 4055 supradicto
3226 3980 3404 4037 Ponte
3434 3981 3688 4037 Veneno.
3715 3977 3797 4034 Vd

2202 4081 2245 4135 si
2277 4079 2398 4149 quis
2455 4077 2578 4133 aliis
2625 4075 2812 4133 aﬂiues
2862 4085 2989 4132 sunt
3046 4084 3140 4130 aut
3200 4073 3270 4130 ab
3312 4073 3526 4145 origine
3558 4068 3561 4071 ’
3592 4070 3797 4157 fuerunt

2195 4170 2334 4243 juris
2377 4171 2468 4241 qui
2500 4169 2773 4226 assistent.
2828 4167 3074 4238 Denique
3111 4181 3278 4240 porro
3328 4175 3385 4222 et
3416 4165 3796 4221 conﬁrmamus

2200 4264 2353 4321 vobis
2385 4264 2622 4319 casulum
2647 4278 2810 4318 unum
2841 4261 2894 4317 in
2926 4250 3198 4334 integrum
3221 4275 3390 4331 quem
3419 4257 3549 4313 villa
3579 4256 3793 4322 restim,

2201 4360 2315 4415 sive
2356 4375 2464 4431 quo
2495 4357 2600 4413 alio
2632 4354 2894 4412 vocabulo
2939 4338 3285 4425 nuncupatur
3308 4393 3325 4419 ,
3375 4367 3497 4408 cum
3536 4350 3797 4407 universis

507 4436 852 4496 concedimus
896 4457 1016 4519 cum
1048 4447 1298 4503 omnibus
1343 4450 1408 4504 ad
1435 4466 1554 4505 eam
1600 4453 1929 4525 generaliter
1958 4465 2012 4510 et
2041 4436 2175 4519 in'D
2202 4449 2383 4505 Γιιιιίίίε
2427 4449 2510 4504 V01
2559 4447 2835 4529 γροαὺυιίε
2881 4446 3029 4513 θυῖε,
3062 4460 3186 4500 cum
3241 4446 3419 4527 (κλεῖδα
3453 4444 3664 4511 “Deis.
3709 4457 3794 4498 Μ

514 4528 730 4602 integro
772 4533 1171 4616 pertinentibus
1215 4539 1320 4595 sila
1362 4542 1638 4597 territorio
1688 4544 1971 4602 Sabineus.
2013 4544 2096 4616 ju-

507 4621 583 4676 ris
624 4632 827 4679 sanctae
874 4610 1131 4684 Roni‘anae
1176 4628 1454 4696 Ecclesiae,
1492 4641 1546 4687 et
1584 4633 1727 4688 inter
1772 4630 1981 4703 alliues,
2025 4637 2093 4693 ab

504 4726 612 4767 uno
631 4714 801 4793 latere
823 4714 997 4774 Massa
1021 4736 1183 4789 quem
1208 4720 1381 4779 Pausa
1406 4732 1460 4778 et
1482 4740 1511 4779 a
1536 4724 1772 4779 secundo
1790 4718 1958 4782 latere
1978 4727 2093 4784 rivo

504 4798 571 4862 de
598 4804 858 4873 Utriculo,
888 4826 1049 4885 quem
1073 4808 1299 4881 Butino;
1342 4824 1397 4871 et
1440 4832 1469 4870 a
1513 4815 1674 4872 tertio
1706 4816 1871 4875 latere
1910 4832 1996 4874 res
2027 4819 2092 4875 de

504 4902 835 4959 monasterio
862 4912 1063 4961 sanctae
1086 4904 1300 4974 Mariae;
1335 4915 1390 4962 ct
1415 4924 1442 4963 a
1467 4918 1661 4979 quarto
1692 4908 1862 4965 latere
1912 4926 1999 4966 res
2026 4911 2091 4967 de

505 4992 837 5075 monasterio
860 4997 1031 5052 sancti
1061 4997 1393 5066 Salvatoris;
1424 5002 1588 5056 etiam
1617 5010 1671 5057 et
1705 4998 2092 5059 conﬁrmamus

502 5080 658 5138 vobis
678 5082 902 5140 fundum
934 5088 1118 5160 Campi
1172 5089 1329 5147 Mart.
1382 5093 1522 5149 ultra
1550 5095 1801 5151 Albatum
1827 5137 1841 5162 ,
1889 5096 1980 5167 qui
2009 5088 2094 5152 est

505 5175 650 5233 inter
669 5177 891 5236 civitate
913 5180 1183 5241 Ortana...
1207 5183 1597 5245 Verumtamen
1625 5197 1679 5243 et
1702 5184 2091 5245 cenﬁrmamus

505 5270 659 5329 vobis
688 5288 878 5331 omnes
917 5291 1006 5333 res
1034 5293 1155 5350 qua:
1175 5277 1557 5349 jurisdictione
1601 5282 1897 5352 supradicti
1923 5280 2091 5341 vestri

2202 4540 2363 4595 terris
2391 4549 2445 4595 et
2474 4538 2663 4612 sylvis,
2695 4537 2923 4609 campis,
2950 4536 3142 4606 pratis,
3176 4537 3427 4607 pascuis,
3454 4534 3689 4590 diversis
3715 4549 3796 4588 ar-

2198 4635 2444 4700 boribus,
2482 4635 2671 4706 criptis
2698 4632 2987 4697 arcnariis,
3019 4630 3262 4687 fontibus
3282 4629 3491 4685 cultum
3521 4628 3607 4683 vel
3636 4627 3792 4683 incul-

2200 4737 2348 4795 tum,
2380 4739 2436 4785 et
2482 4746 2605 4785 cum
2653 4727 2906 4783 omnibus
2954 4725 3184 4793 ﬁnibus,
3236 4724 3491 4781 terminis
3538 4722 3794 4778 limitibus

2198 4823 2331 4894 suis,
2370 4833 2425 4879 et
2454 4823 2636 4879 omnia
2689 4822 2758 4877 ad
2805 4837 2928 4878 eum
2960 4819 3295 4893 generaliter
3324 4829 3379 4875 et
3424 4820 3477 4873 in
3531 4817 3791 4887 integrum

2197 4916 2629 4990 pertinentibus,
2670 4915 2848 4987 posito
2896 4913 3311 4999 territorio.....‘
3332 4911 3534 4966 miiiari
3564 4911 3635 4965 ab
3668 4910 3793 4964 urbe

2195 5011 2364 5067 Roma
2394 5011 2513 5082 plus
2531 5012 2728 5066 minus.
2760 5010 3028 5065 Praeterea
3059 5016 3114 5062 et
3141 5007 3453 5063 stabilimus
3482 5017 3651 5076 atque
3672 5020 3795 5059 eon-

2196 5102 2477 5158 ﬁrmamus
2516 5102 2670 5157 vobis
2712 5101 3082 5156 immobilibus
3124 5097 3262 5155 locis
3305 5098 3561 5152 omnibus
3592 5111 3713 5165 quae
3742 5094 3792 5148 in

2196 5176 2424 5251 Romam
2455 5205 2511 5250 et
2539 5195 2738 5266 ubique
2767 5192 2899 5249 foris
2955 5191 3182 5265 Romam
3232 5189 3445 5262 praefati
3479 5185 3788 5243 monasterii

2194 5286 2361 5342 vestri
2412 5285 2661 5356 legaliter
2689 5272 2966 5356 pertinent
3019 5293 3080 5338 ut
3120 5281 3338 5338 cartula
3389 5279 3519 5334 inde
3558 5277 3793 5331 vev‘dice
