3964 5356
471 200 578 259 9‘27

1785 187 2077 246 AGAPETl
2114 187 2313 246 ΡΛΡᾸΞ
2341 191 2384 246 ll

3626 169 3728 260 ωδ.

475 310 655 370 inveni
710 309 765 364 iu
812 323 984 379 eoque
1034 308 1139 379 legi
1193 308 1369 380 potuit
1417 321 1524 362 non
1574 304 1904 370 cancellato,
1939 320 2043 360 non
2074 309 2125 368 Α
2226 314 2284 371 »Ῐη
2330 308 2440 379 Ego
2467 307 2718 376 Jacebns,
2752 310 3072 367 Censelinus
3105 310 3271 382 judex
3299 319 3354 369 et
3382 329 3529 370 nunc
3556 330 3723 373 came-

473 403 698 466 abraso,
750 416 852 455 non
904 400 1128 463 vitiato,
1179 400 1293 454 viso
1320 441 1333 463 ,
1366 397 1505 452 lecte
1535 408 1588 452 et
1629 398 1706 451 sic
1748 395 2048 450 obscultato

474 498 758 564 diligenter
805 510 987 548 coram
1019 493 1270 547 discretis
1298 493 1429 546 viris
1468 490 1679 545 domuis
1727 489 2048 559 presbytero

472 591 651 660 Giptio
701 589 874 642 sanoti
921 586 1250 656 Apollinaris
1308 594 1362 638 et
1417 583 1797 638 Bartholomee
1848 589 2048 635 saueue

474 680 654 735 Marim
683 680 748 734 de
777 677 1096 739 Caceabari,
1135 676 1265 730 eleri
1312 675 1461 728 urbis
1487 684 1540 728 et
1567 675 1821 728 Iterumne
1853 672 2047 727 frater-

475 771 662 828 nitatis
691 769 995 824 rectoribus
1041 784 1135 837 per
1170 767 1350 821 sedem
1377 765 1724 834 apostolicam
1755 764 2046 834 deputatis,

473 872 740 918 eteorum
785 859 1108 914 auctoritate
1139 859 1360 911 decreto
1392 867 1553 926 atque
1585 856 1837 909 mandato
1875 864 1931 908 et
1959 869 2049 908 co-

475 971 590 1010 ram
639 952 1001 1020 infrascriptis
1045 951 1278 1004 testibus
1321 949 1571 1002 litteratis
1599 947 1662 999 ad
1702 948 1813 1000 haec
1841 946 2050 1016 specia-

472 1047 595 1101 liter
621 1045 826 1100 vocatis
847 1055 898 1097 et
935 1043 1152 1114 rogatis,
1182 1042 1385 1096 scilicet
1416 1045 1611 1093 donqu
1649 1037 1849 1093 Jat'obo
1871 1038 2052 1092 archi-

473 1138 790 1208 presbytcro
836 1146 1033 1189 saucur.
1087 1134 1265 1207 Mariae
1326 1134 1377 1186 in
1422 1133 1546 1193 Via,
1601 1133 1798 1184 domno
1833 1128 2049 1201 {Egidio

475 1233 788 1301 presbytero
843 1237 898 1283 et
957 1239 1164 1281 rectore
1214 1225 1456 1279 eet-Iesiae
1505 1235 1704 1277 sancta:
1761 1222 1937 1286 Lucius
1983 1223 2048 1276 de

473 1320 737 1378 (lonliuio.
769 1326 821 1372 et
847 1319 1041 1370 donum
1073 1314 1346 1384 liaynaldo
1392 1317 1709 1384 presbytero
1741 1321 1795 1366 et
1841 1321 2048 1365 rectore

473 1411 714 1466 ecclesiae
766 1409 936 1463 sancti
983 1408 1208 1461 Andre-t3
1256 1407 1321 1456 de
1369 1403 1547 1467 Urso,
1604 1404 1799 1457 domno
1845 1401 2049 1457 JaCobo

475 1507 655 1575 priore
676 1503 920 1558 ecclesiae
964 1501 1136 1554 sancti
1180 1499 1408 1552 Andreae
1436 1499 1501 1551 de
1529 1495 1786 1551 Columna
1807 1537 1819 1556 .
1853 1497 2050 1549 domno

474 1597 679 1651 Thema
705 1594 963 1650 canonice
980 1593 1223 1648 ecclesiae
1244 1592 1415 1645 sancti
1445 1589 1718 1644 Laurentii
1746 1589 1796 1643 in
1821 1587 2046 1652 Lucina,

472 1689 668 1743 domne
705 1685 907 1755 Angele
943 1683 1186 1739 lienterii
1237 1682 1498 1737 canonico
1525 1681 1764 1752 ejusdem
1806 1679 2049 1734 ecclesia:
2083 1684 2124 1744 Β

473 1781 643 1836 sancti
675 1778 992 1842 Laurentii,
1035 1785 1090 1830 et
1135 1775 1336 1830 domno
1365 1773 1567 1844 Angelo
1622 1772 1867 1828 Scholari
1921 1781 2049 1826 nato

472 1871 654 1927 domui
712 1871 894 1925 Jacobi
943 1867 1217 1923 Censoliui
1256 1867 1471 1936 judieis.
1518 1865 1608 1918 Sic
1655 1865 1720 1918 de
1770 1865 1937 1919 verbo
1982 1865 2048 1917 ad

472 1965 696 2017 verbum
744 1960 878 2014 nihil
921 1959 1104 2012 addito
1148 1956 1228 2012 vel
1264 1957 1509 2010 detracto
1536 1964 1760 2010 eatenus
1786 1965 2052 2026 quatenus

473 2055 578 2125 legi
609 2054 782 2124 potuit
814 2051 1000 2120 scripti
1027 2058 1081 2104 et
1117 2048 1347 2105 ﬁdeliter
1375 2048 1714 2118 exemplatus
1744 2064 1862 2103 sum
1899 2064 1962 2104 ac
1996 2049 2050 2102 in

473 2147 739 2218 publicam
774 2144 1003 2199 l‘ormam
1035 2141 1236 2212 redegi.
1264 2140 1477 2210 Rogata
1497 2139 1822 2195 venerabilis
1850 2148 1903 2194 et
1933 2139 2054 2195 reli-

473 2237 609 2309 giosi
656 2235 757 2290 viri
803 2235 981 2290 domui
1025 2233 1246 2288 Matthei
1279 2233 1428 2304 (266)
1476 2233 1686 2288 abbatis
1732 2234 2055 2291 venerabilis

475 2327 787 2385 monasterii
822 2326 993 2381 sancti
1045 2326 1306 2397 Sylvestri
1334 2325 1400 2380 de
1440 2324 1626 2394 Capite
1663 2327 1715 2380 in
1764 2325 1928 2392 Urbe,
1960 2342 2054 2380 or-

473 2423 617 2478 dinis
649 2421 822 2477 sancti
853 2420 1125 2475 Benedicti
1148 2428 1202 2474 et
1231 2427 1526 2475 conventus
1553 2419 1794 2489 ejusdem
1837 2421 2055 2475 decreto

472 2517 635 2571 etiam
675 2522 729 2568 et
768 2512 1095 2567 auctoritate
1127 2521 1291 2581 atque
1338 2511 1592 2565 mandato
1619 2512 2054 2581 snpradietorum

479 2615 747 2659 rectorum
793 2603 892 2657 sub
930 2617 1059 2656 ann.
1109 2601 1319 2656 Domini
1376 2601 1512 2656 1267
1561 2601 1750 2656 indict.
1795 2602 1848 2667 5,
1882 2619 2054 2659 meus.

471 2695 593 2750 Julii
617 2694 706 2749 27.
737 2693 792 2748 1η
815 2708 923 2764 (ιιιο
947 2691 1162 2762 quidem
1190 2692 1475 2764 privilegio
1510 2693 1774 2749 carticine
1799 2710 2056 2764 suspensa

473 2796 593 2842 erat
629 2786 771 2840 bulla
816 2783 1067 2856 plumbea
1117 2782 1206 2838 ﬁlo
1253 2785 1428 2840 serico
1458 2785 1681 2840 vielacei
1727 2785 1924 2841 coloris
1971 2788 2058 2842 cui

471 2881 538 2934 ab
583 2894 689 2932 uno
729 2877 898 2932 latere
936 2889 1099 2931 cruce
1147 2875 1323 2930 media
1366 2876 1448 2930 hae
1486 2860 1684 2930 litterae
1725 2875 2063 2932 circulariter

471 2970 788 3039 legebantur
817 2981 832 3021 :
858 2967 1164 3033 AGAPI'I‘US,
1211 2973 1268 3020 et
1314 2966 1367 3020 in
1405 2966 1582 3020 medie
1629 2975 1747 3020 erat
1782 2967 2054 3038 quoddam

473 3063 685 3132 signum
715 3059 926 3114 stellam
973 3059 1369 3128 quodammodo
1401 3067 1801 3126 reprzeseutaus
1820 3099 1835 3124 ,
1859 3073 1926 3112 ex
1951 3059 2057 3114 alio
2083 3045 2128 3110 C

474 3172 604 3212 vero
632 3157 800 3212 latere
831 3155 916 3210 hae
963 3153 1158 3210 litterae
1183 3153 1704 3224 apparebautcruce
1747 3151 1820 3207 ibi
1847 3151 2050 3223 posita:

475 3263 641 3304 PAPE.

543 3341 720 3397 Locus
751 3345 808 3404 ὦ
843 3337 984 3411 signi
1011 3336 1234 3392 notarii.

549 3439 608 3498 >14
646 3433 758 3504 Ego
785 3429 1070 3502 presbyter
1097 3427 1327 3500 Gyptius
1363 3427 1533 3483 sancti
1574 3424 1900 3496 Apollinaris
1925 3424 2056 3480 cieri

473 3523 622 3578 urbis
648 3531 703 3574 et
728 3519 986 3574 Romanae
1017 3517 1375 3573 fraternitatis
1414 3525 1616 3580 rector,
1643 3516 1850 3570 habens
1896 3514 2054 3568 ﬁdem

473 3615 600 3670 hinc
647 3612 860 3682 publico
905 3610 1274 3665 instrumento
1321 3607 1552 3664 lideliter
1591 3607 1898 3678 exemplate
1935 3607 2056 3662 ideo

478 3723 564 3762 me
586 3705 888 3762 subscribe.

549 3805 608 3864 ᾗ
627 3799 738 3870 Ego
751 3797 1005 3866 magister
1019 3795 1447 3850 Barthelomaeus
1465 3795 1531 3849 de
1543 3794 1852 3857 Caceabari,
1880 3804 2059 3850 rector

475 3888 602 3946 cieri
625 3888 774 3944 urbis
793 3896 846 3942 et
860 3886 1117 3940 Romana:
1143 3884 1504 3940 fraternitatis
1525 3885 1729 3940 habens
1753 3884 1909 3939 ﬁdem
1933 3886 2059 3942 huic

475 3982 687 4054 publico
737 3981 1100 4035 instrumento
1146 3977 1376 4033 ﬁdeliter
1419 3976 1757 4049 exemplate,
1801 3975 1920 4031 ideo
1971 3991 2058 4032 me

476 4073 776 4130 subscribe.

552 4173 612 4231 at
638 4166 748 4238 Ego
780 4167 1007 4222 domnus
1036 4164 1292 4232 Jacobns,
1319 4164 1530 4234 arehip.
1556 4172 1758 4221 sancta:
1784 4162 1966 4219 Marim
2000 4163 2056 4220 iu

484 4257 586 4315 Via
619 4259 773 4315 testis
795 4261 1083 4330 praedictus
1111 4276 1198 4315 me
1224 4259 1526 4315 subscribe.

555 4359 614 4419 v14
647 4353 757 4425 Ego
784 4352 1067 4424 presbyter
1096 4352 1365 4424 Aigidius,
1389 4361 1571 4408 rector
1591 4351 1833 4407 ecclesiae
1856 4360 2057 4407 sanette

475 4445 654 4504 Lucize
683 4446 750 4501 de
776 4445 1011 4500 conﬁnio
1033 4447 1321 4516 praedictus
1354 4445 1506 4500 testis
1531 4461 1616 4498 me
1645 4445 1944 4519 subscribe.

552 4545 611 4602 >14
659 4537 772 4608 Ego
829 4537 1113 4609 presbyter
1157 4535 1504 4606 Rayualdus,
1567 4543 1747 4590 rector
1813 4535 2053 4591 ecclesia:

475 4626 650 4684 sancti
673 4627 903 4681 Andreae
917 4627 985 4681 de
1011 4626 1146 4682 Urse
1167 4625 1322 4679 testis
1337 4625 1620 4694 praedictus
1641 4639 1726 4678 me
1748 4624 2049 4679 snbscribo.

552 4725 610 4783 »Β
650 4718 760 4789 Ege
782 4717 1037 4784 .lacobus,
1071 4717 1216 4788 prior
1244 4716 1486 4771 ecclesiae
1529 4716 1703 4771 sancti
1735 4715 1964 4770 Andreae
1986 4716 2053 4772 de

474 4813 736 4870 Columna
768 4813 924 4869 testis
949 4811 1236 4883 praadictns
1261 4825 1346 4866 me
1375 4809 1675 4866 subscribe.
1879 4861 1889 4868 ,

549 4908 609 4969 ὦ
643 4905 752 4974 Ege
794 4905 1064 4970 Thomas,
1100 4903 1394 4959 cauonieus
1419 4901 1663 4957 ecclesiae
1700 4899 1872 4955 sancti
1917 4898 2058 4954 Lau-

478 4995 639 5049 rentii
668 4995 718 5048 in
749 4994 952 5048 Lucina
979 4995 1319 5064 supradictus
1352 4995 1504 5048 testis
1532 5009 1617 5048 me
1648 4991 1949 5047 subscribe.

552 5091 611 5148 ᾗ
668 5084 779 5154 Ego
827 5085 1060 5154 Angelus
1109 5086 1352 5141 Routerii
1381 5126 1396 5150 ,
1450 5083 1746 5139 eaneniens
1816 5082 2061 5140 ecclesiae

477 5177 648 5233 sancti
681 5176 954 5232 Laurentii
981 5179 1133 5233 testis
1161 5179 1448 5248 praedictus
1477 5192 1561 5232 me
1582 5177 1884 5231 subscribe.

557 5273 615 5330 >14
653 5267 762 5337 Ego
783 5267 1040 5337 Angelus,
1071 5268 1246 5338 legum
1278 5268 1540 5324 scholaris
1570 5275 1729 5321 natus
1752 5267 1932 5322 domui
1963 5264 2055 5320 Ja-

2152 401 2331 456 rarins
2363 400 2605 470 jndicum
2672 401 2850 466 Urbis,
2905 403 3110 458 habens
3154 405 3314 460 ﬁdem
3360 406 3492 462 huic
3531 408 3725 463 instru-

2152 501 2332 546 mento
2357 503 2410 547 et
2439 494 2716 564 privilegio
2745 495 2972 551 ﬁdeliter
2993 484 3294 566 exemplato
3335 513 3421 552 me
3451 498 3726 555 subscribe

2151 587 2248 640 sub
2281 586 2438 641 anuis
2482 586 2690 642 Domini
2717 587 3001 644 millesimo
3030 604 3300 654 ccuxvu,
3327 589 3444 644 iud.
3475 587 3510 644 5
3535 592 3728 647 mensis

2149 680 2372 750 Augusti
2412 679 2501 734 26.

2225 779 2282 836 ᾖ
2314 773 2420 842 Ego
2447 771 2761 839 Adenull'us,
2789 773 2952 842 judex
2985 785 3038 828 et
3066 783 3244 829 rector
3260 773 3508 844 jndicum
3533 773 3730 828 habens

2153 862 2310 916 ﬁdem
2343 863 2467 918 huic
2491 863 2849 917 iustrtuneuto
2873 872 2926 917 ct
2955 863 3241 932 privilegio
3282 862 3523 918 ﬁdeliter
3548 878 3728 918 exem-

2150 955 2315 1026 plato,
2347 973 2430 1009 mc
2451 955 2752 1011 snbscribo.

2229 1053 2285 1110 >14
2334 1047 2441 1117 Ege
2474 1047 2758 1108 Maximus,
2787 1046 2928 1100 Petri
2957 1045 3158 1102 Odonis
3182 1047 3347 1114 jndex
3384 1055 3439 1101 et
3482 1062 3626 1101 nunc
3653 1064 3733 1100 ca-

2150 1139 2419 1194 merarius
2441 1137 2682 1206 jndicum
2709 1139 2832 1194 huic
2845 1139 3123 1210 privilegio
3151 1139 3386 1195 ﬁdeliter
3407 1140 3732 1209 exemplato,

2150 1247 2238 1287 me
2267 1230 2572 1287 subscribe.

2880 1367 2996 1423 XX.

2149 1515 2376 1559 AGAPETI
2405 1515 2552 1556 ΡΔΡΒ
2583 1516 2619 1554 ll
2651 1516 2990 1557 ῐιιιινιιι-ῖαιυιι
3029 1517 3127 1556 PRO
3158 1515 3499 1557 IONASTEBIO
3528 1515 3574 1556 S.
3609 1517 3734 1556 HAB-

2732 1589 2839 1628 ΤΙΝΙ
2883 1589 2950 1627 DE
2989 1587 3158 1630 LENIS.

2763 1687 2938 1754 (Anno
2974 1686 3128 1756 955.)

2155 1821 2329 1898 [Apud
2363 1824 2427 1878 D.
2458 1822 2724 1893 Beuquct,
2756 1821 2964 1878 Recueil
3003 1824 3092 1878 de:
3131 1823 3434 1887 historiam,
3467 1823 3538 1879 IX
3590 1824 3737 1898 253.}

2221 1958 2506 2012 AGAPBTUS
2543 1957 2844 2028 episcopus,
2877 1971 3064 2012 servus
3093 1973 3373 2014 servorum
3412 1959 3527 2024 Dei,
3570 1959 3739 2016 Seca-

2153 2065 2243 2105 Ino
2292 2049 2539 2120 religioso
2585 2051 2766 2105 abbati
2829 2050 3150 2107 venerabilis
3201 2053 3518 2107 monasterii
3568 2053 3743 2108 sancti

2153 2142 2390 2206 Martini,
2437 2143 2529 2213 qui
2568 2151 2794 2197 vocatur
2838 2141 3020 2209 Lenis,
3063 2143 3154 2213 qui
3189 2152 3273 2199 est
3309 2143 3360 2198 iu
3394 2144 3510 2214 ripa
3551 2144 3618 2199 de
3651 2143 3746 2197 Bu-

2154 2233 2297 2289 mine
2317 2233 2482 2288 Atace
2511 2233 2564 2288 in
2596 2233 2732 2290 valle
2761 2233 3092 2300 Boliearnea,
3116 2244 3171 2290 et
3206 2250 3304 2307 per
3327 2249 3448 2290 eum
3477 2236 3534 2292 iu
3557 2237 3744 2292 eodem

2153 2325 2449 2381 venerabili
2475 2326 2801 2380 monasterio
2828 2326 2880 2379 in
2913 2335 3252 2394 perpetuum.

2224 2417 2358 2473 Cum
2402 2432 2593 2489 magna
2623 2418 2777 2472 nobis
2798 2417 3155 2474 sollicitudine
3203 2419 3406 2474 insistit
3459 2435 3592 2476 cura
3653 2435 3749 2492 pro

2157 2508 2424 2563 universis
2452 2509 2698 2564 ecclesiis
2727 2524 2794 2564 ne
2822 2510 3056 2582 aliquam
3100 2513 3444 2567 necessitatis
3478 2512 3749 2581 jacturam

2158 2601 2499 2668 sustineant,
2556 2603 2650 2658 sed
2702 2602 2870 2672 magis
2920 2603 3146 2674 propriae
3193 2603 3444 2659 utilitatis
3484 2605 3750 2675 stipendia

2159 2703 2576 2764 consequantur.
2649 2693 2774 2750 ideo
2833 2695 3083 2751 convenit
3138 2711 3236 2751 nos
3291 2696 3584 2767 pastoralis
3643 2707 3752 2754 tota

2159 2787 2356 2841 mentis
2381 2786 2691 2858 integritate
2713 2802 3003 2857 procurare
3026 2797 3080 2842 et
3109 2787 3297 2843 sedule
3327 2803 3519 2844 eorum
3552 2789 3754 2844 utilita-

2161 2890 2272 2935 tum
2310 2879 2545 2934 subsidia
2588 2877 2691 2934 illis
2717 2879 2986 2944 conferre,
3015 2888 3073 2934 ut
3105 2879 3333 2936 Domine
3356 2890 3550 2936 nostro
3578 2883 3752 2936 omni-

2161 2970 2366 3040 potenti
2407 2969 2460 3025 id
2487 2970 2627 3040 qued
2660 2985 2758 3040 pro
2786 2969 2902 3039 ejus
2925 2971 3320 3040 sanctimoniis,
3351 2971 3565 3028 honore
3592 2975 3752 3029 etiam

2158 3072 2214 3119 et
2250 3064 2406 3118 laude
2436 3072 2596 3132 atque
2625 3062 2792 3134 gloria
2815 3063 2931 3134 ejus
2957 3063 3149 3118 diviuze
3175 3065 3503 3134 majestatis,
3532 3080 3755 3121 venera-

2157 3155 2342 3211 bilium
2375 3163 2436 3210 ut
2467 3165 2775 3210 nostrorum
2802 3163 2918 3209 erat
2943 3154 3236 3211 contulisse
3265 3155 3420 3221 loCis,
3454 3158 3638 3227 sitque
3675 3172 3755 3212 ae-

2158 3246 2438 3317 eeptabile,
2467 3246 2730 3316 nobisque
2754 3247 2820 3300 ad
2851 3244 2966 3313 ejus
2993 3245 3168 3302 locum
3195 3246 3629 3317 locupletissima
3660 3247 3754 3302 mi-

2159 3339 2449 3396 sericordia
2483 3338 2701 3408 dignum
2739 3337 3038 3408 hujusmedi
3077 3338 3152 3408 pii
3198 3339 3379 3409 eperis
3425 3339 3668 3393 insidere
3703 3338 3752 3393 in

2159 3430 2385 3484 sidereis
2429 3427 2743 3485 conferatur
2789 3430 3004 3484 arcibus
3063 3429 3526 3484 remuneratione.
3595 3429 3755 3500 igitur

2159 3519 2282 3589 quia
2314 3518 2523 3588 petistis
2548 3533 2578 3572 a
2609 3518 2762 3573 nobis
2786 3528 3054 3588 quatenus
3086 3518 3376 3574 ecclesiam
3411 3529 3625 3575 sancta:
3651 3519 3757 3576 Ma-

2158 3612 2252 3667 rire
2290 3627 2408 3682 qua:
2444 3622 2528 3668 est
2573 3611 2628 3666 in
2669 3611 2984 3679 Cerenulas,
3027 3629 3148 3669 cum
3205 3613 3364 3669 terris
3409 3621 3469 3669 et
3505 3614 3683 3669 vineis
3707 3624 3759 3670 et

2159 3718 2280 3757 cum
2308 3703 2455 3757 omni
2486 3703 2843 3758 redhibitione
2881 3718 2972 3757 sua
3001 3743 3014 3769 ,
3047 3703 3164 3774 pari
3191 3702 3352 3758 modo
3379 3712 3437 3758 et
3466 3704 3756 3759 ecclesiam

2159 3792 2218 3848 S.
2253 3792 2512 3864 Stephani
2541 3809 2662 3864 qua:
2685 3802 2770 3850 est
2811 3795 2864 3848 in
2903 3793 3153 3859 Bolorda,
3199 3793 3328 3849 item
3356 3809 3483 3850 cum
3519 3797 3759 3852 terriset

2159 3887 2330 3942 vineis
2363 3896 2420 3942 et
2445 3901 2566 3942 cum
2588 3889 2838 3944 omnibus
2859 3889 3196 3959 pertinentiis
3225 3890 3367 3956 suis;
3401 3890 3571 3946 simili
3603 3893 3758 3949 modo

2157 3985 2212 4032 et
2253 3977 2537 4033 ecclesiam
2580 3977 2638 4032 S.
2685 3976 2908 4033 Joannis
2937 3993 3056 4049 quae
3087 3986 3171 4034 est
3197 3978 3252 4032 in
3278 3978 3598 4048 Cembreto,
3639 3997 3754 4038 cum

2157 4069 2408 4128 omnibus
2436 4070 2549 4125 suis
2581 4069 2955 4142 pertinentiis;
3007 4069 3319 4142 pariterque
3365 4081 3424 4127 et
3468 4072 3753 4128 ecclesiam

2161 4165 2214 4220 S.
2245 4163 2388 4218 Petri
2416 4177 2534 4233 qua:
2557 4171 2640 4218 est
2670 4163 2724 4217 in
2754 4161 3041 4229 Petralata,
3073 4163 3200 4218 item
3239 4179 3361 4218 cum
3404 4165 3568 4220 terris
3599 4175 3654 4220 et
3681 4167 3758 4221 vi-

2157 4254 2305 4318 neis;
2338 4268 2524 4310 verum
2549 4253 2715 4308 etiam
2754 4265 2810 4310 et
2831 4252 3013 4308 villam
3043 4253 3110 4310 de
3131 4254 3280 4309 Buxo
3309 4266 3363 4310 et
3387 4255 3611 4323 Petrus,
3637 4275 3755 4314 cum

2163 4345 2322 4400 terris
2348 4353 2402 4399 et
2428 4344 2598 4400 vineis
2637 4354 2692 4400 et
2730 4345 2880 4401 silvis
2908 4355 2962 4401 et
2989 4346 3276 4417 aquimelis
3315 4349 3464 4416 suis;
3507 4351 3757 4406 similiter

2083 4411 2134 4472 D
2160 4437 2214 4492 iu
2241 4435 2365 4490 villa
2386 4451 2506 4507 qua
2531 4435 2728 4491 dicitur
2754 4435 3072 4509 Cassauges,
3093 4451 3219 4495 cum
3243 4439 3385 4494 casis
3414 4449 3470 4495 et
3504 4441 3679 4497 vineis
3705 4453 3755 4497 et

2162 4530 2342 4594 terris,
2373 4537 2429 4583 et
2461 4527 2801 4583 medietatem
2835 4529 2900 4583 de
2938 4529 3059 4584 villa
3106 4545 3226 4600 qua:
3275 4531 3478 4586 dicitur
3528 4531 3751 4598 Baresa,

2160 4636 2259 4676 nec
2284 4637 2389 4675 non
2423 4620 2475 4674 in
2507 4619 2625 4674 vico
2651 4619 2889 4674 Adasate
2921 4635 3042 4676 cum
3080 4622 3242 4677 terris
3286 4631 3342 4678 et
3383 4623 3595 4691 vineis;
3641 4626 3752 4696 pari

2159 4713 2319 4767 modo
2347 4721 2404 4766 et
2432 4711 2555 4766 villa
2598 4726 2718 4782 qua:
2758 4711 2955 4768 dicitur
2998 4713 3232 4777 Artosol,
3275 4730 3403 4769 cum
3451 4717 3604 4772 einui
3657 4733 3748 4774 sua

2159 4801 2482 4874 pertinentia
2510 4820 2523 4856 :
2554 4802 2757 4872 pariter
2790 4801 2930 4857 infra
2957 4804 3212 4860 comitatu
3240 4803 3628 4863 Feniolotense
3653 4848 3670 4872 ,
3698 4816 3753 4862 et

2154 4894 2414 4948 comitatu
2451 4891 2722 4959 Bodense,
2749 4901 2806 4948 et
2828 4891 3162 4961 Resselioue,
3191 4903 3295 4950 tua:
3319 4895 3749 4968 religiositati....

2158 4987 2210 5042 in
2239 4994 2556 5058 perpetuum
2593 4985 2889 5042 concedere
2927 4987 3260 5044 deberemus.
3307 4987 3388 5043 ita
3438 5005 3571 5044 sane
3613 5000 3675 5045 ut
3719 5006 3752 5045 a

2157 5079 2311 5133 vobis
2355 5077 2657 5148 vestrisque
2717 5079 3123 5135 successoribus
3171 5078 3394 5149 singulis
3444 5081 3754 5153 quibusque

2160 5169 2543 5224 indictienibus
2571 5183 2771 5238 pensus
2801 5169 3017 5224 nomine
3039 5171 3333 5225 rationibus
3359 5170 3751 5227 ecclesiasticis

2163 5261 2350 5316 decem
2381 5259 2590 5328 argenti
2631 5259 2881 5315 selid.....
2909 5261 3159 5318 denarios
3203 5261 3483 5318 duodecim
3528 5261 3754 5317 ditlicul—
