3964 5356
180 266 276 337 929
502 306 507 311 -
1319 261 1677 323 EPISTOLIE
1711 259 1799 320 ET
1834 256 2243 318 PRIVILEGIA.
3303 254 3409 313 950

182 383 321 439 tione
358 392 453 436 seu
505 375 815 434 deﬁnitione
864 373 1228 432 indifferenter
1268 389 1365 431 vos
1413 375 1531 431 sine
1587 372 1747 430 dubio
1773 380 1824 441 Α
1849 366 2251 424 successoribus
2286 361 2340 419 in
2362 370 2682 435 perpetuum
2712 362 2866 421 vobis
2885 361 3233 423 concedimus
3256 364 3401 421 deti-

180 474 519 542 procurantes
557 464 857 531 eﬁieiatur;
907 464 1158 535 nullaque
1208 475 1465 536 praeterea
1508 464 1575 519 ad
1618 462 1747 518 dan—
1845 472 1975 513 nere
2022 454 2205 512 deberi
2244 469 2261 521 ;
2309 462 2608 510 statuentes
2651 462 2813 524 atque
2861 453 3265 526 promulgantes
3315 454 3414 511 sub

182 562 300 616 dum
330 573 503 615 annue
527 573 726 627 pensus
751 573 782 613 a
806 558 957 613 vobis
992 573 1142 612 mora
1186 558 1487 627 proveniat,
1534 557 1628 613 sed
1668 555 1748 610 ul-
1846 546 2014 601 divini
2050 544 2239 615 judicii
2282 542 2659 599 observatione
2686 552 2740 599 et
2785 543 3143 599 anathematis
3190 543 3418 599 interdi-

183 660 262 706 tro
313 649 625 705 actionariis
661 656 863 704 sanctze
908 658 1107 703 nostra:
1150 646 1401 703 Ecclesiae
1442 656 1566 718 apto
1613 655 1748 701 tem-

1865 638 2044 703 :tione,
2105 644 2166 690 ut
2216 633 2349 689 nulli
2404 651 2637 705 unquam
2697 644 3002 692 nostrorum
3047 650 3418 692 successorum

179 755 304 811 pore
360 738 666 809 persolvant
705 756 722 806 ;
776 746 1072 794 statuentes
1124 738 1412 808 apostolica
1472 751 1697 793 censura
1728 774 1745 802 ,
1844 725 2178 795 Ροηιίίὶϐαιηι
2214 722 2301 779 V61
2327 723 2443 778 alia!
2485 723 2703 779 cuilibet
2739 741 2946 797 magna:
2983 740 3269 796 parvaeque
3299 740 3423 798 per-

180 830 495 886 auctoritate
540 831 681 886 beati
726 830 872 885 Petri
913 828 1275 900 apostolorum
1317 828 1603 900 principis,
1649 826 1749 882 sub

180 921 338 977 divini
366 921 552 992 judicii
582 921 939 977 obtestatione
983 919 1344 975 anathematis
1383 918 1746 980 interdictum,

179 1022 235 1068 ut
257 1012 384 1067 nulli
411 1028 646 1084 unquam
674 1024 982 1070 nostrorum
1028 1028 1402 1069 successorum
1434 1006 1747 1082 pontiﬁcum

178 1105 258 1161 vel
315 1105 433 1161 aliae
482 1104 703 1162 cuilibet
747 1120 956 1178 magnae
1003 1120 1285 1176 parvaeque
1337 1118 1580 1175 personae
1636 1103 1748 1172 ipsa

176 1195 553 1267 przenominata
585 1196 697 1252 loca
721 1213 751 1252 a
776 1204 1041 1268 potestate
1066 1204 1120 1249 et
1154 1195 1356 1249 ditione
1374 1194 1487 1264 jam
1516 1192 1611 1247 fati
1636 1207 1752 1247 mo-

176 1285 390 1341 nasterii
412 1285 626 1341 auferre
657 1293 965 1356 prmsumat.
1015 1284 1070 1340 Si
1100 1285 1222 1354 quis
1261 1293 1436 1339 autem
1461 1283 1750 1338 temerario

175 1390 300 1430 ausu
327 1392 521 1445 magna
561 1393 833 1448 parvaque
853 1392 1082 1447 persona
1112 1384 1299 1430 contra
1325 1374 1465 1429 hunc
1502 1381 1748 1429 nostrum

174 1467 523 1537 apostolicum
569 1477 893 1539 pmceptum
935 1483 1095 1539 agere
1139 1465 1573 1537 praesumpserit,
1616 1465 1752 1520 sciat

173 1572 229 1614 se
269 1559 626 1615 anathematis
669 1558 883 1615 vinculo
927 1558 1209 1625 innodari,,
1249 1566 1304 1613 et
1357 1573 1388 1612 a
1445 1571 1610 1627 regno
1654 1552 1749 1609 Dei

173 1647 422 1716 alienum,
476 1657 532 1703 et
573 1663 698 1704 cum
747 1648 999 1705 omnibus
1048 1648 1225 1719 impiis
1263 1657 1465 1702 aeterno
1517 1644 1749 1700 incendii

1847 832 1994 873 sonte
2021 816 2340 873 subtrahere
2379 824 2691 885 praesumat,
2736 831 2854 886 qua:
2899 817 3073 887 ipsum
3126 817 3301 873 locum
3353 817 3424 874 ad

1847 908 2280 974 restaurandum,
2307 916 2363 962 et
2387 906 2454 962 ad
2477 906 2760 978 pristinum
2788 908 3009 978 gradum
3035 911 3423 978 revocandum,

1850 1015 1881 1055 a
1907 1001 2064 1056 nobis
2093 1015 2189 1070 per
2214 999 2513 1055 remedium
2545 999 2740 1055 animae
2772 999 3081 1071 Stephaniana
3124 1001 3423 1072 spiritualis

1848 1101 2047 1148 nostra:
2076 1090 2200 1148 ﬁlire
2230 1093 2527 1163 recepistis.
2587 1091 2643 1146 Si
2689 1093 2811 1162 quis
2863 1102 3066 1162 autem,
3116 1096 3259 1165 quod
3309 1110 3419 1153 non

1849 1191 2142 1255 optamus,
2208 1184 2497 1240 temerario
2548 1199 2682 1241 ausu
2734 1194 2923 1241 contra
2992 1188 3097 1243 hoc
3166 1198 3412 1246 nostrum

1850 1271 2198 1341 apostolicum
2231 1279 2553 1343 praeceptum
2597 1273 2673 1326 ire
2699 1274 3022 1342 tentaverit,
3066 1276 3200 1332 sciat
3240 1285 3291 1334 te
3328 1293 3425 1332 au-

1850 1358 2106 1415 ctoritate
2140 1359 2258 1426 Dei,
2284 1369 2338 1415 et
2381 1359 2527 1416 beati
2572 1360 2718 1417 Petri
2764 1363 3128 1434 apOStolorum
3170 1366 3427 1439 principis

1848 1450 2210 1507 anathematis
2257 1452 2474 1507 vinculo
2519 1453 2875 1522 innodatum,
2922 1466 2979 1513 et
3026 1472 3055 1511 a
3108 1472 3275 1529 regno
3327 1459 3427 1516 Dei

1850 1540 2104 1596 alienum.
2143 1542 2244 1609 Qui
2273 1535 2520 1614 vero’pio
2547 1542 2742 1599 intuitu
2773 1555 2974 1613 custos,
3015 1555 3071 1602 et
3109 1549 3427 1606 observator

1850 1628 2014 1700 hujus
2040 1636 2212 1688 nostri
2241 1632 2521 1702 apostolici
2567 1636 2847 1692 constituti
2874 1637 2928 1692 in
2959 1639 3211 1696 omnibus
3252 1642 3393 1697 exsti

171 1738 427 1809 supplicio
455 1738 888 1795 condemnatum.
941 1740 1012 1794 At
1037 1756 1167 1795 vero
1196 1740 1288 1809 qui
1311 1739 1628 1795 observator
1655 1752 1748 1792 ex-

1865 1722 1998 1789 terit,
2054 1724 2448 1780 benediCtionis
2495 1726 2744 1797 gratiam,
2802 1737 2857 1783 et
2922 1730 3347 1788 misericordiam
3392 1748 3425 1788 ι

170 1831 367 1887 stiterit
391 1831 671 1902 praecepti,
699 1833 929 1904 gratiam
963 1841 1125 1902 atque
1165 1831 1614 1895 misericordiam,
1668 1829 1751 1883 vi-

171 1930 382 1995 tamque
416 1933 677 1980 aternam
707 1939 739 1980 a
773 1924 1278 1981 misericordissimo
1307 1924 1536 1980 Domino
1567 1930 1752 1978 nostro

169 2019 421 2089 consequi
467 2030 761 2076 mereatur.
1526 2022 1533 2030 '

239 2109 519 2181 Scriptum
577 2127 674 2184 per
727 2128 945 2168 manum
997 2112 1193 2169 Leonis
1241 2112 1510 2169 scriniarii
1554 2118 1754 2167 sancta:

167 2199 420 2258 Romanae
456 2204 709 2261 Ecclesiae
735 2204 791 2260 in
820 2221 1005 2262 mense
1032 2205 1298 2273 Octobris,
1322 2204 1612 2260 indictione
1632 2216 1750 2256 xm.

167 2291 305 2349 Bene
334 2293 538 2351 valete.

895 2367 1038 2424 XXI.

251 2470 422 2515 sese:
441 2472 495 2515 τι
532 2473 678 2515 eam
714 2475 754 2515 ιι
794 2462 1136 2516 νιιιγιιεαιυιι
1184 2474 1284 2517 eno
1328 2471 1665 2516 nonssramo

738 2546 935 2587 IONTIS
971 2547 1193 2587 CASSINI.

779 2628 958 2701 (Anno
1006 2627 1157 2698 955.)

171 2717 437 2776 Balduino
464 2719 640 2775 abbati
663 2720 935 2792 Cgsinensi
972 2720 1184 2792 ejusque
1221 2720 1609 2792 successoribus
1632 2733 1745 2773 mo-

242 2793 537 2846 nasterium
583 2792 644 2847 S.
695 2790 945 2863 Stephani
989 2786 1043 2845 in
1082 2786 1346 2847 territorio
1395 2786 1757 2847 Terracinensi

239 2863 407 2916 situm
446 2863 707 2916 concedit.

462 2974 673 3048 [Tosti,
697 2973 871 3033 Storia
909 2976 964 3030 di
1012 2974 1190 3031 Monte
1237 2973 1475 3049 Casina]

238 3066 531 3124 Amemus
567 3068 871 3139 episcopus,
906 3083 1094 3125 servus
1139 3085 1418 3126 servorum
1447 3068 1565 3136 Dei,
1610 3068 1751 3125 BAL-
1780 3096 1827 3160 ο

168 3175 333 3219 ιιυιιηο
363 3161 565 3218 dilecto
594 3160 722 3227 ﬁlio,
771 3159 1030 3217 et'abbati
1075 3163 1398 3219 venerabilis
1439 3164 1757 3221 monasterii

171 3251 387 3308 Cassini
411 3251 630 3317 Montis.
657 3261 712 3308 et
735 3254 988 3309 omnibus
1012 3254 1128 3325 ejus
1154 3254 1477 3328 regulariter
1506 3256 1762 3313 intranti-

167 3341 269 3397 bus
298 3342 356 3396 in
384 3351 729 3413 perpetuum.

238 3432 514 3490 Convenit
583 3434 876 3502 apostolico
949 3435 1303 3491 moderamini
1356 3437 1443 3508 pia
1488 3437 1765 3509 .religionc

153 3524 507 3596 pollentibus
564 3522 820 3599 benevola
876 3528 1250 3595 compassionc
1309 3543 1648 3592 succurrere,
1712 3536 1767 3583 et

159 3613 294 3698 justi
364 3611 622 3666 desiderii
699 3600 993 3682 Congruum
1069 3615 1350 3685 impertire
1424 3616 1761 3687 sullragium.

160 3706 348 3775 Atque
429 3702 552 3756 ideo
608 3703 735 3771 quia
792 3704 1108 3773 postulastis
1167 3721 1197 3760 a
1274 3708 1430 3762 nobis
1499 3717 1768 3779 quatenus

162 3793 606 3852 concederemus
657 3793 808 3848 vobis
872 3797 1261 3852 monasterium
1336 3798 1507 3854 sancti
1565 3796 1770 3855 Christi

164 3882 614 3960 protomartyris
661 3884 945 3954 Stephani,
981 3888 1123 3957 quod
1167 3904 1265 3960 per
1293 3880 1504 3960 longam
1533 3903 1771 3948 vetusta-

168 3988 278 4033 tem
315 3978 370 4031 in
405 3977 596 4040 ruinis,
631 3985 685 4029 et
714 3976 767 4029 in
819 3977 1049 4032 desertis
1094 3979 1329 4049 positum
1378 3990 1463 4036 est
1513 3998 1635 4037 cum
1675 3997 1770 4037 ec-

165 4071 382 4134 clesiis,
416 4082 513 4123 seu
545 4067 713 4131 cellis,
745 4069 920 4138 aquis,
968 4071 1119 4137 rivis,
1151 4086 1273 4126 cum
1304 4075 1486 4141 terris,
1537 4077 1767 4147 campis,

165 4164 420 4236 pascuis,
463 4161 633 4230 silvis,
672 4163 832 4218 cultis
867 4162 953 4218 vel
999 4164 1241 4232 incultis,
1271 4175 1481 4222 etcum
1514 4169 1771 4224 omnibus

166 4257 237 4312 ad
276 4257 716 4327 suprascriptum
756 4258 1145 4312 monasterium
1186 4260 1516 4327 generaliter
1538 4262 1593 4315 in
1634 4262 1771 4316 inte-

168 4364 333 4420 grum
390 4346 813 4417 pertinentibus,
885 4349 1121 4417 positum
1192 4349 1464 4406 territorio
1520 4351 1770 4407 Terraci-

1847 1811 1997 1883 justo
2015 1813 2199 1884 judice
2227 1815 2452 1871 Domino
2492 1818 2601 1872 Deo
2624 1827 2809 1875 nostro
2832 1824 3087 1891 consequi
3131 1834 3424 1880 mereatur.

1927 1901 2201 1974 Scriptum
2245 1920 2345 1975 per
2387 1921 2603 1961 manum
2646 1908 2973 1965 Acritioueri
3005 1913 3272 1968 scriniarii
3300 1932 3428 1971 sau-

1855 2002 1954 2048 ciae
1981 1993 2239 2049 Romana:
2286 1996 2568 2065 Ecclesiae,
2622 1998 2674 2053 in
2729 2015 2914 2087 mense
2961 2000 3236 2072 Octobrio,
3293 2005 3432 2061 indi-

1854 2088 2032 2143 ctione
2058 2104 2222 2158 supra
2250 2092 2477 2162 scriptn,
2528 2104 2723 2162 quarta
2758 2097 2989 2153 decima.
3039 2098 3183 2155 Bene
3233 2101 3425 2159 valete.

1855 2175 1990 2232 Data
2016 2180 2244 2249 septimo
2279 2179 2490 2235 decimo
2518 2180 2786 2239 Kalendas
2822 2183 3139 2242 Novembris
3166 2203 3264 2257 per
3307 2205 3413 2245 ma-

1855 2283 1986 2324 num
2014 2268 2247 2325 Andreas
2292 2271 2481 2339 divini,
2524 2284 2771 2343 respectu
2808 2278 3014 2347 gratiae,
3064 2281 3261 2334 arcarii
3306 2296 3401 2336 san

1855 2368 1958 2416 ctae
1986 2360 2130 2417 sedis
2176 2363 2506 2434 apostolica}.
2552 2365 2733 2433 Anno,
2790 2368 3023 2438 prepitio
3072 2368 3205 2439 Deo,
3254 2372 3435 2441 ponti-

1855 2452 2048 2511 ficatus
2087 2455 2269 2510 domui
2297 2457 2534 2528 Agapiti,
2563 2459 2757 2513 summi
2798 2460 3088 2531 pontificis,
3122 2473 3176 2517 et
3205 2463 3426 2519 univer-

1857 2544 1987 2601 salis
2010 2560 2183 2618 papa,
2212 2546 2265 2602 in
2317 2549 2683 2604 sacratissima
2740 2551 2868 2606 sede
2912 2552 3058 2607 beati
3107 2552 3253 2609 Petri
3301 2570 3430 2626 apo-

1855 2635 2003 2703 stoli,
2031 2652 2169 2692 anno
2205 2638 2433 2707 decimo,
2467 2640 2521 2695 in
2548 2656 2753 2711 mense,
2801 2651 2857 2699 et
2899 2642 3195 2702 indictione
3235 2661 3426 2711 supra-

1856 2725 2085 2797 scripta.

2556 2823 2717 2881 XXII.

1856 2922 2088 2971 ΔῦΔΡΕῒι
2120 2928 2265 2971 ΡΔΡΑΕ
2292 2930 2331 2971 ιι
2364 2930 2706 2976 ιιιιινιιεῦιωι
2741 2934 2842 2979 PRO
2865 2937 3030 2980 οειιιι
3071 2939 3119 2981 8.
3158 2941 3339 2985 mnu:
3362 2943 3435 2987 ετ

2194 3002 2242 3042 8ο
2279 3002 2646 3046 HUNNEGUNDIS
2682 3008 3098 3053 ιιωιοιλιιιιιιει.

2464 3083 2641 3153 (Ληιιο
2675 3082 2826 3157 955.)

1966 3164 2254 3238 [Collielte,
2292 3168 2570 3227 Mémoires
2607 3174 2680 3226 du
2721 3172 3082 3246 Vermandois,
3110 3178 3153 3247 l,
3179 3180 3330 3256 565.]

1932 3259 1993 3316 In
2048 3264 2264 3319 nomine
2319 3277 2520 3322 sanctae
2571 3276 2627 3323 et
2684 3268 3057 3341 inseparabilis
3107 3274 3435 3333 Trinitatis:

1861 3350 2170 3421 Amemus,
2200 3355 2403 3411 Christi
2445 3358 2867 3419 adminiculante
2893 3364 3286 3437 misericordia,
3314 3383 3442 3426 san-

1863 3452 1967 3498 ctre
1997 3444 2248 3499 ltomanae
2274 3448 2419 3503 sedis
2443 3449 2691 3507 antistes.

1938 3532 1994 3588 Si
2022 3536 2223 3590 sanctis
2271 3540 2620 3607 petitionibus
2672 3547 3007 3614 praestabiles
3057 3558 3181 3605 voto
3229 3552 3441 3622 piorum

1867 3635 2144 3679 assensum
2170 3627 2493 3694 praebemus,
2520 3628 2781 3686 voluntati
2810 3632 3019 3690 Domini
3066 3652 3163 3692 nos
3211 3640 3446 3701 militare

1868 3713 2155 3770 credimus.
2188 3715 2331 3787 Ergo
2366 3730 2550 3772 notum
2596 3720 2668 3775 sit
2712 3724 2976 3780 universis
3010 3729 3286 3787 catholica:
3324 3751 3444 3789 ma-

1870 3804 1970 3859 tris
1998 3803 2252 3860 ECClCSllB
2278 3807 2424 3873 liliis,
2465 3810 2607 3879 (μιυά
2657 3813 2803 3867 misit
2845 3816 2912 3869 ad
2952 3832 3051 3871 nos
3095 3819 3236 3876 lilius
3262 3832 3447 3878 noster

1868 3894 2114 3966 gloriosa:
2142 3897 2336 3953 indolis
2363 3913 2518 3968 puer,
2545 3901 2747 3957 scilicet
2771 3903 3060 3962 Lotbarius
3083 3924 3175 3964 rex
3209 3909 3446 3967 Franco—

1871 4002 2012 4052 rum,
2077 3990 2457 4058 paternitntcm
2510 4002 2748 4047 nostram
2811 3996 3087 4054 lllllllllllCl‘
3130 4001 3446 4073 obsecrans,

1870 4086 1931 4132 ut
1974 4079 2260 4150 quamdam
2311 4081 2498 4136 cellam
2546 4083 2598 4137 in
2647 4099 2785 4155 pago
2814 4087 3225 4147 \‘iromandeusi
3257 4094 3442 4160 sitam,

1869 4171 1924 4226 in
1964 4173 2170 4227 honore
2219 4174 2390 4229 beata;
2443 4174 2536 4229 Dei
2586 4177 2862 4246 genitricis
2890 4179 3091 4247 Mariae,
3142 4192 3197 4238 et
3244 4194 3446 4242 sancite

1868 4260 2217 4334 Hunegundis
2245 4264 2471 4332 virginis
2509 4275 2895 4335 constructam,
2925 4273 3231 4341 apostolicze
3256 4285 3447 4332 aucto-

1870 4353 2051 4408 ritatis
2080 4354 2330 4424 praesidio
2354 4356 2711 4421 muniremus,
2735 4372 2896 4427 quam
2924 4364 3332 4433 suggerentibus
3355 4382 3422 4436 ge

168 4453 368 4502 nense,
398 4444 457 4489 et
495 4437 632 4491 inter
659 4436 756 4491 has
785 4436 938 4493 lines.
985 4441 1032 4493 A
1058 4440 1232 4509 primo
1259 4440 1428 4496 latere
1465 4441 1645 4497 casalc
1671 4442 1765 4513 qui
1792 4456 1842 4517 D
1868 4444 2029 4500 nitori
2054 4460 2151 4499 suo
2175 4444 2450 4502 Ludovico
2487 4446 2734 4502 videlicet
2766 4450 2900 4521 regi,
2943 4460 2998 4506 et
3025 4454 3127 4507 sibi
3159 4454 3261 4523 ipsi
3290 4472 3446 4526 atque

167 4537 406 4584 vocatur
436 4524 638 4592 Vorke,
666 4535 720 4582 et
756 4527 935 4583 casalc
981 4527 1220 4597 Clevini;
1267 4546 1298 4586 a
1327 4533 1564 4588 secundo
1591 4532 1764 4589 latere

168 4620 311 4691 pede
357 4616 566 4672 montis
599 4616 834 4672 devolvit
862 4619 1131 4689 quomodo
1176 4623 1421 4677 ascendit
1448 4636 1545 4692 per
1574 4626 1764 4694 pedem

172 4709 383 4765 montis
427 4707 531 4762 sub
559 4708 673 4777 ipso
717 4718 923 4775 monte,
959 4727 1056 4782 per
1100 4713 1292 4783 pedem
1344 4715 1543 4770 montis
1588 4717 1766 4772 sancti

170 4797 368 4863 Lacui,
402 4805 462 4852 et
491 4795 652 4851 veluti
677 4798 824 4852 vadit
865 4798 918 4854 in
951 4810 1131 4857 monte
1168 4802 1233 4859 de
1273 4804 1557 4876 Campilla,
1588 4815 1644 4863 et
1670 4822 1768 4878 per

173 4892 357 4947 rivum
411 4886 624 4955 Baiani,
676 4899 730 4945 et
778 4901 1013 4948 montem
1065 4896 1131 4951 de
1163 4895 1455 4965 Montania,
1486 4908 1543 4953 et
1588 4899 1768 4955 casalc

173 4982 493 5038 Rustizanu
532 4987 586 5033 et
639 4979 823 5035 Tauri.
867 4983 913 5036 Α
960 4995 1155 5054 quarto
1204 5005 1332 5046 vero
1378 4989 1545 5046 latere
1591 4972 1772 5048 casalc

175 5073 494 5134 Salissanu,
532 5076 586 5123 et
631 5069 811 5142 Pinge,
869 5080 923 5127 et
976 5074 1297 5135 Baleranum
1346 5095 1515 5149 usque
1546 5081 1600 5136 in
1652 5082 1771 5139 rivo

173 5163 347 5208 “nviil
401 5168 462 5208 et
513 5162 735 5208 revertit
784 5161 836 5208 in
886 5166 1049 5208 (manli
1095 5168 1294 5208 Rai‘lma

1372 5170 1516 5208 luris:
1567 5185 1771 5208 unum.“

1867 4536 2004 4605 regi,
2027 4537 2226 4592 comite
2252 4537 2564 4604 Adalberto,
2586 4548 2641 4592 et
2663 4539 2857 4596 idoneo
2884 4542 3018 4597 satis
3055 4545 3170 4599 viro
3198 4546 3446 4616 Eiberto,

1869 4626 1962 4698 qui
2006 4629 2249 4683 eamdem
2281 4626 2608 4684 abbatiolam
2650 4629 2775 4700 jure
2819 4632 3065 4686 beuelicii
3108 4636 3448 4703 possidebat,

1871 4716 1940 4771 ad
1966 4731 2137 4773 sacrae
2166 4717 2442 4787 religionis
2485 4720 2846 4775 venerabilem
2874 4719 3074 4776 cultum
3117 4723 3327 4793 erigere
3354 4738 3451 4779 cu.

1872 4814 2055 4873 natur,
2086 4814 2251 4875 atque
2280 4808 2440 4880 regite
2464 4812 2747 4876 potestatis
2790 4816 3060 4880 praecepto
3097 4813 3457 4868 corroborare

1876 4897 2111 4953 nititur:
2138 4897 2295 4967 cujus
2339 4899 2585 4970 petitioni
2644 4903 3066 4972 congaudentes,
3101 4901 3461 4959 ecclesiastici

1874 4991 2072 5061 vigoris
2112 5005 2333 5047 manum
2378 4990 2683 5059 exerimus;
2714 5002 2765 5048 et
2812 5008 2877 5049 ex
2911 5005 3057 5061 aqua
3084 4988 3347 5050 fulcimur
3371 5007 3468 5045 au-

1875 5081 2125 5141 ctoritate
2149 5083 2495 5154 praecipimus
2550 5089 2609 5135 ut
2651 5085 2931 5152 praefatam
2980 5078 3265 5165 abbatiam
3310 5092 3477 5139 nemo

1875 5187 2109 5208 unnnnm
2137 5175 2477 5208 emno-Iunium
2501 5173 2775 5208 nnccidnni
2828 5184 3006 5208 non-In
3028 5185 3091 5208 cur
3125 5176 3295 5208 pall...
3327 5173 3476 5208 αἴσια-
