3964 5356
140 200 239 259 933

1678 194 1831 255 VITA

3293 194 3402 257 935

140 280 442 363 synodalem
534 288 739 373 Qilonis
785 289 1120 373 “epistolam
1172 290 1257 373 _ad
1344 289 1712 373 sul'fragaueos
1740 297 1788 356 Α
1816 287 2177 373 meticulosum
2199 287 3085 373 est)‘prc_i:latorunt.Iiorripilatione
3114 289 3397 373 neglectas,

139 361 259 417 suos
286 371 511 431 tempore
552 361 817 416 Edmundi
852 361 992 432 regis
1015 362 1301 428 directam,
1333 377 1438 432 qua
1467 361 1560 417 eos
1581 361 1709 415 hor-

138 441 297 498 tatur,
323 441 380 487 ut
414 446 476 487 ne
510 432 679 501 tepide
714 442 763 487 et
802 432 1118 503 negligenter
1150 433 1204 489 in
1234 434 1481 504 regimine
1506 433 1714 487 animao

138 513 658 574 rumiconrersentur,
681 519 787 574 qua
815 504 868 557 in
904 504 1131 572 epistola
1159 504 1274 559 Odo
1302 522 1404 558 non
1429 504 1709 568 mediocre,

136 582 192 627 ut
229 572 501 628 Willelmo
543 572 715 628 visum
764 584 868 639 est,
918 574 1211 628 litterarum
1258 574 1396 628 dedit
1433 574 1708 639 indicium,

137 644 225 716 sed
270 641 443 716 majus
489 644 707 716 pietatis
734 660 797 701 ac
823 644 1201 705 sollicitudinis
1231 645 1539 716 pastoralis.
1583 644 1710 700 llaec

134 713 450 787 epistolaab
481 729 547 787 eo
574 715 772 785 scripta
795 728 898 782 est,
930 727 989 770 ut
1014 724 1169 787 puto,
1216 713 1337 785 post
1370 716 1711 787 constitutio-

134 784 224 840 nes
251 784 474 857 abuipso
502 784 639 857 latas
688 784 793 841 sub
839 784 1030 843 eodeni
1069 784 1383 857 rege,’apud
1427 785 1713 857 Spehnan-

134 870 254 909 num
282 854 479 928 editas,
520 855 573 909 in
615 857 811 928 quibus
840 868 1065 911 cavetur
1084 854 1157 912 de
1184 854 1356 911 oﬂicio
1385 854 1546 928 regis,
1579 856 1709 911 cleri

133 925 706 998 etmagistratuum.’ln
734 928 909 998 capite
930 928 982 993 6,
1009 929 1301 982 monachos
1328 925 1709 981 hortaturutin

134 998 265 1069 omni
313 995 605 1069 humilitate
639 1006 687 1051 et
716 995 1019 1054 .obedientia
1044 1000 1131 1053 die
1164 1010 1420 1069 noctuque
1438 1005 1580 1069 ivota
1611 1011 1707 1051 sua

134 1065 411 1139 adimplere
431 1068 681 1139 studeant
699 1108 711 1131 ,
741 1079 1101 1139 permanentes
1128 1070 1184 1124 in
1209 1065 1395 1139 timore
1425 1068 1518 1122 Dei
1549 1072 1601 1123 in
1625 1085 1710 1123 ec-

133 1136 317 1209 clesiis.
354 1136 441 1190 ubi
485 1154 539 1191 se
589 1147 705 1193 roto
741 1136 1207 1194 constrinxerunt.
1255 1138 1377 1193 Non
1414 1140 1516 1193 sint
1554 1156 1709 1209 raga-

133 1207 307 1280 bundi.
333 1224 496 1278 neque
515 1211 782 1280 gyrovagi,
803 1210 893 1279 qui
912 1226 1096 1264 nomen
1120 1211 1362 1265 monachi
1383 1207 1704 1274 desidera—nt,

133 1278 346 1349 oﬁcium
412 1278 591 1332 autem
644 1278 759 1349 ejus
808 1278 1139 1349 contemnunt
1197 1297 1217 1336 :
1277 1280 1367 1336 sed
1418 1282 1706 1334 secundum

131 1347 357 1420 erempla
385 1347 763 1418 apostolorum,
799 1367 891 1420 per
922 1348 1159 1406 habitum
1188 1349 1533 1416 humilitatis,
1558 1350 1710 1404 labo-

132 1419 266 1472 ribus
299 1435 576 1486 manuum,
602 1430 648 1474 et
679 1422 894 1476 lectione
922 1438 1094 1487 sacra,
1126 1432 1175 1477 et
1205 1421 1464 1477 coutinuis
1507 1422 1707 1475 oratio-

133 1488 274 1563 nibus
301 1507 355 1544 se
383 1499 697 1563 exercentes.
716 1491 808 1563 Ad
849 1491 961 1546 haec
984 1492 1280 1563 Eadmerus
1312 1494 1361 1546 in
1392 1492 1614 1563 prologo
1638 1491 1705 1563 ad

133 1558 298 1613 Vitam
322 1562 494 1615 sancti
511 1560 745 1615 Will'ridi
774 1562 1258 1618 memoratOdonis
1280 1558 1517 1618 libellum
1535 1558 1705 1616 nostri

132 1631 195 1703 de
233 1632 347 1703 Vita
370 1641 427 1686 et
448 1633 856 1689 conversatione
888 1633 1054 1703 ipsius
1080 1633 1338 1690 Wilfridi.
1370 1633 1477 1689 Sed
1497 1633 1707 1689 libellus

131 1702 224 1777 iste
247 1702 367 1777 sine
392 1703 555 1777 dubio
579 1720 682 1759 non
706 1705 945 1777 aliusgest
968 1720 1129 1777 quam
1152 1704 1435 1777 Fridegodi
1458 1720 1699 1777 carmen,

131 1774 220 1846 cui
246 1773 298 1827 in
318 1774 620 1846 codicibus
647 1775 917 1830 nonnullis
940 1772 1221 1846 praemissa
1251 1772 1340 1831 est
1360 1772 1560 1831 Odonis
1586 1772 1703 1846 epi-

130 1844 280 1916 stola.
316 1844 368 1898 in
403 1860 513 1916 qua
544 1846 656 1900 lucc
685 1846 846 1900 verba
880 1863 893 1899 :
927 1844 1099 1916 Igitur
1133 1846 1550 1901 venerabillimas
1572 1844 1708 1901 beati

129 1914 438 1984 confessoris
461 1914 673 1988 Christi
708 1914 1234 1988 Wilfridi'reliquias
1260 1918 1519 1972 indecenti
1550 1919 1710 1971 senti-

131 2000 265 2043 nosa:
288 1986 552 2058 voraginis
583 1988 685 2043 situ
710 1989 997 2055 marcidos,
1027 1986 1133 2043 into
1162 1988 1322 2060 (quod
1344 1990 1488 2045 dictu
1507 2005 1709 2061 quoque

440 2164 558 2225 Odo
578 2185 812 2241 paganos
840 2179 1079 2241 parentes
1119 2170 1384 2244 relinquit.

194 2282 244 2339 i.
284 2281 627 2341 Venerabilis
655 2282 853 2340 Christi
877 2284 1159 2342 confessor
1174 2285 1312 2353 Odo,
1326 2284 1597 2343 nobilibus
1614 2285 1710 2343 sed

130 2376 347 2449 paganis
362 2376 517 2450 (207)
538 2377 853 2447 parentibus
871 2377 1154 2445 oriundus,
1183 2377 1326 2434 sicut
1343 2394 1465 2434 rosa
1486 2394 1517 2434 e
1539 2378 1710 2450 spinis

130 2468 322 2535 ﬂoruit,
345 2470 438 2526 vel
461 2470 613 2541 quasi
644 2472 942 2542 pretiosum
964 2472 1029 2527 de
1053 2471 1246 2527 vilibus
1265 2473 1500 2529 vasculis
1524 2486 1709 2527 aroma

128 2563 401 2634 processit.
442 2561 576 2617 Nam
607 2578 673 2618 ex
697 2563 863 2634 impia
900 2563 989 2619 illa
1025 2572 1336 2620 senatorum
1366 2563 1709 2620 multitudine

128 2654 289 2711 fertur
335 2671 512 2730 genus
560 2655 856 2723 habuisse,
906 2671 1027 2726 qua:
1070 2656 1200 2712 olim
1233 2656 1708 2713 sceleratissimum

127 2748 433 2819 prmdonem
498 2747 781 2819 lnguarem
850 2747 1152 2814 comitata,
1219 2748 1396 2803 navali
1441 2762 1604 2802 manu
1654 2747 1708 2802 in

128 2856 363 2914 regnum.
396 2840 700 2912 Anglorum
738 2850 823 2898 est
858 2840 1106 2897 advecta.
1147 2839 1258 2897 llos
1290 2839 1380 2896 ille
1408 2839 1711 2896 nativitatis

128 2937 391 3011 principes
428 2937 652 2993 sortitus
676 2976 692 3004 ,
723 2945 777 2993 et
820 2951 1006 2991 eorum
1055 2935 1461 2991 accuratissima
1507 2936 1709 2990 educa-

1815 375 1934 413 cum
1975 360 2097 413 inde
2143 358 2347 428 favente
2379 358 2521 425 Deo,
2562 359 2758 414 scilicet
2797 358 2979 415 a‘loco
3000 358 3223 431 sepulcri
3261 358 3394 430 ejus,

1813 431 2028 514 quidam
2058 431 2464 514 transtulissent,
2495 433 3019 514 reverenterfx'cepi,
3060 440 3215 514 atque
3257 432 3398 514 intra

1813 500 2067 574 ambitum
2093 502 2525 572 metropolitaute,
2556 502 2641 556 cui
2670 500 2963 574 gratiaADei
2982 500 3263 574 presideo,
3285 502 3399 574 col-

1812 568 1996 643 locari.
2028 569 2211 643 Itaque
2242 568 2402 626 tanta:
2430 582 2639 643 tamque
2667 568 2773 627 Deo
2804 568 3268 643 digme'aﬂinitatis
3303 572 3399 629 de-

1812 638 2029 696 lectatus
2056 638 2341 708 vicinitate,
2369 651 2415 695 et
2439 638 2655 697 editiore
2688 659 2775 697 eas
2801 638 3015 698 ent/tera
3034 638 3318 712 'decusare,
3350 651 3401 701 et

1812 713 2067 785 cpeerptis
2096 713 2158 767 de
2188 713 2320 767 libro
2364 712 2493 767 Vita:
2522 715 2635 784 ejus
2662 712 2894 784 ﬂosculis
2924 729 3247 785 nouoopere
3279 729 3400 785 pre-

1811 781 1949 855 tium?
1965 781 2093 837 duxi
2116 785 2347 837 carmine
2368 781 2672 855 renouare,
2689 786 2741 839 id
2768 792 2852 840 est
2871 798 2968 854 per
2989 781 3347 855 Fridegodtim
3378 799 3397 838 :

1811 854 1952 922 quod
1974 861 2154 910 tamen
2180 855 2499 918 Eadmerus,
2519 864 2576 908 et
2600 854 2781 910 forsan
2810 856 2901 910 alii
2925 854 3191 919 nonnulli,
3219 854 3397 910 Odoni

1811 923 2136 997 tribuerunt.
2165 925 2358 997 Nescio
2380 940 2447 979 an
2480 924 2712 997 certiora
2738 926 2847 997 sint
2876 941 2995 997 quae
3020 925 3086 981 de
3111 924 3231 980 aliis
3252 923 3399 997 Oto-

1811 993 1898 1067 pis
1920 995 2137 1066 scriptis
2161 996 2322 1051 habet
2347 996 2583 1060 Pitseus,
2610 996 2701 1067 qui
2733 996 2783 1051 ei
2832 993 3050 1067 insuper
3089 996 3283 1067 tribuit
3329 994 3396 1051 li-

1810 1061 1966 1137 brum
1991 1061 2155 1121 unum
2179 1068 2245 1121 ad
2270 1061 2645 1123 Floriacenses
2660 1081 2757 1136 pro
2780 1061 2973 1137 nepote
2990 1081 3087 1121 suo
3110 1066 3393 1133 Oswaldo;

1810 1133 1971 1211 alium
2016 1138 2142 1211 item
2177 1138 2245 1211 de
2290 1138 2422 1193 reali
2466 1133 2752 1211 praesentia
2804 1133 3048 1211 corporis
3091 1137 3296 1211 Christi
3339 1138 3398 1194 in

1810 1204 2170 1280 Eucharistia,
2222 1204 2687 1279 itemque‘librum
2720 1225 2886 1264 unum
2901 1204 3266 1280 'epistolarutn
3294 1247 3313 1276 ,
3339 1216 3399 1266 et

1815 1275 1978 1351 alium
2001 1280 2350 1351 diversorum
2376 1275 2705 1351 poematum.

1879 1346 1937 1420 ιτ
1989 1347 2141 1415 Quod
2194 1346 2469 1420 superest,
2520 1350 2848 1416 Eadmerus,
2901 1347 3400 1420 Willelmusrllal-

1807 1418 2216 1492 mesburieusis,
2243 1418 2527 1476 Matthmus
2549 1420 3173 1487 Westmonasteriensis,
3194 1419 3398 1492 aliique

1809 1488 2051 1562 Odouem
2092 1505 2340 1562 sanciunt
2362 1501 2575 1556 vocant,
2607 1502 2663 1546 et
2691 1503 2812 1562 post
2838 1510 2933 1549 eos
2973 1492 3266 1549 cardinalis
3293 1488 3400 1547 Ba-

1811 1561 1998 1634 rouius
2025 1560 2079 1615 in
2114 1572 2257 1634 tonio
2303 1560 2349 1617 Χ
2379 1560 2706 1634 Annalium,
2730 1564 2945 1634 hunetsi
2980 1564 3033 1618 in
3080 1562 3401 1634 Martyrolo-

1736 1662 1785 1727 Β
1810 1630 2174 1757 giouﬂomano
2203 1633 2377 1715 locum
2412 1650 2520 1716 non
2556 1633 2720 1688 habet
2752 1633 2892 1725 Odo‘.
2919 1634 3053 1689 Eum
3091 1633 3180 1718 die
3205 1630 3396 1718 quarta

1844 1702 1936 1755 ulli
1980 1703 2047 1756 ad
2090 1702 2374 1757 Dominum
2422 1718 2685 1757 nnarasse
2730 1720 2799 1757 ex
2841 1709 3142 1757 Laoaravno
3171 1705 3396 1757 altisque

1844 1701 1936 1777 uli_i
1980 1702 2685 1777 aduDouiinummigrasse
2722 1720 2799 1777 ex
2841 1705 3142 1776 Capgravio
3171 1701 3399 1777 aliisque

1812 1773 2170 1847 scriptoribus
2195 1774 2436 1845 Anglicis
2466 1775 2800 1847 Maiheuvius
2834 1773 3012 1843 docet,
3038 1792 3145 1847 non
3164 1773 3397 1847 septima

1813 1842 2119 1919 Februarii,
2148 1860 2253 1914 qua
2278 1842 2371 1919 die
2391 1848 2457 1901 de
2493 1858 2681 1903 sancto
2707 1846 2892 1919 Odone
2930 1842 3041 1919 agit
3073 1842 3315 1919 Nolanus
3341 1846 3395 1902 iit

1812 1914 2194 1971 Additionibus
2220 1918 2287 1971 ad
2310 1917 2631 1973 Usuardum.
2660 1918 2936 1973 Laudatur
2964 1914 3198 1974 maxime
3226 1918 3280 1974 in
3310 1931 3399 1974 sc-

1814 1994 2013 2055 quente
2044 1985 2165 2042 Vita
2200 1987 2258 2044 S.
2286 1989 2549 2045 Duustani
2579 2004 2676 2058 per
2705 1989 3031 2047 Osbernum.

1816 2179 1971 2226 tenus
2000 2184 2121 2227 esse
2164 2166 2448 2240 judicans,
2488 2178 2547 2226 ut
2578 2170 2683 2227 tale
2726 2171 2893 2229 decus
2935 2171 3164 2245 paganis
3202 2170 3400 2231 ritibus

1814 2262 1915 2319 sub
1936 2263 2104 2334 patris
2139 2263 2369 2334 imperio
2388 2263 2722 2334 deserviret,
2758 2276 2986 2338 paterno
3011 2266 3205 2324 atl‘ectu
3244 2267 3398 2323 illum

1814 2358 2074 2427 suscepit,
2106 2356 2420 2414 defensione
2448 2358 2698 2426 munivit,
2728 2357 2946 2416 auxiliis
2971 2359 3293 2416 necessariis
3321 2360 3399 2415 si-

1813 2450 1925 2506 mul
1944 2458 1998 2505 et
2017 2430 2123 2506 n’on
2148 2450 2470 2507 necessan’is
2494 2450 2648 2519 fovit,
2676 2452 2872 2509 deinde
2897 2450 3085 2508 Grmca
3114 2467 3179 2508 ac
3198 2451 3395 2511 Latina

1814 2541 1996 2613 lingua
2062 2543 2337 2615 magistris
2428 2543 2760 2601 edocendum
2832 2543 3089 2611 tradidit,
3167 2542 3399 2615 quarum

1818 2636 2118 2707 linguarum
2168 2637 2438 2708 plerisque
2475 2646 2599 2694 tunc
2629 2638 2890 2708 temporis
2918 2637 2972 2692 in
3008 2643 3170 2710 gente
3194 2634 3399 2708 Anglo-

1817 2747 1937 2786 rum
1966 2746 2096 2787 usus
2138 2739 2259 2787 erat
2283 2771 2298 2798 ,
2340 2747 2370 2785 a
2397 2730 2675 2801 discipulis
2703 2728 2875 2785 beata:
2924 2730 3201 2787 memoria:
3225 2728 3403 2786 Theo-

1816 2824 1934 2880 dori
1969 2825 2362 2898 archiepiscopi
2403 2823 2711 2896 profectus;
2752 2823 3034 2897 factusque
3060 2833 3146 2881 est
3170 2824 3224 2880 in
3252 2832 3403 2880 utra-

1817 2932 1921 2987 que
1965 2915 2143 2988 lingua
2192 2916 2345 2973 valde
2393 2931 2595 2988 gnarus
2621 2954 2636 2984 ,
2694 2914 2769 2972 ita
2796 2930 2857 2973 ut
2908 2924 3094 2989 posset
3144 2923 3402 2988 poemata

129 3007 270 3085 tione
295 3007 537 3101 pueriles
564 3043 738 3084 annos
766 3026 1061 3083 translatus
1081 3067 1096 3093 ,
1131 3026 1426 3083 festinabat
1448 3025 1711 3082 Christia-

1822 3009 2052 3081 lingere,
2101 3025 2318 3083 prosam
2361 3009 2726 3078 concinnare,
2770 3019 2825 3066 et
2868 3010 3089 3067 omnino
3137 3007 3401 3083 quidquid

133 3135 319 3176 norum
362 3119 736 3176 conventicula
786 3111 1155 3175 indesinenter
1182 3117 1351 3183 adire,
1382 3114 1592 3172 divinos
1620 3116 1715 3188 qui

134 3217 328 3274 abillis
358 3217 679 3273 dicebantur
725 3230 1004 3271 sermones
1047 3229 1239 3286 magna
1287 3210 1451 3267 animi
1480 3210 1718 3267 oblecta-

138 3306 274 3363 tione
323 3307 554 3372 audire,
604 3308 928 3376 domumque
975 3313 1253 3360 revertens
1304 3318 1423 3374 qua:
1473 3302 1716 3358 audierat

135 3409 415 3469 parentum
451 3399 675 3454 auribus
726 3397 911 3454 scdulo
962 3398 1264 3452 infundere.
1302 3396 1477 3467 Super
1520 3395 1718 3466 quibus

133 3491 394 3549 bonorum
445 3492 748 3545 studiorum
784 3490 1098 3560 primordiis
1144 3498 1299 3559 pater
1331 3489 1527 3558 impius
1555 3487 1719 3558 impie

134 3582 398 3648 irritatus,
429 3582 716 3654 prohibeat
743 3580 963 3637 omnino
992 3596 1057 3636 ne
1082 3580 1356 3636 Christum
1390 3580 1718 3644 nominaret,

134 3693 265 3734 neve
320 3687 578 3749 paternas
647 3673 1016 3728 institutiones
1071 3673 1393 3727 Christiana:
1446 3670 1722 3741 religionis

133 3768 477 3826 veneratione
502 3767 835 3821 immutaret.
882 3762 1077 3820 Vcrtun
1115 3763 1224 3830 iile,
1259 3763 1594 3835 prohibentis
1623 3763 1723 3817 im-

134 3863 340 3932 perium
369 3860 584 3932 penitus
606 3859 930 3930 deSpicicns,
963 3856 1132 3926 magis
1162 3873 1224 3912 ac
1256 3856 1427 3927 magis
1466 3854 1724 3911 Ecclesia:

135 3952 315 4010 limina
351 3962 551 4018 terere,
580 3960 634 4008 et
674 3951 838 4007 divini
874 3948 1032 4006 Verbi
1069 3950 1277 4005 intento
1302 3948 1484 4002 animo
1514 3948 1722 4002 semina

135 4047 434 4116 percipere,
463 4053 516 4099 ct
540 4059 661 4114 quae
687 4050 925 4113 coeperat
950 4041 1154 4110 absque
1184 4054 1381 4111 pavore
1409 4038 1553 4094 domi
1588 4054 1723 4092 nux-

139 4137 293 4194 tiarc.
342 4135 481 4191 llinc
516 4135 712 4190 iterum
755 4142 910 4202 pater
957 4146 1119 4201 supra
1169 4131 1462 4185 humanum
1502 4128 1718 4183 modum

137 4238 492 4301 exasperatus
516 4268 531 4294 ,
582 4225 902 4298 gravissima
952 4223 1101 4278 illum
1141 4226 1486 4291 correptione
1516 4218 1721 4290 aﬂligit,

133 4320 325 4392 jusque
352 4319 701 4384 haereditatis,
734 4316 874 4387 quod
903 4314 969 4370 ad
1012 4314 1158 4369 illum
1189 4312 1302 4382 lege
1333 4312 1721 4382 primogenito-

1818 3104 1866 3160 ei
1923 3104 2107 3161 animo
2157 3104 2407 3173 sederet,
2457 3102 2888 3161 luculentissima
2957 3118 3210 3165 sermone
3275 3117 3403 3176 pro-

1818 3197 1983 3255 ferre.

2321 3343 2609 3404 Ordinibus
2642 3342 2906 3403 initiatur.

1892 3463 1946 3519 '5.
1987 3463 2116 3521 Post
2150 3463 2251 3520 hac
2279 3470 2623 3520 sacramento
2652 3457 2995 3535 baptismatis
3024 3470 3270 3533 renatus,
3297 3461 3409 3522 cle-

1821 3555 1970 3612 ricali
2013 3564 2233 3611 tonsura
2267 3556 2593 3623 decoratus,
2644 3571 2814 3626 usque
2861 3556 2932 3611 ad
2990 3554 3408 3614 subdiaconatus

1823 3651 2181 3706 ministerium
2215 3649 2418 3705 domini
2445 3650 2528 3705 sui
2556 3649 2927 3705 admonitione
2954 3648 3250 3720 perductus
3277 3657 3360 3707 est
3389 3666 3404 3706 :

1824 3744 1877 3799 in
1903 3759 2009 3815 quo
2035 3742 2205 3815 gradu
2234 3757 2333 3813 per
2360 3740 2565 3812 aliquot
2585 3756 2758 3798 annos
2786 3741 2862 3797 ita
2890 3740 3182 3798 sanctitate
3203 3740 3328 3797 vita:
3351 3748 3409 3797 et

1823 3835 2221 3909 praedicationis
2249 3835 2559 3891 sinceritate
2599 3834 2872 3906 pollebat,
2916 3842 2976 3889 ut
3002 3834 3311 3905 quicunque
3340 3832 3407 3888 il-

1824 3928 1933 3985 lum
1965 3935 2318 4002 agnosceret,
2353 3926 2590 3999 Spiritus
2636 3927 2807 3982 sancti
2851 3925 3107 3996 templum
3152 3940 3272 3981 esse
3299 3938 3406 3980 non

1825 4022 2135 4088 dubitaret;
2189 4021 2538 4091 omniumque
2578 4018 2885 4076 testimonio
2927 4018 3122 4090 dignus
3146 4025 3289 4073 esset
3314 4017 3407 4087 qui

1827 4116 1896 4171 ad
1942 4115 2133 4170 altiora
2200 4112 2455 4168 Ecclesiae
2506 4111 2852 4176 ministeria,
2921 4109 3048 4167 licet
3102 4118 3236 4167 mtas
3293 4107 3411 4179 ejus

1827 4208 2116 4281 (quantum
2138 4205 2205 4261 ad
2231 4205 2475 4260 instituta
2505 4220 2770 4259 canonum
2803 4203 3031 4275 spectat)
3080 4204 3184 4259 hoc
3228 4204 3414 4273 prohi-

1826 4300 2004 4367 beret,
2038 4297 2260 4370 provehi
2292 4297 2532 4353 deberet.
2590 4295 2742 4351 Unde
2785 4309 2978 4350 suasus
3007 4309 3038 4350 a
3065 4294 3283 4351 domino
3311 4310 3411 4349 suo

140 4386 256 4471 rum
282 4412 468 4467 venire
492 4386 1064 4472 debebat,subtrahit.
1093 4404 1227 4459 Tum
1260 4418 1415 4474 puer,
1446 4402 1712 4457 exsultans

1828 4400 1885 4446 ut
1911 4393 1978 4447 ad
2005 4389 2362 4447 sacerdotium
2392 4404 2451 4445 se
2475 4388 2679 4444 sineret
2714 4386 3021 4455 transferri,
3051 4396 3316 4459 quatenus
3344 4386 3412 4442 ab

140 4502 192 4559 in
227 4502 458 4559 Domino
482 4501 625 4572 quod
657 4499 818 4554 talem
849 4512 946 4568 pro
975 4496 1093 4567 ejus
1124 4496 1342 4551 nomine
1372 4494 1726 4565 pro.~criptio-

140 4609 260 4650 nem
299 4593 508 4650 subiret
548 4593 601 4647 in
635 4600 778 4646 terra
820 4599 1041 4659 propter
1066 4603 1228 4658 quam
1258 4586 1634 4643 aseribendum
1665 4600 1726 4640 se

141 4698 260 4740 esse
290 4684 599 4742 consideret
626 4682 677 4737 in
710 4680 868 4746 coelo,
904 4678 1140 4734 dimissis
1167 4675 1497 4748 parentibus,
1532 4689 1710 4762 paron.

144 4786 253 4833 tum
278 4779 498 4845 divitiis,
522 4778 696 4834 nudus
717 4786 773 4832 ct
789 4776 935 4833 omni
963 4772 1236 4831 mundano
1261 4773 1457 4829 decore
1481 4770 1728 4843 privatus

145 4869 365 4942 aufugit.

466 4962 761 5018 Atlielmum
793 4961 945 5027 adit;
992 4960 1180 5017 litteris
1214 4960 1407 5016 studet.

213 5051 268 5106 2.
302 5051 463 5109 Adito
511 5053 694 5123 itaque
722 5051 859 5108 duce
884 5052 1117 5122 quodam
1140 5091 1154 5116 ,
1205 5052 1422 5107 nomine
1449 5047 1726 5116 Athclmo,

156 5146 237 5164 ..η’
271 5154 311 5164 ._
430 5162 437 5163 κ
492 5161 503 5164 -
600 5146 698 5163 _,,!_
736 5144 919 5164 n‘.---,,_
950 5146 981 5164 1⁸
1035 5153 1074 5164 ,ι
1110 5145 1166 5164 ΠΙ
1194 5146 1285 5164 --⁸-.

1832 4483 1922 4540 illo
1953 4485 2193 4540 divinum
2231 4482 2473 4553 quotidie
2508 4480 2740 4538 ollicium
2784 4482 3024 4547 audiret,
3058 4481 3214 4553 cujus
3242 4482 3411 4536 vitam

1832 4578 2213 4642 castissimam,
2246 4591 2438 4632 manus
2477 4589 2607 4630 vero
2647 4575 2925 4632 munditia:
2951 4574 3138 4645 plenas
3166 4572 3413 4643 agnovis-

1833 4678 1938 4735 set,
1979 4670 2096 4736 ille,
2133 4669 2346 4740 objecta
2388 4669 2677 4725 immatura
2709 4677 2899 4733 (etate,
2939 4674 3197 4737 quantum
3240 4666 3415 4735 potuit

1832 4762 2063 4819 obstitit.
2098 4760 2446 4819 Postmodum
2476 4775 2626 4826 vero,
2660 4762 2873 4818 ratione
2897 4757 3054 4817 simul
3082 4767 3138 4812 et
3166 4759 3419 4829 antiquo-

1834 4873 1954 4913 rum
1980 4854 2350 4926 exemplorum
2391 4854 2715 4909 auctoritalc
2743 4855 2953 4917 victus,
2992 4850 3249 4920 religioso
3276 4849 3422 4904 desi-

1836 4948 1985 5005 derio
2012 4946 2207 5013 cessit;
2255 4945 2526 5003 leviticam
2560 4943 2750 4998 stolam
2792 4945 3020 5000 humero
3048 4939 3420 5002 circumdedit,

1836 5054 2110 5114 parvoque
2141 5048 2383 5112 tempore
2412 5033 2597 5103 elapso
2622 5046 2958 5099 summorum
2985 5043 3201 5100 quoque
3233 5039 3430 5101 mystc-

1836 5133 2037 5164 υἷηισιιιυ
2072 5140 2317 5162 ιυηησιοιΙΑ-
2345 5126 2576 5160 ..Ληαεοῖο
2648 5126 2721 5158 Ιιύ
2752 5142 2859 5158 noun
2886 5134 3125 5158 In-nnnm
3153 5128 3266 5156 Iam
3319 5120 3434 5154 inca
