3964 5356
540 260 647 324 955

1601 262 1659 320 S.
1700 259 1949 322 ODONIS
1988 256 2309 320 ARCBIEP.
2348 262 2701 322 CANTHAR.

3711 269 3812 332 936

534 378 755 435 Romam
781 376 890 433 adit
914 390 1030 432 cum
1051 374 1311 443 Athelmo,
1334 392 1554 459 eniuque
1575 387 1749 434 sanat.
1777 377 1847 434 In
1870 376 2115 450 Angliam
2143 380 2191 441 Α
2222 384 2357 445 tum,
2385 387 2441 433 et
2467 393 2595 436 vere
2631 379 2727 437 Dei
2765 378 3025 438 famulum
3056 395 3178 440 esse
3203 380 3515 442 certissime
3540 359 3809 459 agnitum,

1190 451 1484 505 revertitur.

602 543 659 598 4.
696 543 906 615 interea
954 544 1063 599 dux
1107 542 1220 615 regi
1252 542 1520 615 suggessit
1563 542 1766 600 habere
1813 556 1874 598 se
1902 539 2116 599 deside-

536 634 674 691 rium
715 635 1090 707 proficiscendi
1140 635 1366 691 Romam
1395 644 1451 692 et
1491 617 1697 691 sanctis
1723 632 1982 706 apostolis
2013 631 2120 687 ibi-

528 724 657 784 ‘dem
693 729 1069 800 supplicandi:
1103 744 1336 800 moxque
1385 728 1533 800 regia
1580 726 1797 784 licentia
1848 723 2008 781 simul
2053 738 2119 780 ac

533 821 902 878 muniﬁcentia
941 820 1199 878 ~donatus
1231 861 1247 888 ,
1322 820 1576 893 adjuncto
1648 819 1751 876 sibi
1816 814 2117 873 venerabili

531 913 852 986 presbytero
883 913 1089 980 Odone,
1136 930 1259 970 cum
1307 929 1503 986 magno
1549 913 1808 970 comitatu
1839 909 2117 983 profectus

531 1015 632 1062 est.
688 1004 798 1062 Sed
847 1022 967 1069 cum
1014 1006 1242 1077 itineris
1306 1005 1694 1078 aliquantulum
1755 1004 2112 1077 peregissent,

531 1098 727 1155 acerba
777 1107 952 1155 tactus
1002 1098 1317 1155 infirmitate
1362 1100 1561 1154 acriter
1609 1099 1775 1169 coepit
1823 1105 2112 1171 aegrotare,

530 1189 665 1245 adeo
701 1197 761 1244 ut
803 1191 891 1245 vix
948 1190 1206 1261 reciproci
1254 1189 1411 1244 ﬂatus
1463 1199 1647 1259 posset
1698 1203 1825 1243 acra
1879 1189 2108 1258 spirare.

529 1282 771 1353 Cumque
800 1299 897 1356 per
922 1300 1013 1340 sex
1047 1285 1331 1340 continuos
1360 1285 1474 1340 dies
1508 1294 1562 1338 et
1597 1283 1824 1356 languor
1854 1299 2115 1356 augmen-

530 1382 665 1443 tum,
699 1383 754 1430 et
785 1385 1119 1432 commeatus
1146 1377 1416 1446 acciperet
1443 1376 1847 1442 detrimentum,
1880 1378 2113 1446 septimo

430 1488 435 1493 ‘
522 1467 678 1541 jubet
725 1486 941 1528 omnem
992 1472 1202 1529 turbam
1259 1480 1436 1543 empta
1497 1471 1585 1527 via
1658 1470 1947 1542 progredi,
1998 1470 2113 1526 solo

527 1564 715 1622 Odone
760 1581 942 1623 secum
976 1574 1208 1630 retento,
1250 1565 1404 1636 cujus
1434 1579 1537 1634 ope
1582 1564 1633 1619 in
1679 1561 1928 1634 praesenti
1961 1561 2109 1633 peri-

527 1659 648 1714 culo
686 1659 918 1715 maxime
964 1658 1255 1730 indigebat.
1304 1658 1474 1726 Quem
1523 1659 1592 1713 ad
1640 1672 1698 1713 se
1741 1666 1861 1727 post
1893 1655 2111 1712 relictos

525 1747 648 1805 illos
694 1748 857 1805 ﬂebili
888 1764 1019 1805 voce
1047 1748 1376 1816 clamatum,
1424 1758 1546 1804 orat
1585 1757 1645 1803 ttt
1671 1764 1767 1820 pro
1796 1748 1878 1802 sui
1907 1748 2106 1804 libera-
2141 1749 2184 1808 Β

527 1840 671 1898 tione
720 1842 948 1898 Domino
991 1857 1181 1913 preces
1227 1840 1498 1908 ell'undat,
1542 1839 1783 1897 referens
1808 1856 1866 1897 se
1896 1841 2109 1899 indubi-

527 1946 704 1994 tanter
733 1937 959 1993 credere
987 1938 1129 2007 quod
1177 1935 1310 1992 nihil
1344 1936 1392 1991 ci
1428 1935 1607 1991 divina
1653 1935 1827 2007 pietas
1874 1936 2107 2006 denega-

522 2041 625 2095 ret,
657 2047 819 2102 quem
864 2048 894 2085 a
930 2045 1096 2101 puero
1128 2046 1322 2104 magna
1350 2031 1525 2103 gratia
1552 2039 1832 2100 acceptum
1861 2029 2106 2086 haberet.

524 2121 660 2177 Tum
694 2124 1015 2180 venerabilis
1040 2123 1178 2190 Odo,
1211 2125 1392 2179 animo
1436 2124 1502 2178 ad
1550 2124 1716 2180 Deum
1755 2133 1957 2191 erecto,
1998 2131 2110 2178 toto

523 2231 753 2287 corpore
807 2225 948 2273 terra
984 2217 1334 2289 procumbit,
1384 2233 1715 2290 magnosque
1764 2217 1959 2273 divina:
1994 2217 2133 2274 cie-1

523 2307 737 2362 mentire
765 2308 1092 2378 singultuum
1140 2308 1341 2364 imbres
1365 2306 1591 2363 effundit
1620 2325 1635 2375 ;
1684 2322 2017 2379 surgensque
2041 2308 2109 2365 de

519 2397 637 2453 solo
664 2397 896 2468 postulat
939 2398 1040 2455 sibi
1092 2398 1351 2469 repletam
1398 2399 1524 2454 vino
1573 2399 1812 2471 phialam
1862 2398 2105 2466 deferri;

519 2506 682 2562 super
706 2507 868 2563 quam
901 2492 1112 2547 invicta:
1140 2492 1320 2548 crucis
1347 2492 1682 2564 signaculum
1713 2476 2111 2559 edensfhumi-

518 2582 643 2639 liter
672 2585 853 2639 vinum
883 2584 1002 2641 viro
1042 2586 1289 2656 porrexit
1316 2625 1330 2649 ,
1379 2596 1541 2655 atque
1571 2595 1631 2640 ut
1674 2586 1726 2641 in
1758 2585 1982 2641 Domino
2010 2598 2108 2655 per

516 2677 700 2732 omnia
749 2676 1048 2734 conﬁderet
1106 2677 1335 2734 fideliter
1384 2677 1686 2736 admonuit.
1733 2677 1879 2733 Bibit
1924 2677 2107 2750 itaque

517 2769 679 2825 homo
707 2772 851 2842 quod
882 2782 1003 2828 erat
1050 2771 1107 2829 in.
1138 2772 1324 2840 calice,
1353 2781 1408 2829 et
1452 2774 1640 2830 eodem
1672 2783 1946 2829 momento
1980 2788 2103 2829 cum

518 2864 770 2921 redderet
792 2864 1051 2936 phialatr,
1082 2864 1349 2922 redditam
1378 2866 1481 2922 sibi
1511 2866 1874 2922 omniutodam
1903 2867 2106 2923 sentie-

514 2961 608 3017 bat
633 2958 898 3016 medelam
949 2956 1183 3014 Pruinde
1204 2968 1463 3016 curvatus
1487 2960 1552 3014 ad
1578 2975 1750 3029 genua
1776 2960 2099 3032 presbyteri,

514 3053 721 3126 gratias
752 3052 940 3123 refert,
971 3068 1304 3124 ascensoque
1350 3068 1490 3124 equo
1535 3054 1843 3123 praemissos
1875 3054 2102 3110 comites

396 3193 413 3209 ,
513 3148 737 3203 volucer
765 3146 1064 3217 insequitur
1085 3187 1098 3210 ,
1143 3163 1279 3218 quos
1303 3147 1466 3203 celeri
1498 3162 1658 3203 cursu
1688 3148 1831 3203 viam
1863 3155 2099 3203 terentes
2128 3119 2173 3183 Ο

513 3248 760 3310 sequentt
787 3240 873 3295 die
906 3239 1134 3311 impigro
1153 3251 1208 3296 et
1230 3241 1341 3311 ipse
1362 3240 1545 3296 volatu
1576 3242 1811 3313 attingit.
1842 3239 1972 3297 Viso
1997 3256 2096 3296 au-

515 3343 624 3390 tem
663 3333 751 3389 illo
779 3347 965 3389 omnes
994 3348 1104 3403 prze
1131 3333 1328 3405 gaudio
1374 3334 1641 3407 lacrymas
1686 3334 1952 3402 fundunt;
2003 3334 2098 3391 sed

514 3426 770 3499 pra-stitia
832 3426 1021 3483 salutis
1085 3435 1359 3483 auctorem
1429 3437 1820 3500 cognoscentes
1870 3427 2100 3499 amplius

515 3518 805 3574 mirantur.
852 3516 1171 3573 Romuleam
1219 3515 1383 3590 igitur
1423 3518 1490 3574 ad
1538 3517 1726 3573 urbem
1768 3532 1936 3588 usque
1974 3534 2099 3590 pro-

514 3612 708 3686 gressi,
732 3622 788 3668 et
818 3611 942 3668 inde
968 3612 1035 3668 ad
1071 3612 1279 3683 patrios
1307 3611 1450 3668 lares
1479 3611 1707 3669 feliciter
1739 3612 1963 3679 reversi,
1993 3611 2099 3667 im-

515 3721 756 3762 mensam
789 3714 899 3760 tuni
932 3705 1069 3776 regi,
1107 3714 1219 3759 tum
1253 3704 1468 3760 caeteris
1518 3705 1570 3759 in
1622 3703 1823 3776 palatio
1855 3704 2100 3775 degenti-

515 3799 614 3858 hns
642 3799 695 3855 in
726 3797 959 3857 adventu
994 3812 1092 3851 suo
1123 3796 1364 3852 laetitiam
1392 3806 1669 3869 praestant.

913 3908 1219 3965 Ethelstnno
1243 3910 1352 3981 regi
1385 3910 1443 3979 ﬁt
1473 3910 1684 3965 chorus.

583 4004 636 4060 5.
694 4003 821 4060 Post
863 4001 978 4057 dies
1014 4001 1149 4057 duce
1201 4001 1316 4070 ipso
1342 4040 1356 4065 ,
1397 4015 1461 4055 ac
1500 4010 1622 4071 post
1651 4001 1842 4057 ducem
1872 4001 2098 4075 prrefato

513 4112 640 4166 rege
688 4095 753 4149 de
805 4091 1059 4164 prmsenti
1110 4092 1217 4144 vita
1274 4091 1523 4158 sublato,
1584 4090 1913 4161 Eduardus,
1959 4095 2098 4151 filius

511 4185 751 4256 ejusdem
785 4184 947 4254 regis,
983 4182 1035 4236 in
1084 4197 1306 4253 regnum
1353 4181 1633 4247 successit,
1668 4192 1721 4238 et
1766 4183 1897 4238 illud
1928 4183 2098 4255 pluri-

512 4278 614 4333 bus
642 4275 798 4330 annis
834 4272 1252 4344 prudentissime
1282 4272 1426 4326 rexit
1462 4289 1476 4325 :
1508 4271 1563 4327 in
1604 4272 1758 4343 cujus
1787 4273 1976 4330 diebus
2002 4288 2098 4330 ve-

513 4364 769 4423 nerabilis
814 4363 930 4419 0J0
974 4362 1295 4434 presbyterii
1335 4364 1562 4435 gradum
1609 4360 1784 4419 officio
1824 4365 1982 4420 simul
2030 4382 2097 4424 ac

511 4459 635 4513 vitae
659 4456 945 4511 sanctitate
970 4453 1197 4525 insignis
1219 4454 1656 4522 administrabat,
1681 4454 1791 4524 regi
1827 4464 2005 4523 notus,
2038 4465 2096 4513 et
2124 4488 2172 4549 Ι)

510 4557 765 4620 acceptus
791 4548 864 4613 ei,
896 4556 953 4601 et
978 4547 1228 4602 omnibus
1258 4547 1607 4603 admirandus
1633 4548 1699 4603 ad
1723 4563 1913 4604 omnes
1945 4548 2093 4604 beni-

512 4644 718 4716 gnitate
759 4655 823 4696 ac
850 4640 1263 4695 mansuetudine
1292 4639 1536 4706 diffusus,
1568 4640 1811 4695 omnium
1853 4641 2095 4698 moribus

504 4738 659 4809 juxta
718 4732 1090 4808 apostolorum
1162 4744 1222 4787 se
1280 4739 1734 4802 contemperans,
1784 4742 1844 4789 ut
1902 4749 2094 4790 omnes

510 4830 729 4886 Christo
764 4826 1126 4885 lucrifaceret.
1164 4822 1267 4882 Ubi
1309 4832 1485 4879 autem
1527 4839 1621 4879 rex
1652 4823 1935 4881 Eduardus
1967 4826 2093 4881 huic

508 4922 634 4978 vitae
673 4920 888 4978 modum
922 4918 1138 4990 posuit,
1184 4915 1534 4972 Ethelstanus
1582 4914 1724 4971 filius
1767 4916 1884 4987 ejus
1938 4917 2090 4991 regni

510 5015 749 5070 habenas
789 5013 1013 5069 sortitus
1041 5018 1145 5066 est.
1189 5008 1288 5066 Vir
1323 5025 1453 5067 vero
1489 5009 1827 5067 admirabilis
1866 5009 1982 5067 Odo
2012 5011 2093 5066 vi-

512 5113 643 5170 tam,
672 5112 728 5158 ut
757 5104 1009 5170 diximus,
1031 5102 1290 5158 virtutum
1314 5115 1415 5160 Der
1440 5103 1621 5158 omnia
1652 5118 1838 5174 agens,
1863 5119 2091 5176 magnus

2220 471 2335 530 suis
2355 488 2479 530 cum
2505 474 2975 548 amicitiisjuugit,
2998 494 3063 536 ac
3091 487 3431 539 secretorum
3451 496 3683 540 suorum
3701 497 3813 555 pra

2219 566 2429 626 caeteris
2462 569 2738 629 conscium
2770 569 2917 628 facit.

2559 704 2651 763 Fit
2682 708 2953 782 episcOpus
2985 708 3468 773 Srhireburttemis.

2287 840 2340 897 6.
2378 842 2524 900 inter
2547 844 2663 901 haec
2691 845 2847 903 sedes
2873 847 3214 920 episcopalis,
3238 865 3360 922 qua:
3388 860 3525 908 tunc
3553 854 3810 925 temporis

2214 931 2557 1001 Scit-eburna,
2597 954 2741 994 nunc
2772 948 2954 996 autem
2993 938 3250 997 Seriberic
3310 952 3428 1010 est,
3466 955 3697 1016 pastore
3731 949 3808 1004 ri—

2215 1024 2377 1081 duata
2399 1036 2501 1093 est.
2532 1027 2725 1087 Sciens
2749 1031 2932 1103 itaque
2951 1048 3043 1089 rex
3070 1032 3272 1089 Odonis
3291 1035 3464 1091 vitam
3488 1038 3809 1108 pontiﬁcatu

2212 1121 2434 1178 omnino
2460 1121 2851 1195 dignissimam,
2874 1142 2996 1182 eum
3027 1127 3463 1201 de‘suscipiendo
3493 1131 3806 1203 episcopatu

2215 1212 2602 1285 interpellare,
2653 1231 2717 1272 ac
2759 1225 2819 1272 ιιι
2868 1218 3049 1274 ovium
3098 1219 3192 1276 Dei
3242 1231 3433 1291 pastor
3482 1223 3809 1292 apostolicus

2212 1303 2332 1362 loco
2361 1307 2599 1364 defuncti
2627 1309 2742 1365 fieri
2778 1312 3164 1382 acquiesceret,
3198 1330 3399 1387 magno
3432 1319 3609 1389 carpit
3630 1320 3809 1374 studio

2215 1398 2538 1456 renitentem
2571 1402 2878 1459 obsecrare.
2913 1403 3308 1473 Quid.morur?
3341 1406 3592 1465 Tandem
3625 1409 3807 1466 Eccle-

2211 1491 2308 1567 sia;
2355 1508 2418 1550 ac
2470 1494 2634 1566 regiis
2682 1496 2935 1567 precibus
2970 1498 3186 1566 victus,
3230 1500 3376 1570 quod
3424 1501 3535 1558 sibi
3581 1501 3803 1558 nimium

2213 1599 2379 1654 grave
2430 1589 2763 1655 testabatur,
2814 1588 3125 1661 pontificale
3175 1590 3414 1648 cilicium
3472 1594 3532 1649 in
3585 1594 3803 1664 prmfata

2213 1677 2623 1736 Scireburnensi
2660 1680 2901 1739 Ecclesia
2931 1682 3176 1755 pontifex
3207 1684 3384 1741 factus
3425 1686 3804 1744 administrare

2213 1772 2507 1827 consensit.
2552 1770 2886 1829 Pnesidebat
2932 1774 3016 1829 his
3071 1774 3261 1832 diebus
3303 1774 3465 1842 loco,
3518 1776 3800 1848 dig-nitate,

2212 1863 2537 1920 auctoritate
2556 1872 2611 1920 et
2631 1862 2827 1929 oﬁicio,
2851 1863 3106 1920 Ecclesia:
3129 1864 3507 1921 Cantuariensi
3529 1866 3617 1922 vir
3635 1868 3802 1923 bonus

2211 1961 2267 2009 et
2315 1965 2613 2022 strenuus,
2659 1953 2952 2012 Wlfelmus
3002 1956 3259 2023 nomine,
3313 1958 3407 2028 qui
3458 1957 3590 2014 huic
3639 1959 3802 2031 regis,

2211 2046 2342 2102 eleri
2389 2063 2453 2104 ac
2498 2047 2672 2119 plebis
2718 2047 2971 2105 electioni
3023 2049 3205 2105 animo
3238 2048 3430 2106 libenti
3475 2065 3798 2107 consensum

2209 2140 2547 2206 attribuens,
2579 2155 2704 2197 eum
2744 2155 2845 2211 pro
2891 2155 2992 2197 suo
3038 2137 3161 2211 jure
3210 2140 3265 2195 in
3317 2140 3469 2196 illam
3494 2182 3512 2209 ,
3544 2142 3615 2197 ad
3642 2157 3798 2213 quam

2208 2232 2415 2289 electus
2434 2245 2570 2295 erat,
2599 2233 2860 2304 pontificii
2891 2232 3205 2305 dignitatem
3227 2232 3412 2290 debito
3440 2249 3567 2290 cum
3595 2234 3800 2293 honore

2210 2324 2465 2380 sacravit.
2495 2323 2751 2380 Saeratus
2770 2332 2952 2381 autem
2972 2332 3028 2380 et
3048 2324 3355 2397 insignibus
3372 2327 3799 2385 sacerdotalibus

2209 2414 2624 2471 sacerdotaliter
2650 2413 2937 2482 infulatus,
2977 2429 3141 2487 quam
3167 2415 3468 2488 gloriosum
3509 2417 3623 2474 Deo
3654 2418 3801 2474 habia

2210 2508 2444 2565 taculum
2491 2525 2551 2566 se
2593 2510 2931 2582 praebuerit,
2976 2527 3141 2584 quam
3192 2527 3323 2584 erga
3360 2514 3675 2571 animarum
3702 2514 3799 2571 sibi

2208 2603 2619 2660 commissarum
2656 2604 2806 2661 lucra
2837 2606 3099 2664 sollicitus
3138 2607 3351 2677 fuerit,
3399 2610 3589 2666 nescio
3621 2619 3796 2667 utmm

2206 2694 2402 2766 aliquis
2423 2696 2585 2770 digne
2613 2697 2793 2755 valeat
2816 2699 3019 2771 eloqui,
3052 2710 3480 2774 quantacunque
3507 2704 3799 2775 sagacitate

2204 2788 2465 2858 prmditus
2487 2789 2709 2861 ingenii.
2738 2788 2893 2848 Unde
2917 2792 3044 2862 quid
3072 2794 3140 2849 de
3163 2794 3274 2851 illis
3302 2795 3637 2866 simplicitas
3657 2812 3798 2867 pura

2204 2882 2405 2938 mentis
2454 2882 2736 2940 advertere
2786 2885 3000 2956 possit,
3055 2888 3299 2945 scribere
3356 2889 3487 2946 nolo
3536 2908 3552 2946 :
3592 2899 3792 2949 tantum

2204 2988 2369 3044 opera
2399 2975 2711 3032 miserentis
2746 2977 2838 3033 Dei
2880 2994 3002 3049 quae
3029 2978 3082 3034 in
3113 2981 3287 3036 servis
3312 2981 3433 3038 suis
3460 2983 3670 3053 placita
3698 2987 3793 3043 sibi

2204 3065 2553 3136 simplicitate
2582 3068 2972 3127 inhaerentibus
2998 3072 3213 3143 operari
3245 3073 3298 3129 in
3327 3074 3683 3148 beneplacito
3708 3094 3798 3136 suo

2202 3154 2475 3227 dignatur,
2505 3158 2585 3215 eis
2615 3160 3008 3216 consideranda
3039 3177 3304 3235 propono.

2200 3250 2352 3304 Anno
2381 3248 2485 3307 938
2514 3253 2735 3324 paganis
2778 3255 3097 3325 superiorem
3140 3267 3359 3329 prestat
3400 3257 3795 3321 Ethelum

2272 3340 2325 3396 7.
2391 3343 2549 3399 Anno
2620 3343 2764 3401 inter
2826 3346 2941 3404 hac
3020 3348 3316 3406 Dominicaa
3399 3352 3796 3412 incarnationis

2199 3434 2609 3506 nongentesimo
2678 3436 2950 3494 tricesimo
2988 3438 3046 3511 _(
3085 3438 3192 3496 268
3227 3440 3246 3511 )
3321 3451 3528 3501 octavo
3552 3487 3572 3513 ,
3650 3446 3792 3519 regni

2201 3534 2383 3583 autem
2439 3527 2741 3585 Ethelstani
2798 3530 3233 3590 victoriosissimi
3294 3537 3451 3608 regis
3497 3543 3787 3610 quartode—

2200 3622 2382 3689 cimo,
2434 3629 2792 3693 congregatus
2850 3634 2935 3680 est
2982 3626 3244 3684 adversus
3297 3643 3538 3702 regnum
3597 3633 3797 3705 Anglo-

2199 3729 2320 3769 rum
2412 3713 2709 3769 immensus
2784 3728 3112 3784 paganorum
3201 3720 3484 3777 exercitus
3564 3722 3797 3794 profanis

2199 3805 2409 3879 legibus
2457 3807 2570 3863 suis
2631 3807 2966 3881 subjugando
3010 3827 3271 3869 enervare
3298 3855 3315 3882 ,
3383 3823 3442 3871 et
3488 3819 3795 3874 enervaudo

2199 3901 2388 3959 volens
2432 3902 2734 3958 annihilare
2783 3905 3187 3961 sacratissimas
3232 3922 3371 3977 quas
3415 3908 3590 3981 Angli
3620 3926 3792 3967 serra-

2200 3995 2332 4050 bant
2355 3994 2500 4065 leges
2533 3994 2966 4051 Christianorum
2995 4014 3008 4050 :
3060 3997 3256 4068 quibus
3291 4001 3618 4058 nominatus
3648 4004 3791 4076 prin-

2200 4102 2329 4159 ceps
2366 4086 2543 4141 valida
2582 4095 2912 4142 armatorum
2979 4103 3141 4143 manu
3190 4089 3425 4160 stipatus
3476 4108 3785 4159 occurrens,

2200 4194 2393 4251 pugna:
2422 4192 2481 4232 se
2507 4176 2677 4243 dedit,
2709 4186 2765 4234 et
2793 4177 3096 4234 diutissime
3117 4193 3185 4235 ac
3211 4182 3568 4240 atrocissime
3590 4200 3784 4257 pugna-

2204 4280 2313 4326 tum
2341 4270 2595 4343 utrinque
2635 4277 2736 4327 est.
2784 4270 3022 4327 Duxerat
3064 4281 3247 4329 autem
3288 4287 3477 4331 secum
3515 4276 3579 4332 in
3622 4278 3793 4333 aciem

2199 4379 2295 4420 rex
2318 4375 2562 4421 sanctum
2593 4364 2858 4433 Odonem,
2884 4364 3001 4436 ejus
3022 4369 3232 4426 meritis
3259 4384 3321 4427 se
3360 4371 3536 4429 multo
3560 4374 3784 4430 maxime

2200 4471 2365 4528 quam
2427 4456 2656 4512 militum
2692 4455 2864 4527 copiis
2899 4458 3177 4517 confidens
3225 4460 3439 4519 hostem
3495 4465 3785 4522 victurum.

2199 4551 2336 4607 Dum
2364 4549 2528 4621 igitur
2553 4551 2679 4608 hinc
2707 4551 2834 4608 inde
2868 4563 3083 4625 strages
3106 4557 3433 4627 gravissima
3478 4559 3711 4627 fureret,
3733 4571 3782 4617 et

2197 4656 2501 4697 aerumnosa
2562 4658 2650 4699 res
2690 4643 2936 4701 luctuosa
2981 4647 3229 4720 contigit.
3280 4648 3400 4717 Quo
3442 4653 3652 4708 etenim
3694 4668 3780 4710 rex

2196 4735 2311 4807 ipse
2340 4736 2633 4808 pugnabat,
2678 4735 2838 4807 juxta
2893 4739 3144 4812 capulum
3207 4741 3422 4814 gladius
3476 4747 3779 4804 confractus

2194 4838 2297 4895 est,
2325 4838 2381 4885 et
2412 4845 2593 4902 regem
2623 4831 2779 4902 quasi
2810 4831 3075 4889 inermem
3116 4834 3369 4893 hostibus
3396 4840 3670 4909 exposuit.
3696 4839 3775 4895 ln-

2194 4929 2280 4978 ter
2306 4923 2421 4980 haec
2441 4921 2566 4980 Odo
2607 4939 2638 4980 a
2690 4940 2868 4999 pugna
2917 4936 3159 4984 remotus
3204 4928 3542 5002 longiuscule
3587 4934 3773 5002 stabat,

2193 5031 2290 5074 ore
2323 5024 2379 5073 et
2397 5017 2561 5073 corde
2589 5032 2687 5090 pro
2734 5019 2907 5077 salute
2929 5019 3220 5080 Christiani
3262 5027 3542 5083 exercitus
3567 5027 3774 5085 Christo

2193 5107 2525 5178 supplicans,
2573 5121 2629 5166 et
2650 5110 2859 5168 vultum
2912 5130 3104 5173 omnes
3133 5131 3198 5173 ac
3237 5117 3439 5175 hmine
3468 5120 3772 5178 celestibes
