3964 5356
173 221 269 278 937

1647 211 1707 266 Vl
1729 209 1822 266 Μ.

3302 197 3316 202 ’
3333 227 3435 282 958

174 338 329 389 ditur.
363 332 498 386 Tum
527 332 704 386 subito
738 332 951 387 intonat
993 330 1161 386 arthcr
1188 349 1215 385 a
1244 331 1480 386 clamore
1514 328 1756 384 tuultitu-
1782 331 1832 390 Α
1859 332 2168 397 suademus,
2205 333 2368 390 fuisse
2419 338 2730 394 translatos.
2769 338 2954 395 Victus
2990 343 3039 395 in
3084 343 3166 398 his
3194 346 3432 414 pontifex

173 429 304 482 diuis
334 470 347 492 ,
394 435 451 479 ut
511 425 653 480 Deus
703 435 1070 490 succurreret,
1115 433 1172 479 et
1215 424 1374 479 celeri
1405 439 1592 494 gressu
1636 422 1750 476 Ο.ῗο

177 514 505 570 venerandus
532 522 843 570 accurreret
867 514 1232 568 vociferantis.
1267 513 1494 567 Advolat
1521 521 1571 565 et
1596 512 1750 581 quid-

171 621 288 660 nam
323 603 422 659 sibi
463 603 592 657 velit
617 618 711 658 rex
738 619 766 656 a
809 618 866 657 se
899 603 1010 658 fieri
1041 603 1400 658 lassabundus
1427 603 1746 671 interrogat.

171 696 346 760 Audit,
373 703 428 750 et
463 696 649 748 statim
681 695 791 765 regi
844 695 1022 749 taliter
1065 695 1238 764 inquit
1270 713 1282 748 :
1331 695 1469 762 Quid
1494 703 1579 750 est
1608 695 1753 748 hoc?

169 803 273 857 quo
303 765 578 842 intendis?
603 786 762 842 Ensis
799 796 922 842 tuus
948 789 998 841 in
1030 788 1197 842 latere
1243 797 1335 842 tuo
1385 789 1595 873 integer
1621 803 1751 858 pen-

171 879 276 943 det,
304 887 358 932 et
386 888 439 932 tu
470 890 594 931 eum
625 877 850 932 fractum
874 893 995 932 esse
1016 878 1402 944 conqn‘ercris?
1428 877 1561 933 Redi
1590 879 1654 931 ad
1679 887 1752 943 te,

178 969 239 1022 ad
269 968 509 1038 vaginam
548 983 766 1021 manum
800 969 1054 1031 extende,
1100 983 1289 1022 exsere
1335 968 1505 1032 illum,
1537 977 1592 1021 et
1623 982 1754 1022 ecce

175 1060 386 1114 dextera
422 1060 633 1114 Domini
666 1059 770 1114 erit
797 1070 992 1115 tecum.
1022 1059 1132 1116 Nec
1161 1060 1440 1126 formides,
1493 1061 1617 1131 quia
1646 1077 1753 1114 non

170 1152 314 1220 prius
350 1153 631 1222 continget
685 1152 814 1207 solis
847 1153 1150 1216 occubitus,
1204 1169 1367 1224 quam
1413 1154 1755 1209 adversarios

170 1241 373 1295 Domini
425 1243 522 1307 tui,
575 1241 664 1312 qui
696 1252 885 1297 contra
935 1251 986 1297 te
1044 1244 1475 1308 insurrexerunt,
1519 1243 1640 1316 fuga
1671 1245 1756 1299 in-

169 1331 340 1384 volvat
380 1341 474 1384 aut
531 1331 800 1388 interitus.
853 1333 936 1387 Ad
996 1334 1112 1388 haec
1169 1335 1369 1404 quique
1415 1336 1753 1392 audientium

169 1422 350 1492 grandi
375 1431 600 1491 stupore
640 1423 858 1480 attoniti
903 1422 1127 1479 deflexis
1162 1424 1458 1480 luminibus
1481 1427 1751 1489 viderunt,

175 1526 327 1581 quem
359 1513 512 1582 prius
540 1529 647 1568 non
678 1515 947 1582 viderant,
970 1531 1155 1571 ensem
1185 1517 1237 1570 in
1264 1516 1433 1572 latere
1463 1519 1605 1589 regis
1630 1534 1754 1587 pen-

172 1602 414 1656 dentem:
459 1618 620 1672 quem
671 1621 763 1659 rex
811 1605 864 1659 in
918 1606 1030 1660 Deo
1081 1605 1417 1661 confortatus
1462 1607 1750 1678 arripiens,

1853 431 2091 487 sanctus,
2165 425 2306 478 aliud
2373 443 2481 481 suae
2545 430 2992 486 contradictionis
3058 444 3434 505 argumentum

1853 517 2094 585 opponit.
2129 517 2261 572 Cum
2292 519 2470 588 primi,
2508 521 2699 590 inquit,
2746 523 2938 577 Patres
2969 524 3139 593 ipsius
3164 525 3434 589 Ecclesizc.

1851 607 2021 677 quiet
2050 607 2517 664 Christianitatem
2561 627 2729 683 regno
2773 615 3066 685 Anglorum
3119 617 3434 680 attulerunt,

1853 710 1908 754 et
1933 716 2122 756 omnes
2153 701 2246 770 qui
2275 701 2356 756 eis
2380 715 2760 759 successerunt
2786 722 2952 776 usque
2981 708 3032 761 in
3057 722 3296 776 prresens
3322 725 3436 762 mo-

1855 792 2037 856 nachi,
2069 801 2128 845 ut
2154 794 2406 848 omnibus
2444 803 2675 859 constat,
2709 797 3048 862 exstiterint;
3075 813 3177 867 ego
3211 808 3317 852 tam
3341 815 3437 852 an-

1857 882 2080 950 liquam,
2107 892 2216 939 tam
2243 895 2510 950 sanctam,
2545 896 2654 940 tam
2705 886 2813 943 Deo
2842 899 3144 958 acceptam,
3185 898 3238 944 et
3265 899 3438 944 tanto-

1857 988 1972 1026 rum
1999 971 2218 1028 Patrum
2259 976 2586 1030 auctoritate
2633 977 2940 1032 roboratam
2990 980 3435 1036 consuetudinem

1853 1074 2143 1131 mutarem,
2198 1065 2570 1137 infringerem,
2638 1070 3038 1124 anuihilarem?
3088 1072 3274 1133 absit;
3330 1073 3438 1126 imo

1854 1155 2067 1209 noverit
2095 1163 2208 1210 tota
2248 1156 2549 1223 Britannia,
2592 1168 2647 1212 et
2671 1175 2792 1230 qua:
2830 1159 3290 1229 adjacentinsulze
3322 1179 3439 1220 om-

1855 1257 1969 1303 nes,
2003 1258 2088 1298 me
2137 1244 2285 1299 nullo
2331 1261 2566 1314 unquam
2601 1257 2760 1317 pacto
2792 1265 3184 1306 consensurum
3225 1262 3283 1307 ut
3325 1253 3441 1323 ipse

1857 1332 1908 1385 in
1944 1332 2181 1387 clericali
2216 1335 2402 1390 habitu
2433 1339 2762 1394 constitutus
2805 1357 2903 1410 per
2926 1342 3298 1410 pontificatum
3331 1343 3438 1399 Ec-

1854 1422 2034 1478 clesia:
2062 1422 2441 1480 Cantuariensi
2467 1428 2809 1496 prtesideam,
2847 1431 2934 1485 cui
2991 1433 3171 1488 nullus
3211 1434 3440 1507 antehac

1854 1514 1946 1584 qui
1988 1517 2285 1571 monachus
2315 1534 2423 1571 non
2472 1518 2652 1586 fuerit,
2697 1522 2870 1576 scitur
2896 1524 3238 1593 praesedisse.
3282 1525 3436 1580 Atta.

1856 1619 1978 1658 men
2008 1606 2133 1674 quia
2164 1623 2269 1672 me,
2308 1616 2366 1662 ut
2408 1609 2628 1680 intelligi
2661 1611 2841 1678 datur,
2893 1629 2998 1668 non
3050 1623 3104 1667 tu
3138 1615 3306 1681 solus,
3343 1618 3441 1672 sed

173 1692 389 1747 dextera
415 1695 656 1764 laevaque
673 1706 898 1750 cunctos
917 1706 1290 1762 occursantes,
1309 1706 1404 1752 aut
1427 1697 1748 1763 debilitavit,
1787 1681 1828 1738 Β
1856 1693 2009 1748 multi
2055 1704 2270 1761 vocant,
2319 1706 2379 1750 ut
2415 1697 2486 1751 ibi
2535 1699 2774 1768 pontifex
2824 1701 2969 1767 fiant,
3003 1718 3102 1758 nec
3148 1719 3325 1760 meum
3358 1715 3442 1760 est

168 1796 256 1840 aut
281 1786 511 1859 fugavit,
541 1799 635 1842 aut
661 1790 820 1844 morti
853 1789 1095 1846 funditus
1127 1791 1369 1845 tradidit.
1400 1790 1751 1860 ltaquejuxta

167 1878 387 1932 verbum
449 1879 632 1935 famuli
694 1881 787 1936 Dei
833 1881 1034 1936 factum
1079 1890 1201 1946 est,
1261 1892 1318 1934 ut
1371 1882 1531 1937 simul
1579 1894 1632 1937 et
1671 1883 1750 1936 sol

167 1973 526 2033 occumberet,
561 1982 615 2028 et
647 1975 755 2045 regi
784 1974 851 2028 de
881 1976 1129 2030 hostibus
1159 1976 1384 2030 victoria
1411 1977 1746 2045 proveniret.

167 2059 300 2125 Quid
331 2061 461 2118 hinc
505 2063 824 2134 gratiarum,
873 2067 1002 2134 quid
1048 2065 1289 2132 laudum,
1331 2066 1456 2136 quid
1503 2077 1751 2122 votorum

167 2153 272 2208 Deo
295 2170 389 2224 per
413 2155 628 2210 fidelem
660 2172 878 2212 servum
917 2175 1074 2214 suum
1128 2158 1395 2227 OJonem,
1424 2177 1522 2231 per
1545 2179 1748 2234 regem,

166 2258 257 2314 per
285 2244 548 2300 victorem
583 2248 906 2313 exercitum,
935 2266 1032 2318 per
1062 2259 1230 2306 totum
1259 2266 1483 2322 regnum
1507 2269 1613 2322 quo
1635 2271 1751 2308 ma-

166 2335 384 2404 gnitudo
432 2335 592 2391 istius
629 2339 872 2395 victorias
914 2341 1120 2411 perlata
1169 2353 1273 2408 est,
1305 2345 1374 2399 sit
1419 2346 1750 2415 persolutum

165 2426 282 2495 quis
309 2430 570 2484 enarret?
607 2430 1000 2502 Magnificentia
1053 2435 1180 2491 facti
1209 2437 1425 2492 docebit
1449 2440 1752 2507 audientes,

165 2517 284 2584 quia
313 2535 417 2573 non
455 2520 612 2574 facile
639 2523 947 2593 quisquam.
980 2525 1262 2585 Gloriosus
1282 2539 1463 2586 autem
1495 2530 1611 2588 Odo
1642 2551 1726 2588 ma

164 2623 275 2678 gum
313 2611 514 2665 dehinc
560 2615 933 2670 admirationis
981 2622 1120 2687 apud
1165 2635 1354 2678 omnes
1397 2624 1612 2679 habitus
1650 2635 1750 2691 est,

163 2706 214 2751 et
244 2715 365 2755 vere
394 2703 692 2772 prmclarus
717 2705 955 2762 Israelita
987 2710 1394 2780 comprobatus.

162 2786 486 2873 Eadmmrdo
515 2798 830 2873 cogente‘ad
877 2797 1184 2873 Cautuarice
1232 2805 1597 2873 pontiﬁcatum
1646 2824 1750 2862 non

266 2865 559 2934 acquiescit
583 2866 918 2922 translationi
941 2869 1044 2924 nisi
1075 2865 1310 2940 prius'sit
1341 2865 1646 2931 monac/tus.

227 2949 281 3005 8.
319 2950 459 3006 Post
514 2969 715 3022 paucos
776 2957 935 3026 hujus
999 2961 1224 3031 insignis
1281 2964 1517 3021 victoriae
1585 2983 1756 3025 annos

166 3036 515 3098 Ethelstanus
539 3044 678 3099 bono
709 3045 815 3100 fine
837 3027 1160 3130 prtesentem
1188 3053 1355 3107 vitam
1382 3055 1552 3111 finivit
1581 3059 1753 3130 (269),
1783 3027 1828 3089 ϐ

165 3138 218 3184 et
262 3130 435 3187 frater
473 3133 592 3204 ejus
661 3126 1010 3197 Eadmundus
1075 3143 1251 3199 locum
1299 3126 1609 3205 decedentis
1661 3126 1754 3207 rex

165 3215 340 3278 faczus
366 3222 618 3278 obtinuit.
667 3216 804 3282 Hinc
854 3233 1095 3300 germani
1143 3235 1225 3289 sui
1277 3238 1501 3308 vestigia
1530 3241 1582 3294 in
1614 3242 1755 3297 bono

164 3315 449 3382 azmulans,
489 3317 658 3373 bonos
688 3336 933 3391 quosque
958 3338 1168 3380 summo
1193 3329 1369 3383 studio
1395 3331 1670 3402 diligebat,
1703 3343 1756 3388 et

163 3418 254 3461 cos
281 3407 384 3460 sibi
419 3406 714 3462 familiares
736 3410 973 3475 effectos,
1023 3413 1076 3467 in
1103 3415 1186 3469 his
1216 3432 1336 3485 qua:
1388 3418 1754 3477 Christianum

167 3511 346 3568 regem
377 3497 666 3565 decebant,
694 3500 906 3556 sincero
935 3519 1000 3558 ac
1033 3505 1219 3561 libenti
1252 3509 1431 3564 animo
1481 3514 1748 3569 audiebat.

161 3585 430 3642 Przeclare
448 3587 608 3658 igitur
624 3589 764 3644 inter
779 3591 911 3647 alios
931 3594 1121 3650 beatus
1137 3595 1251 3651 Odo
1265 3597 1379 3666 ejus
1393 3599 1758 3660 familiaritate

162 3681 368 3748 potitus
394 3688 496 3744 est,
526 3689 579 3735 et
609 3683 677 3737 ab
701 3698 765 3737 eo
797 3700 928 3754 pura
953 3695 1135 3742 mente
1156 3688 1403 3746 dilectus.
1455 3691 1547 3747 His
1569 3695 1756 3750 diebus

163 3770 454 3827 Wlfelmus
489 3773 727 3842 pontifex
759 3775 1178 3834 Cantuariorum
1208 3783 1419 3838 cunctis
1438 3801 1526 3839 mo
1561 3788 1756 3842 talibus

162 3862 408 3916 debitum
467 3862 589 3916 vitae
619 3862 777 3918 finem
825 3868 1049 3921 sortitus
1095 3879 1199 3924 est.
1251 3869 1328 3926 Ne
1379 3873 1560 3944 itaque
1612 3888 1755 3932 tanta

163 3951 324 4006 sedes
365 3951 490 4022 plus
515 3967 669 4022 aequo
699 3965 914 4023 pastore
953 3970 1183 4026 careret,
1234 3966 1588 4020 reverendum
1616 3965 1761 4022 Odo-

164 4055 287 4095 nem
317 4056 414 4095 rex
441 4043 713 4109 convenit,
747 4045 978 4101 suadens
1004 4058 1268 4118 quatenus
1299 4051 1553 4109 desolata:
1575 4055 1757 4111 Eccle-

164 4133 256 4188 sire
305 4149 405 4204 per
445 4136 840 4204 susceptionem
893 4155 1055 4208 super
1106 4141 1251 4195 illam
1287 4159 1432 4198 curm
1475 4149 1758 4214 pastoralis

164 4224 502 4279 subveniret.
535 4224 725 4280 Obstat
754 4227 859 4293 ille,
911 4245 1010 4283 nec
1058 4231 1222 4284 ullum
1271 4235 1517 4289 suadenti
1554 4239 1756 4306 praebet

165 4329 476 4370 assensum.
521 4313 658 4370 Dicit
685 4317 825 4370 enim
866 4327 920 4372 et
966 4319 1242 4388 indignum
1284 4339 1340 4376 se
1383 4332 1526 4378 tanta
1557 4341 1656 4392 re;
1697 4337 1752 4382 et

165 4407 207 4459 si
232 4406 473 4475 dignitas
500 4404 837 4474 aliquatenus
879 4410 1165 4478 aspiraret,
1202 4421 1378 4466 tamen
1423 4430 1488 4468 ne
1515 4417 1756 4484 pontifex

164 4495 412 4550 Ecclesia
448 4510 543 4548 sua
569 4497 754 4550 relicta
800 4497 864 4551 ad
897 4498 1057 4553 aliam
1094 4501 1304 4571 migret,
1347 4519 1615 4559 canonum
1665 4523 1762 4561 an-

165 4590 425 4643 ctoritate
476 4588 674 4643 fatetur
711 4592 1005 4660 prohiberi.
1053 4592 1258 4648 Contra
1311 4611 1430 4666 qua:
1472 4607 1526 4650 ct
1577 4612 1756 4654 notam

166 4683 424 4736 omnibus
447 4682 772 4748 probitatem
801 4681 943 4737 illius
970 4700 1058 4738 rex
1084 4683 1355 4752 edisserit,
1390 4696 1443 4743 et
1469 4691 1611 4757 quod
1642 4691 1761 4744 bea-

169 4783 257 4829 tus
282 4771 652 4842 apostolorum
689 4774 940 4844 princeps
990 4777 1182 4832 Petrus
1229 4780 1295 4833 de
1337 4780 1622 4837 Antiochia
1648 4782 1756 4837 Ro-

170 4882 313 4921 mam
341 4864 640 4920 translatus
667 4865 848 4929 fuerit,
893 4869 1154 4938 multique
1182 4869 1272 4924 alii
1305 4871 1457 4940 juxta
1517 4885 1760 4929 veterum

170 4964 554 5021 monumenta,
603 4956 864 5010 librorum
911 4961 1066 5015 sedes
1109 4975 1234 5014 suas
1281 4967 1490 5020 ratione
1540 4978 1764 5037 cogente

169 5045 529 5109 mutaverint,
553 5045 820 5100 luculento
844 5061 1096 5104 sermone
1136 5056 1415 5122 proponit;
1446 5064 1501 5108 et
1525 5055 1720 5124 adjecit
1746 5076 1757 5109 :

170 5137 340 5207 Hujus
370 5151 586 5206 quoque
613 5135 688 5190 rei
706 5137 1008 5205 exemplum
1036 5154 1201 5208 penes
1227 5159 1325 5201 nos
1349 5145 1484 5202 satis
1512 5146 1759 5203 idoneum

169 5243 224 5288 et
248 5233 456 5286 clarum
477 5229 754 5293 habemus,
787 5228 934 5284 viros
965 5231 1209 5288 videlicet
1243 5247 1489 5300 sanctos,
1521 5237 1758 5295 Melitum

170 5325 291 5356 .linn
328 5320 625 5356 nullielilnm
649 5319 1085 5356 '.Illltlnn:nnbnnu
1136 5334 1184 5356 no
1235 5327 1440 5356 ῐ...ι...ρν.
1471 5328 1755 5356 ὩΛΓ..-.,.--.--

1855 1783 1960 1838 illis
1998 1784 2311 1840 reluctando
2343 1788 2556 1855 penitus
2593 1792 2987 1858 contradicere,
3019 1809 3086 1849 ne
3115 1809 3238 1850 eum
3265 1797 3355 1866 qui
3386 1797 3440 1852 in

1856 1875 1986 1944 ipsis
2004 1876 2210 1931 habitat
2233 1878 2398 1932 Deum
2418 1877 2708 1947 offendam,
2737 1885 3132 1956 connuendans
3149 1889 3437 1944 conscien-

1857 1969 1988 2021 tiam
2012 1982 2188 2022 meam
2215 1968 2283 2022 ab
2311 1973 2458 2025 omni
2479 1973 2633 2028 istius
2652 1973 2873 2030 honoris
2898 1976 3190 2032 ambitione
3215 1995 3438 2035 vacuam

1857 2056 1988 2122 Deo,
2042 2067 2291 2112 sanctum
2356 2063 2692 2130 propositum
2755 2068 3084 2123 monachicae
3145 2070 3440 2142 religionis,

1855 2151 1997 2220 quod
2025 2152 2092 2206 ab
2117 2152 2336 2209 ineunte
2359 2165 2519 2212 :etate
2547 2158 2867 2226 desideravi,
2894 2176 2995 2218 nec
3023 2164 3249 2235 adipisci
3276 2169 3442 2222 variis

1857 2244 2037 2297 causis
2077 2244 2496 2314 impedientibus
2533 2250 2725 2317 merui,
2759 2250 2861 2306 hac
2886 2253 3098 2320 saltem,
3133 2264 3191 2310 ut
3223 2257 3438 2313 interim

1858 2332 1931 2386 ita
1963 2341 2200 2402 putetur,
2249 2337 2535 2393 occasione
2591 2355 2884 2396 assumam.
2917 2343 3266 2403 Postmodum
3312 2364 3442 2404 vero

1857 2426 1923 2480 de
1949 2425 2268 2495 pontificatu
2309 2444 2416 2498 quo
2445 2430 2512 2485 de
2537 2432 2713 2502 agitis,
2741 2434 2853 2503 ipse
2873 2436 2958 2490 cui
2981 2446 3174 2494 cuncta
3197 2439 3439 2495 cordium

1859 2528 2067 2572 secreta
2108 2527 2416 2587 patescunt,
2449 2529 2594 2590 agat,
2628 2533 2681 2578 et
2737 2525 2880 2580 hunc
2932 2527 2986 2580 in
3019 2542 3085 2581 eo
3118 2530 3440 2597 constituat,

1858 2624 2018 2678 quem
2053 2609 2304 2665 idoneum
2332 2613 2400 2666 ad
2438 2614 2542 2669 hoc
2568 2629 2664 2670 sua
2689 2621 2953 2688 sapientia
2982 2620 3198 2689 probat.

1862 2701 2109 2756 Monac/ti
2154 2713 2345 2759 vestem
2395 2723 2426 2759 a
2473 2707 2902 2784 Fiqriqccnsibus
2950 2715 3172 2784 accipit;
3205 2716 3265 2784 ﬁt
3319 2717 3444 2771 dein

2427 2779 2864 2851 archiepiscopus.

1930 2863 1981 2916 9.
2018 2863 2130 2919 Hac
2157 2866 2258 2920 viri
2291 2869 2559 2924 sententia
2590 2887 2681 2926 rex
2716 2887 2820 2928 non
2846 2873 3058 2930 modice
3082 2876 3439 2944 exhilaratus,

1861 2952 2053 3009 laudat
2073 2954 2323 3012 sanctuni
2341 2961 2676 3032 propositum
2699 2962 2836 3032 ejus,
2862 2965 3045 3022 laudat
3062 2969 3442 3026 admirandum

1861 3055 1916 3101 et
1961 3047 2275 3104 imitandum
2317 3053 2621 3123 exemplum
2685 3072 2892 3126 magum
2934 3059 3252 3116 humilitatis
3301 3062 3440 3132 ejus,

1861 3137 2042 3193 laudat
2071 3151 2409 3198 constantem
2454 3145 2706 3202 virtutem
2740 3150 2905 3203 animi
2935 3149 3066 3218 ejus.
3097 3153 3443 3220 Destinantur

1859 3229 2024 3300 igitur
2047 3243 2169 3301 post
2190 3233 2304 3289 haec
2326 3236 2426 3288 sub
2446 3236 2723 3293 celeritate
2753 3239 2926 3293 nuntii
2955 3240 3020 3293 ad
3051 3241 3302 3298 abbatem
3333 3260 3445 3300 cte-

1860 3321 2006 3375 nobii
2034 3325 2204 3376 sancti
2234 3324 2509 3380 Benedicti
2542 3324 2922 3396 Floriacensis,
2946 3341 3148 3386 sancta:
3173 3333 3446 3405 religionis

1860 3407 2104 3462 habitum
2136 3409 2202 3462 ad
2241 3425 2374 3480 OpllS
2403 3413 2638 3484 episcopi
2663 3414 2814 3482 juxta
2864 3419 3236 3488 praescriptum
3280 3439 3449 3494 nego-

1861 3497 1994 3549 tium
2042 3498 2382 3566 exquisituri.
2453 3500 2621 3556 Fatua
2691 3505 2954 3575 siquidem
3026 3507 3445 3580 religiosissima:

1861 3590 2310 3656 conversationis,
2352 3607 2472 3661 qua:
2518 3595 2661 3664 apud
2711 3594 3016 3653 Floriacum
3057 3601 3189 3670 ipsis
3231 3603 3442 3670 diebus,

1860 3696 2074 3750 quaque
2123 3690 2389 3739 terrarum
2434 3685 2711 3744 ferebatur
2757 3691 3068 3748 omnimodo
3097 3693 3350 3762 fervere;
3390 3705 3446 3750 et

1861 3781 2080 3827 econtra
2106 3775 2344 3830 studium
2369 3777 2608 3848 ejusdem
2645 3781 2942 3853 religionis,
2976 3786 3118 3854 quod
3163 3787 3233 3842 ob
3260 3789 3443 3842 multi-

1860 3867 2026 3935 plices
2059 3868 2396 3924 diversorum
2438 3881 2726 3927 eventuum
2751 3890 2910 3930 casus
2937 3875 2990 3930 in
3022 3876 3214 3949 Anglia
3241 3894 3442 3950 usque-

1861 3973 2074 4029 quaque
2101 3974 2340 4031 coepcrat
2367 3964 2672 4031 defervere,
2705 3966 2829 4022 illuc
2859 3968 2998 4023 mitti
3023 3977 3076 4024 et
3104 3971 3225 4026 inde
3252 3973 3444 4043 cupitae

1864 4048 2138 4120 religionis
2165 4050 2413 4108 effectum
2435 4057 2702 4122 persuasit
2721 4057 2920 4127 expleri
2949 4078 2961 4112 :
2995 4062 3136 4129 quod
3165 4070 3219 4116 et
3240 4061 3445 4120 factum

1860 4153 1963 4195 est.
1987 4142 2169 4197 Abbas
2215 4144 2410 4213 quippe
2455 4145 2555 4201 loci
2585 4146 2754 4215 ipsius
2794 4149 2980 4204 audito
3001 4151 3191 4208 nuntio
3235 4153 3444 4210 laetissi-

1864 4247 1981 4287 mus
2003 4231 2252 4300 edicitur,
2291 4239 2690 4307 assumptisque
2722 4254 2904 4295 secum
2949 4243 3220 4301 nonnullis
3265 4261 3296 4302 e
3341 4246 3452 4301 fra-

1865 4325 2036 4378 tribus
2077 4326 2208 4390 suis,
2256 4342 2519 4398 prospero
2548 4345 2710 4384 cursu
2756 4347 2906 4388 mare
2938 4341 3297 4403 transvectus,
3338 4339 3452 4393 An-

1863 4414 2022 4484 gliam
2055 4417 2353 4486 ingreditur
2379 4435 2393 4483 ;
2426 4420 2725 4477 antistitem
2753 4423 2994 4482 Odonem
3026 4428 3134 4484 Deo
3161 4430 3212 4484 in
3236 4431 3449 4486 cunctis

1860 4507 2076 4575 placere
2100 4507 2404 4564 studentem
2436 4510 2618 4567 alacer
2645 4515 2776 4581 adit,
2810 4526 2866 4572 et
2901 4519 2952 4572 ei
2979 4534 3142 4587 quam
3168 4520 3445 4574 desidera-

1865 4600 1955 4652 bat
2006 4600 2180 4653 sancti
2246 4603 2507 4672 propositi
2563 4617 2772 4662 vestem
2853 4609 3202 4665 devotissime
3262 4614 3448 4665 tradit.

1865 4688 2188 4759 Spectabilis
2234 4691 2402 4762 igitur
2455 4695 2692 4764 pontifex
2749 4697 2866 4758 Odo
2918 4699 3219 4756 monachus
3266 4703 3453 4756 habitu

1865 4779 2059 4849 factus,
2098 4782 2189 4853 qui
2213 4781 2325 4852 jam
2365 4785 2493 4841 olim
2529 4790 2863 4848 monachica;
2905 4793 3032 4846 vitae
3074 4793 3248 4846 sacris
3283 4791 3458 4846 fuerat

1866 4872 2075 4926 actibus
2116 4872 2422 4941 decoratus,
2455 4876 2585 4944 quin
2608 4877 2794 4950 jugum
2847 4878 3062 4938 Domini
3092 4894 3264 4947 super
3294 4890 3462 4934 totam

1867 4965 2113 5033 Angliam
2165 4981 2195 5018 a
2243 4982 2370 5038 rege
2398 4976 2451 5024 et
2487 4983 2658 5041 regno
2703 4974 2992 5037 invitatus,
3016 4971 3124 5024 imo
3152 4972 3474 5043 compulsus

1866 5059 2186 5127 susciperet,
2253 5058 2428 5116 factus
2476 5063 2708 5118 antistes
2749 5060 3166 5121 Cantuariensis
3226 5076 3476 5118 recusare

1865 5149 2006 5204 ultra
2033 5165 2140 5203 non
2185 5154 2381 5220 potuit.
2425 5151 2672 5218 Qualiter
2706 5168 2838 5222 ergo
2892 5150 3134 5220 suscepti
3193 5151 3480 5225 regimiuis

1864 5241 2040 5298 otIicio
2072 5257 2200 5297 usus
2245 5244 2317 5298 sit
2359 5245 2449 5313 qui
2499 5258 2663 5300 nosse
2701 5246 3041 5308 desiderant,
3081 5256 3148 5295 ex
3202 5247 3324 5300 vita
3369 5240 3484 5308 eius

2527 5335 2816 5356 Αη--...1-ιὲ.
2959 5345 2998 5356 -ι
3059 5332 3107 5356 ζ..-
3169 5331 3450 5356 μο.-..ι.1ΑΙξ

3440 5332 3450 5342 1

1871 5347 1985 5356 -..ι-η
2037 5341 2083 5356 Α.
2144 5332 2313 5356 ηιιιιιτ-
2350 5343 2471 5356 -..ιιι
2527 5335 2816 5356 Αη--...1-ιὲ.
2959 5345 2998 5356 -ι
3059 5332 3107 5356 ζ..-
3169 5333 3486 5356 μο.-....1ΑΙιη
