3964 5356
480 262 602 317 ’959

1599 254 1656 310 S.
1694 252 1941 310 ODONIS
1979 253 2293 327 ARCIUEP.
2336 256 2688 314 CANTUA'R.
3653 264 3747 318 9ίο

497 379 796 432 advertere.
827 374 1048 429 Exstitit
1073 374 1218 428 enim
1255 381 1309 428 et
1342 373 1632 427 sanctitate
1679 369 1983 435 laudabilis,
2017 377 2068 423 et
2098 376 2143 431 Λ
2174 367 2491 436 diﬁiderent,
2522 374 2612 441 qui
2653 388 2836 427 verum
2867 375 3184 445 sanguinem
3209 372 3333 430 inde
3361 391 3591 431 manare
3626 395 3743 432 con-

495 470 760 542 sapientia
788 466 1143 535 admirabilis,
1172 465 1551 537 etconstantia
1581 462 1889 536 singularis.

494 564 767 623 Edredum
808 577 975 633 regem
1006 561 1184 633 ungit.
1210 558 1557 633 Eucharistite
1596 557 1922 612 adversarios
1968 555 2069 609 mia

1038 630 1218 684 rocqu
1255 631 1523 684 convertit.

562 724 650 781 10.
686 722 835 793 Rege
868 731 1052 777 autem
1083 720 1397 775 Eadmundo
1420 720 1474 774 in
1499 720 1658 774 domo
1688 732 1781 772 sua
1807 715 2072 771 malitiose

488 814 808 879 interfecto,
857 812 1027 868 frater
1086 810 1202 879 ejus
1246 811 1490 867 Edredus
1545 808 1757 879 imperii
1811 808 2071 878 dignitate

486 908 729 973 functus,
776 922 807 962 a
853 905 1088 979 glorioso
1146 903 1333 960 Odone
1384 902 1805 958 Cantuariorum
1860 913 2071 954 summo

487 999 746 1070 pontiﬁce
776 999 829 1054 in
870 1012 1053 1069 regem
1099 1012 1253 1053 sacra
1285 1004 1369 1052 est
1394 994 1647 1050 unctione
1668 989 1938 1062 perfusus.
1973 989 2071 1044 llis

490 1089 681 1145 diebus
702 1088 789 1143 vir
828 1087 1112 1159 praecipua:
1148 1084 1438 1157 probitatis
1478 1083 1811 1147 Dunstanus,
1856 1079 2071 1136 Glasto—

490 1181 692 1235 niensis
729 1178 964 1235 cmuobii
1010 1177 1359 1249 dignissimus
1411 1175 1602 1237 abbas,
1665 1187 1891 1243 magnus
1930 1172 2069 1242 apud

492 1285 691 1343 regem,
723 1278 775 1325 et
798 1268 1128 1324 honorabilis
1146 1269 1292 1323 omni
1313 1265 1510 1337 populo
1536 1264 1850 1319 habebatttr.
1877 1263 2071 1317 Beatus

491 1373 671 1416 autem
700 1359 815 1416 Odo
870 1358 1111 1414 moribus
1153 1366 1208 1413 et
1251 1365 1411 1412 :etate
1443 1356 1784 1428 grandaevus,
1816 1353 2071 1423 religione

489 1451 836 1510 et'industria
883 1449 1113 1520 pollens,
1162 1448 1484 1504 auctoritate
1529 1454 1585 1501 et
1622 1443 1883 1499 modestia
1934 1459 2070 1513 prae-

488 1551 666 1607 stans,
710 1540 1035 1597 Christianis
1096 1540 1301 1608 legibus
1345 1548 1516 1593 totmn
1569 1552 1792 1606 regnum
1845 1536 2072 1605 pruden-

491 1632 697 1689 tissime
739 1630 1075 1687 nobilitabat.
1129 1629 1242 1685 liex
1274 1629 1386 1699 ipse
1437 1630 1602 1684 Dcutn
1650 1628 1864 1691 timens,
1900 1626 2071 1680 bonos

2176 461 2504 530 Spexisscnt.

2483 553 2679 609 Mirum
2702 557 2755 609 in
2791 560 3169 613 restauratione
3194 559 3430 615 ecclesia:

2248 641 2332 697 ll.
2363 641 2518 698 Aliud
2560 660 2776 715 quoque
2814 647 3056 703 divinum
3086 664 3145 705 re
3172 665 3299 704 vera
3350 651 3677 707 miraculum
3698 654 3745 707 ia

2173 733 2404 790 ecclesia
2440 735 2525 792 cui
2552 738 2967 807 prmeratl'ecit;
3022 740 3129 795 imo
3174 741 3287 811 ipse
3333 757 3442 796 non
3476 742 3629 807 fecit,
3664 746 3748 799 sed

2176 825 2266 894 qui
2316 826 2463 882 solus
2510 827 2671 883 habet
2708 830 3042 886 divinitatem
3089 832 3141 887 in
3191 833 3283 887 illo
3313 831 3466 888 fecit.
3515 833 3653 888 Nam
3682 844 3751 915 te;

2174 925 2321 970 ctum
2350 913 2594 983 ejusdem
2620 919 2892 986 ecclesiae,
2924 923 3087 977 nimia
3115 932 3382 978 vetustate
3413 913 3746 994 corruptum,

2174 1005 2484 1075 semiruptis
2523 1022 2621 1076 per
2667 1018 2838 1064 totum
2880 1013 3124 1082 partibus
3173 1014 3465 1083 pendebat.
3490 1016 3645 1083 Quod
3673 1016 3751 1070 ille

2176 1110 2438 1152 renovare
2459 1094 2715 1167 cupiens,
2753 1115 3075 1173 murumque
3105 1103 3159 1158 in
3190 1104 3593 1172 porreetiorem
3613 1105 3751 1163 cdsi-

2178 1184 2419 1239 tudtnem
2447 1186 2687 1242 exaltare
2718 1188 3051 1257 desiderans,
3076 1194 3424 1264 congregatis
3454 1192 3751 1249 artiﬁcibus

2164 1272 2433 1343 praecepit
2461 1282 2516 1327 et
2544 1273 2685 1343 quod
2718 1276 3034 1332 dissolutum
3081 1279 3315 1351 desuper
3344 1282 3627 1337 eminebat
3664 1297 3750 1353 pe-

2174 1362 2325 1415 nitus
2357 1362 2493 1429 tolli,
2524 1371 2578 1417 et
2600 1365 2743 1434 quod
2772 1366 2948 1421 minus
2975 1368 3028 1422 in
3062 1368 3348 1425 altitudine
3380 1387 3575 1425 murus
3604 1373 3754 1427 habe-

2175 1452 2266 1504 bat
2288 1450 2446 1519 jussit
2488 1452 2692 1507 extolli.
2729 1452 2835 1510 Sed
2857 1457 2980 1525 quia
3006 1456 3184 1512 clerus
3212 1474 3278 1512 ac
3299 1459 3535 1529 populus
3560 1462 3752 1531 absque

2172 1544 2397 1598 servitio
2437 1545 2620 1599 divino
2645 1560 2766 1601 esse
2786 1563 2890 1601 non
2924 1548 3170 1615 valebat,
3198 1558 3248 1604 et
3279 1559 3445 1606 tanta:
3484 1553 3750 1622 magnitu-

2173 1637 2315 1690 dinis
2342 1636 2597 1707 templum
2640 1653 2743 1691 non
2774 1639 3148 1707 reperiebatur
3184 1655 3305 1711 qua:
3333 1641 3403 1696 ad
3434 1642 3746 1713 capiendam

491 1742 737 1798 quosque
756 1724 976 1797 speciali
1009 1723 1213 1780 amoris
1243 1721 1524 1778 dulcedine
1550 1722 1759 1784 fovenS.
1786 1718 1957 1775 malos
1981 1732 2072 1774 νε·
2099 1726 2148 1788 Β
2176 1743 2474 1787 numerosa:
2510 1728 2690 1800 plebis
2736 1729 3132 1785 multitudinem
3173 1729 3418 1786 sufﬁcere
3450 1733 3747 1795 videretur,

493 1834 573 1884 ro,
594 1834 662 1873 ne
681 1834 777 1874 sua
793 1816 1079 1890 tyrannide
1093 1815 1230 1871 bene
1251 1823 1475 1886 agentes
1493 1813 1899 1877 conturbarent,
1920 1810 2070 1866 forti-

490 1918 575 1964 ter
594 1923 870 1979 premens,
886 1906 1014 1962 boni
1031 1904 1290 1977 principis
1305 1918 1486 1960 mores
1504 1912 1559 1959 et
1571 1912 1723 1959 actus
1734 1901 2069 1972 exsequeba-

493 2010 602 2055 tur.
622 1999 736 2055 Hoc
758 1998 928 2054 ferme
943 2005 1184 2068 tempore
1202 1995 1423 2068 quidam
1439 1993 1641 2060 clerici,
1662 1992 1896 2065 maligno
1917 2006 2069 2049 erro-

493 2105 552 2146 re
574 2089 724 2162 (270)
747 2087 976 2155 seducti,
992 2100 1304 2144 asseverare
1330 2087 1666 2143 conabantur
1686 2097 1879 2156 panem
1905 2091 1961 2140 et
1982 2083 2066 2138 vi-

492 2196 620 2237 num
650 2197 769 2254 qua:
794 2181 847 2237 in
883 2180 1041 2236 altari
1072 2187 1367 2251 ponuutur,
1384 2184 1506 2250 post
1528 2175 1990 2234 consecrationem
2015 2175 2067 2230 in

488 2275 657 2345 priori
685 2260 986 2329 substantia
1005 2286 1348 2342 permanere,
1368 2277 1423 2325 et
1443 2268 1670 2341 ﬁguram
1700 2266 2070 2323 tantummodo

486 2380 607 2422 esse
631 2354 872 2435 corporis
894 2374 948 2421 et
976 2363 1255 2436 sanguinis
1279 2361 1503 2430 Christi,
1530 2375 1638 2417 non
1660 2373 1844 2415 vermn
1866 2356 2067 2415 Christi

488 2464 685 2527 corpus
713 2463 769 2510 et
822 2454 1161 2525 sanguinem.
1200 2451 1439 2520 Quorum
1482 2463 1757 2506 enormem
1786 2446 2068 2519 perﬁdiam

487 2548 680 2603 beatus
707 2545 824 2602 Odo
868 2547 1151 2601 destruere
1199 2543 1445 2614 cupiens,
1473 2541 1599 2597 dum
1621 2538 1853 2611 quadam
1885 2537 1971 2593 die
2016 2536 2068 2592 in

488 2648 777 2710 conspectu
807 2640 971 2695 totius
989 2636 1171 2709 populi
1198 2634 1558 2692 sacrosanctis
1578 2633 1867 2688 missarum
1882 2628 2072 2685 solem-

491 2731 596 2787 niis
626 2732 852 2788 devotus
888 2729 1214 2794 intenderet,
1249 2727 1522 2798 expressis
1546 2723 1800 2795 lacrymis
1825 2719 1918 2777 Dei
1956 2735 2072 2776 om-

488 2823 783 2897 nipotentis
806 2823 1148 2878 clementiam
1198 2819 1253 2875 in
1294 2834 1393 2876 suo
1422 2816 1728 2874 ministerio
1765 2813 1952 2870 adfore
1977 2826 2073 2882 po-

487 2912 706 2970 stulavit
726 2953 742 2980 ,
774 2927 894 2982 qua:
922 2911 987 2966 ad
1012 2908 1357 2981 depellendos
1388 2906 1667 2963 hominum
1692 2918 1909 2959 errores
1939 2902 2069 2958 sub-

493 3005 785 3061 stantivam
831 3003 1134 3058 divinorum
1189 2999 1568 3073 mysteriorum
1614 2995 1919 3053 declararet
1945 3009 2073 3065 pro-

2172 1817 2501 1886 deprecatus
2535 1827 2617 1872 est
2640 1817 2884 1889 pontifex
2917 1818 3201 1874 Dominum
3230 1829 3291 1875 ut
3317 1836 3607 1892 quousque
3625 1838 3752 1892 opus

2171 1907 2465 1978 inemptum
2495 1918 2929 1963 consummatum
2975 1908 3196 1977 fuisset,
3229 1911 3379 1965 nulla
3418 1921 3515 1967 aut
3559 1912 3752 1969 inlusio

2172 1999 2446 2066 imbrium,
2489 2008 2579 2055 aut
2625 2000 2706 2055 vis
2754 2011 3039 2055 ventorum
3069 2001 3206 2057 infra
3236 2004 3478 2073 parietes
3517 2006 3752 2060 ecclesia:

2171 2091 2279 2145 des
2297 2091 2542 2158 caderet,
2588 2106 2709 2161 qnze
2736 2107 2830 2148 eos
2857 2108 2886 2147 a
2919 2092 3102 2149 divino
3129 2109 3295 2165 opere
3338 2096 3634 2165 prohibere
3662 2114 3749 2150 ra-

2172 2182 2323 2237 leret.
2356 2181 2691 2252 Factumque
2730 2192 2806 2239 est
2853 2192 2911 2239 ut
2957 2184 3009 2239 in
3044 2184 3216 2240 tribus
3242 2186 3406 2241 annis
3431 2188 3631 2255 quibus
3677 2202 3752 2241 ec-

2171 2273 2349 2329 clesia:
2380 2275 2517 2328 muri
2546 2274 2600 2329 in
2630 2274 2800 2329 altum
2824 2273 3259 2346 porrigebautur,
3291 2284 3406 2330 tota
3436 2276 3645 2331 falirira
3668 2279 3752 2333 de-

2171 2378 2333 2434 super
2373 2372 2601 2433 pateret,
2655 2379 2753 2418 nec
2784 2374 2983 2429 tamen,
3019 2381 3121 2419 non
3153 2365 3277 2419 dico
3310 2364 3453 2419 infra
3494 2368 3750 2423 ambitum

2171 2453 2338 2508 solius
2367 2453 2630 2520 ecclesiat,
2660 2456 2753 2508 sed
2786 2469 2884 2510 nec
2914 2456 3053 2509 intra
3097 2471 3282 2512 muros
3308 2458 3476 2513 totius
3514 2458 3750 2514 civitatis

2173 2541 2347 2597 imber
2395 2541 2685 2613 aliquando
2726 2544 3116 2606 descenderet,
3164 2543 3255 2613 qui
3295 2545 3385 2600 vel
3431 2546 3642 2601 clerum
3700 2549 3751 2603 in

2171 2630 2399 2688 ecclesia
2471 2632 2857 2688 consistentem
2907 2634 2976 2689 ab
3018 2632 3197 2688 oﬂicio
3253 2637 3615 2704 praepediret,
3677 2639 3752 2692 vel

2172 2725 2427 2797 populum
2481 2727 2547 2779 ad
2606 2724 2891 2781 ecclesiam
2945 2736 3367 2782 concurrentem
3414 2729 3755 2799 aliquatenus

2174 2827 2354 2887 posset
2374 2818 2442 2872 ab
2467 2818 2699 2888 incoepta
2722 2817 2995 2874 cohibere.
3041 2815 3275 2889 Eratqite
3314 2836 3407 2875 res
3450 2822 3614 2892 digna
3643 2837 3757 2892 spe-

2176 2909 2409 2977 etaculo,
2436 2924 2557 2965 cum
2587 2909 2798 2965 videres
2831 2911 3011 2965 omnia
3053 2907 3295 2966 civitatis
3320 2914 3570 2983 pomeria
3607 2914 3755 2983 aquis

2157 2998 2405 3064 infundi,
2434 3008 2490 3054 et
2519 2997 2635 3067 ejus
2664 2999 2862 3055 mania
2885 3001 3032 3056 nulla
3057 3002 3366 3074 pluviarum
3405 3002 3756 3058 inundatione

491 3098 798 3166 prietatem.
846 3093 1087 3163 Cumque
1125 3092 1192 3147 ad
1220 3089 1643 3147 confractionem
1683 3085 1880 3141 viviﬁci
1917 3083 2073 3155 panis
2099 3078 2142 3139 C
2178 3087 2475 3144 madeﬁeri.

491 3194 713 3243 ventum
763 3184 972 3249 luisset,
1002 3197 1037 3238 ο
1078 3180 1405 3238 ineffabilem
1451 3179 1545 3235 Dei
1573 3178 1997 3241 miserationem,
2035 3192 2070 3233 ο

491 3287 815 3352 ρι-ωερῐιιθῐη
863 3285 1081 3333 aeterna:
1110 3273 1410 3346 majestatis
1441 3271 1834 3329 ostensionem!
1888 3266 2069 3324 confe-

491 3372 616 3429 stim
642 3385 877 3440 namque
904 3369 1045 3424 inter
1074 3381 1266 3422 manus
1290 3363 1587 3437 pontiﬁcis,
1617 3361 1916 3433 fragmenta
1945 3373 2066 3415 cor-

481 3464 634 3536 poris
674 3460 875 3518 Christi
931 3457 1194 3524 tenentis,
1252 3455 1471 3526 sanguis
1534 3455 1782 3526 guttatim
1838 3450 2069 3508 defluere

485 3556 667 3629 erepit.
701 3553 864 3611 Stans
906 3553 1090 3625 itaque
1115 3550 1379 3624 pontifex,
1419 3556 1475 3605 et
1510 3550 1622 3619 pra:
1647 3544 1844 3618 gaudio
1874 3545 2070 3601 uberes

490 3647 758 3718 lacrymas
787 3643 1036 3710 fundens,
1064 3642 1239 3697 innuit
1273 3639 1576 3697 astantibus
1604 3636 1871 3693 ministris
1894 3645 1955 3691 ut
1991 3634 2066 3690 illi

486 3737 828 3810 potissimum
857 3734 1078 3806 propius
1105 3732 1367 3789 accedant
1390 3731 1481 3803 qui
1511 3745 1684 3801 nuper
1719 3729 1771 3785 in
1804 3728 1909 3784 ﬁde
1941 3727 2065 3782 titu-

486 3827 770 3882 baverant.
817 3823 1004 3879 Vocati
1050 3822 1215 3894 igitur
1246 3820 1515 3878 celeriter
1557 3820 1773 3883 adsunt,
1805 3827 1967 3888 atque
2013 3817 2065 3872 in

483 3910 760 3971 tantarum
812 3930 993 3969 rerum
1022 3912 1453 3969 consideratione
1489 3909 1885 3982 perterrefacti,
1922 3908 2069 3980 pavi-
2104 3950 2107 3951 ν

484 4008 619 4065 tanti
648 4023 783 4064 voce
828 4005 1176 4062 exclamant:
1209 4003 1254 4060 Ο
1281 4013 1332 4060 te
1366 4004 1509 4059 inter
1537 4002 1781 4058 homines
1817 3998 2068 4055 felicissi-

491 4117 638 4155 mum
669 4099 851 4164 hodie,
876 4097 963 4154 cui
989 4096 1158 4152 Filius
1188 4095 1282 4150 Dei
1310 4094 1658 4164 semetipsum
1705 4092 1759 4148 in
1791 4105 1957 4148 carne
1980 4089 2061 4145 di-

476 4182 681 4263 gnatus
703 4200 785 4246 est
816 4178 1081 4245 revelare!
1133 4187 1195 4243 Et
1235 4202 1448 4242 rursum
1490 4184 1741 4249 :Exora,
1791 4182 2064 4254 inquiunt,

382 4310 389 4317 κ
483 4279 778 4353 paululum,
808 4278 992 4344 Pater,
1033 4291 1197 4333 exora
1238 4274 1450 4331 Domini
1500 4272 1839 4343 maiestatem
1863 4311 1879 4338 ,
1909 4280 1969 4327 ut
2011 4272 2064 4326 in

472 4370 771 4443 pristinam
822 4369 1048 4423 formam
1081 4381 1318 4437 praesens
1346 4364 1565 4437 sanguis
1586 4371 1967 4427 eommutetur,
1998 4377 2066 4417 ne

2175 3197 2436 3265 Edwium,
2474 3216 2642 3271 regem
2665 3200 3025 3274 libidinosum,
3047 3219 3137 3272 per
3156 3201 3522 3270 Dunstanum,
3546 3215 3659 3259 tum
3674 3222 3758 3274 per

2630 3287 2685 3325 se
2731 3273 3005 3327 emendare
3046 3285 3292 3328 conatur.

2245 3366 2331 3420 12.
2364 3364 2498 3420 Cum
2544 3373 2729 3420 autem
2775 3382 2867 3422 rex
2899 3366 3140 3421 Edredus
3173 3367 3558 3421 transitoriam
3597 3368 3751 3421 vitam

2171 3455 2280 3510 vita
2314 3454 2541 3525 perenni
2574 3464 2953 3524 permutasset,
2980 3455 3164 3511 Edwis
3192 3455 3340 3511 ﬁlius
3361 3471 3530 3526 supra
3565 3471 3753 3510 memo-

2175 3545 2277 3599 rati
2308 3544 2451 3616 regis
2480 3545 2803 3611 Eadmundi,
2843 3547 2896 3600 itt
2923 3561 3102 3618 regem
3132 3546 3343 3601 electus
3364 3556 3476 3600 est.
3515 3546 3617 3613 Qui
3652 3561 3755 3599 mo—

2172 3635 2320 3691 ribus
2347 3644 2403 3691 et
2429 3634 2950 3705 tetatejnvenculus,
2974 3638 3236 3709 juvenum
3266 3652 3413 3706 quos
3458 3637 3568 3691 sibi
3599 3636 3752 3690 comi-

2174 3737 2251 3781 tv's
2274 3736 2440 3796 atque
2466 3727 2725 3782 satellites
2754 3728 3122 3783 associaverat
3150 3741 3276 3782 mox
3316 3727 3493 3797 C(Bpil
3526 3725 3752 3782 consiliis

2172 3817 2271 3882 uti,
2324 3817 2522 3886 spretis
2570 3817 2809 3880 senibus,
2850 3833 2987 3886 quos
3031 3817 3161 3881 vita,
3218 3816 3469 3871 moribus
3510 3825 3570 3870 et
3609 3825 3752 3869 :etate

2174 3919 2363 3975 magna
2400 3906 2662 3974 praeditos
2697 3905 2960 3961 industria
2991 3915 3047 3961 et
3094 3906 3425 3961 auctoritate
3450 3907 3747 3960 constabat.

2175 3997 2325 4054 Unde
2355 4008 2636 4069 correptus
2671 4014 2700 4052 a
2755 3998 3048 4054 fortissimo
3092 3997 3260 4053 milite
3297 3996 3512 4053 Christi
3558 3998 3746 4061 Oileus,

2152 4090 2555 4161 aliquantisper
2579 4106 2636 4146 se
2664 4091 3023 4161 temperabat,
3051 4105 3244 4145 verens
3272 4104 3342 4145 ne
3387 4090 3437 4145 si
3466 4090 3622 4144 illum
3648 4105 3749 4143 ota-

2164 4182 2405 4238 nimodis
2430 4197 2535 4237 non
2563 4182 2800 4248 audiret,
2832 4183 2995 4252 regia:
3017 4183 3296 4251 dignitatis
3320 4184 3747 4238 benedictionem

2172 4276 2311 4331 ultra
2340 4284 2523 4330 votum
2556 4290 2712 4330 suum
2760 4275 2864 4330 sibi
2890 4276 3019 4331 dare
3054 4274 3316 4329 differret.
3346 4273 3420 4327 At
3448 4274 3545 4329 ubi
3575 4275 3747 4328 eadem

2173 4368 2543 4425 benedictione
2570 4369 2773 4440 potitus
2795 4377 2900 4433 est,
2929 4366 3072 4423 illico
3090 4367 3249 4437 quasi
3268 4364 3494 4421 eﬁ‘renis
3517 4365 3748 4428 eﬂectus,

485 4476 585 4517 nos
611 4467 834 4531 propter
860 4457 1191 4513 inﬁdelitatis
1221 4472 1464 4514 errorem
1490 4456 1671 4511 divina
1702 4454 1835 4511 ultio
1869 4469 2064 4524 sequa-
2098 4449 2141 4506 υ
2170 4474 2361 4515 omnes
2389 4458 2571 4515 cordis
2598 4459 2680 4514 sui
2710 4458 3038 4529 sequebatur
3064 4456 3309 4512 allectus.
3327 4456 3535 4513 Factus
3561 4468 3645 4513 est
3670 4456 3731 4526 ῑέῑ

472 4562 591 4607 tur.
621 4550 963 4617 Oravitergo
1011 4548 1294 4614 sacerdos;
1325 4556 1449 4618 post
1481 4545 1782 4619 orationem
1814 4545 1881 4601 ad
1911 4560 2063 4600 aram

481 4641 739 4713 respexit,
783 4648 839 4694 et
878 4637 968 4694 ubi
1017 4637 1296 4693 dimiserat
1346 4638 1690 4718 sanguinem,
1747 4645 2061 4692 consuetam

476 4733 591 4787 vini
619 4731 818 4802 reperit
853 4729 1115 4800 speciem.
1148 4726 1389 4797 Sumptis
1417 4736 1597 4783 autem
1619 4727 1933 4784 cmlestibus
1978 4744 2066 4783 sa-

480 4823 797 4889 cramentis,
842 4820 1148 4876 lattantibus
1178 4818 1386 4875 cunctis
1428 4819 1519 4889 qui
1560 4818 1723 4873 tantis
1770 4818 2066 4874 interfuere

411 4921 432 4985 ζ
480 4908 826 4983 spectaculis,
853 4912 1111 4984 praecepit
1138 4908 1383 4981 pontifex
1410 4924 1508 4980 pro
1550 4909 1860 4966 testimonio
1905 4916 2065 4963 tantae

420 4989 429 4993 4
481 5005 698 5059 virtutis
739 5018 928 5059 omnes
970 5000 1329 5072 undecunque
1372 5016 1636 5073 pauperes
1673 4999 1972 5072 aggregari,
2011 5008 2066 5053 et

396 5148 400 5151 Α
482 5095 720 5152 solemne
772 5095 1077 5151 convivium
1127 5094 1330 5157 eisdem
1372 5095 1685 5158 pt'ccparari.
1723 5094 1838 5158 Ipse
1883 5101 2062 5148 autem

2176 4559 2263 4605 tur
2291 4549 2624 4620 voluptatum
2652 4550 2824 4622 magis
2852 4563 3016 4621 quam
3056 4549 3185 4613 Dei,
3210 4548 3455 4603 luxnria:
3483 4565 3648 4617 quam
3675 4564 3751 4600 suo

2172 4641 2445 4709 brietatis,
2495 4640 2778 4696 libidinum
2833 4655 2996 4709 quam
3046 4639 3316 4693 castitatis
3362 4647 3604 4695 amator.
3647 4638 3753 4692 Ibat

2172 4732 2352 4801 itaque
2378 4732 2533 4803 juxta
2564 4729 2833 4785 desideria
2860 4730 3040 4786 cordis
3079 4729 3187 4795 sui,
3208 4736 3268 4783 et
3293 4728 3484 4798 iniqua
3512 4742 3749 4800 gerens:

2168 4822 2283 4878 suis
2308 4822 2747 4878 benedicebatur.
2778 4820 2952 4891 Super
2972 4820 3086 4874 hzec
3114 4834 3179 4874 ea
3215 4819 3300 4874 die
3330 4834 3437 4888 qua
3480 4819 3631 4890 regni
3670 4832 3749 4871 ro—

2171 4928 2358 4967 ronam
2391 4914 2442 4966 in
2473 4921 2767 4983 conspectu
2801 4911 2964 4966 totius
2991 4910 3246 4965 Ecclesia:
3277 4910 3330 4963 in
3358 4911 3545 4979 capite
3571 4910 3746 4981 gessit,

2170 5005 2350 5076 gravis
2377 5003 2613 5058 infamiae
2650 5012 2834 5057 notam
2866 5011 3028 5057 tautae
3055 5000 3241 5073 glorias
3264 5008 3320 5055 et
3362 5000 3470 5054 sibt
3514 5000 3746 5071 ingessit.

2171 5095 2302 5151 Cum
2330 5095 2475 5150 enim
2502 5101 2627 5158 post
2661 5091 2893 5148 oﬁicium
2920 5090 3351 5149 necclesiasticum
3383 5105 3494 5144 una
3524 5106 3650 5145 cum
3678 5104 3749 5142 an
