3964 5356
148 230 238 288 9H

1699 228 1736 281 Υ
1745 228 1757 278 l
1766 225 1852 279 TA
1863 264 1874 276 .

3297 227 3400 281 9η

153 343 402 396 rientium
447 341 620 408 stupri
650 340 842 394 ardore
871 354 1165 394 succensus
1197 338 1469 392 infandum
1497 352 1721 392 consor—
1753 342 1798 397 Α
1828 343 1881 390 et
1908 349 2029 388 eum
2060 334 2112 388 in
2136 335 2499 404 episcopatum
2536 336 2939 404 Wigornensem
2970 336 3254 404 promovit.
3297 336 3400 410 Qui

152 431 284 484 tium
311 439 568 498 expetens
594 446 606 480 :
633 443 756 496 qua:
791 443 878 481 res
905 428 1289 482 coulidentium
1317 436 1524 482 mentes
1547 425 1727 494 magni

151 521 372 590 pudoris
403 533 639 575 mmrore
668 516 880 586 dejecit.
913 519 1105 573 liabito
1125 527 1305 573 autem
1335 518 1561 574 consilio
1587 517 1728 572 inter

149 627 241 667 eos
269 610 397 680 quid
433 609 576 664 facto
624 623 758 678 opus
787 617 952 674 esset,
993 609 1190 663 missus
1238 616 1320 663 est
1357 609 1426 663 ab
1463 607 1729 676 archiepi-

151 718 315 770 scopo
349 712 404 756 et
432 699 759 770 primoribus
788 700 855 764 is,
886 699 1040 769 cujus
1075 700 1322 768 superius
1351 699 1555 754 mentio
1584 697 1726 753 facta

149 805 253 860 est,
285 794 609 849 venerabilis
652 794 819 848 abhas
865 793 1191 856 Dunstanus,
1224 806 1403 862 regem
1431 792 1498 846 ab
1525 790 1729 845 illicitis

150 886 486 956 amplexibus
533 883 849 939 abstrahere
873 922 888 947 ,
931 891 986 937 et
1035 882 1102 936 ad
1143 882 1346 952 regiam
1381 883 1559 937 sedem
1591 882 1732 935 inter

150 977 422 1047 principes
459 990 744 1039 revocare;
779 974 921 1044 quod
951 982 1006 1028 et
1033 971 1234 1029 factum
1266 981 1366 1028 est.
1394 973 1732 1044 Quapropter

151 1083 245 1121 rex
286 1066 594 1121 vehementi
662 1064 844 1121 furore
903 1066 1169 1131 turbatus,
1223 1065 1554 1132 Dunstanum
1620 1063 1732 1119 suis

149 1158 402 1213 omnibus
449 1157 736 1228 spoliatum
783 1157 976 1212 exsilio
1002 1156 1297 1222 damnavit,
1335 1164 1389 1211 et
1433 1165 1588 1211 extra
1618 1156 1728 1209 An-

148 1249 310 1317 gliam
328 1257 476 1303 trans
499 1263 650 1302 mare
673 1247 896 1318 fugavit.
923 1248 1078 1302 Fecit
1097 1255 1152 1302 et
1181 1247 1284 1300 alia
1308 1248 1588 1300 innumera
1616 1261 1729 1299 ma-

148 1340 221 1405 la,
259 1334 381 1408 quae
423 1338 676 1408 quoniam
708 1338 842 1394 alias
886 1338 1077 1404 latins,
1110 1338 1234 1393 licet
1270 1354 1374 1393 non
1412 1339 1621 1403 omnia,
1648 1337 1731 1391 di-

149 1436 304 1496 gesta
333 1436 479 1494 sunt,
509 1427 596 1482 hic
622 1429 997 1483 tantummodo
1017 1428 1206 1498 paucis
1231 1443 1294 1482 ea
1319 1428 1564 1499 tetigisse
1591 1425 1732 1482 suili-

150 1534 278 1574 CCI‘G
305 1527 455 1573 ratus
483 1533 601 1573 sum
612 1560 623 1572 .

222 1608 311 1662 15.
343 1606 474 1675 Quae
499 1608 652 1663 miles
681 1607 776 1663 Dei
805 1606 1194 1677 omnipotentis
1216 1606 1332 1663 Odo
1360 1604 1736 1675 aequanimiter

1831 425 2034 480 electus
2069 426 2309 495 pontifex
2341 427 2394 480 in
2435 428 2658 497 gradum
2688 429 2922 499 suscepti
2952 428 3175 484 honoris
3213 445 3396 485 consc-

1828 516 2079 582 crandu's,
2107 516 2450 571 Cantuariam
2500 531 2596 586 pro
2649 531 2798 572 more
2839 518 3076 583 advenit,
3125 533 3290 587 seque
3334 519 3402 571 ab

1829 607 1997 676 ipsius
2029 607 2172 663 sedis
2203 607 2464 673 antistite,
2491 607 2652 662 beato
2675 607 2924 664 videlicet
2950 607 3156 674 Odone,
3199 609 3403 664 sacrari

1827 696 2070 766 expetiit.
2103 696 2306 750 Annuit
2334 698 2446 767 ipse
2482 697 2676 777 libens.
2709 699 2906 754 Verum
2935 708 2992 755 ut
3021 709 3265 756 sanctum
3287 700 3403 770 epi-

1829 799 2047 854 scopum
2093 785 2288 856 spiritu
2336 787 2633 856 prophetia:
2658 787 2860 858 pollere
2906 790 2958 842 in
3007 790 3225 844 dubium
3274 790 3406 844 nulli

1828 877 2056 941 veniret,
2103 877 2380 932 hominem
2424 879 2514 948 qui
2564 878 2632 932 ad
2681 877 2978 935 Wiciorum
3033 881 3404 951 pontificatum

1829 967 2228 1034 promovendns
2273 965 2585 1031 advenerat,
2638 966 2692 1021 in
2734 967 3043 1036 pontificem
3087 968 3408 1025 Cantuario-

1832 1067 1952 1106 rum
2000 1053 2172 1109 sancti
2228 1053 2463 1124 Spiritus
2508 1054 2822 1125 operatione
2881 1060 3166 1126 promovit.
3231 1059 3407 1130 Super

1830 1156 1937 1210 quo
1984 1157 2016 1197 a
2059 1144 2534 1203 circumstantibus
2583 1161 2684 1202 cur
2723 1147 2802 1202 sic
2847 1157 3033 1218 ageret
3095 1149 3403 1219 inquisitus.

1831 1229 1980 1298 Scio,
2014 1233 2210 1303 inquit,
2242 1235 2355 1298 filii,
2384 1234 2499 1290 scio
2527 1235 2656 1306 quid
2683 1248 2942 1306 operetur
2967 1238 3019 1293 in
3044 1254 3129 1294 me
3153 1240 3313 1294 Deus.
3342 1239 3410 1294 Et

1832 1323 1976 1379 hunc
2023 1325 2241 1394 quidem
2298 1325 2672 1397 Wigornensis
2721 1329 2996 1398 provincia
3043 1347 3130 1386 me
3198 1333 3416 1387 vivente

1832 1422 2101 1484 pastorem
2150 1415 2389 1479 habebit,
2441 1416 2536 1473 sed
2584 1425 2695 1474 tata
2744 1417 3022 1474 Britannia
3070 1420 3286 1485 eodem,
3331 1436 3417 1476 me

1832 1506 2108 1573 defuncto,
2139 1517 2354 1563 rectore
2391 1509 2670 1578 gaudebit;
2703 1525 2802 1566 nec
2845 1511 2989 1566 enim
3038 1510 3156 1582 lege
3198 1512 3413 1582 stringi-

1836 1606 1924 1650 tur
1953 1597 2125 1650 sancti
2149 1597 2382 1666 Spiritus
2410 1599 2628 1653 donum.
2650 1598 2779 1666 Quae
2798 1601 3078 1671 prophetia
3101 1617 3266 1672 quam
3288 1589 3417 1656 vera

150 1699 296 1754 ferre
341 1716 446 1754 non
487 1700 692 1766 valens,
735 1700 1079 1769 iniquitatum
1118 1698 1262 1753 illius
1290 1697 1534 1768 publicus
1563 1695 1736 1751 hostis
1764 1686 1809 1744 B
1837 1687 2126 1754 exstiterit,
2150 1688 2393 1744 Ecclesia
2407 1689 2660 1761 Dei,qua9
2677 1693 2794 1762 ejus
2811 1693 3091 1763 regimine,
3110 1694 3253 1748 sicut
3274 1709 3416 1764 prte-

149 1788 376 1845 rﬂ‘ectus
403 1799 503 1844 est.
544 1789 820 1859 Siquidem
850 1789 940 1844 ubi
985 1804 1107 1844 eum
1149 1803 1249 1844 nec
1277 1787 1735 1844 admonitionibus

150 1887 289 1946 suis,
345 1896 445 1936 nec
475 1880 943 1938 obsecrationibus
972 1880 1103 1946 suis,
1151 1894 1251 1935 nec
1279 1879 1738 1950 increpationibus

151 1973 268 2026 suis
299 1971 643 2042 acquiescere
673 1971 810 2027 velle
833 1980 890 2025 ut
922 1987 980 2026 se
1022 1971 1320 2041 corrigeret
1349 1972 1514 2035 vidit;
1559 1971 1739 2040 ponti-

151 2061 295 2116 ficali
335 2063 658 2116 auctoritate
697 2077 857 2126 usus,
894 2077 1055 2116 unam
1097 2063 1162 2116 de
1188 2061 1521 2132 praescriptis
1552 2060 1739 2116 mulie-
1778 2059 1781 2062 ’

151 2155 327 2218 rihns,
359 2170 521 2224 quam
557 2163 606 2210 et
647 2155 876 2226 amplior
904 2155 1144 2224 polentia
1173 2165 1228 2209 et
1251 2154 1536 2209 obscenior
1566 2155 1740 2225 impu-

151 2248 339 2302 dentia
364 2242 777 2314 dehonestabat,
806 2255 862 2302 et
889 2247 1157 2302 notiorem
1183 2246 1489 2302 hominibus
1515 2246 1741 2313 fecerat,

151 2351 371 2408 quaque
417 2337 641 2391 nimium
681 2336 1092 2392 contumeliosis
1137 2336 1470 2406 amplexibus
1506 2350 1598 2389 rex
1635 2334 1744 2390 fre-

150 2427 410 2497 quentius
444 2426 790 2491 abutebatur,
816 2426 999 2482 missis
1026 2427 1291 2481 militibus
1325 2441 1355 2480 a
1392 2427 1540 2480 curia
1579 2424 1740 2497 regis,

153 2519 208 2571 in
241 2533 347 2588 qua
374 2517 723 2582 mansitabat,
749 2516 1016 2572 violenter
1037 2515 1278 2581 abduxit,
1305 2524 1360 2570 et
1381 2531 1498 2570 eam
1528 2516 1580 2569 in
1608 2515 1744 2569 facie

151 2609 521 2678 deturpatam,
548 2622 612 2662 ac
643 2607 895 2662 candenti
931 2606 1074 2661 ferro
1113 2606 1446 2671 denotatam,
1488 2612 1743 2674 perpetua

153 2699 209 2752 in
245 2696 557 2752 Hiberniam
606 2696 784 2752 exsilii
836 2695 1161 2765 relegatione
1209 2694 1457 2749 detrusit.
1489 2691 1618 2758 Qua:
1664 2701 1744 2745 ta-

153 2805 284 2842 men
339 2798 460 2858 post
507 2787 820 2844 nonnullum
892 2785 1150 2855 temporis
1195 2784 1543 2839 intervallum
1571 2823 1584 2850 ,
1630 2783 1743 2853 jam

151 2880 395 2934 obducta
446 2879 500 2934 in
549 2877 862 2934 cicatricem
900 2876 1144 2946 corporis
1184 2875 1389 2938 forma.
1430 2875 1523 2931 sed
1568 2875 1744 2928 adhuc

152 2973 348 3027 hiante
372 2972 656 3043 impudica:
696 2971 891 3026 mentis
931 2970 1294 3035 deformitate,
1322 2969 1508 3024 relicta
1554 2967 1743 3022 Hiber-

1837 1779 1974 1834 dixit
2001 1781 2286 1850 episcopus
2314 1788 2556 1848 sanctus,
2579 1783 2666 1836 diu
2697 1785 3034 1852 postmodum
3057 1785 3283 1854 gloriata
3311 1795 3416 1857 εει,

1837 1877 1893 1923 et
1924 1885 2094 1938 usque
2127 1871 2290 1926 hodie
2324 1873 2691 1926 sacratissima
2717 1872 2860 1928 illius
2892 1875 3278 1930 intercessione
3305 1891 3422 1929 mu-

1839 1957 2007 2023 nitur,
2047 1959 2250 2028 optime
2280 1959 2450 2013 novit.

2506 2067 2753 2123 Moritur.

1913 2158 2004 2213 15.
2046 2157 2270 2214 Talibus
2303 2159 2465 2229 igitur
2488 2159 2750 2214 bonorum
2787 2161 2975 2231 gratiis
3009 2163 3319 2231 spectabilis
3340 2164 3426 2219 vir

1843 2247 1958 2304 Odo
2006 2264 2036 2303 a
2079 2248 2309 2304 Domino
2356 2249 2698 2316 sublimatus,
2747 2265 3087 2322 nequaquam
3121 2268 3181 2308 se
3207 2264 3426 2323 propter

1847 2338 2043 2392 merita
2091 2351 2318 2408 operum
2359 2354 2577 2394 suorum
2621 2340 2837 2406 extulit,
2866 2341 2960 2397 sed
2988 2356 3201 2412 semper
3225 2344 3292 2399 ad
3317 2359 3428 2398 me-

1847 2427 1982 2482 liora
2026 2431 2291 2496 proiicere
2338 2428 2542 2483 studuit
2571 2447 2582 2482 :
2609 2445 2728 2498 quae
2754 2442 2900 2486 retro
2942 2441 3068 2487 sunt
3111 2432 3332 2500 oblitus,
3370 2443 3428 2490 et

1847 2517 1902 2572 in
1929 2533 1993 2574 ea
2024 2533 2144 2588 quae
2178 2527 2305 2573 ante
2353 2525 2478 2573 sunt
2524 2527 2805 2588 extensus,
2857 2523 3184 2592 sequebatur
3214 2525 3280 2579 ad
3309 2523 3426 2594 pal-

1850 2623 1991 2663 mam
2018 2623 2264 2679 supernae
2298 2609 2594 2665 vocationis
2620 2610 2734 2676 Dei,
2758 2611 3121 2682 populumque
3147 2614 3247 2669 sibi
3279 2629 3427 2670 com-

1849 2701 2071 2755 missum
2115 2715 2268 2756 more
2308 2709 2550 2772 segetum
2593 2701 2855 2757 feracium
2909 2703 3114 2758 cmlesti
3161 2705 3423 2770 doctrina,

1849 2793 2004 2863 quasi
2056 2792 2277 2862 pluviali
2326 2793 2522 2863 gratia,
2549 2791 2791 2862 quotidie
2833 2795 3099 2866 irrigavit,
3149 2811 3430 2866 quousque

1849 2887 2084 2940 animam
2116 2886 2259 2941 illius
2297 2901 2392 2941 rex
2424 2887 2477 2940 in
2508 2886 2811 2942 cubiculum
2846 2903 3002 2944 suum
3032 2890 3424 2955 introduceret,

1849 2987 1904 3032 et
1930 2984 2168 3033 torrente
2194 2976 2482 3047 voluptatis
2511 2993 2622 3033 suae
2647 2978 2962 3034 inebriaret.
2996 2979 3226 3050 Raptum
3259 2980 3423 3050 igitur

153 3066 253 3120 nia
283 3063 531 3134 Αηειὶειπη
566 3065 744 3131 rediit.
778 3072 829 3116 ει
861 3063 1199 3119 (ἶΙοοθεῑτωη
1231 3061 1416 3116 caecati
1451 3060 1629 3115 cordis
1651 3060 1744 3114 οὶ)-
1771 3030 1815 3090 C
1846 3082 1913 3122 ex
1934 3067 2034 3122 hoc
2057 3067 2254 3123 saeculo
2276 3030 2755 3124 lu‘culentissimum
2775 3070 2922 3124 sidus
2944 3030 3105 3125 urbisr
3123 3030 3430 3127 Cantuarize

155 3155 425 3211 scuritate
470 3156 675 3210 imbuta
718 3154 999 3225 pervenit:
1049 3153 1138 3207 ubi
1168 3152 1234 3207 ab
1265 3151 1573 3206 hominibus
1602 3149 1742 3204 servi

155 3249 261 3304 Dei
312 3247 723 3317 comprehensa,
769 3255 844 3311 et,
893 3260 960 3300 ne
1004 3244 1309 3300 meretricio
1348 3256 1497 3298 more
1523 3242 1747 3296 ulterius

153 3359 301 3415 vaga
329 3344 681 3407 discurreret,
709 3344 1088 3406 subenervata,
1111 3350 1232 3411 post
1251 3340 1369 3394 dies
1388 3339 1592 3408 aliquot
1608 3337 1746 3392 mala

157 3443 344 3490 morte
379 3433 634 3503 prmsenti
667 3434 787 3487 vitae
810 3432 1022 3488 sublata
1058 3440 1161 3486 est.
1192 3433 1322 3485 Erat
1357 3432 1554 3500 quippe
1602 3444 1748 3484 sum-

157 3542 288 3581 mus
337 3524 579 3596 pontifex
632 3524 748 3578 Odo
778 3523 862 3577 vir
902 3524 1160 3576 virtutum
1193 3523 1388 3576 robore
1416 3531 1470 3575 et
1504 3520 1752 3589 grandae-

155 3621 353 3674 vitatis
385 3616 704 3672 maturitate
737 3630 801 3670 ac
843 3614 1145 3670 constantia
1184 3612 1348 3667 fultus
1373 3653 1388 3676 ,
1415 3621 1469 3667 et
1507 3610 1748 3665 omnium

158 3709 518 3780 iniquitatum
549 3705 859 3764 inflexibilis
881 3704 1242 3760 adversarius.
1268 3703 1384 3758 Non
1415 3703 1557 3758 hunc
1583 3700 1753 3757 alicu-

153 3803 254 3872 jus
283 3801 460 3873 gaudii
495 3799 770 3856 saecularis
817 3797 1102 3863 illecehrzc,
1137 3813 1241 3852 non
1269 3798 1545 3852 hominum
1570 3795 1749 3860 mime,

161 3909 278 3949 non
305 3891 542 3962 cujusvis
589 3891 772 3946 damni
801 3888 1080 3960 perpessio
1111 3896 1323 3958 poterat
1356 3903 1385 3941 a
1431 3887 1753 3943 rectitudine

161 3990 467 4044 deterrere.
518 3987 859 4058 Quapropter
901 3984 1027 4055 quia
1075 3998 1177 4038 nec
1225 3982 1477 4052 sperabat
1524 3979 1750 4050 aliquid,

163 4097 274 4137 nec
299 4079 714 4150 expaveseebat,
742 4077 982 4133 onmium
1021 4076 1395 4144 impotentium
1429 4073 1565 4127 iram
1594 4087 1754 4128 exar~

169 4174 377 4229 mabat.

487 4263 736 4334 Eadgaro
758 4277 874 4332 rege
893 4259 1225 4314 Dunstanum
1249 4268 1440 4311 sacrat.

1847 3159 1983 3226 Odo,
2000 3161 2358 3232 gaudentibus
2381 3161 2605 3230 angelis,
2631 3161 2812 3216 sedem
2837 3161 2991 3231 petiit
3012 3162 3158 3234 (272)
3181 3177 3426 3234 superna:

1847 3265 1912 3306 ac
1958 3251 2359 3321 gloriosissima:
2404 3253 2663 3316 civitatis,
2695 3252 2784 3306 ubi
2823 3253 3150 3322 sempiterna
3193 3255 3430 3310 exsulta-

1850 3343 1996 3397 tione
2035 3343 2270 3408 laetatnr,
2299 3351 2353 3398 et
2379 3344 2580 3398 Christi
2614 3343 2806 3397 faciem
2838 3343 3122 3400 ineﬂ'abilis
3145 3347 3432 3402 suavitatis

1850 3431 2134 3488 dulcedine
2157 3433 2572 3501 contemplatur,
2599 3447 2824 3487 securus
2845 3431 2958 3501 jam
2985 3435 3052 3487 de
3075 3435 3296 3504 praemio
3320 3435 3429 3498 sui,

1850 3531 2012 3592 atque
2035 3525 2102 3579 de
2128 3524 2359 3580 filiorum
2391 3539 2611 3578 suorum
2644 3523 2818 3578 salute
2846 3524 3126 3579 sollicitus.
3157 3524 3303 3581 Obiit
3331 3541 3429 3580 au-

1852 3623 1958 3668 tem
2012 3614 2367 3683 prtesentihus
2416 3613 2682 3668 universis
2727 3613 2980 3670 Ecclesiae
3025 3614 3224 3669 Christi
3277 3614 3427 3679 filiis,

1851 3705 2046 3774 quibus
2076 3705 2240 3760 etiam
2275 3704 2524 3760 ﬂentibus
2552 3705 2898 3774 promittebat
2925 3706 3067 3775 quod
3093 3707 3288 3761 bonum
3322 3707 3429 3762 illis

1853 3805 2124 3864 pastorem
2158 3806 2282 3867 post
2318 3795 2523 3851 obitum
2565 3811 2719 3852 suum
2767 3796 3025 3850 Dominus
3057 3805 3202 3852 esset
3238 3799 3421 3868 provi-

1855 3901 1915 3940 Sll
1922 3902 2032 3942 HIS.

1858 3992 2095 4064 Elfsinus
2122 3995 2441 4049 simoniacus
2465 3995 2511 4048 ei
2535 3994 2799 4059 succedit;
2828 3995 2918 4065 qui
2946 3995 3434 4065 morluojnsullut:

1927 4062 2116 4144 Spde
2143 4065 2347 4144 custodi
2376 4065 2608 4144 ecclesia:
2643 4065 2734 4117 dat
2773 4062 3024 4118 mundata
3053 4067 3108 4118 iu
3139 4062 3432 4134 Etfsinum,

1926 4151 2013 4203 qm
2044 4149 2229 4187 misere
2263 4144 2456 4188 mteru.

1929 4249 2016 4304 16.
2058 4250 2178 4305 Post
2229 4248 2382 4318 cujus
2426 4251 2710 4304 transitum
2749 4248 2986 4304 obtinuit
3024 4249 3198 4304 locum
3237 4252 3435 4305 summi

244 4355 335 4410 14.
383 4354 604 4410 Eadwio
650 4361 827 4406 autem
873 4364 999 4418 rege
1044 4347 1110 4418 (si
1141 4364 1231 4403 rex
1261 4347 1617 4402 nominandus
1649 4355 1752 4410 est,
1785 4374 1832 4433 ο
1859 4339 2147 4394 sacerdotii
2202 4337 2440 4393 Elfsinus
2494 4337 2796 4393 Wentanus
2851 4339 3169 4409 episcopus,
3229 4355 3431 4410 cogno-

168 4446 266 4517 qui
299 4459 400 4500 nec
423 4459 481 4499 se
510 4458 608 4499 nec
637 4442 774 4497 alios
805 4431 995 4510 regere
1018 4439 1209 4507 novit),
1247 4438 1482 4502 Eadwio,
1513 4439 1751 4506 inquam,

167 4554 304 4608 rege
332 4552 499 4607 regno
523 4551 621 4606 pro
661 4536 773 4589 suis
818 4531 1135 4588 criminibus
1185 4530 1465 4585 eliminato
1505 4529 1671 4598 (271),
1701 4537 1758 4584 et

173 4629 376 4685 misera
408 4636 581 4681 morte
623 4626 900 4686 damnato,
927 4621 1172 4691 Eadgaro
1200 4619 1354 4674 fratri
1389 4619 1505 4689 ejus
1533 4619 1757 4673 thronus

174 4720 359 4791 regius
403 4731 565 4788 super
608 4724 776 4769 totam
823 4711 1069 4782 Angliam
1107 4710 1458 4764 confirmatus
1511 4714 1612 4762 est.
1658 4705 1758 4766 llic

174 4828 364 4868 omnes
389 4826 527 4881 pene
549 4819 922 4863 antecessores
943 4819 1068 4859 suos
1091 4819 1300 4857 morum
1330 4800 1599 4872 probitate
1618 4813 1746 4869 pm-

177 4905 392 4969 cedens,
427 4909 654 4960 cunctas
699 4897 1014 4966 iniquitates
1039 4910 1159 4964 quae
1204 4895 1393 4950 diebus
1435 4892 1620 4946 fratris
1670 4891 1753 4945 sui

175 5002 512 5050 emerserant
540 4988 860 5059 compressit
884 5026 898 5050 ,
925 4986 1154 5050 evertit,
1185 4993 1242 5040 et
1270 5000 1366 5056 pro
1392 4997 1549 5054 posse
1587 4983 1640 5036 in
1667 4982 1750 5035 ni-

178 5085 340 5138 hilum
366 5086 496 5156 egit.
533 5079 801 5134 Przeterea
831 5091 954 5132 mox
986 5076 1077 5130 ubi
1115 5090 1340 5146 regnum
1369 5073 1622 5135 obtinuit,
1673 5087 1757 5126 re-

175 5175 458 5231 verendum
513 5169 765 5226 abbatem
787 5167 1124 5221 Dunstanum
1148 5166 1218 5221 ab
1243 5166 1434 5222 exsilio
1464 5163 1755 5228 revocavit,

245 5288 384 5356 (271)
426 5295 591 5344 rlanc
615 5281 1233 5356 excommunicationem
1260 5279 1620 5352 Spelmannus
1667 5293 1753 5332 re-

1859 4439 2046 4487 mento
2086 4429 2274 4500 Lippe,
2327 4430 2450 4484 data
2500 4430 2724 4500 pecunia
2768 4431 3101 4502 principibus
3146 4431 3236 4500 qui
3276 4433 3436 4500 primi

1859 4532 2016 4578 erant
2043 4523 2095 4576 in
2123 4523 2324 4593 palatio
2352 4523 2496 4594 regis
2518 4523 2770 4594 Eadgari.
2803 4522 2935 4578 Nam
2962 4533 3018 4577 et
3040 4532 3166 4576 ante
3188 4521 3433 4577 Odonem

1861 4631 2052 4686 magna
2100 4617 2166 4670 ad
2210 4616 2526 4687 rapiendum
2563 4617 2923 4672 sacerdotium
2962 4614 3211 4684 cupidine
3240 4615 3433 4685 ageba-

1860 4718 1971 4772 tur,
2003 4709 2097 4763 sed
2121 4708 2386 4764 bonorum
2429 4708 2735 4763 constantia
2768 4711 3146 4779 episcoporum
3179 4705 3446 4778 impediev

1858 4800 2037 4877 batur.
2087 4798 2239 4854 Unde
2284 4815 2405 4856 enm
2435 4797 2520 4854 die
2548 4799 2812 4853 adventus
2852 4801 2934 4854 sui
2964 4794 3326 4850 Cantuariam
3362 4809 3445 4847 so.

1859 4890 2022 4944 lemni
2083 4893 2429 4959 processione
2475 4900 2760 4960 susceptus
2805 4889 2999 4946 fuisset
3031 4925 3045 4942 .
3094 4888 3350 4944 accessit
3397 4882 3464 4935 ad

1859 4981 2164 5050 sepulcrum
2192 4980 2292 5034 viri
2329 4979 2444 5043 Dei,
2481 4986 2740 5048 stansque
2767 4993 2934 5049 super
2966 4972 3095 5028 illud
3128 4971 3210 5025 ita
3257 4967 3468 5032 furiam

1860 5074 1959 5127 bus
2012 5071 2191 5126 verbis
2243 5073 2502 5130 defuncto
2555 5071 2928 5139 exprobravit,
2982 5065 3170 5120 dicens
3208 5081 3226 5116 :
3272 5070 3478 5133 Inepte.

1861 5179 1987 5219 ecce
2015 5171 2066 5217 tu
2096 5171 2344 5220 mortuus
2381 5177 2462 5226 es,
2491 5169 2547 5212 et
2571 5163 2672 5216 sub
2703 5160 2894 5218 tellure
2923 5154 3178 5230 putridus
3205 5154 3408 5222 jaces.
3435 5157 3486 5204 el

1857 5279 1942 5348 gia
1984 5274 2278 5356 Saxonica,
2309 5279 2495 5356 innqua
2533 5271 2651 5326 Odo
2696 5275 3130 5356 arclr_ieRiscopug
3158 5265 3499 5356 okiisse‘di;
