3964 5356
539 319 642 374 θίδ
1598 315 1654 370 s.
1697 315 1946 371 osurus
1980 314 2297 370 ARCHIEP.
2339 313 2688 373 castrum.
3191 286 3194 287 ί
3669 321 3776 377 '91.:

534 448 634 504 ego
665 445 786 486 cum
824 430 1046 486 voluero
1077 428 1141 482 de
1173 436 1221 480 te
1255 435 1502 497 potenter
1532 426 1896 496 triumphabo.
1928 424 2002 479 Te
2033 427 2114 478 vi-
2140 436 2182 490 Λ
2217 428 2532 484 existimans
2565 429 2900 482 nimietatem
2947 428 3164 500 frigoris
3210 431 3299 485 tali
3345 447 3506 502 posse
3557 438 3781 491 remedio

537 531 694 577 vente
736 535 978 576 summus
1006 518 1298 590 Anglorum
1331 515 1570 587 pontifex
1612 531 1730 571 esse
1780 516 2018 586 nequivi,
2060 523 2110 570 te

533 615 766 670 obeunte
808 613 983 667 factus
1033 611 1262 682 idipsum
1310 627 1430 666 sum
1472 611 1625 680 juxta
1660 611 1802 680 quod
1836 609 1964 665 olim
1993 624 2112 664 esse

532 706 838 776 concupivi.
873 706 939 759 Et
967 705 1114 768 inde,
1159 701 1297 758 male
1329 719 1392 757 ac
1421 703 1693 771 decrepile
1719 716 1904 765 senex,
1937 699 2111 754 nullas

531 798 739 868 gratias
780 796 1001 861 habeas,
1049 795 1174 864 quia
1213 795 1256 848 si
1300 794 1438 847 ultra
1475 792 1654 847 vivere
1683 791 1970 862 potuisses,
2012 805 2111 846 nec

523 889 686 953 mihi,
743 903 846 944 nec
895 887 988 942 ulli
1038 887 1124 941 vel
1173 885 1515 956 participium
1567 885 1736 938 habiti
1783 883 2002 938 honoris
2035 881 2110 935 tui

532 982 832 1036 concedere
875 980 1161 1034 voluisses.
1194 977 1272 1033 lta
1301 978 1388 1032 ille
1418 977 1592 1046 palam
1619 978 1672 1032 in
1704 977 1987 1047 praesentia
2014 990 2110 1030 eo-

530 1082 651 1121 rum
694 1068 786 1136 qui
836 1066 1063 1122 aderant
1107 1066 1262 1131 dixit,
1314 1075 1368 1120 et
1415 1064 1605 1120 baculo
1658 1066 1898 1118 tumbam
1937 1062 2110 1118 sancti

529 1155 862 1225 percutiens,
912 1154 1133 1216 trisulco
1179 1153 1361 1208 furore
1395 1169 1501 1224 quo
1542 1153 1826 1208 tenebatur
1852 1167 2113 1207 accensus

530 1246 653 1302 inde
669 1246 912 1301 recessit.
939 1246 1043 1301 Sed
1070 1246 1256 1300 eadem
1283 1255 1461 1312 nocte,
1488 1247 1611 1300 dum
1639 1245 1960 1299 mortalibus
1983 1259 2113 1298 con-

528 1350 686 1390 cessa
740 1337 955 1405 requies
1000 1345 1167 1401 esset,
1214 1336 1464 1405 apparuit
1505 1336 1695 1390 beatus
1723 1335 1840 1391 Odo
1869 1336 2114 1391 ecclesiae

529 1423 828 1480 Salvatoris
873 1425 1034 1496 digno
1081 1426 1312 1490 custodi,
1358 1425 1566 1480 vultum
1615 1427 1844 1482 lacteum
1880 1426 2110 1490 habens,

527 1517 912 1572 vestimentum
967 1530 1096 1570 vero
1148 1515 1288 1570 rosei
1341 1515 1579 1582 coloris,
1640 1516 1714 1570 ita
1763 1517 1937 1571 virum
1985 1515 2115 1571 allo-

530 1622 706 1677 quens
731 1624 743 1660 :
783 1606 996 1662 Dormis
1030 1621 1097 1660 an
1125 1605 1356 1678 vigilas?
1385 1607 1648 1674 Dormivi,
1683 1608 1857 1677 inquit
1887 1608 1998 1674 ille,
2027 1622 2114 1663 se-

524 1697 647 1752 nior
669 1695 992 1762 venerande,
1025 1696 1117 1752 sed
1149 1711 1276 1752 ecce
1302 1695 1485 1767 vigilo,
1517 1706 1568 1751 te
1598 1696 1870 1767 loquente.
1901 1698 1973 1751 At
1997 1696 2106 1764 ille,

2212 519 2458 587 propelli.
2497 519 2602 574 Sed
2635 536 2740 575 non
2771 534 3021 576 cessante
3059 523 3150 590 qui
3183 522 3330 577 illum
3381 526 3666 580 cruciabat
3707 529 3782 581 di-

2213 607 2339 662 vino
2359 607 2574 674 furore,
2612 610 2823 665 Domini
2858 611 3195 680 majestatem
3226 614 3425 685 impius
3455 615 3785 686 blasphema-

2213 696 2312 762 vit,
2341 707 2397 752 et
2421 700 2784 770 sicpollutum
2812 719 2971 758 suum
3001 706 3251 774 spiritum
3279 708 3332 774 in
3363 708 3562 763 mediis
3591 709 3788 778 ignibus

2211 789 2507 844 exhalavit.
2540 791 2615 846 lta
2644 807 2704 848 se
2730 794 3120 851 demonstravit
3158 797 3283 852 felix
3313 796 3434 854 Odo
3465 800 3686 856 Christo
3716 806 3788 856 ri~

2211 892 2359 945 vere,
2392 897 2549 950 quem
2577 885 2793 953 penitus
2822 896 3092 942 mortuum
3142 887 3333 944 infelix
3357 889 3610 946 Elfsinns
3636 907 3787 947 ausus

2210 977 2294 1022 est
2315 973 2556 1028 credere.

2212 1056 2500 1115 Birthelmo
2555 1073 2786 1137 remoto,
2824 1069 3064 1137 _succedit
3123 1069 3480 1137 Dunstanus;
3545 1071 3790 1130 Columba

2303 1147 2461 1200 super
2494 1135 2788 1202 sepulcrum
2812 1134 2868 1190 S.
2917 1137 3140 1205 Odonis,
3175 1144 3263 1211 qui
3292 1134 3496 1213 Segode
3523 1146 3713 1198 dictus.

2283 1219 2370 1274 17.
2412 1219 2526 1276 Hoc
2555 1223 2626 1277 ita
2658 1235 2872 1280 mortuo
2904 1227 3252 1297 Birthelmus,
3293 1231 3644 1288 Dorsetcnsis
3677 1251 3794 1305 pro-

2212 1309 2402 1364 vinciae
2428 1313 2645 1381 praesul,
2676 1316 2837 1371 homo
2867 1319 3049 1375 nimia:
3077 1323 3294 1392 pietatis
3317 1340 3383 1378 ac
3412 1325 3789 1396 simplicitatis,

2214 1400 2266 1454 in
2302 1402 2674 1471 pontificatum
2710 1407 3128 1465 Cantuariorum
3175 1413 3551 1469 substituitur.
3598 1416 3789 1471 Verum

2214 1494 2303 1549 ubi
2343 1497 2727 1566 comprobatus
2751 1509 2834 1555 est
2860 1501 2916 1555 in
2941 1505 3258 1560 exercendis
3295 1506 3689 1563 ecclesiasticis
3715 1510 3790 1564 di-

2213 1585 2456 1656 sciplinis
2490 1591 2712 1644 omnino
2741 1608 2904 1662 quam
2931 1595 3218 1664 oportebat
3245 1599 3428 1654 minus
3456 1602 3661 1671 vigere,
3684 1603 3792 1671 jus.

2213 1694 2306 1733 sus
2331 1683 2472 1750 quod
2499 1694 2814 1752 susceperat
2835 1702 2970 1742 onus
2997 1688 3258 1755 deseruit,
3283 1700 3340 1746 et
3372 1693 3440 1745 ad
3473 1708 3636 1747 suum
3659 1696 3791 1750 ovile

522 1791 694 1856 vade,
740 1791 935 1860 inquit,
980 1791 1048 1844 ad
1079 1790 1312 1847 ειερηηη
1345 1791 1442 1845 sed
1473 1804 1577 1845 ηοη
1600 1805 1633 1845 a
1658 1791 1771 1846 Deo
1799 1790 2107 1860 episcopum
2139 1789 2185 1848 Β
2214 1771 2497 1838 quieturus
2545 1773 2764 1830 humilis
2793 1777 2970 1831 rediit.
2999 1778 3168 1848 Igitur
3191 1791 3253 1834 ut
3278 1785 3550 1837 sententia
3582 1785 3789 1839 Domini

521 1882 807 1950 Elfsinum,
838 1881 906 1954 [et
953 1883 1094 1938 hanc
1127 1881 1203 1936 illi
1243 1881 1569 1952 legationem
1623 1895 1687 1936 ex
1724 1897 1844 1936 meo
1885 1880 2104 1935 nomine

521 1974 711 2030 defer:
751 1973 881 2029 Haec
931 1974 1154 2028 mandat
1202 1973 1298 2028 tibi
1345 1989 1538 2029 servus
1589 1973 1789 2030 Christi
1820 1975 1954 2031 Odo.
1986 1973 2102 2028 Non

521 2076 640 2121 sum
680 2076 946 2132 mortuus,
978 2065 1073 2120 sed
1110 2066 1230 2120 vivo
1282 2067 1394 2137 regi
1439 2081 1559 2121 meo
1576 2068 1941 2137 omnipotenti
1974 2069 2103 2123 Deo.

521 2159 699 2228 Atque
740 2166 799 2213 ut
846 2159 948 2213 hoc
987 2159 1294 2213 certissime
1347 2160 1669 2228 experiaris,
1725 2161 1938 2215 noveris
1978 2163 2102 2230 quia

521 2251 662 2306 sicut
695 2259 749 2304 tu
781 2266 940 2306 causa
973 2249 1078 2304 mei
1105 2251 1283 2305 adhuc
1312 2250 1364 2304 in
1397 2267 1562 2305 carne
1589 2252 1820 2306 viventis
1849 2269 1952 2306 non
1979 2267 2105 2306 eva-

521 2340 669 2395 luisti
722 2343 788 2395 ad
838 2342 1366 2412 archiepiscopatum
1412 2343 1858 2396 Cantuartcnsem
1913 2357 2100 2412 pervc-

521 2433 660 2497 nire,
718 2433 788 2486 ita
841 2448 937 2502 per
988 2448 1073 2485 me
1104 2433 1154 2485 in
1183 2431 1391 2486 etelesti
1442 2448 1606 2503 regno
1651 2448 1794 2487 nunc
1837 2434 2102 2488 viventem

520 2523 768 2578 invasum
835 2523 1095 2578 honorem
1149 2523 1201 2576 in
1243 2522 1490 2592 proximo
1530 2524 1742 2593 perdes.
1795 2524 1933 2578 Audi
1976 2539 2106 2594 ergo

518 2629 638 2684 qua:
660 2615 800 2678 dico,
835 2614 1086 2682 quoniam
1115 2615 1368 2668 hesterno
1399 2613 1487 2667 die
1516 2613 1696 2668 verbis
1730 2615 1860 2669 mihi
1885 2605 2100 2670 deriso-

519 2707 616 2764 riis
649 2707 1012 2776 exprobrasli,
1059 2705 1252 2762 baculo
1286 2715 1375 2761 tuo
1407 2707 1711 2777 sepulcrum
1760 2721 1939 2762 meum
1979 2723 2106 2777 per-

518 2800 733 2855 cussisti
760 2817 771 2852 :
797 2799 1031 2870 praedico
1049 2798 1149 2852 tibi
1174 2797 1299 2868 quia
1327 2813 1477 2854 mare
1506 2797 1905 2864 transfretabis,
1937 2798 2103 2869 Alpes

517 2894 824 2956 ascendes,
881 2891 974 2945 sed
1029 2906 1373 2960 nequaquam
1427 2891 1649 2960 pallium
1708 2892 2106 2961 patriarrhatus

517 2994 718 3038 sanctie
755 2982 1187 3037 Dorobcrncnsis
1238 2982 1494 3037 Ecclesia:
1543 2984 1836 3049 obtinebis,
1878 2999 1978 3039 nec
2007 3000 2105 3039 un-

517 3088 678 3141 quam
713 3072 764 3125 in
794 3071 1092 3140 apostolica
1124 3071 1240 3140 ejus
1266 3073 1393 3127 sede
1416 3073 1648 3128 sedebis.
1678 3073 1770 3128 ille
1801 3084 1980 3128 autem
2009 3074 2100 3144 qui

2212 1870 2267 1913 et
2315 1863 2597 1930 prophetia
2647 1864 2796 1920 beati
2849 1866 3051 1922 Odonis
3099 1871 3240 1925 servi
3291 1872 3376 1926 sui
3428 1875 3634 1929 veritas
3679 1891 3793 1930 esse

2211 1951 2561 2020 probaretur,
2601 1955 2930 2024 Dunstanus,
2956 1959 3067 2029 jam
3099 1970 3223 2016 tunc
3252 1961 3656 2021 Lundoniensis
3692 1967 3793 2021 Ec-

2212 2044 2390 2101 clesiae
2431 2046 2707 2116 pontifex,
2759 2066 2788 2104 a
2837 2065 2962 2122 rege
3008 2062 3062 2106 et
3106 2068 3274 2124 regno
3320 2054 3572 2127 eligitur,
3619 2073 3683 2111 ac
3741 2061 3792 2112 in

2211 2137 2638 2205 patriarchatum
2708 2142 2877 2197 totius
2945 2142 3245 2201 Bi'itanniae
3313 2147 3557 2217 glorioso
3623 2149 3795 2205 Odoui

2212 2227 2564 2296 dignissimus
2589 2247 2873 2288 successor
2911 2236 3258 2308 subrogatur.
3301 2238 3472 2307 Cujus
3509 2241 3795 2306 Dunstani,

2211 2327 2265 2373 et
2292 2321 2452 2391 hujus
2493 2323 2559 2378 de
2601 2340 2708 2393 quo
2757 2328 2985 2395 agimus‘
3012 2327 3186 2384 Patris
3231 2329 3438 2385 Odonis
3480 2332 3617 2386 illud
3660 2335 3796 2388 inter

2213 2407 2316 2463 alia
2353 2425 2457 2465 non
2483 2428 2652 2483 parvo
2674 2418 3060 2484 cognoscendae
3087 2420 3397 2476 sanctitatis
3423 2432 3479 2475 et
3508 2423 3800 2478 beatitudi-

2212 2505 2296 2560 nis
2324 2505 2536 2563 illorum
2564 2509 2762 2566 indicio
2789 2521 2896 2578 est,
2930 2516 3070 2582 quod
3099 2515 3382 2572 Dunstano
3410 2519 3462 2572 in
3493 2518 3584 2573 die
3612 2531 3796 2574 sancto

2210 2596 2558 2656 Pentecostes
2613 2604 2834 2659 missam
2883 2607 2947 2660 ad
2995 2608 3164 2662 altare
3213 2609 3430 2664 Domini
3491 2611 3791 2668 Salvatoris

2211 2687 2518 2746 Cantuariae
2566 2693 2894 2762 celebrante,
2941 2697 3176 2768 Spiritus
3223 2709 3449 2756 sanctus
3497 2703 3596 2771 qui
3642 2717 3797 2772 ευμεν

2213 2779 2384 2850 ipsum
2418 2783 2469 2836 in
2500 2785 2680 2853 specie
2725 2785 2988 2843 columba:
3033 2791 3307 2860 apparuit,
3353 2804 3689 2862 consumpto
3717 2810 3799 2847 sa-

2210 2872 2416 2927 crificio
2439 2874 2491 2930 in
2524 2877 2816 2932 australem
2847 2878 3034 2933 altaris
3061 2891 3297 2951 partem,
3349 2883 3442 2935 ubi
3476 2885 3799 2938 venerabiiis

2209 2963 2325 3022 Odo
2355 2967 2649 3024 tumulatus
2686 2969 2925 3038 jacebat,
2975 2974 3214 3039 dirertit,
3261 2987 3318 3030 et
3362 2992 3536 3047 super
3564 2980 3798 3033 tumbam

2209 3055 2325 3126 ejus
2367 3060 2549 3114 multis
2595 3061 2931 3119 intuentibus
2963 3066 3250 3134 requievit.
3281 3066 3419 3135 ρυω
3451 3085 3546 3124 res
3575 3073 3629 3125 in
3659 3083 3798 3125 tanta

519 3164 634 3217 hate
661 3163 884 3228 viderat,
923 3163 1120 3217 timens
1147 3164 1382 3233 episcopi
1409 3165 1692 3230 szevitiam,
1723 3142 2101 3221 dissimulabat

2211 3152 2514 3207 reverentia
2544 3153 2612 3207 ab
2633 3153 2750 3223 ipso
2775 3155 3050 3211 Dunstano
3082 3158 3263 3212 habita
3293 3171 3399 3224 est,
3433 3171 3495 3215 ut
3525 3178 3796 3234 nunquam

520 3252 623 3308 ista
675 3253 948 3307 nuntiare.
1003 3251 1260 3320 Sequenti
1310 3263 1470 3308 nocte
1515 3254 1766 3322 apparuit
1809 3255 1859 3308 ei
1904 3256 2100 3310 iterum

519 3352 740 3400 sanctus
756 3343 859 3396 Dei
893 3352 1166 3412 quaeat-te
1196 3343 1410 3398 dixerat
1439 3344 1664 3399 dicens:
1689 3344 1784 3399 sed
1829 3359 1931 3399 nec
1976 3354 2103 3399 tunc

517 3452 640 3506 quae
669 3436 919 3490 audierat
951 3437 1116 3490 homo
1159 3435 1409 3490 nuntiare
1455 3437 1708 3491 audebat.
1759 3437 1890 3492 ltem
1943 3437 2102 3492 tertia

519 3536 682 3580 nocte
714 3526 1010 3580 adveniens
1040 3525 1122 3578 vir
1149 3524 1242 3578 Dei
1272 3523 1567 3594 pontificali
1591 3525 1852 3596 dignitate
1883 3525 2104 3581 redimi-

521 3631 628 3682 tus,
671 3618 974 3688 increpavit
1007 3617 1224 3688 prtefati
1255 3617 1490 3673 hominis
1515 3619 1838 3682 socordiam,
1870 3618 2060 3674 dicens
2087 3638 2099 3674 :

518 3707 572 3762 Si
599 3709 719 3761 vita:
749 3715 852 3762 tua:
879 3708 1292 3777 prosperitatem
1317 3709 1776 3778 gnarusretinere
1802 3709 2100 3776 desideras,

518 3814 712 3854 moneo
745 3813 812 3852 ne
839 3799 980 3868 quod
1021 3814 1049 3852 a
1083 3813 1168 3853 me
1209 3798 1448 3854 secundo
1489 3800 1682 3854 audisti
1713 3801 1980 3870 episcopo
2011 3809 2103 3856 tuo

519 3891 761 3946 revelare
789 3889 1120 3944 dissimules.
1149 3888 1283 3943 Nam
1313 3890 1359 3943 si
1395 3889 1612 3955 feceris,
1654 3891 1705 3944 in
1735 3892 1894 3961 pinna
1928 3899 2018 3946 tua
2052 3904 2103 3946 te

514 3981 651 4035 bene
677 3981 868 4034 fecisse
895 3979 1177 4048 probabis.
1209 3978 1344 4032 Tum
1367 3979 1458 4035 ille
1492 3989 1866 4049 experrectus,
1911 3989 1967 4036 et
2011 3981 2104 4036 ad-

517 4073 734 4125 modum
767 4071 1108 4140 perterritns,
1148 4085 1305 4124 mane
1337 4070 1484 4126 facto
1516 4073 1756 4141 perrexit
1791 4072 1859 4126 ad
1899 4071 2103 4141 episco~

515 4179 642 4232 pum
698 4164 1118 4230 ineurvatusque
1165 4171 1280 4216 toto
1329 4175 1556 4232 corpore
1611 4171 1736 4216 ante
1785 4162 1936 4216 illum
1977 4163 2098 4216 ait:

517 4255 676 4308 Venit
705 4256 770 4308 ad
801 4269 907 4319 me,
937 4253 1096 4308 Pater
1127 4253 1462 4319 honorande,
1495 4254 1774 4324 speciosus
1801 4263 1857 4306 ut
1881 4253 2103 4323 angelus

516 4346 608 4398 Dei
661 4345 925 4415 gloriosus
960 4343 1075 4399 Odo
1103 4345 1469 4414 pnetlecessor
1519 4353 1662 4408 tuus,
1715 4345 1806 4414 qui
1845 4345 1960 4399 hinc
2007 4345 2100 4400 tibi

512 4435 772 4504 prtecepit
806 4435 1109 4488 denuntiari
1141 4452 1152 4486 :
1185 4435 1475 4499 Quoniam,
1514 4434 1689 4503 inquit
1717 4435 1851 4488 mihi
1883 4435 2098 4488 dienu-

2207 3252 2326 3314 post
2355 3244 2458 3300 hoc
2503 3253 2628 3299 ante
2674 3247 2985 3316 sepulcrum
3019 3249 3162 3304 illius
3191 3251 3457 3305 transiret
3491 3254 3602 3308 nisi
3639 3271 3796 3323 genua

2205 3334 2462 3390 flecteret.
2489 3336 2820 3408 Cognomine
2847 3355 3062 3409 quoque
3091 3341 3213 3396 boni
3247 3343 3302 3396 in
3333 3342 3600 3399 materna
3630 3347 3795 3418 lingua

2206 3427 2354 3482 illum
2385 3428 2641 3499 deinceps
2669 3445 2866 3484 vocare
2902 3431 3128 3496 solebat,
3151 3432 3412 3488 videlicet
3441 3434 3572 3490 Odo
3604 3435 3799 3506 Segode

2209 3517 2329 3590 [al.,
2379 3519 2678 3593 'l‘hcgood],
2709 3523 2855 3590 quod
2886 3523 3276 3592 interpretatur
3305 3525 3426 3578 Udo
3461 3527 3659 3582 bonus.
3695 3531 3797 3594 Quo

2206 3613 2526 3682 cognomine
2547 3613 2711 3668 etiam
2737 3629 2908 3684 usque
2933 3615 3092 3670 hodie
3116 3616 3182 3670 ab
3205 3614 3416 3685 Anglis,
3445 3619 3549 3672 sed
3579 3619 3798 3673 maxime

2205 3718 2236 3757 a
2259 3702 2590 3760 Cantuaritis
2619 3706 2937 3776 appellatur.
2964 3707 3057 3763 His
3084 3709 3155 3762 ita
3183 3708 3504 3779 descriptis,
3537 3725 3702 3782 gesta:
3727 3713 3794 3766 rei

2206 3797 2376 3850 series
2405 3798 2662 3851 narrandi
2691 3798 2850 3853 finem
2889 3800 3218 3869 expostulat,
3254 3816 3423 3869 quem
3466 3802 3562 3857 hic
3589 3805 3792 3872 quidem

2206 3889 2478 3957 ponimus,
2534 3899 2590 3944 et
2636 3889 2691 3943 in
2737 3905 2802 3945 eo
2848 3891 3016 3945 Deum
3063 3891 3153 3960 qui
3196 3901 3282 3946 est
3323 3892 3456 3948 finis
3488 3904 3550 3947 et
3573 3894 3794 3964 complc-

2209 3991 2450 4034 mentum
2478 3981 2721 4036 omnium
2752 3981 3042 4046 bonorum,
3069 3990 3308 4036 consona
3334 3997 3474 4038 voce
3500 3983 3790 4040 laudamus.

2206 4071 2296 4140 qui
2331 4087 2526 4127 nomen
2575 4088 2734 4127 suum
2787 4073 2839 4126 in
2889 4073 3035 4126 omni
3083 4081 3243 4144 gente
3292 4074 3368 4128 ita
3417 4074 3712 4145 glorificat,
3742 4084 3790 4126 ut

2205 4162 2516 4232 quicunque
2567 4163 2718 4218 illum
2765 4162 2918 4218 timet
2967 4173 3022 4217 et
3071 4175 3339 4232 operatur
3373 4165 3675 4236 justitiam,
3705 4183 3787 4219 ac-

2205 4263 2393 4321 ceptus
2420 4254 2490 4308 sit
2515 4253 2612 4308 illi.
2657 4253 2735 4308 llli
2766 4269 2894 4324 ergo
2921 4255 2992 4308 sit
3034 4254 3154 4309 latts
3201 4265 3258 4309 et
3306 4258 3620 4325 gratiarum
3662 4258 3786 4312 actia

2206 4363 2302 4417 per
2334 4347 2540 4401 infinita
2566 4347 2761 4403 srecula
2789 4348 3130 4413 saeculorum,
3161 4364 3347 4405 amen.

2212 4441 2278 4495 Ut
2311 4457 2430 4496 rosa
2464 4442 2529 4496 de
2562 4442 2754 4510 spinis,
2788 4441 2867 4495 sic
2889 4442 3086 4510 prodiit
3113 4441 3231 4498 Odo
3256 4445 3511 4512 paganis,

514 4500 874 4577 iliustertiano
904 4523 1083 4576 verbis
1115 4523 1374 4576 ilillSOI'iiS
1395 4500 1760 4590 CXPI‘Ob-l‘ﬂSli,
1791 4521 1982 4576 baculo
2008 4531 2096 4576 lllO
2131 4500 2179 4557 D
2273 4534 2539 4602 Stigmata
2567 4500 2804 4606 p-erlidjm
2837 4500 2976 4588 milia
3009 4545 3234 4604 parcum
3258 4500 3511 4592 inﬁmus:

514 4615 824 4685 sepulcrum
871 4629 1056 4668 meum
1112 4615 1467 4682 percussisti,
1531 4614 1766 4684 praedico
1824 4616 1915 4668 tibi
1971 4617 2097 4684 quia

516 4721 664 4760 mare
700 4704 1098 4767 transfretabis,
1130 4704 1291 4772 Alpes
1317 4704 1599 4769 ascendes,
1635 4706 1728 4760 sed
1755 4719 2095 4774 nequaquam

513 4801 733 4869 pallium
755 4797 1177 4869 «patriarchatus
1213 4806 1414 4850 sanetae
1452 4796 1882 4852 Dorobernensis
1915 4797 2099 4852 Eccle-

509 4891 604 4944 sia:
635 4890 927 4954 obtinebis,
979 4902 1078 4942 nec
1121 4901 1365 4956 unquant
1415 4887 1465 4940 in
1498 4887 1792 4957 apostolica
1823 4887 1940 4956 ejus
1971 4891 2100 4947 sede

509 4981 740 5036 sedebis.
789 4981 995 5046 Quibus
1047 4977 1210 5033 dictis
1257 4978 1463 5032 dimisit
1491 4995 1519 5032 a
1558 4994 1616 5034 se
1648 4980 1934 5049 episcopus
1963 4982 2097 5035 rela-

509 5071 958 5135 torem-visionis,
989 5070 1387 5140 parvipendens
1416 5085 1476 5124 ea
1509 5085 1629 5139 quae
1657 5070 1904 5125 audierat
1934 5075 2094 5128 verba

509 5165 726 5212 inenlm-
759 5173 817 5212 ut
845 5163 1076 5212 dicebat-
1103 5162 1568 5212 comminationis-
1597 5161 1707 5212 Si!!!
1736 5164 1965 5212 evolutis
1993 5166 2093 5212 ali—

2201 4624 2401 4681 Conlra
2431 4635 2554 4681 vota
2577 4639 2789 4696 patrum
2821 4629 2944 4682 fidei
2963 4611 3294 4697 ‘complexus
3325 4641 3601 4692 aratrum.

2277 4715 2346 4770 Ut
2374 4715 2546 4770 bonus
2576 4718 2811 4786 agricola
2825 4719 3016 4773 cordis
3047 4721 3243 4772 arabat
3274 4721 3520 4774 humum.

2205 4806 2480 4877 Sanguine
2513 4807 2781 4872 sublimis,
2815 4807 3098 4862 sublimior
3123 4809 3320 4864 ordine
3348 4827 3582 4874 murum,

2275 4899 2467 4954 Clarus
2499 4900 2776 4970 progenie,
2813 4898 3012 4953 clarior
3035 4914 3129 4954 ore
3162 4900 3286 4954 fuit.

2208 4989 2302 5044 Vir
2325 4988 2550 5044 sceleris
2574 5005 2741 5058 purus
2771 4990 3097 5043 occursabat
3122 4989 3430 5054 sceleratis,

2276 5078 2484 5132 Summi
2511 5093 2670 5148 regna
2699 5078 2876 5133 Patris
2903 5079 3233 5149 amplificare
3259 5083 3502 5143 studens.

2206 5171 2590 5212 Vtrtttltimmm
2616 5171 2846 5212 nimia-nr
2883 5171 2954 5212 illi
2995 5173 3293 5212 Iwmnnr-lin
3327 5184 3509 5212 Inlan
