3964 5356
1628 258 1724 272 ιο.--

125 367 215 424 M5
1353 333 1974 419 cossrtwrtoius.

3235 353 3339 408 946

2236 538 3341 564 W

102 780 119 851 ,
188 800 195 805 ,
1025 672 1696 790 sanan
1772 673 2441 791 onoms

1222 907 1699 951 ABCBIEPISCOPI
1743 905 2243 952 CANTUARIENSIS

180 1082 641 1187 EPISTOLA
716 1082 816 1184 IN
876 1084 1187 1182 Vl’l‘AM
1260 1082 1769 1182 WILFREDI
1840 998 2576 1184 ABGHIEPISCOPI
2646 1083 3321 1187 EBOBACENSIS.

1031 1272 1190 1335 (Apul
1221 1272 1473 1333 Wartbon,
1501 1269 1670 1333 Anglia
1702 1282 1856 1333 sacra,
1882 1276 1998 1321 tom.
2026 1269 2091 1333 Il,
2126 1283 2242 1335 pag.
2267 1273 2371 1336 50.)

183 1490 500 1547 0rtbo:lox:e
546 1490 667 1545 fidei
716 1489 979 1545 famulitio
1036 1491 1328 1555 ancillatis,
1377 1490 1690 1559 eisdemque
1719 1488 2002 1556 Aminia,
2068 1490 2336 1547 neminem
2407 1489 2645 1559 ejusdem
2715 1492 2986 1562 prosapiei
3061 1491 3379 1563 pbisilegam

114 1584 472 1641 ecclesiastico
515 1583 901 1638 antistantibus
942 1583 1217 1651 proposito
1262 1597 1694 1651 quaquaversum

115 1676 277 1739 orbis,
312 1685 420 1729 tam
448 1673 775 1729 instantibus
801 1688 1072 1743 quamque
1112 1672 1306 1728 futuris
1331 1713 1346 1738 ,
1376 1672 1492 1728 Ono
1533 1673 1698 1729 Duro-

117 1768 453 1823 bcrnicarum
502 1765 666 1837 opilio
704 1765 986 1821 ovillarum
1034 1765 1086 1818 in
1127 1773 1331 1819 sancta:
1379 1765 1699 1820 humilitatis

116 1858 456 1914 consortioue
508 1856 791 1926 collegium
839 1865 896 1911 et
946 1856 1311 1917 in_coneessn
1366 1855 1700 1911 inexhausta:

116 1949 458 2005 lentitudinis
480 1948 795 2016 tripudium.

183 2038 356 2109 Saga:
392 2040 643 2094 humanm
677 2038 1011 2094 curiositatis
1047 2038 1308 2093 industria
1337 2039 1461 2093 dum
1498 2039 1702 2109 jngiter

117 2130 405 2201 aggeratim
453 2130 556 2184 sibi
614 2130 893 2200 provideat
943 2129 1145 2195 labilia,
1203 2130 1337 2185 adeo
1383 2129 1702 2200 plerumque

117 2222 417 2290 protelatur
448 2220 881 2291 philauthropia,
914 2230 974 2276 ut
1002 2221 1471 2277 intransmeabiles
1495 2231 1703 2278 naturae

118 2320 285 2367 metas
314 2311 613 2367 insolenter
638 2314 954 2381 praeteriens
983 2312 1340 2381 undecunque
1363 2322 1418 2367 et
1441 2314 1553 2384 jant
1582 2313 1704 2369 infi-

113 2404 300 2458 tiando
336 2402 771 2473 conquirendum
823 2401 940 2458 fore
988 2403 1335 2475 praeordinet.
1373 2403 1583 2458 Etenim
1636 2419 1700 2459 ex

112 2510 214 2565 quo
240 2494 478 2565 paradisi
500 2493 775 2550 terrestris
796 2493 1077 2564 primicola
1100 2494 1341 2564 viperina
1366 2494 1542 2549 minus
1566 2509 1703 2563 prte-

116 2587 277 2638 sensit
325 2583 531 2649 eludia,
590 2583 863 2654 dilatoque
912 2584 1105 2639 mortis
1153 2584 1477 2655 compendio
1522 2584 1701 2639 debita

116 2675 336 2730 moleste
372 2675 541 2744 cmpit
571 2674 815 2730 aﬂlictari
843 2675 1083 2741 solertia,
1112 2674 1378 2746 insopibili
1408 2675 1523 2732 fere
1554 2692 1705 2731 mun-

114 2768 264 2823 dialis
284 2764 587 2823 enormitas
610 2777 892 2838 grassatur
918 2768 1272 2837 parcimonia,
1300 2768 1440 2823 unde
1459 2777 1516 2823 et
1534 2767 1702 2825 obsti-

1798 1582 2009 1636 nescire
2033 1581 2309 1652 profiteor.
2338 1581 2529 1654 [Igitur
2565 1582 3057 1639 venerabilissimas
3083 1582 3227 1638 beati
3254 1597 3383 1638 con-

1799 1671 2023 1728 fessoris
2048 1672 2252 1727 Christi
2297 1672 2545 1728 Wilfredi
2595 1673 2850 1743 reliquias
2894 1673 3161 1730 indecenti
3211 1672 3383 1729 senti-

1799 1779 1945 1819 nosze
1963 1764 2231 1834 voraginis
2251 1762 2355 1817 situ
2380 1764 2664 1827 marcidas,
2698 1764 2808 1819 imo
2835 1763 2976 1833 quod
3004 1764 3148 1819 dictu
3171 1778 3383 1835 quoque

1801 1855 2175 1910 meticulosum
2220 1862 2325 1919 est,
2355 1854 2702 1924 prtelatorum
2752 1854 3160 1925 horripilatione
3206 1854 3387 1924 negle-

1801 1952 1940 2008 ctas,
1977 1927 2098 1999 cum
2138 1945 2261 2000 inde
2306 1943 2519 1999 favente
2571 1944 2681 1999 Deo
2724 1943 2930 1999 scilicet
2964 1952 3021 1998 et
3072 1943 3193 1998 loco
3236 1943 3384 2013 (275)

1802 2035 2031 2104 sepulcri
2062 2035 2199 2105 ejus-
2219 2035 2436 2105 quidam
2476 2033 2913 2098 transtulissent,
2948 2043 3259 2088 reverenter
3286 2048 3387 2087 ex-

1803 2126 1942 2196 cepi,
1969 2137 2131 2195 atque
2161 2125 2303 2180 intra
2328 2125 2590 2181 ambitum
2615 2112 3067 2195 metropolitanaa.
3102 2123 3186 2178 cui
3212 2123 3386 2194 gratia

1803 2216 1897 2272 Dei
1912 2216 2207 2287 ,prtesideo,
2240 2214 2492 2271 Ecclesiae
2512 2214 2814 2287 collocavi.]
2839 2213 3146 2268 Praesertim
3167 2223 3392 2284 cogente

1805 2309 1896 2365 illo
1924 2307 2268 2380 evangelista:
2298 2307 2628 2371 testimonio,
2680 2321 2802 2361 meo
2848 2305 3097 2361 videlicet
3146 2304 3394 2375 apologe-

1807 2401 1936 2457 tico.
1978 2400 2117 2467 Quia
2148 2398 2441 2469 ubicunque
2479 2398 2636 2468 fuerit
2672 2413 2893 2467 corpus,
2937 2395 3395 2466 congregabantur

1804 2504 1852 2549 et
1877 2492 2069 2565 aquila:
2094 2491 2310 2563 (Matth.
2337 2507 2485 2557 sxw,
2510 2491 2622 2563 28).
2647 2489 2834 2560 itaque
2857 2500 3020 2544 tantae
3046 2496 3263 2558 tamque
3284 2488 3394 2543 Deo

1805 2585 1979 2657 dignae
2008 2583 2286 2639 allinitatis
2314 2582 2613 2640 delectatus
2638 2581 2932 2644 vicinitate,
2962 2589 3017 2637 et
3042 2580 3273 2636 editiore
3301 2593 3396 2634 eas

1805 2676 2041 2733 entheca
2082 2676 2362 2740 decusare,
2394 2683 2451 2729 et
2503 2672 2774 2743 execrptis
2817 2671 2886 2728 de
2936 2671 3073 2727 libro
3118 2671 3245 2726 vitae
3281 2668 3396 2739 ejus

1805 2767 2073 2834 ﬂosculis,
2106 2782 2248 2823 novo
2298 2781 2462 2837 opere
2500 2765 2732 2837 pretium
2772 2764 2900 2819 duxi
2943 2763 3183 2820 carmine
3223 2777 3397 2819 venu-

115 2860 337 2914 natioris
374 2859 664 2930 parcitatis
692 2859 1011 2915 silvescente
1040 2862 1357 2931 propagine,
1380 2858 1570 2930 fasque
1597 2875 1698 2916 ne-
1728 2852 1774 2911 B
1802 2867 1970 2915 stare.
2005 2857 2138 2913 lllud
2177 2871 2391 2927 quoque
2442 2856 2795 2911 astruendum
2846 2855 2899 2909 in
2952 2854 3153 2920 calice,
3187 2869 3255 2910 ne
3304 2860 3397 2924 qui

111 2952 296 3022 fasque
324 2952 599 3007 interdum
627 2967 736 3007 non
760 2953 1048 3007 admodum
1075 2952 1311 3009 discrete
1334 2953 1697 3024 compaginat.

112 3044 401 3101 Enimvero
430 3044 588 3101 nobis
612 3044 967 3101 inenacuabili
999 3044 1399 3119 [inenervabili]
1453 3047 1700 3102 veritatis

115 3136 383 3191 testudine
415 3134 640 3205 galeatis
668 3135 918 3207 congruit
968 3135 1301 3193 normalibus
1350 3136 1555 3207 agenda
1610 3152 1701 3191 ru~

112 3226 323 3282 bricare
377 3226 699 3292 methodiis,
740 3235 967 3283 eatenus
1012 3229 1278 3299 praecipue
1315 3237 1374 3283 ut
1404 3229 1700 3285 caanulenti

110 3315 257 3373 flocci
278 3318 578 3389 pendentes
597 3316 746 3372 lucra
760 3319 1097 3383 commercii,
1119 3319 1449 3390 propheticis
1470 3331 1702 3376 concen-

118 3409 262 3463 tibus
291 3408 609 3463 studeamus
629 3409 823 3478 aptari.
851 3408 982 3462 Mihi
1011 3419 1190 3463 autem
1220 3409 1483 3475 dicentes,
1512 3411 1704 3464 Adfue-

1802 2967 1890 3007 me
1910 2964 2100 3020 capera
2110 2959 2162 3003 to
2181 2948 2369 3020 gangit
2388 2946 2713 3003 suscendum
2741 2944 2833 3018 [[2,
2856 2942 3284 3016 suscipiendum]
3307 2959 3395 2998 suo

1802 3041 2022 3112 percilio
2079 3040 2435 3111 impidissimo
2474 3038 2546 3111 [ι’
2567 3035 3030 3109 ,limpidissimo]
3086 3037 3179 3093 Dei
3239 3036 3393 3090 nutui

1803 3133 2037 3189 absurde
2063 3132 2266 3187 nitatur
2296 3129 2580 3201 refragari,
2621 3129 2746 3185 dum
2778 3128 2839 3183 fit
2865 3129 2917 3183 in
2951 3138 3093 3182 terra
3122 3126 3256 3181 nihil
3283 3126 3400 3180 sine

1804 3224 2247 3292 causa.AQnando
2277 3223 2495 3294 quidem
2536 3221 2843 3293 imperitate
2878 3220 3014 3275 vitat
3063 3219 3192 3274 illud
3230 3215 3403 3273 comi-

1800 3334 1936 3374 .cum
1970 3336 1983 3372 :
2022 3319 2252 3372 Auribus
2281 3327 2427 3371 teneo
2457 3314 2659 3385 lupum.
2688 3313 2860 3368 Porro
2883 3312 3095 3367 acerba:
3121 3310 3402 3367 ternieosi-

1816 3409 1941 3463 tatis
1967 3407 2271 3477 injectaque
2300 3405 2664 3475 deperationis
2693 3403 3003 3474 angeIOgias
3050 3401 3238 3456 intrito
3281 3399 3403 3453 uni-

112 3514 221 3552 rere
250 3497 369 3551 Deo
420 3491 612 3549 bonum
660 3507 777 3549 est:
808 3512 913 3565 qua
952 3498 1007 3551 in
1060 3511 1120 3551 re
1166 3512 1235 3552 ex
1280 3499 1548 3554 diametro
1581 3515 1712 3553 con-
1811 3496 2145 3554 versalitatis
2186 3496 2519 3566 epithemate
2562 3504 2618 3551 et
2665 3494 2936 3549 ambrosio
2993 3490 3400 3547 dictionalitatis

111 3599 397 3655 nectatur;
427 3602 535 3643 non
565 3589 615 3644 ei
651 3587 900 3642 famulari
933 3604 1041 3643 non
1069 3589 1266 3643 bonum
1292 3598 1397 3644 est.
1429 3589 1709 3660 Siquidem
1812 3590 2092 3645 collemate
2141 3587 2446 3651 indulcabo,
2495 3587 2715 3657 ringens
2759 3600 2881 3639 cum
2929 3583 3256 3655 giganticida
3299 3580 3400 3634 Do-

108 3697 374 3752 quorsum
424 3681 507 3737 hae
555 3680 724 3735 velint
751 3681 982 3736 evadere
1006 3681 1274 3747 minutiae,
1320 3682 1544 3752 hujusce
1597 3682 1704 3736 mi-
1813 3683 2005 3736 mino:
2038 3680 2152 3751 Ego
2200 3681 2255 3733 in
2307 3678 2531 3733 Domino
2575 3678 2799 3744 speravi.
2853 3674 3036 3732 Omnis
3084 3690 3300 3743 sperans
3346 3674 3401 3726 in

109 3776 278 3831 scelio
320 3773 640 3828 brachilexii
671 3773 1019 3843 contignabo.
1056 3772 1376 3828 Innumeras
1410 3772 1704 3844 Anglorum
1809 3770 2034 3826 Domino
2064 3767 2342 3824 exsultabit
2380 3778 2427 3822 et
2459 3767 2723 3821 (relabitur
2758 3767 2813 3820 in
2858 3764 3219 3820 misericordia
3263 3762 3395 3832 ejus.

110 3864 406 3936 imperium
442 3863 764 3918 sustinuisse
795 3863 922 3917 olim
960 3845 1278 3927 discordias,
1312 3864 1510 3933 quibus
1531 3872 1584 3917 et
1611 3877 1709 3916 an-
1810 3860 1925 3931 Ego
1955 3859 2115 3930 igitur
2140 3856 2412 3913 exsultabo
2456 3866 2505 3911 et
2543 3855 2762 3911 laztabor
2790 3856 2846 3910 in
2895 3853 3252 3909 misericordia
3285 3852 3401 3922 ejus

109 3955 389 4024 tiquorum
422 3953 643 4009 vulnere
666 3953 933 4008 domicilia
958 3962 1194 4024 patrum,
1223 3963 1275 4007 et
1295 3953 1463 4008 multa
1490 3952 1706 4024 religio-
1813 3948 1987 4023 (Psal.
2016 3963 2148 4014 xxx,
2179 3947 2209 4002 7
2230 3948 2422 4019 seqq.).

110 4043 294 4100 sitatis
320 4044 525 4097 unione
557 4041 784 4109 fuscata,
837 4043 1063 4098 theorici
1093 4043 1271 4098 cultus
1308 4042 1586 4099 absolvere
1616 4059 1705 4099 se-

179 4157 333 4240 (ὶἸᾷ)
384 4156 437 4279 tA
491 4159 604 4212 loco
664 4158 805 4228 apud
866 4155 1137 4212 Mabillon.
1170 4157 1291 4212 Act.
1361 4157 1697 4212 Benedictin.
1759 4172 1885 4214 saec.
1948 4170 2000 4220 v,
2050 4167 2102 4222 p.
2143 4151 2270 4216 £85,
2313 4148 2403 4203 ubi
2456 4148 2556 4202 ista
2607 4161 2729 4214 qua:
2808 4143 2963 4198 uncis
3015 4139 3216 4195 inclusa
3271 4149 3402 4193 sunt

179 4243 376 4279 DCI‘IUD
408 4242 491 4279 Ul‘.

113 4242 491 4300 reperiuntur.

116 4358 3295 4398 Μ

1016 4522 1696 4641 SANCTI
1811 4513 2477 4649 ODONIS

1261 4730 1739 4776 ARCHIEPISCOPI
1785 4726 2285 4772 CANTUARIENSIS

893 4815 2635 5016 CONSTITUTIO‘NES
