3964 5356
569 340 675 395 ῦ-ΓΙ

571 450 680 521 γη,
715 449 792 521 ρο
814 451 1145 521 prohibendis
1172 452 1368 509 illicitis
1393 454 1684 509 connuoiis.

568 519 702 577 VIII.
730 519 823 575 De
844 521 1121 576 concordia
1158 524 1213 577 in
1233 523 1467 581 Ecclesia
1493 524 1865 579 conservanda.

690 590 777 665 _l)e
804 590 1028 665 jejuniis
1064 603 1112 645 et
1149 592 1482 665 eleentosynis
1520 594 1793 663 faciendis.

569 660 637 714 Χ.
678 659 758 714 De
806 659 1022 715 decimis
1078 659 1373 719 reddendis.

1159 755 1547 816 PREFATIO.

641 844 696 900 In
737 845 952 902 nomine
977 849 1494 907 sanum-Trinitatis
1515 861 1569 907 et
1599 852 1773 908 unicae
1825 854 2146 911 divinitatis.

564 934 739 1001 Licet,
769 937 929 995 nullis
956 941 1314 999 existentibus
1344 943 1574 1009 meritis,
1597 945 1800 1001 monita
1823 946 1925 1015 piae
1951 948 2149 1002 exhor-

567 1023 789 1081 tationis
816 1040 950 1082 ausu
1003 1031 1293 1086 temerario
1338 1032 1645 1102 quempiam
1703 1033 1898 1089 docere
1946 1050 2148 1106 prazsu-

568 1130 712 1181 mam
740 1136 753 1171 :
782 1125 957 1174 tamen
989 1121 1113 1190 quia
1140 1124 1476 1178 certantibus
1502 1133 1557 1178 et
1587 1123 1832 1183 videlicet
1857 1125 2152 1182 laboranti-

566 1209 670 1263 bus
694 1211 746 1265 in
775 1212 950 1268 stadio
976 1213 1136 1284 hujus
1162 1215 1305 1280 vitaz,
1338 1215 1616 1286 spirituale
1639 1218 1882 1272 bravium
1930 1227 2150 1274 auctore

568 1302 831 1358 donorum
863 1304 1067 1376 Spiritu
1096 1308 1447 1377 promittitur,
1478 1316 1535 1364 et
1558 1319 1836 1381 pastorum
1879 1326 2023 1365 curae
2049 1326 2146 1381 po-

572 1392 732 1459 pulus
770 1391 865 1448 Dei
904 1394 1341 1465 multiplicandus
1379 1397 1482 1453 ﬁde
1512 1407 1568 1453 et
1595 1414 1821 1454 numero
1843 1409 2001 1455 caute
2022 1415 2150 1455 con-

568 1481 810 1548 ceditur;
860 1483 980 1539 ideo
1009 1499 1109 1556 ego
1134 1484 1249 1541 Odo
1281 1488 1499 1543 humilis
1532 1496 1588 1544 et
1643 1497 1941 1557 extremus,
1969 1491 2148 1547 divina

566 1566 833 1640 largiente
860 1570 1169 1638 clementia,
1196 1575 1321 1635 almi
1349 1576 1594 1647 przesulis
1641 1587 1698 1633 et
1747 1578 1890 1649 pallii
1946 1578 2149 1635 honore

563 1662 767 1718 ditatus
791 1704 806 1730 ,
831 1665 1075 1733 quaedam
1101 1666 1443 1735 documenta,
1494 1670 1639 1725 omni
1687 1670 2047 1736 Christicolae,
2095 1672 2146 1727 ni

564 1751 743 1819 fallor,
767 1769 871 1809 non
908 1755 1147 1828 indigna,
1179 1775 1300 1829 qua:
1323 1776 1353 1815 a
1383 1762 1811 1830 praecedentibus
1861 1764 2145 1820 illustrium

1627 344 1683 399 S.
1728 340 1978 399 ODONIS
2016 339 2329 417 ARCIIIEP.
2375 342 2721 401 CANlL'AR.

3730 351 3825 406 9i8

2180 457 2226 516 Α
2257 442 2410 511 suum
2428 456 2693 526 judicare,
2730 461 2972 526 advenis,
3003 462 3217 535 pupillis
3242 450 3298 520 et
3337 451 3520 520 viduis
3561 472 3821 536 protector

2253 567 2392 619 esse,
2436 552 2639 608 furtum
2681 554 2990 625 prohibere,
3041 556 3303 610 adulteria
3358 556 3581 626 punire,
3629 556 3821 625 iniquos

2252 660 2361 699 non
2392 644 2653 708 exaltare,
2677 660 2946 716 pauperes
2973 645 3330 717 clcemosynis
3361 649 3546 709 alere;
3587 645 3711 715 quia
3735 647 3819 700 etsi

2250 735 2396 791 omni
2429 735 2634 791 homini
2665 736 3026 792 necessarium
3054 745 3139 791 est
3164 735 3365 791 Christi
3389 735 3671 790 custodire
3692 751 3821 789 man.

2251 826 2394 889 data,
2428 825 2698 896 praecipue
2726 834 2901 881 tamen
2932 826 3145 897 regibus
3188 836 3244 881 et
3281 826 3544 880 omnibus
3588 826 3642 878 in
3680 823 3824 880 subli-

2252 917 2440 971 mitate
2464 916 2682 988 pesitis;
2734 916 2823 987 qui
2854 926 2907 972 et
2948 933 3045 987 pro
3070 917 3261 987 seipsis
3288 917 3481 981 etiam,
3512 925 3572 970 et
3597 931 3696 985 pro
3717 916 3820 969 uni-

2251 1008 2423 1063 versis
2444 1007 2543 1063 sibi
2587 1005 2865 1076 subjectis,
2908 1008 2959 1061 in
3002 1007 3088 1062 die
3117 1008 3350 1063 districti
3389 1007 3668 1062 examinis
3696 1006 3823 1077 justo

2251 1099 2423 1155 Iudici
2452 1099 2712 1155 rationem
2736 1108 2861 1154 sunt
2888 1098 3165 1153 reddituri.

2861 1191 3085 1248 CAPUT
3120 1191 3204 1246 ΙΙΙ.

2323 1286 2526 1351 Tertio,
2553 1284 2874 1340 admonendi
2923 1292 3047 1341 sunt
3087 1284 3351 1354 episcopi,
3386 1292 3666 1352 quatenus
3716 1299 3826 1339 cum

2250 1380 2395 1434 onmi
2443 1380 2726 1440 honestate
2758 1388 2815 1434 et
2861 1376 3121 1434 modestia
3184 1377 3238 1431 in
3295 1388 3506 1432 sanctae
3567 1376 3827 1447 religionis

2252 1473 2453 1542 pietate
2482 1472 2779 1542 praedicent
2807 1480 2863 1526 et
2890 1471 3185 1525 ostendant
3208 1470 3461 1539 exempla
3496 1469 3640 1524 bona
3666 1469 3827 1523 omni-

2253 1568 2371 1622 bus.
2405 1565 2474 1622 Ut
2502 1580 2628 1623 suas
2658 1564 2945 1635 parochias
2977 1562 3128 1618 omni
3166 1577 3311 1616 anno
3342 1576 3469 1615 cum
3514 1560 3667 1614 omni
3706 1559 3829 1630 vigi-

2254 1657 2441 1725 lantia,
2489 1658 2835 1728 praedicando
2890 1654 3109 1710 verbum
3167 1654 3285 1720 Dei,
3333 1655 3709 1716 circumeant;
3769 1667 3830 1705 ne

2253 1750 2447 1821 aliquis
2476 1762 2572 1820 per
2600 1748 2864 1803 incuriam
2895 1746 3154 1817 pastoris,
3186 1760 3282 1816 per
3335 1744 3499 1800 devia
3548 1742 3828 1813 cujuslibet

562 1843 805 1900 virorum
835 1848 1120 1918 prmCeptis
1146 1851 1451 1907 certissima
1481 1855 1746 1925 comperi,
1791 1856 1858 1911 ad
1903 1857 2142 1912 consola-

2254 1841 2572 1912 ignorautia:
2604 1853 2817 1903 errans,
2851 1837 3051 1909 lupinis
3085 1844 3269 1907 pateat
3294 1835 3572 1889 morsibus
3597 1834 3827 1889 laceran-

562 1933 767 1989 tionem
797 1936 997 1992 domini
1030 1939 1132 1994 mei
1160 1941 1323 2025 regis,
1348 1942 1556 1999 scilicet
1608 1943 1921 2013 Edmundi,’
1940 1950 2150 2003 omnis-

563 2041 671 2095 que
696 2028 873 2097 populi
896 2030 1177 2086 excellenti
1213 2028 1439 2104 imperio
1483 2036 1602 2107 ejus
1651 2036 1915 2108 subjecti,
1946 2040 1999 2094 in
2050 2042 2149 2096 ista

569 2117 815 2172 chartula
841 2119 1146 2176 coadunare
1179 2122 1414 2180 decrevi.
1460 2124 1615 2183 Unde
1657 2128 2005 2186 devotissime
2048 2132 2148 2187 ob-

568 2222 746 2273 secro,
776 2218 831 2264 et
857 2210 1277 2270 clementissime
1302 2215 1491 2272 hortor
1535 2218 1867 2275 audientium
1918 2229 2147 2289 mentes,

569 2299 692 2353 utsi
721 2302 937 2372 quando
969 2301 1081 2358 haec
1113 2306 1414 2362 recitauda»
1438 2309 1699 2379 audiant,
1730 2311 1957 2369 interius
1997 2314 2149 2369 vide-

565 2391 693 2446 licet
728 2392 781 2446 in
824 2394 997 2448 corde
1028 2393 1298 2466 frequenti
1344 2388 1697 2457 meditatione
1753 2408 2035 2474 plantent;
2093 2415 2150 2460 et

570 2486 851 2558 multiplici
879 2490 1034 2545 bona:
1063 2493 1393 2561 operationis
1419 2511 1663 2564 munere,
1693 2511 1759 2552 ex
1802 2511 1867 2553 eo
1913 2496 2147 2554 fructum

566 2578 974 2645 pacatissimum
1005 2580 1057 2636 in
1089 2591 1329 2652 tempore
1358 2588 1552 2643 messis
1580 2588 1682 2644 sibi
1715 2587 1987 2661 colligant.

1082 2676 1312 2735 CAPUT
1339 2678 1629 2737 PRIMUM.

638 2764 821 2822 Primo
845 2767 1078 2839 capitulo
1098 2771 1441 2841 praecipimus
1461 2782 1515 2828 et
1544 2775 1860 2831 mandamus
1883 2785 1941 2832 ut
1961 2786 2146 2833 sancta

566 2855 663 2910 Dei
706 2856 967 2925 Ecclesia,
996 2875 1117 2929 qua:
1143 2863 1405 2935 sanguine
1429 2865 1632 2922 Christi
1662 2869 1897 2938 primum
1928 2869 2147 2927 fundata

564 2957 671 3014 est,
694 2957 749 3003 et
784 2949 1018 3006 ﬁdelium
1048 2953 1408 3020 multitudine,
1438 2972 1636 3028 sponsa
1666 2959 1913 3016 dealbata
1935 3000 1951 3028 ,
1983 2962 2148 3019 nullis

564 3038 900 3109 ingredietur
954 3044 1218 3102 malorum
1268 3047 1774 3119 interruptionibus.
1830 3051 1938 3109 Nec
1986 3054 2145 3110 alicui

562 3129 726 3184 liceat
755 3146 972 3187 censum
1005 3150 1203 3204 ponere
1232 3153 1396 3208 super
1422 3140 1716 3196 Ecclesium
1753 3142 1867 3206 Dei,
1897 3145 2025 3214 quia
2049 3144 2145 3200 ﬁlii

2253 1937 2374 1991 dus.
2408 1933 2485 1990 Ne
2516 1933 2641 2004 quis
2664 1932 2837 2002 turpis
2864 1931 2997 1986 lucri
3027 1930 3223 2003 gratia,
3267 1928 3365 1985 sed
3424 1942 3521 1997 spe
3572 1926 3830 1980 mercedis

2250 2035 2488 2091 teterntc,
2513 2037 2731 2095 gregem
2767 2022 2869 2078 sibi
2916 2020 3263 2078 commissum
3306 2032 3536 2090 pascere
3585 2016 3827 2072 studeat:

2252 2119 2392 2190 quod
2422 2118 2565 2173 enim
2595 2117 2767 2188 gratis
2786 2114 3098 2186 excepimus
3121 2154 3137 2179 ,
3163 2112 3339 2183 gratis
3379 2110 3693 2182 impendere
3731 2126 3828 2164 non

2251 2210 2583 2269 differamus.
2613 2209 2831 2280 Absque
2864 2207 2977 2264 ullo
3005 2207 3199 2262 timore
3223 2203 3310 2260 vel
3352 2203 3672 2258 adulatione
3711 2217 3830 2257 curn

2249 2301 2399 2356 omni
2441 2299 2636 2355 ﬁducia
2666 2298 2888 2354 verbum
2916 2296 3163 2352 veritatis
3182 2294 3490 2366 prasdicare
3517 2294 3666 2364 regi,
3689 2292 3832 2363 prin-

2249 2392 2462 2463 cipibus
2488 2390 2670 2463 populi
2711 2389 2816 2456 sui,
2844 2387 3098 2444 omnibus
3140 2384 3504 2458 dignitatibus
3528 2426 3544 2451 ,
3596 2395 3652 2440 et
3695 2400 3831 2438 nun-

2250 2499 2413 2555 quam
2476 2483 2765 2538 veritatem
2828 2478 3226 2550 subterl'ugere.
3294 2476 3585 2533 Neminem
3641 2474 3833 2542 injuste

2249 2578 2536 2641 damnare,
2567 2575 2842 2632 neminem
2873 2572 2978 2629 nisi
3003 2571 3150 2641 juste
3175 2569 3592 2627 communicare
3611 2609 3627 2632 ,
3657 2570 3827 2621 omni-

2249 2668 2351 2724 bus
2384 2668 2530 2723 viam
2562 2665 2751 2723 salutis
2779 2666 3175 2721 demonstrare.

2859 2752 3086 2811 CAPUT
3115 2752 3179 2808 IV

2320 2851 2526 2920 Quarto
2552 2847 2811 2920 capitulo,
2832 2848 3187 2904 admonemus
3215 2844 3572 2917 presbyteros
3593 2852 3653 2898 ut
3672 2858 3831 2913 popu-

2250 2945 2358 2999 lum
2387 2943 2479 2998 Dei
2507 2942 2667 2998 bonis
2707 2938 2988 3010 exemplis,
3021 2938 3205 2992 habitu
3247 2946 3449 2992 sancto
3491 2935 3741 3007 doceant,
3781 2943 3831 2987 et

2249 3034 2495 3090 doctrina
2524 3039 2712 3087 sancta
2742 3030 2993 3086 erudiant
3027 3037 3083 3084 et
3130 3027 3455 3084 inl'orment.
3506 3024 3577 3083 Ut
3629 3026 3828 3080 illorum

2247 3121 2590 3181 conversatio
2620 3122 2673 3176 in
2700 3119 2847 3176 omni
2887 3119 3130 3175 bonitate
3160 3126 3217 3173 et
3262 3118 3540 3176 modestia
3601 3117 3828 3171 moribus

562 3218 837 3286 Ecclesiae,
868 3224 919 3278 id
949 3233 1031 3279 est
1060 3227 1153 3282 ﬁlii
1200 3205 1314 3293 Dei;
1357 3230 1426 3285 ab
1476 3233 1623 3286 οηιηί
1676 3248 1840 3288 censu
1898 3205 2144 3292 ιξιηιιοειιιί
2173 3210 2218 3272 C
2249 3212 2429 3286 populi
2458 3211 2810 3269 excellentior
2855 3209 2972 3265 sit:
3009 3217 3280 3279 quatenus
3328 3207 3425 3278 qui
3472 3223 3602 3262 eum
3652 3205 3827 3260 viderit

562 3312 717 3369 liberi
743 3325 871 3372 sunt
900 3317 951 3371 in
982 3318 1128 3373 omni
1174 3335 1358 3390 regno.
1390 3322 1708 3380 Ambrosius
1751 3325 1827 3379 ait
1857 3344 1870 3379 :
1903 3326 2142 3384 Ecclesia

561 3404 830 3461 catholica
882 3407 1052 3463 libera
1103 3418 1187 3464 est
1235 3412 1303 3466 ab
1354 3413 1501 3467 omni
1551 3427 1717 3469 censu
1761 3415 2038 3485 principis.
2085 3416 2143 3472 ln

565 3491 800 3550 Ilistoria
824 3494 1077 3553 Ecclesia:
1109 3516 1123 3553 :
1157 3497 1215 3555 Si
1258 3516 1379 3570 qua:
1403 3500 1596 3557 domus
1618 3502 1755 3574 agri,
1786 3504 1869 3559 vel
1894 3505 2145 3575 quaelibet

562 3584 765 3653 praedia
793 3600 823 3639 a
847 3585 1174 3644 Christianis
1201 3589 1408 3660 direpta
1439 3600 1585 3658 sunt,
1628 3592 1743 3649 sive
1794 3595 1894 3650 sub
1954 3595 2141 3651 ﬁscum

562 3675 819 3748 regalem,
845 3677 959 3733 sive
990 3680 1041 3733 in
1080 3681 1220 3735 dona
1246 3680 1442 3737 collata
1487 3691 1632 3749 sunt,
1687 3683 1804 3739 hare
1844 3685 2025 3740 omnia
2089 3687 2140 3741 in

560 3768 840 3839 antiquum
874 3769 964 3839 jus
985 3772 1309 3829 Christianis
1329 3775 1671 3846 praecipimus
1706 3778 1973 3833 revocari.
2003 3777 2139 3835 Gre—

556 3857 741 3929 gorius
765 3860 908 3915 enim
937 3855 1054 3917 ait‘:
1085 3863 1143 3918 Si
1182 3866 1303 3935 quis
1332 3866 1632 3923 Ecclesiam
1667 3869 1869 3926 Christi
1904 3870 2143 3926 denuda-

558 3952 718 4018 verit,
749 3953 1038 4008 anathema
1067 3957 1156 4020 sit,
1186 3956 1230 4010 si
1267 3973 1371 4012 non
1408 3960 1777 4017 satisfactione
1817 3963 2141 4018 emendave-

556 4044 647 4097 rit.
674 4043 738 4098 Et
765 4044 957 4100 iterum
986 4064 1000 4099 :
1024 4046 1278 4116 Quisquis
1304 4049 1558 4106 Ecclesiae
1586 4051 1679 4105 Dei
1726 4053 2012 4122 parochias
2054 4053 2138 4109 vel

554 4150 821 4205 usurpare
842 4150 938 4205 per
968 4138 1212 4206 rapinam
1242 4142 1550 4208 tentaverit,
1582 4143 1651 4198 ab
1682 4143 1936 4200 Ecclesiae
1981 4134 2138 4201 mini-

555 4223 687 4278 stris
715 4226 1265 4285 excommuniamdus
1303 4240 1407 4296 est,
1433 4241 1486 4286 et
1513 4233 1822 4289 oninimodo
1850 4249 1878 4288 a
1910 4249 2138 4304 corpore

555 4313 758 4370 Christi
786 4316 1013 4373 alienus.
1041 4318 1253 4375 Audent
1283 4322 1427 4375 enim
1461 4332 1616 4377 extra
1643 4323 1843 4378 milites
1863 4322 1955 4393 qui
1975 4323 2137 4379 Chri-

556 4411 700 4458 stum
727 4406 1138 4474 cruciﬁxerunt,
1162 4410 1383 4480 aliquid,
1407 4413 1500 4482 qui
1530 4412 1789 4470 Ecclesia:
1815 4412 1932 4483 ejus
1975 4414 2135 4471 disci-

554 4494 715 4564 plina:
743 4497 942 4563 regulis
987 4500 1205 4556 obedire
1246 4513 1628 4570 contemnunt;
1692 4505 1935 4563 Ecclesia
1988 4507 2133 4561 enim

553 4585 716 4640 habet
753 4596 1073 4656 potestatem
1101 4589 1297 4662 ligandi
1329 4602 1490 4662 atque
1516 4593 1778 4650 solvendi.

1181 4680 1505 4754 CAPUTIL

624 4767 874 4825 Secundo
900 4770 1134 4839 capitulo
1159 4772 1741 4848 admonemus’regem,
1763 4786 1818 4834 et
1832 4778 2131 4849 principes,

484 4910 487 4913 .
552 4864 609 4910 et
644 4872 833 4912 omnes
856 4858 946 4928 qui
973 4859 1025 4913 in
1053 4870 1314 4928 potestate
1338 4871 1483 4924 sunt.
1501 4874 1560 4919 ut
1583 4880 1705 4921 cum
1737 4882 1927 4936 magna
1957 4868 2132 4921 humi-

548 4945 705 5002 litate
730 4948 843 5003 suis
871 4949 1293 5021 archiepiscOpis
1316 4954 1671 5025 omnibusque
1708 4956 1831 5013 aliis
1862 4957 2130 5026 episcopis

547 5038 823 5105 obediant,
848 5040 973 5110 quia
1000 5040 1103 5095 illis
1130 5041 1310 5097 claves
1334 5044 1483 5113 regni
1512 5044 1770 5101 etelorum
1800 5048 1941 5103 datae
1979 5059 2128 5113 sunt,

548 5137 603 5183 et
630 5129 831 5184 habent
853 5141 1175 5201 potestatem
1209 5134 1408 5204 ligandi
1435 5144 1596 5206 atque
1623 5139 1863 5196 solvendi
1898 5155 1914 5194 :
1944 5155 2043 5195 nec
2069 5157 2129 5196 se

551 5206 991 5288 magui’pendant
1021 5223 1074 5276 in
1106 5224 1349 5279 saeculari
1375 5228 1635 5294 polentia,
1661 5230 1785 5299 quia
1843 5230 1984 5285 Deus
2037 5248 2130 5286 su-

550 5308 720 5356 verbis
751 5311 959 5356 resistit-
991 5311 1274 5356 Immililm:
1309 5317 1399 5356 (In!
1426 5317 1650 5356 nrnh'nnl
1688 5331 1701 5343 '
1731 5319 1999 5356 hnlxnlnnn
2030 5338 2120 5356 lin.

2246 3306 2541 3366 secundum
2599 3305 3005 3377 presbyteratus
3058 3301 3144 3357 sui
3201 3299 3539 3371 dignitatem
3584 3298 3826 3352 vestitum

2245 3397 2605 3460 incedentem,
2645 3394 2782 3449 bene
2829 3402 2884 3448 et
2930 3389 3270 3446 laudabiliter
3321 3389 3581 3444 enuntiat
3627 3387 3827 3441 habitus

2242 3488 2380 3558 ejus.

2873 3571 3103 3630 CAPUT
3131 3572 3198 3627 Υ.

2313 3672 2513 3740 Quinto
2541 3667 2778 3740 capitulo
2805 3664 3127 3722 admonendi
3159 3670 3289 3720 sunt
3320 3662 3552 3729 clerici,
3585 3670 3645 3716 ut
3669 3673 3819 3715 catm-

2245 3766 2362 3820 nice
2388 3779 2511 3819 cum
2546 3758 2694 3818 Omni
2725 3760 3009 3815 honestate
3048 3766 3104 3813 et
3143 3756 3457 3812 reverentia
3500 3755 3664 3824 juxta
3709 3767 3821 3806 san-

2241 3867 2448 3913 ctorum
2476 3854 2696 3910 Patrum
2724 3852 2941 3908 decreta
2965 3850 3180 3914 vivant,
3206 3849 3527 3917 przcbentes
3550 3848 3691 3902 bona
3716 3860 3822 3898 οηιο

2241 3948 2399 4003 nibus
2423 3945 2690 4014 exempla,
2720 3951 2988 4013 quatenus
3024 3941 3077 3996 in
3112 3955 3304 3995 eorum
3339 3939 3489 3993 bona
3540 3950 3816 3992 conversa-

2243 4039 2388 4092 tione
2417 4035 2668 4090 laudetur
2692 4034 2996 4103 episcopus,
3029 4032 3329 4085 honoretur
3359 4027 3639 4092 Ecclesia,
3668 4040 3817 4097 popa-

2238 4128 2321 4183 Ius
2348 4124 2596 4197 proﬁciat
2627 4125 2679 4178 in
2716 4123 2932 4179 laudem
2970 4120 3085 4185 Dei,
3119 4130 3174 4174 et
3202 4119 3283 4174 illi
3314 4120 3629 4174 secundum
3654 4115 3813 4173 nomi-

2238 4218 2324 4274 nis
2349 4217 2430 4272 sui
2461 4214 2802 4287 dignitatem,
2833 4211 2978 4285 digni
3012 4210 3065 4266 in
3097 4209 3190 4265 Dei
3220 4208 3608 4265 haereditatem
3646 4206 3815 4262 venire

2235 4307 2554 4366 efﬁciantur.

2855 4391 3083 4450 CAPUT
3115 4391 3196 4445 VI.

2310 4489 2476 4546 Sexto
2504 4485 2745 4557 capitqu
2773 4485 3055 4539 hortamur
3086 4480 3405 4546 monachos,
3432 4490 3491 4535 et
3519 4494 3705 4535 omnes
3729 4476 3813 4544 qui

2163 4563 2211 4623 ο
2237 4593 2423 4640 votum
2470 4581 2583 4636 lico
2625 4585 2907 4641 voverunt,
2935 4584 2994 4630 ut
3024 4575 3077 4628 in
3104 4573 3249 4628 onmi
3277 4572 3594 4625 humilitate
3617 4579 3671 4624 et
3696 4569 3811 4621 ohe-

2237 4672 2438 4730 dientia
2478 4670 2566 4725 die
2593 4676 2869 4738 noctuque
2902 4666 3005 4720 hoc
3045 4661 3341 4732 adimplere
3386 4662 3669 4722 studeant,
3697 4674 3809 4728 per-

2237 4771 2517 4821 manentes
2547 4762 2600 4816 in
2629 4761 2821 4816 timore
2848 4757 2944 4813 Dei
2975 4756 3028 4811 in
3054 4753 3302 4810 ecclesiis
3332 4752 3424 4806 ubi
3456 4767 3519 4806 se
3548 4762 3807 4803 votet-anc

2234 4858 2588 4914 strinxerunt.
2630 4852 2748 4909 Non
2786 4852 2895 4907 sint
2928 4846 3252 4920 vagabundi,
3308 4859 3490 4915 neque
3540 4840 3803 4914 gyrovagi.

2232 4948 2323 5019 qui
2357 4961 2552 5003 nomen
2583 4943 2831 5000 monachi
2858 4940 3185 5003 desiderant,
3216 4934 3454 4992 oﬁicium
3491 4941 3673 4988 autem
3696 4929 3805 4996 ejus

2233 5045 2632 5096 contemnunt:
2661 5036 2754 5092 sed
2785 5032 3079 5101 secundum
3122 5027 3367 5097 exempla
3417 5025 3799 5096 apostolorum.

2233 5148 2329 5204 per
2382 5130 2624 5185 habitum
2672 5118 3033 5189 humilitatis,
3085 5121 3359 5175 laboribus
3409 5132 3703 5177 manuum,
3748 5120 3800 5165 et

2232 5224 2462 5281 lectione
2489 5238 2664 5286 saera,
2689 5231 2744 5276 et
2768 5216 3039 5275 continuis
3065 5212 3405 5269 orationibus
3440 5225 3501 5265 se
3547 5221 3801 5263 exem

2233 5325 2313 5356 Ιρα
2367 5316 2537 5356 nnrnti
2594 5314 2899 5356 nmoinntig
2929 5309 3143 5356 lnmltis-
3175 5305 3602 5356 ardentibusatte
3636 5302 3801 5356 ιυοετ-
