3964 5356
113 287 233 379 eis

1384 317 1714 394 EPISTOLA
1758 316 2161 372 SYNODAIJS.

3299 321 3402 377 950

127 453 257 493 cum
299 435 663 502 mouialibus,
692 435 775 492 vel
820 437 1081 506 cognatis,
1114 437 1195 490 vel
1225 453 1345 490 cum
1373 435 1494 493 aliis
1524 435 1724 492 illicitis
1754 441 1795 494 Α
1828 442 2042 488 sanctos
2080 433 2147 488 ad
2177 433 2394 488 uelum.
2447 434 2719 501 Quatenus
2760 437 3226 508 quadragesimale
3270 440 3408 510 jeju-

129 533 415 601 personis.
449 531 658 586 Sanctae
679 531 820 584 enim
849 530 1236 585 recordationis
1257 531 1548 601 Gregorius
1568 545 1726 599 papa,

131 637 258 673 cum
286 619 546 690 pluribus
583 621 872 690 episcopis,
918 636 1010 675 seu
1062 622 1431 676 sacerdotibus
1473 623 1682 676 creteris
1713 661 1727 684 ,

129 713 186 766 in
217 711 461 778 basilica
515 712 658 766 beati
702 711 843 765 Petri
891 711 1116 781 apostoli
1159 712 1474 767 constituit:
1512 712 1568 767 Si
1608 713 1729 782 quis

128 804 492 868 monacham,
521 819 682 874 quam
715 803 806 858 Dei
839 803 1086 857 ancillam
1117 804 1409 874 appellant,
1443 805 1494 858 in
1544 803 1729 874 conju-

128 898 220 964 gio
246 897 494 957 duxerit,
522 897 807 960 anathema
834 897 922 951 sit.
955 897 1021 950 Et
1049 897 1441 965 responderunt
1493 913 1681 952 omnes
1713 917 1724 950 :

126 989 329 1040 Amen.
365 985 482 1040 Nos
505 987 702 1057 quippe
746 975 990 1040 eamdem
1036 987 1382 1056 apostolicam
1432 989 1727 1042 auctorita-

119 1060 240 1129 ltem
275 1085 605 1144 sequentes,
635 1076 796 1130 simili
849 1077 1007 1130 modo
1050 1077 1288 1146 jaculum
1333 1076 1728 1132 maledictionis

131 1165 338 1219 talibus
371 1165 741 1234 imponamus,
766 1165 867 1220 nisi
913 1174 1196 1234 correptus
1250 1181 1280 1218 a
1333 1173 1440 1218 tam
1497 1163 1725 1218 nefanda

112 1233 566 1325 'praesumptioue
596 1257 660 1308 ad
692 1255 1124 1310 satisfactionem
1152 1257 1476 1326 pervenerit.

111 1331 113 1333 ’
726 1346 950 1401 CAPUT
996 1347 1127 1401 vuL

201 1434 422 1489 Octavo
454 1437 688 1506 capitulo
719 1437 1067 1490 observamus
1099 1455 1109 1490 :
1143 1447 1199 1491 ut
1225 1438 1440 1506 quando
1469 1438 1519 1491 in
1547 1437 1727 1507 aliquo

129 1536 414 1580 conventu
449 1527 774 1591 venerimus,
821 1536 928 1580 tota
975 1528 1275 1582 intentione
1321 1527 1727 1582 consideremus

127 1615 274 1684 quod
306 1615 605 1671 Psalmista
636 1632 734 1672 nos
759 1618 1029 1683 admonet,
1063 1618 1249 1673 dicens
1280 1635 1294 1672 :
1326 1617 1578 1672 Dominus
1604 1635 1726 1687 pro-

127 1707 280 1776 spicit
309 1723 478 1776 super
507 1707 646 1775 ﬁlios
692 1709 960 1761 hominum
1011 1709 1180 1779 (Psal.
1210 1710 1330 1778 LII),
1359 1719 1415 1764 et
1467 1709 1672 1781 reliqua
1703 1726 1719 1776 ;

1831 525 2000 588 nium,
2038 523 2281 599 Quatuor
2322 523 2606 592 Tempora,
2653 532 2707 578 et
2751 526 2853 580 alia
2899 528 3131 598 legitima
3177 529 3404 601 jejunia,

1829 616 2078 670 videlicet
2106 632 2158 670 tv
2187 615 2395 680 feriam,
2425 625 2478 671 et
2505 633 2557 672 vt
2591 617 2777 672 feriam
2803 660 2817 682 ,
2863 636 2983 674 cum
3031 637 3240 692 magna
3269 624 3407 693 vigi-

1831 705 1991 759 lantia
2020 707 2307 762 observare
2337 709 2595 762 stmleatis
2627 727 2638 760 :
2671 717 2724 763 et
2767 726 2926 779 super
2950 714 3128 768 omnia
3160 714 3401 770 Domini-

1829 814 1949 854 cum
1981 800 2142 864 diem,
2167 808 2220 853 et
2249 807 2557 853 sanctorum
2590 797 2908 857 festivitates
2927 842 2942 867 ,
2969 805 3126 860 sicuti
3158 821 3382 864 canone

1829 889 2071 958 exempla
2099 890 2512 959 praecedentium
2543 888 2830 955 afﬁrmant,
2863 894 2930 946 ab
2970 896 3116 950 omni
3160 898 3383 951 secula:

1827 996 1989 1049 Opere
2030 975 2338 1036 cau‘tissime
2372 982 2644 1036 custodire
2672 986 2990 1052 procuretis,
3026 1002 3123 1041 nec
3149 990 3377 1058 snpersti

1829 1071 2061 1126 tionibus
2087 1071 2239 1125 vanis
2269 1087 2590 1126 consensmn
2635 1073 2918 1142 pra-beatis
2944 1095 2956 1128 :
2986 1092 3158 1145 neque
3195 1089 3362 1132 creati

1828 1177 1941 1215 ram
1997 1176 2094 1230 pro
2143 1170 2390 1216 creatore
2440 1163 2661 1233 magicis
2707 1163 3044 1220 illusionibus
3089 1167 3402 1230 adorabitis,

1825 1249 1950 1318 quia
2017 1251 2105 1318 qui
2158 1251 2280 1306 talia
2350 1262 2514 1322 agunt
2568 1269 2789 1324 regnum
2848 1258 2939 1313 Dei
2993 1275 3097 1313 non
3160 1261 3404 1330 posside-

1825 1339 1977 1395 bunt.

2441 1435 2668 1492 CAPUT
2717 1437 2782 1492 Χ.

1895 1521 2113 1579 Decimo
2149 1524 2385 1594 capitulo
2427 1527 2774 1590 mandamus,
2806 1538 2862 1584 et
2893 1530 3122 1586 ﬁdeliter
3160 1548 3407 1586 ousecra-

1823 1629 1962 1676 mus,
1997 1617 2063 1670 de
2088 1617 2310 1672 decimis
2345 1619 2550 1681 dandis,
2592 1620 2728 1674 sicut
2764 1622 2814 1675 in
2847 1622 2963 1692 lege
2986 1623 3240 1694 scriptmn
3277 1634 3360 1678 est
3391 1643 3402 1677 :

1823 1702 2090 1758 Decimum
2120 1717 2316 1777 partem
2345 1725 2408 1762 ea:
2428 1711 2663 1765 omnibus
2693 1711 2930 1783 frugibus
2958 1715 3081 1778 tuis,
3105 1733 3193 1770 seu
3224 1719 3408 1783 primi-

125 1808 178 1852 ct
206 1798 415 1852 iterum
451 1817 464 1851 :
502 1799 753 1853 Dominus
781 1801 1000 1870 dissipat
1021 1777 1251 1854 consilia
1277 1804 1524 1872 gentium,
1553 1809 1609 1856 el
1635 1816 1721 1858 re-

1826 1794 1910 1847 tiis
1949 1795 2154 1864 deferas
2191 1799 2261 1851 'in
2306 1799 2516 1853 domum
2558 1777 2910 1857 Doritiiti'Dei
2952 1806 3029 1858 lui
3074 1777 3250 1874 (Deui.
3282 1806 3402 1874 xu).

131 1888 277 1958 liqua
296 1905 483 1958 usque
508 1891 560 1943 in
578 1891 931 1944 hwreditatem
952 1892 1048 1946 sibi
1074 1891 1246 1962 (Psal.
1265 1910 1292 1946 ιι
1304 1893 1438 1962 χχι).
1454 1893 1578 1948 Ideo
1591 1909 1724 1962 pra:-

128 1982 435 2036 videndum
471 1991 574 2048 est,
605 1983 895 2047 fratres,ut
917 1984 986 2038 sit
1011 1985 1297 2038 concordia
1323 1993 1377 2038 et
1400 1986 1722 2040 unanimitas

129 2074 274 2125 inter
298 2074 592 2143 episcopos
642 2084 697 2128 et
744 2074 1032 2144 principes,
1087 2090 1408 2144 omnemque
1469 2076 1720 2146 populum

129 2161 628 2227 Christianum,.ut
660 2165 730 2218 sit
759 2165 938 2219 unitas
963 2166 1160 2234 ubique
1203 2165 1556 2219 ecclesiarum
1604 2166 1720 2230 Dei,

126 2265 174 2307 et
209 2271 315 2324 pax
351 2273 364 2308 :
406 2256 520 2309 imo
543 2273 646 2310 una
678 2257 748 2312 sit
777 2256 1037 2320 Ecclesia,
1071 2258 1191 2319 fide,
1223 2272 1316 2326 spe
1346 2267 1400 2310 et
1431 2257 1717 2321 charitate,

129 2361 294 2398 unum
330 2346 546 2401 habens
573 2356 752 2418 caput,
780 2349 922 2416 quod
952 2357 1038 2402 est
1066 2349 1332 2413 Christus,
1366 2349 1518 2418 cujus
1547 2364 1718 2401 lllt'lll-

127 2435 224 2486 lira
253 2449 312 2489 se
343 2435 586 2490 invicem
619 2435 874 2506 adjuvare
902 2447 1188 2508 nmtuaque
1209 2439 1474 2494 charitatc
1498 2439 1721 2510 diligere

128 2522 348 2589 debent,
383 2535 450 2578 ut
487 2526 600 2596 ipse
629 2527 707 2580 ait
759 2544 771 2580 :
823 2527 892 2579 In
942 2530 1040 2581 hoc
1091 2541 1400 2597 cognoscant
1440 2547 1633 2594 omnes,
1667 2542 1721 2586 ct

129 2615 338 2686 reiiqua
366 2617 562 2696 ‘(Jo::n.
596 2619 730 2690 XM“).
1563 2629 1566 2632 ί

739 2708 965 2765 CAPUT
1029 2711 1116 2765 IX.

201 2793 356 2848 Nono
405 2797 647 2864 capitulo
697 2799 1047 2854 admonemus
1092 2800 1350 2870 jejunium
1399 2802 1719 2875 [nddeuium

129 2895 178 2935 ct
226 2885 561 2958 orationem]
605 2904 727 2942 cum
771 2889 1124 2962 elecmosyuis
1161 2903 1316 2947 caute
1344 2903 1396 2948 et
1439 2895 1724 2965 vigilanter

1832 1884 2062 1940 Rursum
2093 1903 2190 1956 per
2218 1889 2534 1958 prophetam
2568 1909 2580 1944 :
2614 1892 2825 1961 A/I‘erte,
2857 1895 3046 1963 inquit,
3076 1912 3279 1950 omnem
3320 1897 3410 1951 de-

1828 1976 2017 2031 cimam
2063 1980 2118 2033 in
2161 1979 2403 2034 horreum
2430 1999 2619 2044 meum,
2653 1994 2707 2036 ut
2737 1986 2802 2038 sit
2829 1986 2970 2040 cibus
2995 1988 3047 2041 in
3072 1989 3226 2042 domo
3270 2005 3408 2054 mea,

1826 2077 1873 2120 et
1909 2079 2120 2137 pret-ate
2155 2087 2236 2125 me
2259 2088 2414 2140 super
2442 2073 2558 2127 hoc.
2605 2074 2665 2128 Si
2691 2093 2794 2132 non
2820 2095 3070 2146 aperuere
3093 2080 3230 2134 vobis
3260 2091 3406 2134 cata-

1828 2171 2002 2214 ractas
2025 2162 2156 2226 coeli,
2187 2173 2233 2216 et
2265 2165 2499 2233 effudere
2536 2167 3121 2242 benedictiwiem-usgue
3147 2175 3213 2225 ad
3246 2172 3413 2226 abun-

1825 2250 2060 2305 dentiam
2089 2266 2107 2302 .·
2137 2263 2185 2306 et
2227 2254 2503 2322 increpabo
2547 2272 2641 2323 pro
2688 2258 2824 2311 vobis
2849 2261 2939 2328 qni
2968 2261 3186 2315 comedit
3213 2271 3259 2315 et
3289 2277 3409 2316 cor-

1825 2343 2015 2410 rumpit
2055 2342 2283 2410 fruclum
2320 2354 2473 2398 terrae
2519 2355 2720 2409 vestrm,
2751 2358 2797 2401 et
2835 2365 2935 2402 mn
2973 2351 3067 2403 erit
3098 2350 3233 2403 ultra
3262 2353 3315 2406 in
3349 2369 3410 2405 eu

1822 2433 2011 2485 steriiis
2039 2433 2290 2502 (Malae/1.
2322 2434 2426 2503 ιιι).
2472 2435 2621 2491 Unde
2650 2444 2702 2490 et
2731 2451 2854 2491 cum
2884 2441 3239 2495 obtestatione
3268 2455 3409 2508 pra).

1823 2522 2075 2592 cipimus,
2116 2535 2175 2579 ut
2213 2541 2402 2581 omnes
2442 2525 2694 2580 studeant
2721 2526 2787 2579 de
2815 2529 3063 2583 omnibus
3093 2544 3211 2598 quae
3240 2529 3411 2598 possi-

1824 2612 1952 2668 dent
1979 2613 2108 2668 dare
2131 2612 2388 2679 decimas,
2415 2616 2538 2686 quia
2564 2617 2794 2686 speciale
2823 2616 3032 2672 Domini
3074 2618 3166 2672 Dei
3206 2627 3288 2672 est
3318 2635 3330 2670 ε
3356 2628 3411 2673 et

1825 2703 1892 2756 de
1922 2719 2111 2758 novem
2143 2706 2383 2776 partibus
2410 2707 2511 2763 sibi
2541 2707 2762 2775 vivant,
2803 2717 2857 2762 et
2903 2711 3269 2781 eleemosynas
3315 2711 3415 2764 tri-

1825 2793 2011 2848 buant.
2068 2797 2356 2853 Veritatem
2385 2811 2564 2855 autem
2593 2803 2874 2866 facientes,
2901 2804 2954 2856 in
2989 2804 3252 2857 eharitate
3303 2821 3413 2856 ma-

1824 2904 2046 2944 neamus
2071 2890 2124 2943 in
2164 2889 2253 2942 illo
2279 2891 2368 2960 qui
2396 2902 2475 2947 est
2506 2892 2642 2947 Deus
2671 2894 2981 2948 benedictus
3009 2894 3060 2948 in
3088 2895 3280 2948 sa-cula
3311 2911 3412 2948 sa:—

131 2987 508 3028 conservare:
544 2975 658 3030 ista'
701 2977 845 3031 enim
890 2989 1016 3033 sunt
1061 2989 1169 3036 tres
1214 2981 1325 3038 alaa.
1353 2999 1470 3052 qua:
1520 2986 1721 3039 ducunt
1748 2999 1790 3060 ρ
1822 2980 2084 3035 culorum.
2144 2983 2338 3038 Amen.

139 3172 1616 3201 _—_——————-————_

1058 3339 1420 3454 ΒΔΗ
1422 3343 1722 3458 GT1

1813 3343 2303 3462 ODON
2307 3347 2480 3461 IS

1257 3575 1727 3618 ARCHIEI‘ISCOPX
1772 3577 2275 3622 CANTL’ABIENSIS

864 3739 1666 3856 EPISTOLA
1769 3744 2727 3912 SYNODALISL

1093 3958 1186 4012 AD
1224 3959 1595 4018 EPISCOPOS
1634 3961 1762 4018 SIBI
1799 3963 2390 4024 SUFFRAGANEOS-

1385 4120 1542 4182 (Apud
1573 4117 1725 4172 ιιιηεί
1758 4119 1857 4170 ibid
1883 4161 1896 4183 ,
1919 4121 2004 4171 col.
2033 4123 2166 4183 398.)

1539 4267 1912 4280 ——-——__

210 4363 438 4418 Mirabili
469 4365 881 4432 cunctipotenlis
906 4365 1146 4434 polorum
1172 4367 1414 4436 praasulis
1433 4367 1716 4424 clementia
1748 4375 1794 4434 D
1821 4338 1919 4428 nos
1963 4371 2242 4442 operarius
2291 4375 2587 4432 constituit.
2641 4375 2790 4450 (274)
2847 4377 2936 4452 [Ει
2963 4383 3149 4449 multa,
3204 4387 3399 4454 quibus

139 4454 454 4522 opitulante,
488 4471 587 4526 ego
618 4455 733 4512 Odo
774 4455 1024 4512 Ecclesiae
1055 4455 1345 4514 Salvatoris
1374 4459 1581 4516 Domini
1619 4477 1716 4516 no-

140 4552 182 4596 sl
195 4543 238 4596 ri
267 4540 396 4599 Jesu
424 4543 620 4600 Christi
653 4545 1083 4615 archiepiscopus
1105 4587 1122 4614 ,
1170 4547 1596 4605 Dorobernensis
1638 4550 1716 4605 ci-

143 4633 323 4689 vitatis
367 4635 847 4704 metroiiolitanus,
893 4638 1223 4708 coepiscopis
1273 4639 1393 4695 ﬁdei
1438 4641 1716 4698 catholicae

142 4727 683 4796 compaginatoribns,
709 4728 936 4794 spiritali
968 4730 1252 4795 charitate,
1291 4732 1456 4786 etiam
1490 4733 1716 4788 comita-

148 4822 229 4870 tus
255 4817 448 4886 rigore,
496 4819 628 4872 meis
668 4818 1046 4886 confratribus,
1075 4822 1420 4890 praesentium
1449 4823 1717 4895 prosperi-

147 4909 306 4958 tatem
335 4907 665 4975 mtltereique
689 4908 897 4963 dccoris
925 4910 1326 4969 beatitudinem.

213 4991 269 5047 Si
313 4995 492 5065 aliquo
539 4995 692 5052 modo
738 4996 852 5052 ﬁeri
884 5008 1066 5067 posset
1095 5010 1153 5055 ut
1188 5004 1351 5060 totius
1383 5002 1564 5058 mundi
1589 5019 1719 5074 opes

146 5095 266 5138 ante
312 5099 528 5144 rastros
576 5098 902 5157 ponerentur
944 5094 1180 5158 obtutus,
1225 5100 1297 5153 ita
1346 5105 1407 5152 ut
1453 5097 1716 5166 imperiali

148 5187 360 5233 munere
385 5179 543 5235 nobis
571 5179 945 5236 universaliter
967 5185 1327 5251 deservirem,
1371 5186 1598 5240 libenter
1626 5187 1713 5241 illa

145 5267 318 5316 omnia
367 5269 764 5316 distribuerant
816 5288 1008 5316 mnum:
1038 5278 1207 5316 incnrn
1259 5280 1475 5316 incnrmr
1501 5293 1596 5316 nm
1624 5294 1714 5316 vo-

1814 4477 1951 4517 onus
1986 4463 2325 4532 pontificatus
2349 4467 2596 4536 exponit,
2627 4470 2862 4526 subdidit
2884 4470 2925 4544 :]
2952 4471 3150 4531 idcirco
3181 4476 3397 4531 humili-

1818 4563 1917 4618 ter,
1969 4554 2119 4624 quasi
2169 4555 2440 4627 indignus.
2481 4560 2574 4615 sed
2618 4562 2861 4630 devotus,
2907 4579 3099 4635 precor
3127 4576 3180 4621 et
3209 4568 3397 4624 hortor

1817 4645 2160 4699 sanctitatem
2185 4657 2438 4710 vestram,
2465 4665 2532 4704 ne
2561 4653 2734 4722 tepide
2761 4663 2817 4710 ct
2851 4655 3182 4731 negligenter
3218 4659 3269 4712 in
3315 4675 3394 4714 re-

1819 4735 2018 4803 gimine
2048 4738 2351 4794 animarum
2377 4745 2786 4809 convertemini,
2835 4754 2895 4800 ut
2932 4761 3036 4800 non
3069 4747 3121 4800 in
3156 4758 3398 4818 tempore

1821 4828 2112 4883 tremenda:
2158 4829 2408 4886 vindictae
2446 4845 2808 4902 conqueratur
2833 4838 2900 4891 de
2927 4835 3076 4890 vobis
3117 4837 3396 4904 Dominus,

1818 4918 2002 4974 dicens
2029 4935 2042 4972 :
2072 4916 2320 4978 Pastores
2362 4937 2466 4974 non
2504 4923 2776 4990 pascebant
2811 4939 3018 4996 gregem
3061 4940 3262 4990 meum,
3309 4931 3400 4984 sed

1817 5008 2354 5080 semetipsos(Ezeclt.
2380 5017 2597 5083 sntv);
2620 5025 2674 5070 et
2695 5016 2886 5070 iterum
2913 5033 2926 5069 :
2953 5014 3222 5083 Principes
3242 5021 3376 5072 exsli

1816 5113 2012 5168 terum.
2027 5112 2182 5173 61090
2196 5107 2437 5180 ignoravi
2451 5107 2598 5177 (Ose.
2613 5125 2730 5174 vni,
2744 5109 2820 5180 4).
2838 5108 2942 5165 Sed
2959 5109 3136 5178 potius
3152 5125 3401 5167 curemus

1819 5195 2036 5251 familiae
2065 5195 2310 5271 Domini,
2343 5215 2506 5271 super
2543 5218 2644 5272 qua
2687 5219 2782 5258 nos
2829 5201 3103 5259 constituit
3143 5215 3399 5269 rectore=,

1821 5286 1866 5316 ηἶ
1876 5288 1996 5316 1111...

2028 5285 2156 5314 ’.Λ-ιιι
2183 5292 2231 5314 Ξ..
2269 5307 2278 5314 .
2298 5312 2308 5313 γ
2335 5305 2502 5314 _--.---
2533 5307 2620 5314 α---
2673 5308 2909 5314 _.-..---_,
2925 5307 2969 5312 -.ρ
3000 5291 3061 5312 ...ἶ
