3964 5356
254 293 363 350 957

1325 308 1658 366 EPISTOLA
1699 310 1789 365 AD
1830 309 2080 367 SYNOD.
2125 312 2518 368 INGEHIEIM.

3411 311 3515 367 958

255 408 586 493 abbatissa
625 411 852 493 Exstant
899 417 1027 471 anui
1069 417 1245 493 hujus,
1292 429 1347 474 et
1396 435 1658 493 annorum
1695 422 1842 493 938,
1874 425 1918 484 Α
1951 421 2212 493 talitatcm
2243 422 2495 493 explevit,
2529 422 2877 493 sepultusque
2917 435 3094 479 estad
3138 424 3302 491 pedes
3340 423 3514 477 sancti

400 489 457 531 et
487 479 591 534 953
619 482 928 552 diplomata,
958 503 1022 541 ex
1063 477 1258 557 quibus
1289 500 1499 545 constat
1520 477 1836 546 Arthalduni

236 546 596 629 .fuissentuuc
615 546 891 629 summum
916 546 1066 626 regni
1082 546 1502 629 'cancellarium.
1533 562 1688 614 Anno
1712 562 1838 626 952,

536 621 870 711 licuiigianis
897 616 1196 711 ‘rtidtiaehis
1239 630 1510 711 abbatiatn
1548 616 1839 711 quamdam

231 689 505 768 inpurine‘
535 689 844 768 Coslai'njn
897 695 1106 768 Vosago
1155 699 1404 767 positam.
1453 689 1651 768 Eodem
1696 716 1838 754 anno

252 755 868 842 clericis_s:ecu.laribus
911 755 1333 842 apmlvs_a_r'tctu_tn_
1360 767 1607 842 Basblum
1647 785 1834 842 mona-

253 826 394 912 chos
421 830 729 912 substituit;
761 826 1057 912 iisdemque
1090 838 1468 912 Bhemigianis
1489 839 1702 912 dedisse
1731 839 1840 893 fer-

254 903 347 978 tur
390 897 666 978 abbaﬁtiam
699 897 871 978 sancti
917 897 1215 972 Timothei,
1249 897 1368 976 qua:
1406 911 1472 962 ad
1522 910 1622 964 hoc
1667 924 1837 978 usque

253 973 478 1048 letllpus
516 969 899 1048 Rhemensium
933 969 1460 1048 archiepiscoporum
1502 979 1711 1044 fuerat;
1744 969 1838 1034 sed

251 1033 374 1116 haec
404 1042 1033 1116 concessioﬁdalberoni
1065 1033 1242 1115 potius
1273 1033 1478 1104 't'eferri
1508 1049 1665 1104 debet
1681 1033 1710 1114 ;’
1733 1033 1836 1116 mia

250 1104 321 1189 de
351 1121 414 1158 re
449 1106 572 1189 lege
610 1111 989 1189 Bollandianos
1029 1104 1192 1189 Α’γιιεη
1236 1129 1367 1173 ιοηι.
1409 1119 1497 1183 lV,
1547 1104 1834 1189 pag.'5"76.

247 1173 416 1259 Αιιιιρ
469 1176 572 1233 955
623 1185 883 1259 synodum
935 1173 1399 1259 coegitf’qttinque
1456 1173 1833 1259 episcoporum

249 1245 400 1328 apud
425 1245 672 1328 salictum
699 1245 1088 1328 Theodericum
1114 1257 1164 1311 in
1181 1245 1326 1327 Agre.
1347 1245 1661 1313 Rhetncnsi:
1681 1262 1836 1313 Anno

416 1317 558 1403 prid.
599 1319 678 1374 Id.
705 1311 1838 1403 ῌογειηιὺνη-μοιιιιιῖἰυὶρἕξεθξὺῌῆέῇίῶ

247 1397 370 1467 χερὶ
415 1394 758 1467 consecravit
802 1394 854 1467 in
884 1395 1123 1467 basilica
1167 1399 1339 1452 sancti
1387 1394 1637 1467 Remigii.
1680 1400 1838 1453 Anno

406 1455 674 1539 9‘55"")?
713 1462 1058 1539 θοάίοίεδευηι
1095 1451 1342 1539 premam
1374 1451 1628 1539 accusa:
1667 1451 1836 1524 sua;

259 1521 568 1608 l‘heob‘alldo
607 1531 928 1608 αρε-[ιριςηῇ
969 1536 1167 1608 comite
1195 1521 1834 1608 'expugtiavitibemuui

1946 492 2197 547 Remiaii.

2015 509 2565 618 #:iﬁchadnitentibus
2607 561 2828 634 Hugone
2877 563 3075 620 comite
3116 562 3344 634 aliisque
3376 559 3488 634 ller

1943 633 2299 702 bertigliberis
2332 641 2391 702 et
2427 631 3059 702 episcopis'quibusdam,
3088 643 3148 686 ut
3181 631 3388 702 Hu'goni
3421 644 3486 682 va

1942 716 2041 757 cua
2084 699 2196 768 jam
2251 701 2406 756 sedes
2452 699 2773 757 Rhemensi's
2828 703 3178 766 redderetur,
3233 699 3506 769 Gerberga

1942 772 2150 843 regina,
2191 780 2245 824 et
2280 771 2460 843 Bruno
2499 771 2834 843 ejusfrater,
2882 769 3511 843 itnpedimentagobjece-

1940 840 2089 905 runt,
2134 841 2382 909 quamvis
2425 841 2714 895 Lotharius
2751 857 2848 896 rex
2899 840 3226 897 restitutioni
3273 840 3513 909 l-lugonis

1945 908 2182 974 faveret;
2210 921 2265 964 et
2297 911 2348 963 in
2378 910 2582 981 synodo
2611 911 2676 966 ad
2703 911 2997 966 Matronam
3029 912 3081 964 in
3111 912 3329 965 dioecesi
3369 908 3510 981 Mel-

1945 981 2121 1046 densi,
2153 995 2335 1034 coram
2360 978 2681 1049 praesulibus
2702 981 2790 1049 qui
2819 996 2882 1035 eo
2908 988 3271 1035 convenerant
3293 994 3381 1033 res
3402 978 3512 1032 dis-

1943 1065 2101 1106 cussa
2121 1060 2224 1115 est,
2256 1065 2398 1104 anno
2418 1051 2553 1116 962;
2577 1051 2669 1105 sed
2699 1051 2831 1104 nihil
2857 1051 2956 1105 sibi
2985 1051 3052 1105 de
3081 1050 3320 1120 Hugonis
3347 1063 3512 1103 causa

1944 1120 2248 1176 inconsulto
2284 1136 2506 1190 summo
2545 1120 2801 1190 pontiﬁce
2841 1122 3181 1190 statuendum
3225 1131 3510 1190 censuere,

1946 1191 2244 1261 praesertim
2274 1189 2467 1246 Rorico
2495 1187 2865 1261 Laudutiensis
2893 1199 2948 1244 et
2973 1189 3236 1244 Gibuinus
3263 1187 3514 1261 Catalau-

1945 1258 2149 1324 itensis,
2191 1275 2313 1315 cum
2363 1275 2391 1314 a
2420 1259 2664 1330 pluribus
2709 1261 2976 1328 episeopis
3016 1258 3515 1330 excommunicatus

1943 1331 2310 1385 communioni
2353 1329 2732 1385 ecclesiasticae
2770 1329 3122 1398 redintegrari
3166 1343 3270 1382 non
3308 1334 3508 1398 posset.

1942 1401 2072 1456 Post
2096 1400 2317 1456 allatum
2355 1409 2536 1456 autem
2567 1400 2736 1454 Roma
2779 1394 3121 1468 responsum,
3159 1394 3379 1468 reiecit)_
3401 1394 3512 1468 H_u_-_

1945 1486 2103 1540 gone,
2134 1470 2270 1524 alius
2307 1470 2532 1540 antistes
2571 1463 2986 1540 ordinaturC‘De
3023 1463 3238 1540 scriptis
3266 1463 3512 1540 Arthaldi

1873 1576 1915 1634 Β
1945 1531 2422 1634 Ῐθεοὀῃέεῑοι·ἱδηι
2478 1539 2822 1594 Litterariam
2872 1531 3150 1612 Francize,
3221 1545 3350 1590 tum.
3412 1531 3511 1598 Vi,

242 1606 394 1650 anno
418 1596 548 1664 961,
576 1601 717 1669 prid.
744 1602 863 1658 Kal.
893 1603 1144 1673 0ctobr.,
1176 1596 1670 1677 morbovcorrept'us
1697 1624 1839 1663 mor-
1873 1596 1915 1634 ¹⁵
1943 1596 2066 1680 pagg.
2097 1609 2222 1664 297.

242 1790 3506 1832 b———-——-———-———_——-——————'——————————————————-o

1149 2209 1736 2290 BHEMENSIS
1812 2210 2595 2291 ABGHIEPISCOPI

1520 2405 2208 2549 EPISTOLA

421 2634 577 2723 AD
647 2634 1228 2729 SYNODUM
1299 2635 1612 2727 APUD
1689 2639 2368 2731 INGELHEIM
2442 2641 3351 2734 CONGREGATAM.

1189 2828 1356 2893 (Actes
1377 2831 1440 2882 de
1459 2833 1507 2882 ια
1531 2833 1757 2896 province
1775 2833 2134 2898 ecclésiastique
2155 2837 2216 2886 de
2240 2837 2418 2900 Reum,
2447 2833 2488 2901 Ι,
2512 2839 2647 2903 6H.)
2697 2893 2699 2896 ,

313 3142 536 3198 Sancta:
567 3142 821 3197 Romana:
839 3151 895 3198 et
917 3142 1222 3214 apostolicae
1237 3143 1382 3199 sedis
1405 3143 1608 3200 vicario
1629 3144 1826 3199 donmo
1853 3143 1900 3206 C
1935 3143 2063 3200 mite
2089 3159 2210 3200 cum
2254 3145 2499 3215 pluribus
2528 3147 2660 3210 suis,
2682 3144 2942 3214 j‘ubentur
2974 3144 3040 3200 ad
3088 3152 3349 3201 rationem
3397 3145 3518 3201 red-

240 3234 462 3290 Miuuuo
486 3276 500 3301 ,
540 3237 914 3306 universasque
959 3251 1162 3292 sanctae
1203 3239 1408 3310 synodo
1447 3239 1588 3308 apud
1631 3238 1828 3308 Eugel-

241 3327 389 3381 heim
439 3341 766 3398 congregata
793 3370 807 3395 ,
853 3329 1218 3396 Auruncus,
1275 3331 1455 3386 divina
1500 3331 1829 3401 propitiante

237 3419 529 3474 clementia
547 3459 560 3480 ,
596 3419 924 3476 Rhemorum
953 3423 1411 3493 archiepiscopus.

312 3510 555 3563 Domnus
602 3507 863 3579 Agapitus
902 3526 1036 3580 papa
1080 3511 1288 3566 litteras
1317 3511 1472 3566 nobis
1520 3521 1576 3566 et
1614 3512 1827 3566 caeteris

234 3599 584 3668 coepiscopis
611 3609 810 3655 nostra:
834 3601 1129 3656 diteeeseos
1147 3601 1361 3664 direxit,
1391 3603 1443 3655 in
1467 3603 1665 3671 quibus
1692 3617 1827 3672 pra:-

234 3689 383 3759 cepit
404 3695 466 3741 ut
489 3688 556 3742 ad
580 3688 681 3744 hoe
696 3690 999 3744 sanctitatis
1017 3699 1210 3745 vestrae
1223 3690 1513 3745 concilium
1536 3691 1826 3745 convenire

233 3780 607 3844 studeremus,
633 3779 706 3835 ita
732 3781 980 3836 instructi
1007 3783 1075 3837 de
1101 3783 1385 3847 omnibus,
1418 3791 1476 3836 ut
1511 3784 1589 3837 rei
1622 3783 1824 3837 veritas

232 3871 301 3925 de
331 3871 572 3926 miseriis
603 3881 802 3926 nostrze
830 3873 992 3940 sedis,
1023 3887 1158 3942 quas
1186 3871 1442 3945 patimur,
1476 3887 1657 3928 coram
1699 3888 1825 3928 san-

231 3963 429 4018 ctitate
461 3972 641 4020 vestra
666 3964 952 4019 manifesta
976 3964 1093 4019 fieri
1115 3975 1313 4034 posset.
1339 3963 1601 4031 Quocirca
1630 3979 1822 4034 propa-

232 4054 347 4118 lare
371 4056 676 4126 prudentiae
699 4066 895 4112 vestrze
923 4056 1264 4113 commodum
1286 4057 1561 4122 duximus,
1591 4056 1824 4126 qualiter

233 4160 324 4199 res
352 4146 636 4200 exordium
665 4147 893 4217 coeperit
922 4147 1034 4202 litis
1065 4146 1223 4216 hujus
1243 4189 1258 4214 ,
1289 4164 1411 4220 quae
1457 4148 1637 4204 adhuc
1681 4147 1824 4202 inter

234 4249 321 4288 me
346 4243 403 4289 et
448 4233 730 4306 Hugonetn
779 4238 1084 4294 miserrime
1121 4225 1434 4297 ventilatur.
1461 4240 1726 4296 Defuncto
1748 4240 1821 4294 si-

233 4324 452 4392 quidem
484 4325 714 4383 Heriveo
741 4327 1182 4399 archiepiscopo,
1205 4329 1478 4393 'Seulfum,
1511 4333 1602 4401 qui
1636 4331 1819 4386 archi-

1932 3232 2162 3288 dendam
2206 3249 2389 3289 coram
2423 3234 2555 3305 ipsis
2599 3235 2802 3290 venire.
2842 3234 2911 3289 Et
2955 3235 3079 3305 quia
3126 3245 3312 3291 contra
3343 3251 3458 3302 eos,
3485 3253 3516 3290 a

1931 3326 2140 3396 quibus
2169 3328 2408 3384 accusati
2462 3328 2675 3384 fuerant
2703 3369 2718 3393 ,
2755 3328 3013 3399 singulari
3059 3328 3313 3400 congredi
3342 3337 3516 3384 certa—

1930 3420 2074 3472 mine
2099 3419 2409 3486 noluerunt,
2439 3420 2664 3474 sublatis
2689 3421 2756 3473 ab
2778 3421 2858 3473 eis
2881 3421 3040 3473 rebus
3061 3434 3197 3488 quas
3217 3433 3283 3474 ex
3304 3420 3514 3488 episco—

1929 3510 2017 3577 pio
2059 3511 2444 3578 possidebant,
2490 3509 2888 3581 comprehensi
2913 3518 3038 3564 sunt
3063 3551 3076 3574 ,
3105 3517 3268 3578 atque
3296 3508 3512 3563 deducti

1915 3615 2026 3690 per
2055 3601 2400 3657 Heribertum
2423 3603 2675 3657 comitem
2703 3604 2771 3656 ad
2797 3599 3091 3654 Robertum
3115 3615 3319 3668 regem,
3347 3614 3376 3652 a
3406 3613 3513 3667 quo

1926 3693 2089 3747 etiam
2135 3693 2237 3748 sub
2266 3695 2509 3748 custodia
2557 3702 2684 3748 sunt
2730 3693 2933 3747 detenti
2978 3693 3150 3761 usque
3176 3694 3244 3746 ad
3281 3699 3510 3746 mortem

1929 3785 2098 3855 ipsius
2143 3785 2387 3840 Roberti.
2419 3783 2605 3840 Tertio
2632 3783 2847 3840 demum
2878 3785 2961 3839 sui
2992 3784 3333 3854 episcopatus
3369 3798 3510 3838 anno

1927 3874 2142 3930 Settlfus
2169 3877 2454 3946 episcopus
2480 3915 2496 3938 ,
2527 3879 2584 3930 ul
2615 3875 2796 3946 plures
2824 3883 3102 3939 asserunt,
3137 3874 3206 3929 ab
3235 3874 3507 3929 Heriberti

1927 3965 2281 4022 familiaribus
2307 3980 2516 4020 veneno
2556 3975 2773 4036 potatus
2811 3964 3140 4034 defungitur.
3168 3963 3286 4019 Mox
3331 3965 3512 4032 itaque

1925 4071 2108 4113 comes
2146 4058 2461 4112 Heribertus
2487 4057 2672 4112 urbem
2697 4055 3055 4111 Rhemensem
3083 4055 3235 4121 adiit,
3258 4062 3313 4109 et
3337 4053 3503 4108 eccle-

1924 4148 2018 4202 siae
2048 4147 2268 4214 milites,
2298 4147 2618 4201 clericorum
2641 4159 2856 4216 quoque
2883 4146 3168 4215 quosdam,
3194 4145 3258 4200 de
3279 4145 3509 4200 rectoris

1922 4240 2182 4295 electione
2237 4241 2301 4293 ad
2347 4253 2505 4293 suum
2553 4238 2860 4304 consilium,
2893 4253 2991 4294 ceu
3015 4236 3257 4304 iuratum
3305 4236 3504 4302 fuerat,

1924 4329 2203 4384 intendere
2249 4326 2395 4382 fecit.
2451 4326 2584 4382 Cum
2639 4327 2835 4396 quibus
2887 4326 2954 4380 ad
3001 4325 3290 4380 Rodulfum
3323 4339 3504 4396 regem

233 4413 554 4472 diaconatus
580 4419 730 4474 urbis
768 4427 968 4474 nostra:
1005 4428 1134 4476 tunc
1167 4420 1344 4476 omcio
1373 4421 1716 4492 fungebatur,
1751 4422 1818 4476 ad
1844 4489 1867 4492 _
1921 4433 2154 4490 pergens
2181 4420 2232 4472 in
2275 4413 2654 4488 Burgundiam,
2685 4416 2918 4470 obtinuit
2953 4415 3021 4470 ab
3047 4430 3113 4471 eo
3140 4424 3200 4470 ut
3223 4416 3322 4470 sibi
3354 4431 3504 4471 com-

234 4506 582 4572 prmsulatum
624 4508 863 4578 ejusdem
913 4509 1058 4565 sedis
1102 4510 1374 4581 eligimus.
1423 4489 1526 4580 Qui
1571 4513 1815 4584 pontifex
1842 4489 1895 4549 Ῐ)
1921 4489 2225 4564 mitteretur
2259 4509 2398 4564 idem
2425 4506 2756 4577 episcopium
2783 4546 2798 4572 ,
2827 4522 2892 4562 eo
2923 4515 3139 4572 tenore,
3169 4516 3229 4560 ut
3258 4516 3364 4562 tam
3393 4505 3503 4561 ele-

232 4595 538 4664 ordinatus,
566 4614 847 4657 assumens
885 4602 1056 4656 zelum
1088 4612 1279 4659 contra
1308 4606 1583 4675 proximos
1609 4609 1816 4676 praede-

235 4689 467 4743 cessoris
491 4689 592 4755 sui,
625 4705 747 4746 eum
773 4707 867 4748 eos
892 4709 987 4763 per
1009 4703 1181 4748 semet
1207 4711 1237 4749 a
1269 4694 1390 4750 loco
1413 4697 1681 4766 depellare
1706 4714 1814 4753 non

234 4773 457 4840 valeret,
511 4778 738 4834 consilio
785 4779 920 4835 inito
957 4796 1078 4836 cum
1114 4782 1432 4850 quihusdam
1485 4785 1639 4839 laicis
1663 4824 1678 4849 ,
1710 4787 1817 4841 sci-

235 4861 359 4919 licet
389 4868 716 4924 consiliariis
743 4871 886 4938 suis,
919 4874 1218 4929 amicitiam
1248 4876 1497 4946 quaesivit
1538 4875 1814 4935 Heriberti

237 4957 468 5022 comitis,
494 4975 657 5029 quam
681 4963 806 5017 dato
822 4963 1174 5033 jurejurando
1199 4983 1296 5038 per
1319 4969 1536 5024 eosdem
1560 4970 1815 5028 consilia-

237 5043 345 5100 rios
364 5047 620 5115 obtinuit,
642 5067 708 5105 eo
739 5061 922 5110 tenore
952 5065 1010 5110 ut
1035 5063 1156 5124 post
1174 5058 1378 5115 obitum
1411 5059 1580 5129 ipsius
1617 5061 1683 5114 ad
1708 5063 1814 5121 ele-

236 5135 466 5194 ctionem
499 5143 772 5211 pontificis
818 5147 1018 5202 milites
1045 5147 1289 5205 ecclesia:
1332 5149 1638 5206 nullatenus
1665 5159 1815 5226 aspi-

237 5231 416 5282 rarent
441 5232 562 5286 sine
593 5233 816 5289 consilio
846 5235 1013 5306 ipsius
1048 5234 1317 5297 Heriberti
1349 5258 1362 5295 :
1389 5238 1532 5294 idem
1563 5256 1691 5296 vero
1721 5261 1809 5306 co-

238 5331 346 5356 Ιῖὶρε
375 5321 594 5356 rI'lIIllnm
622 5323 832 5356 IIII-dion:
881 5325 1122 5356 n-.n1-nl:n

1274 5337 1496 5356 -Α-ΑοΑη
1534 5337 1702 5356 ἶ-ιιιῖ--ρ

1923 4607 2050 4662 ricis
2077 4621 2239 4676 quam
2286 4605 2441 4660 laicis
2482 4603 2722 4658 debitum
2771 4602 3030 4659 honorem
3079 4595 3397 4657 concederet
3447 4610 3504 4655 et

1920 4705 2312 4760 conservaret,
2369 4710 2468 4750 nec
2523 4693 2842 4764 iniustitiam
2898 4685 3058 4748 alicui
3118 4691 3348 4754 faceret;
3404 4690 3498 4744 sed

1922 4791 2095 4861 ipsum
2118 4789 2447 4859 episcopium
2470 4802 2624 4856 :equo
2640 4787 2761 4857 jure
2777 4787 3122 4858 gubernaret,
3148 4783 3320 4836 donec
3341 4781 3500 4836 talem

1921 4881 2178 4937 clericum
2205 4880 2379 4935 eidem
2421 4878 2532 4945 regi
2562 4885 2919 4945 praesentaret
2943 4917 2958 4940 ,
2982 4873 3072 4942 qui
3103 4871 3172 4925 ad
3201 4869 3504 4942 episeOpalc

1922 4972 2277 5028 ministerium
2315 4969 2714 5039 exsequendum
2745 4971 2850 5025 rite
2873 4962 3113 5024 ordinari
3137 4965 3381 5033 .valeret.
3407 4961 3508 5027 Qui

1919 5078 2101 5119 comes
2136 5062 2200 5116 ad
2229 5063 2474 5118 eamdem
2512 5059 2700 5112 urbem
2732 5071 3015 5131 regressus
3040 5096 3053 5118 ,
3087 5064 3183 5106 res
3221 5051 3476 5126 episcOpii
3501 5089 3516 5110 ,

1920 5161 2076 5225 prout
2125 5151 2227 5206 sibi
2266 5150 2502 5224 placuit,
2536 5145 2842 5206 fautoribus
2886 5149 3001 5204 suis
3045 5141 3296 5208 divisit.
3323 5137 3529 5194 emeris

1921 5245 2158 5309 abstulit,
2193 5257 2248 5300 et
2274 5247 2478 5313 absque
2507 5241 2616 5294 ullo
2641 5241 2852 5310 judicio
2887 5239 2971 5295 vel
3003 5236 3146 5303 lege,
3181 5249 3336 5308 quos
3371 5228 3531 5281 voluit

2512 5331 2592 5356 -.ΑΙ
2643 5331 2707 5356 ..ιι
2740 5336 2873 5356 --_I--
2913 5325 3151 5356 -..λη-ιη.

3231 5323 3538 5356 Διιηινῖηηπὶ
3603 5336 3608 5339 ‘
