3964 5356
1817 191 1828 198 ⁵
1861 192 1980 204 “..--
2017 194 2029 200 ⁵-

456 282 560 338 939

1531 281 1880 342 ARTHALW
1913 275 2263 338 ittmdlILNS.
2304 283 2618 340 AllClllEl’.
3614 280 3707 336 960

459 405 716 462 tractans,
742 408 796 453 et
818 397 871 452 in
902 399 1029 479 sedc
1054 401 1299 470 praesulis
1320 403 1564 458 residens
1597 412 1704 456 tam
1737 403 1847 470 ipse
1870 415 2029 468 quam
2061 402 2105 461 Α
2135 398 2492 454 ordinationis
2534 399 2894 468 perversitati.
2948 397 3152 465 Quibus
3205 395 3527 455 remandavi
3579 399 3707 464 quod

457 486 648 556 eonjux
681 503 773 542 sua
799 505 811 542 :
837 491 1004 544 donec
1030 491 1257 560 septimo
1289 494 1501 546 tandem
1525 507 1687 559 anno,
1709 494 1844 546 ortis
1867 494 2036 544 inter-

458 580 630 648 ipsum
653 589 906 651 etregem
938 581 1227 637 Ranlfum
1272 593 1435 654 atque
1472 585 1750 655 llugonem
1781 586 2035 640 comitem

456 671 778 739 quibusdam
819 673 1182 731 simultatibus
1209 717 1223 742 ,
1255 676 1516 733 Bodulfus
1545 695 1639 734 rex
1663 694 1784 734 cum
1816 679 2038 750 llugone

456 772 508 816 et
549 763 761 820 Bosone
808 764 978 822 fratre
1007 783 1104 824 suo
1129 809 1144 832 ,
1174 771 1490 840 eteterisque
1520 772 1763 842 pluribus
1793 782 1898 827 tam
1927 775 2039 843 epi-

457 854 634 922 scopis
659 855 829 936 quam
858 857 1167 927 comitibus,
1196 859 1526 916 Rhemorum
1567 863 1778 919 obsidet
1824 866 2032 932 urbem,

458 948 900 1004 succensentibus
959 951 1061 1006 sibi
1116 953 1425 1023 episcopis,
1475 965 1529 1010 et
1581 961 2039 1028 eonquerentihus

458 1036 715 1092 adversus
755 1055 897 1106 eum,
931 1043 1073 1111 quod
1119 1052 1228 1098 tam
1283 1046 1538 1101 diuturno
1578 1056 1818 1118 tempore
1849 1060 2034 1106 contra

457 1124 650 1180 divina:
676 1127 810 1198 legis
833 1132 1187 1188 auctoritates
1215 1135 1352 1189 hanc
1383 1136 1569 1192 urbem
1590 1123 1909 1208 permiserit
1941 1157 2036 1195 va-

455 1229 582 1268 care
627 1228 866 1285 pastore.
925 1221 1162 1288 Quorum
1222 1227 1574 1293 querimoniis
1623 1239 1900 1298 permotus
1945 1249 2034 1286 rex

457 1306 707 1362 admouet
755 1310 959 1366 clerum
991 1322 1046 1368 et
1075 1315 1327 1383 populum
1360 1317 1426 1370 de
1467 1320 1698 1386 pastoris
1742 1321 2036 1386 electione,

457 1397 590 1451 dans
618 1398 696 1453 eis
744 1401 794 1454 id
840 1405 1028 1473 agendi
1077 1405 1388 1462 facultatem
1436 1410 1500 1464 ad
1537 1410 1632 1465 Dei
1681 1411 1940 1467 honorem
1985 1424 2039 1466 et

457 1487 538 1540 sui
570 1489 901 1546 ﬁdelitatem.
946 1494 1141 1564 SiCque
1185 1500 1638 1555 concordantibus
1669 1501 1880 1557 cunctis
1929 1513 2034 1556 tam

456 1582 666 1637 clericis
697 1598 857 1652 quam
882 1585 1034 1642 laicis
1060 1590 1150 1658 qui
1179 1599 1331 1644 extra
1356 1592 1689 1648 obsidionem
1717 1605 1892 1658 erant,
1922 1595 2037 1665 plu-

457 1673 606 1728 ribus
646 1675 809 1729 etiam
849 1693 1080 1744 eorum,
1132 1683 1221 1751 qui
1272 1682 1444 1738 clausi
1502 1687 1861 1750 tenebantur,
1899 1689 1949 1740 in
1983 1688 2036 1741 id

2138 506 2243 546 non
2291 502 2435 546 esset
2486 491 2616 546 mihi
2669 500 2980 561 competens
3029 491 3094 545 ad
3144 505 3238 544 eos
3269 489 3360 543 illo
3405 488 3668 557 proﬁcisci
3697 529 3709 549 ,

2139 583 2228 638 ubi
2279 585 2576 639 adversarii
2610 592 2661 638 et
2695 584 2898 638 inimici
2938 582 3040 638 mei
3085 599 3206 637 cum
3246 581 3380 651 ipsis
3428 588 3586 634 erant
3630 597 3712 650 ag-

2137 677 2364 748 gregati.
2413 677 2564 744 Quod
2613 677 2656 731 si
2714 675 2858 744 loqui
2906 692 3113 732 mecum
3162 674 3396 738 vellent,
3444 673 3512 727 ad
3563 673 3714 726 talem

2139 769 2314 823 locum
2363 768 2718 831 devenirent,
2752 769 2839 824 ubi
2872 770 2988 822 sine
3032 767 3273 838 periculo
3322 767 3391 820 ad
3437 781 3534 820 eos
3573 779 3716 819 acce-

2137 861 2267 917 dere
2312 876 2548 931 possem.
2588 861 2794 928 Quibus
2844 861 3254 916 advenientibus
3310 859 3364 913 in
3418 859 3598 913 locum
3657 857 3716 909 ab

2138 954 2338 1008 eisdem
2369 953 2651 1016 delectum,
2687 953 2959 1023 profectus
2988 969 3104 1008 sum
3135 955 3200 1008 ad
3234 967 3361 1015 eos,
3394 951 3718 1019 veniensque

2139 1055 2453 1116 prosternor
2480 1061 2664 1100 eorum
2697 1047 2858 1115 ipsis,
2891 1047 3182 1100 obsecrans
3222 1054 3284 1098 ut
3323 1052 3546 1114 prepter
3577 1058 3715 1096 amo-

2140 1153 2251 1193 rem
2282 1145 2332 1192 et
2382 1138 2640 1192 honorem
2689 1136 2784 1190 Dei
2832 1147 2939 1190 tam
2981 1137 3108 1191 mihi
3153 1150 3315 1204 quam
3365 1133 3468 1188 sibi
3513 1148 3720 1200 compe-

2141 1238 2256 1282 tens
2296 1228 2582 1283 consilium
2629 1227 2758 1281 dare
2804 1225 3228 1293 studerent.Qui
3273 1240 3361 1278 me
3400 1225 3468 1278 de
3504 1223 3719 1277 ordina-

2141 1319 2285 1373 tione
2308 1316 2818 1386 prmdietillugonis
2841 1317 3182 1384 interpellare
3201 1323 3507 1384 cmperant,
3538 1323 3592 1368 et
3624 1313 3720 1368 hoc

2138 1408 2470 1462 omnimodis
2499 1408 2746 1467 suadere.
2783 1417 2842 1460 ut
2882 1408 2961 1461 eis
3000 1408 3050 1461 in
3098 1409 3198 1462 hac
3227 1407 3575 1461 ordinatione
3600 1421 3720 1460 cou—

2138 1514 2358 1553 sensum
2417 1499 2760 1569 prmberem;
2819 1498 3194 1566 promittentes
3271 1513 3357 1552 res
3436 1496 3720 1550 nonnullas

2138 1589 2396 1660 episeopii
2444 1589 2575 1643 mihi
2629 1602 2688 1644 se
2745 1589 3145 1658 impetraturos.
3190 1589 3261 1642 At
3289 1603 3412 1657 ego,
3436 1596 3716 1656 postquam

2141 1694 2456 1750 responsum
2481 1678 2569 1733 diu
2593 1678 3142 1744 distuleram,_videns
3159 1694 3251 1733 eos
3277 1687 3502 1733 cunctos
3526 1679 3578 1732 in
3600 1694 3723 1748 pro-

455 1763 628 1830 iprsum
653 1763 978 1834 faventibus,
1007 1769 1222 1840 eligitur
1248 1773 1566 1830 lmmilitatis
1591 1785 1785 1830 nostra:
1812 1791 2037 1845 persona

2141 1769 2317 1840 posito
2330 1768 2472 1838 quod
2492 1776 2768 1837 coeperant
2781 1783 3102 1837 pcrsevcran
3111 1777 3208 1832 tes,
3226 1760 3456 1836 surgens
3473 1768 3718 1822 interdixi

455 1853 508 1905 in
533 1853 634 1909 hoc
660 1857 828 1926 magis
849 1870 1012 1914 onere
1034 1876 1194 1930 quam
1223 1863 1425 1919 honore
1451 1865 1748 1921 subeundo.
1775 1868 2038 1936 Aperien-

455 1942 599 1998 tibus
636 1947 851 2000 tandem
905 1960 1013 2003 tam
1075 1947 1335 2008 militibus
1387 1971 1550 2025 qnam
1600 1957 1806 2013 civibus
1857 1969 2040 2029 portas

455 2031 606 2086 urbis
635 2035 744 2104 regi
786 2035 1056 2105 Rodulfo,
1104 2049 1160 2094 et
1208 2043 1563 2115 episcopalem
1609 2048 2036 2104 benedictionem

455 2123 586 2178 mihi
617 2124 950 2183 tradentibus
976 2131 1262 2201 episc0pis,
1288 2135 1378 2204 qui
1407 2145 1567 2190 erant
1590 2137 1774 2192 decem
1807 2148 1861 2194 et
1889 2151 2039 2206 octo,

454 2222 508 2266 et
553 2215 970 2278 suscipientibus
1029 2232 1268 2277 nostram
1321 2225 1677 2282 humilitatem
1727 2238 1835 2284 tam
1893 2230 2038 2286 clero

453 2302 706 2358 universo
733 2322 892 2375 quam
931 2309 1151 2380 reliquis
1181 2313 1407 2378 civibus,
1451 2317 1810 2376 intronizatus
1839 2323 1908 2377 ab‘
1930 2325 2042 2394 epi-

452 2395 633 2485 scopis
690 2406 888 2454 nostra:
942 2401 1280 2471 dioeceseos,
1315 2407 1626 2478 impositum
1677 2413 1808 2468 mihi
1834 2454 1849 2479 ,
1881 2425 2039 2485 prout

451 2481 595 2538 Deus
623 2489 915 2555 concessit,
943 2493 1302 2549 ministerium
1327 2513 1422 2566 per
1450 2515 1622 2557 annos
1652 2501 1821 2558 ferme
1845 2481 2036 2560 novem

451 2576 682 2629 tractavi
709 2617 724 2642 ,
760 2579 1020 2636 ordinans
1051 2598 1148 2658 per
1177 2585 1454 2641 diceeesim
1485 2590 1770 2662 episc0pos
1807 2603 1952 2658 octo,
1985 2604 2040 2649 et

452 2662 505 2714 in
533 2664 806 2737 episcopio
836 2670 1053 2742 multos,
1081 2683 1242 2742 prout
1265 2686 1578 2746 competens
1600 2680 1904 2750 videbatur,
1929 2685 2038 2740 ele-

451 2756 594 2846 ricos
628 2776 640 2811 :
672 2774 953 2832 quousque
983 2779 1127 2820 nono
1163 2770 1508 2836 postmodum
1540 2787 1702 2840 anno,
1750 2786 2037 2846 postquam

451 2845 782 2906 Ludovicum
851 2868 1030 2926 regem
1061 2896 1077 2923 ,
1133 2855 1345 2914 favente
1399 2860 1662 2933 Hugone,
1719 2845 2038 2938 cunctisque

452 2944 604 3013 regni
660 2947 1040 3018 principibus,
1108 2950 1439 3025 Gerbergam
1509 2972 1726 3028 quoque
1796 2960 2038 3032 reginam

452 3038 852 3107 benedixeram,
889 3053 944 3097 et
975 3059 1129 3100 sacro
1159 3045 1502 3114 perfuderam
1529 3050 1844 3119 chrismate,
1877 3054 2036 3110 insti-

2139 1861 2316 1932 palam
2349 1861 2557 1916 cunctis
2585 1860 2948 1921 audientibus,
2972 1862 3453 1915 excommunieans
3495 1862 3720 1915 auctori-

2141 1962 2253 2008 tate
2281 1952 2373 2008 Dei
2423 1952 2602 2006 Patris
2633 1951 3040 2022 omnipotentis,
3087 1960 3142 2006 et
3190 1951 3332 2015 Filii,
3385 1961 3453 2005 et.
3493 1951 3722 2020 Spiritus

2141 2041 2336 2106 sancti,
2374 2049 2433 2095 ut
2469 2040 2646 2094 nullus
2689 2055 2876 2094 eorum
2919 2041 2985 2094 ad
3033 2043 3278 2095 eamdem
3325 2040 3717 2096 ordinationem

2139 2133 2442 2198 accederet,
2469 2146 2568 2190 nec
2587 2131 2745 2186 alicui
2778 2131 2831 2185 in
2857 2130 3146 2201 episcopali
3169 2131 3377 2184 honore
3397 2145 3486 2184 me
3512 2131 3717 2183 vivente

2141 2239 2330 2280 manus
2362 2225 2696 2294 imponeret;
2723 2224 2816 2277 sed
2843 2237 2942 2276 nec
2964 2223 3102 2277 nllus
3123 2229 3372 2277 eamdem
3394 2222 3724 2276 benedictio-

2140 2330 2264 2369 nem
2293 2314 2571 2383 suscipere
2597 2321 2966 2383 praesumeret.
2996 2311 3147 2378 Quod
3192 2311 3236 2366 si
3274 2311 3418 2366 forte
3453 2310 3629 2374 fieret,
3656 2311 3718 2363 ad

2140 2406 2319 2460 sedem
2349 2403 2698 2473 apostolicam
2726 2417 2821 2456 eos
2844 2402 3224 2471 provocabam.
3256 2401 3366 2455 lllis
3393 2401 3521 2455 inde
3549 2399 3720 2454 furen-

2140 2496 2304 2562 tibus,
2322 2505 2379 2549 ut
2404 2510 2617 2566 possem
2640 2493 2789 2548 exire
2814 2494 2879 2549 de
2910 2493 3086 2548 medio
3108 2508 3316 2558 eorum,
3334 2493 3717 2548 etLaudunum

2141 2587 2360 2652 reverti,
2407 2585 2698 2655 temperavi
2751 2599 3091 2654 responsum,
3124 2584 3314 2638 dicens
3356 2592 3419 2637 ut
3449 2583 3719 2638 mitterent

2139 2691 2351 2732 mecum
2402 2677 2494 2744 qui
2537 2675 2616 2729 eis
2663 2675 2999 2728 renuntiaret
3039 2674 3167 2744 quid
3215 2674 3434 2728 consilii
3489 2676 3720 2745 reperire

2138 2770 2377 2824 valerem
2399 2783 2561 2838 super
2589 2769 2691 2822 hac
2720 2784 2778 2824 re
2806 2768 2857 2822 in
2895 2768 3110 2822 domina
3144 2784 3260 2823 mea
3303 2768 3493 2839 regina
3523 2778 3579 2823 et
3602 2768 3719 2822 iide-

2140 2859 2280 2914 libus
2305 2859 2443 2929 ejus,
2473 2859 2596 2928 quia
2628 2874 2720 2913 rex
2753 2873 2859 2912 non
2905 2858 3113 2912 aderat.
3143 2858 3225 2913 Ad
3257 2859 3362 2913 hoc
3392 2859 3468 2913 illi
3507 2860 3722 2915 mittunt

2141 2953 2429 3008 Deroldum
2456 2954 2791 3022 episcopum,
2825 2960 3078 3021 putantes
3109 2966 3194 3006 me
3239 2966 3361 3007 esse
3392 2962 3726 3006 mutaturum

2140 3047 2447 3103 consilium.
2474 3044 2590 3112 Quo
2620 3044 2887 3107 veniente,
2921 3052 2976 3098 et
3005 3059 3185 3098 coram
3212 3043 3434 3098 domina
3461 3043 3649 3114 regina
3671 3053 3722 3097 et

454 3135 610 3195 gatus
639 3127 792 3198 Hugo
819 3145 1000 3186 comes
1029 3132 1302 3188 iracundia
1324 3176 1339 3200 ,
1369 3138 1510 3206 quod
1541 3140 1590 3193 ei
1619 3143 1925 3198 consentire
1951 3145 2035 3200 vel
2063 3129 2106 3190 ί]
2141 3137 2386 3194 ﬁdelibus
2410 3137 2526 3208 eius
2549 3140 2672 3195 inde
2696 3138 3404 3208 Ιηθίηιθνρευίιηῐθνίὶθτυηι
3428 3153 3719 3207 “surgens

454 3215 704 3288 conjungi
746 3219 1015 3274 noluerim
1066 3223 1135 3277 ad
1202 3225 1370 3294 ipsius
1424 3228 1573 3298 regis
1617 3229 1984 3288 inﬁdelitatem
2018 3275 2033 3302 ,

453 3305 708 3362 adhibitis
735 3323 918 3364 secum
955 3311 1242 3368 lleriberto
1273 3317 1491 3385 comite,
1523 3329 1578 3373 et
1605 3319 1856 3377 Wilelmo
1877 3321 2037 3378 Nort-

456 3411 776 3455 mannorum
801 3403 1063 3474 principe,
1079 3406 1439 3465 Rhemensem
1461 3412 1673 3470 obsidet
1691 3415 1898 3471 urbem.
1927 3416 2038 3474 Nec

453 3487 670 3580 longum
698 3529 712 3554 ,
766 3503 919 3546 sexta
976 3495 1183 3552 scilicet
1225 3498 1525 3556 obsidionis
1561 3503 1646 3558 die
1670 3544 1683 3569 ,
1719 3506 1940 3561 deseror
1968 3508 2038 3564 ab

452 3582 596 3634 omni
628 3597 764 3651 pene
789 3593 929 3640 ccetn
962 3585 1167 3643 laicalis
1195 3591 1401 3646 militia:
1427 3609 1441 3646 :
1465 3594 1665 3664 sicque
1703 3595 2036 3664 derelictus,

453 3670 521 3724 ad
550 3670 826 3741 llugoncm
858 3684 912 3729 et
944 3675 1284 3732 lleribertum
1318 3682 1610 3751 compellor
1636 3684 1808 3739 exire.
1839 3685 1885 3739 Α
1913 3688 2035 3755 qui-

452 3762 552 3818 bus
589 3776 896 3823 coarctatus
925 3779 982 3824 et
1011 3773 1340 3829 conterritus
1387 3790 1550 3846 cogor
1588 3790 1787 3833 memet
1831 3781 2037 3848 episco-

452 3857 560 3926 pali
597 3862 976 3928 procuratione
1012 3863 1284 3930 abdicare,
1316 3875 1370 3920 et
1421 3868 1494 3921 ita
1543 3885 1629 3923 me
1678 3872 2038 3940 propellentes

453 3947 510 4001 in
537 3951 784 4007 coernobio
826 3953 1002 4006 sancti
1029 3952 1205 4009 Basoli
1239 3956 1487 4013 habitare
1516 3960 1853 4016 constituunt
1882 3980 1893 4014 :
1925 3961 2036 4015 Hu-

453 4056 646 4110 gonem
679 4059 808 4099 vero
832 4045 999 4100 ﬁlium
1029 4046 1296 4103 Heriberti
1318 4090 1332 4112 ,
1370 4051 1462 4119 qui
1493 4052 1820 4107 Autisiodori
1851 4054 2034 4108 diaco-

455 4147 556 4185 nus
585 4133 866 4190 ordinatus
897 4135 1076 4204 fuerat
1100 4178 1114 4201 ,
1145 4139 1197 4192 in
1232 4125 1422 4194 urbem
1451 4141 1802 4198 introducunt
1828 4154 1882 4198 et
1910 4145 2038 4199 civi-

457 4233 566 4279 tate
614 4226 912 4294 potiuntur.
957 4230 1263 4286 Ludovicus
1302 4242 1482 4290 autem
1529 4250 1617 4290 rex
1665 4251 1694 4289 a
1731 4236 2034 4307 Burgundia

455 4316 693 4382 rediens,
719 4335 805 4374 me
833 4326 971 4390 apud
1003 4334 1249 4379 sanctum
1280 4324 1531 4380 Basolnm
1559 4330 1780 4397 reperit,
1810 4339 1864 4383 et
1887 4344 2037 4384 assu-

455 4421 612 4461 mens
640 4423 820 4463 sccum
874 4411 1034 4465 simul
1074 4429 1194 4468 cum
1245 4417 1565 4486 propinquis
1601 4419 1735 4472 meis
1765 4458 1780 4483 ,
1809 4435 2035 4488 quorum

457 4515 544 4554 res
567 4499 880 4561 Heribertus
907 4518 1088 4560 comes
1114 4507 1431 4571 abstulerat,
1458 4510 1778 4564 Laudunum
1803 4511 2036 4577 deducit,
2065 4491 2115 4550 ι)

455 4589 598 4657 quod
626 4600 864 4646 castrum
897 4600 1023 4649 tunc
1056 4595 1378 4651 obsidebant
1406 4597 1720 4654 lleribertus
1754 4607 1809 4654 et
1838 4599 1991 4670 llugo
2023 4618 2034 4652 :

457 4680 738 4750 solutaque
783 4684 1065 4740 obsidione
1108 4687 1365 4755 oppidum
1414 4689 1733 4758 ingreditur,
1777 4689 2039 4758 nobisque

457 4778 692 4826 metatus
731 4774 955 4844 degendi
997 4776 1322 4845 disponitur.
1373 4777 1590 4832 lnlerim
1642 4779 1820 4834 clerici
1872 4779 2041 4834 nostri

458 4858 558 4912 loci
584 4898 599 4924 ,
625 4861 717 4914 sed
748 4870 802 4916 et
837 4862 957 4917 laici
989 4865 1208 4932 quidam
1249 4867 1482 4934 pessime
1513 4868 1580 4922 ab
1613 4867 1895 4924 Heriberto
1929 4878 2042 4922 tra-

456 4959 694 5016 ctantur,
728 4962 783 5006 et
828 4955 1045 5023 quidam
1087 4957 1408 5011 clericorum
1457 4959 1508 5011 in
1557 4960 1819 5015 custodiis
1863 4970 2041 5016 retru-

457 5044 680 5107 duntur,
734 5060 822 5099 res
866 5061 1055 5101 eorum
1107 5049 1428 5102 auferuntur
1477 5061 1639 5120 atque
1684 5051 2038 5120 diripiuntur,

460 5134 660 5198 rapina:
698 5149 794 5202 per
823 5144 990 5190 totam
1033 5139 1218 5193 urbem
1269 5139 1372 5193 late
1406 5149 1800 5208 perpetrantur.
1833 5142 2039 5197 Interea

459 5235 825 5279 convocantur
869 5230 1102 5299 episcopi
1158 5241 1354 5287 noslra:
1383 5233 1681 5288 diteceseos
1720 5233 1788 5286 ab
1819 5235 2040 5305 llugone

459 5325 510 5356 ΩΙ
552 5315 840 5356 Hnriltorln
882 5322 1245 5356 coinnnnlilnua
1289 5333 1336 5356 nl
1369 5327 1731 5356 ηιιηηι-Λ-ιιῖιιηο
1764 5326 1830 5356 ολ
1869 5326 1944 5356 Λῖο
1977 5326 2041 5356 ,1η

2141 3231 2375 3302 praefante
2405 3233 2619 3286 modum
2647 3231 3224 3286 excommunicationis
3268 3231 3320 3284 in
3367 3231 3599 3285 eosdem
3615 3230 3722 3298 cpi-

2141 3338 2333 3393 SCOpOS
2361 3322 2631 3391 iaculatus
2660 3337 2778 3378 sum
2807 3342 2818 3376 :
2846 3324 3181 3377 vocationem
3209 3336 3426 3392 quoque
3453 3322 3521 3376 ad
3547 3320 3718 3376 sedem

2095 3413 2491 3483 "apostolicam
2539 3414 2739 3468 iterare
2769 3413 2975 3480 curavi,
3029 3413 3510 3468 excommunicans
3553 3413 3720 3482 ipsum

2141 3506 2285 3561 hunc
2311 3506 2622 3570 Deroldum,
2650 3515 2709 3559 ut
2756 3506 2806 3560 id
2849 3506 2929 3560 eis
2957 3507 3178 3560 omnino
3220 3519 3326 3558 non
3377 3511 3605 3566 taceret,
3633 3503 3722 3556 sed

2141 3597 2352 3651 cunctis
2405 3595 2688 3650 manifeste
2737 3594 3022 3664 proferret.
3079 3595 3171 3648 llis
3213 3593 3509 3665 itagestis,
3548 3591 3723 3662 parvi-

2140 3685 2437 3756 pendentes
2459 3685 2530 3739 illi
2559 3693 2796 3738 nostram
2819 3684 3469 3756 excommunicationem,
3503 3682 3724 3737 Rhemis

2142 3777 2430 3839 accedunt,
2467 3784 2517 3830 et
2558 3776 2778 3844 quidam
2808 3775 3354 3829 eorumordinatioui
3382 3774 3511 3828 huic
3541 3786 3724 3826 manus

2140 3865 2534 3936 applicuerunt,
2562 3866 2780 3936 quidam
2823 3879 2951 3920 vero
3001 3879 3062 3919 se
3088 3863 3410 3919 subduxisse
3462 3866 3720 3918 sciuntur.

2141 3954 2253 4026 Ego
2278 3970 2406 4010 vero
2433 3971 2552 4011 cum
2578 3971 2703 4028 rege
2726 3971 3122 4025 manens,quas
3145 3954 3233 4010 ille
3256 3955 3428 4009 scitur
3450 3954 3723 4024 angustias

2141 4044 2454 4115 pertulisse,
2486 4054 2539 4101 et
2568 4061 2752 4100 secum
2785 4045 3014 4116 pertuli;
3059 4053 3115 4099 et
3156 4045 3375 4114 quando
3419 4059 3546 4098 eum
3592 4042 3723 4097 bello

2142 4137 2383 4208 aggressi
2434 4145 2561 4192 sunt
2597 4135 2749 4206 Hugo
2774 4145 2830 4192 et
2855 4136 3191 4200 Heribertus,
3216 4151 3338 4190 cum
3391 4136 3512 4204 ipso
3557 4150 3718 4197 eram,

2141 4239 2196 4284 et
2245 4230 2337 4283 vix
2385 4230 2529 4284 evasi
2569 4229 2761 4285 mortis
2805 4228 3126 4300 periculum.
3181 4227 3477 4296 Prolapsus
3526 4227 3720 4296 itaque,

2141 4321 2344 4375 auxilio
2366 4329 2420 4375 et
2444 4323 2780 4391 protectione
2831 4321 2948 4383 Dei,
2997 4319 3064 4374 de
3125 4319 3313 4373 medio
3355 4318 3721 4380 inimicorum,

2143 4413 2403 4484 profugus
2433 4422 2488 4469 et
2512 4413 2861 4485 vagabundus
2890 4411 3006 4467 loca
3035 4410 3178 4464 invia
3206 4423 3436 4478 quaeque
3462 4408 3725 4476 silvasque

2141 4504 2434 4575 perlustro,
2468 4518 2574 4558 non
2617 4517 2789 4557 ausus.
2807 4509 2954 4556 certo
2984 4500 3286 4555 consistere
3315 4499 3455 4554 loco.
3494 4497 3723 4552 Comites

2141 4601 2324 4648 autem
2383 4592 2536 4663 llugo
2577 4601 2631 4647 et
2679 4590 2994 4646 Heribcrtus
3039 4588 3184 4642 aifati
3233 4591 3501 4658 quosdam
3531 4587 3726 4642 amicos

2143 4693 2359 4739 nostros
2391 4685 2492 4739 sibi
2523 4682 2789 4747 subditos,
2819 4681 3049 4736 suadent
3078 4689 3134 4734 ut
3165 4694 3252 4734 me
3281 4679 3634 4748 requirentes
3661 4679 3726 4731 ad

2145 4777 2289 4846 ipsos
2324 4777 2613 4841 deducant,
2645 4775 2964 4845 pollicentes
2995 4787 3052 4826 se
3080 4772 3209 4826 mihi
3238 4770 3650 4836 benefacturus,
3675 4783 3726 4825 et

2146 4867 2305 4922 rebus
2327 4882 2462 4937 quas
2491 4865 2590 4935 ipsi
2613 4864 2873 4936 petissent
2897 4863 3180 4918 ditaturos.
3204 4860 3574 4931 Requirentes
3603 4876 3722 4929 ergo

2147 4973 2234 5013 me
2280 4958 2442 5012 amici
2490 4957 2766 5027 reperiunt
2814 4969 2912 5024 per
2962 4954 3174 5009 diversa
3207 4960 3526 5022 vagantem,
3575 4961 3629 5005 et
3655 4952 3720 5004 ita

2146 5049 2411 5116 perducor
2440 5064 2470 5103 a
2498 5047 2756 5103 fratribus
2795 5046 2931 5101 meis
2955 5053 3012 5101 et
3038 5043 3230 5099 amicis
3253 5044 3321 5098 ad
3351 5043 3613 5113 praefatos
3637 5056 3720 5094 eo-

2147 5141 2325 5196 mitcs.
2359 5141 2459 5208 Qui
2515 5148 2802 5210 postquam
2850 5152 2936 5192 me
2982 5136 3035 5191 in
3079 5142 3349 5206 potestate
3379 5149 3482 5189 sua
3513 5134 3718 5202 conspi-

2148 5234 2318 5298 ciunt,
2367 5247 2609 5304 quaerere
2659 5240 2961 5303 creperum,
3010 5237 3070 5284 ut
3121 5229 3202 5283 eis
3245 5228 3475 5297 pallium
3523 5243 3555 5282 a
3605 5226 3721 5282 sede

2150 5320 2388 5356 Rmmmq
2429 5319 2555 5356 mihi
2587 5319 2839 5356 Μιηιιιιηη
2877 5317 3143 5356 ινοδρνρηι
3194 5323 3250 5356 nl.
3278 5314 3610 5356 ganprdnlali
3642 5325 3720 5356 me
