3964 5356
207 305 302 362 961

1240 295 1570 353 EPISTOLA
1611 294 1700 356 AD
1739 291 1988 348 SYNOD.
2031 291 2426 351 lNGELHElM.

3363 300 3466 355 962

205 417 395 484 sicque
427 429 612 469 rursus
657 414 724 466 ad
780 422 1028 468 sanctum
1084 411 1358 476 Basolnm,
1388 411 1542 480 quasi
1569 425 1787 472 vacans,
1819 414 1864 471 Α
1895 422 2029 476 pene
2051 408 2231 462 vinum
2258 424 2324 462 ex
2351 409 2434 464 his
2459 410 2716 480 colligens
2745 412 2794 466 in
2819 412 3062 467 diversos
3083 429 3249 483 pagos
3277 414 3467 469 abduci

208 507 550 561 habitaturus
585 505 840 560 deducor.
900 503 1068 557 Mausi
1126 503 1354 571 denique
1385 501 1570 572 paucis
1599 500 1788 555 diebus

209 595 260 648 in
291 596 406 663 ipso
432 594 702 658 ctenobio,
729 593 1080 664 quoadusque
1111 593 1454 662 comperiens
1480 608 1579 662 per
1610 604 1786 648 certos

201 701 270 741 ex
318 684 676 740 familiaribus
709 684 976 738 lleriberti
1007 683 1223 738 comitis
1256 681 1494 746 nuntios,
1531 683 1673 751 quod
1718 682 1786 735 ab

202 791 271 830 eo
295 778 435 828 male
465 779 530 830 de
571 791 688 830 mea
719 775 1052 828 tractabatur
1091 774 1410 844 perditione,
1453 773 1648 828 iterum
1686 771 1787 826 ite-

209 882 434 936 rumque
466 867 668 920 nuutiis
718 865 1019 936 hujusmodi
1054 865 1369 934 pavefactus
1398 873 1452 918 et
1497 863 1782 932 impulsus,

209 957 382 1011 locum
415 957 647 1022 deserui,
672 970 726 1011 et
747 957 924 1010 abdita
956 955 1122 1009 lustra
1153 955 1410 1009 silvarum
1434 953 1786 1023 vagabundus

209 1049 402 1118 reperii
437 1067 449 1103 :
485 1049 740 1118 horisque
768 1047 1071 1110 silentibus,
1117 1054 1171 1100 et
1218 1045 1411 1100 itinere
1442 1044 1620 1109 devio,
1647 1043 1787 1098 Lau—

207 1139 409 1192 dunum
469 1147 732 1202 revertor,
787 1139 970 1206 ibique
1015 1147 1298 1205 susceptus
1346 1152 1376 1190 a
1429 1150 1554 1206 rege
1603 1150 1785 1190 secum

207 1247 426 1286 manere
459 1233 778 1286 conslituor.
816 1231 984 1285 Mansi
1011 1246 1138 1285 vero
1171 1231 1366 1284 ibidem
1408 1245 1530 1283 cum
1560 1231 1674 1298 ipso
1703 1230 1786 1285 vel

210 1321 604 1391 tidelibuscjus,
622 1329 946 1390 exspectans
971 1329 1023 1374 et
1039 1321 1334 1389 deprecans
1358 1314 1784 1374 misericordiam

207 1415 322 1479 Dei,
357 1415 528 1468 donec
579 1415 692 1482 ipse
739 1421 825 1466 est
862 1413 1114 1482 dignatus
1167 1416 1216 1465 iu
1270 1429 1367 1467 cor
1408 1414 1609 1468 domini
1645 1414 1786 1482 regis

206 1505 416 1560 Ottonis
460 1505 695 1568 mittere,
731 1513 788 1557 ut
823 1505 889 1557 ad
939 1504 1349 1556 subveutionem
1402 1503 1634 1555 senioris
1683 1502 1785 1555 mei

208 1597 371 1668 regis,
411 1607 467 1652 et
519 1607 783 1661 nostram,
818 1607 1134 1668 preperaret
1187 1598 1239 1651 iu
1287 1597 1590 1650 Frauciam.
1629 1597 1788 1652 Deni-

204 1702 330 1756 que,
393 1697 676 1757 postquam
729 1688 946 1742 domina
996 1698 1178 1742 nostra
1233 1689 1414 1758 regina
1469 1687 1785 1741 Lauduuum

1889 498 2035 554 fecit.
2064 499 2200 553 Tum
2247 500 2413 554 multa
2449 503 2586 556 mala
2618 504 2747 558 inibi
2778 513 3104 574 perpetrata,
3135 516 3190 559 et
3213 505 3469 562 Ecclesia:

1888 596 2088 642 nostra:
2117 588 2365 644 homines
2383 591 2581 659 captivi
2607 592 2844 658 abducti,
2871 603 2924 647 et
2947 594 3012 648 ad
3043 595 3468 664 redemptionem

1888 677 2052 731 variis
2082 687 2208 732 sunt
2231 679 2409 733 adacti
2450 682 2749 736 tormentis.
2779 681 3029 752 Synodus
3052 693 3232 738 autem
3265 686 3470 739 deuun-
3523 669 3530 677 ’

1890 766 2018 820 tiata
2049 768 2270 822 Virduni
2303 769 2628 834 celebratur.
2673 773 2994 842 praesidente
3035 773 3300 830 Rotberto
3328 791 3468 846 prae-

1888 858 2003 913 sule
2060 859 2388 924 Trevirensi,
2442 872 2716 931 praecepto
2766 865 2945 918 domui
3011 881 3161 935 papae
3218 865 3467 931 Romani,

1887 959 2155 1018 prmscnte
2183 967 2397 1021 quoque
2421 953 2641 1008 domino
2672 954 2940 1021 Brunone,
2965 971 3088 1009 cum
3121 957 3389 1027 episcopis
3417 967 3472 1011 et

1888 1040 2177 1096 abbatibus
2219 1042 2506 1097 nonnullis.
2554 1043 2636 1098 Ad
2665 1059 2824 1113 quam
2865 1045 3120 1114 prmfatus
3159 1045 3311 1115 llugo
3341 1062 3471 1101 evo-

1887 1142 2061 1197 catus,
2115 1133 2298 1188 missis
2351 1135 2520 1190 etiam
2564 1137 2776 1190 duolms
2809 1138 2873 1191 ad
2925 1153 3048 1192 eum
3097 1137 3469 1192 deducendum

1887 1225 2173 1295 episcopis,
2210 1225 2550 1282 Adalberoue
2573 1227 2889 1294 etGozliuo,
2914 1230 3099 1283 venire
3120 1231 3468 1300 contempsit.

1890 1314 2151 1370 Universa
2185 1332 2314 1372 vero
2343 1319 2579 1388 synodus
2631 1320 2762 1373 mihi
2815 1320 3119 1374 Rhemeuse
3170 1322 3470 1391 regendmn

1886 1407 2131 1462 decernit
2191 1409 2540 1479 episcopium.
2609 1411 2975 1480 ludieiturque
3045 1411 3240 1466 iterum
3313 1427 3467 1482 syno-

1887 1499 1986 1552 dus
2044 1500 2290 1554 habeuda
2347 1501 2432 1556 die
2491 1502 2678 1556 Iduum
2755 1503 2962 1558 mensis
3011 1502 3298 1567 Januarii,
3355 1519 3475 1572 qme

1886 1596 1941 1642 et
1985 1600 2332 1660 aggregatur,
2389 1599 2447 1644 ut
2507 1592 2884 1646 denuntiatum
2934 1592 3114 1648 fuerat
3145 1595 3196 1647 in
3244 1593 3472 1647 ecclesia

1889 1681 2059 1733 sancti
2124 1681 2308 1746 Petri,
2373 1692 2495 1737 ante
2550 1693 2895 1754 prospectum
2965 1687 3128 1740 castri
3201 1685 3422 1739 Mosomi
3457 1725 3472 1749 ,

203 1788 428 1849 propter
449 1778 839 1833 absolutionem
865 1779 1064 1832 domini
1093 1779 1232 1847 regis
1257 1777 1569 1846 reliquerat,
1603 1793 1786 1848 egres-
1822 1763 1860 1819 Β
1889 1786 1918 1821 a
1961 1771 2180 1825 domino
2235 1768 2520 1840 Rotberto,
2566 1776 3014 1831 convenientibus
3066 1779 3295 1832 emtor-is.
3329 1777 3473 1844 Qua-

203 1888 296 1926 sus
322 1872 449 1925 inde
476 1872 541 1924 ad
568 1872 842 1924 dominum
877 1886 1054 1939 regem
1103 1869 1356 1925 Ottouem
1406 1887 1527 1924 cum
1577 1871 1790 1924 seniore

203 1978 324 2017 meo
347 1962 536 2016 deveni
571 1977 715 2032 rege,
748 1961 1015 2030 simulque
1044 1962 1280 2015 libemus
1305 1962 1658 2024 accessimus,
1677 1962 1791 2015 cin-

199 2053 344 2122 gitur
376 2052 554 2120 itaque
581 2051 708 2106 urbs
732 2051 1081 2113 exercitibus,
1105 2061 1158 2104 et
1180 2051 1416 2120 episcopi
1443 2051 1531 2119 qui
1563 2051 1791 2104 aderant

200 2157 289 2195 nae
338 2142 450 2195 sedi
498 2151 697 2194 nostra:
753 2142 964 2195 restitui
1023 2150 1267 2195 censent.
1332 2141 1619 2200 Maudatur
1663 2156 1791 2211 ergo

197 2232 410 2303 llugoui
445 2248 473 2286 a
503 2231 720 2286 domino
747 2248 874 2303 rege
905 2232 1125 2298 Ottone,
1150 2242 1207 2287 ut
1235 2234 1564 2305 egrediatur,
1587 2243 1642 2288 et
1669 2249 1789 2304 per-

198 2340 383 2380 vasam
421 2325 637 2379 deserat
669 2324 876 2378 urbem.
907 2324 976 2378 At
1022 2325 1108 2379 ille
1140 2334 1338 2380 nutans
1369 2325 1702 2394 aliquandiu,
1735 2334 1790 2379 et

198 2431 298 2485 pro
335 2431 512 2486 posse,
538 2415 626 2469 ubi
657 2416 788 2469 vidit
815 2417 880 2469 ad
903 2417 1271 2471 resistendum
1305 2417 1519 2487 penitus
1543 2417 1789 2472 sufﬁcere

197 2526 256 2561 se
290 2522 632 2576 nequaquam
683 2506 887 2570 valere,
931 2522 1030 2561 nec
1069 2507 1364 2578 amicorum
1406 2508 1505 2561 sibi
1537 2509 1788 2578 praesidia

195 2599 507 2662 subvenire,
533 2598 776 2653 decernit
799 2599 1124 2662 exeundum,
1150 2614 1398 2668 quazrens
1421 2608 1480 2653 ut
1504 2599 1642 2653 liber
1663 2615 1787 2654 cum

195 2692 313 2746 suis
345 2691 711 2744 dimitteretur
758 2692 1073 2745 abscedere.
1117 2692 1461 2746 Permittitur
1491 2693 1674 2762 itaque
1703 2708 1790 2747 sa-

193 2799 302 2836 nus
329 2783 478 2836 exire
506 2798 627 2836 cum
651 2783 903 2836 omnibus
930 2783 1021 2850 qui
1049 2798 1232 2837 secum
1263 2782 1480 2837 voluere
1501 2785 1783 2839 comitari:

191 2883 256 2928 et
309 2889 644 2943 quaecunque
687 2889 873 2928 secum
919 2874 1090 2927 voluit
1117 2873 1279 2938 ferre,
1312 2873 1457 2928 nullo
1505 2876 1786 2930 contradi-

196 2973 356 3019 cente
384 2966 703 3035 asportavit.
739 2962 938 3033 Sicque
986 2981 1108 3018 cum
1159 2965 1378 3036 regibus
1424 2967 1786 3037 introgressus

195 3057 408 3122 urbem,
459 3057 744 3126 przecipior
795 3056 912 3111 loco
971 3066 1156 3111 nostro
1204 3066 1256 3112 et
1310 3058 1495 3112 honori
1550 3061 1781 3114 restitui.

195 3146 493 3216 Susceptus
538 3147 701 3217 igitur
731 3163 758 3200 a
786 3147 1017 3202 dominis
1048 3149 1492 3219 archiepiscopis,
1525 3149 1788 3205 Rotberto

195 3239 538 3303 Treverensi,
563 3249 618 3294 et
658 3238 952 3294 Frederieo
984 3239 1442 3310 Moguntiacensi,
1476 3241 1789 3296 comitanti-

190 3329 297 3384 bus
328 3331 560 3395 caeteris,
577 3339 631 3384 et
651 3330 1157 3401 eougratulantibus
1180 3343 1290 3385 tam
1313 3315 1528 3388 clericis
1545 3333 1791 3387 ecclesiae

191 3428 417 3484 nostrae,
449 3436 610 3489 quam
644 3421 867 3490 reliquis
903 3421 1139 3484 civibus,
1165 3423 1232 3476 ab
1258 3422 1390 3490 ipsis
1422 3424 1680 3477 restituor
1702 3439 1790 3476 ca-

197 3512 405 3566 thedrae
427 3512 739 3581 episcopali.
766 3511 919 3582 llugo
943 3528 1069 3567 vero
1099 3514 1320 3568 Rhemis
1341 3529 1592 3582 egressus
1619 3515 1791 3568 lloso-

187 3615 347 3655 mum
376 3610 615 3655 castrum
641 3616 762 3654 cum
793 3601 910 3675 suis
935 3611 1186 3671 occupat,
1227 3609 1283 3654 et
1309 3603 1560 3657 muniens
1597 3613 1786 3658 contra

195 3692 385 3747 ﬁdeles
413 3693 552 3762 regis
601 3693 831 3747 senioris
871 3693 1039 3746 nostri
1074 3693 1300 3746 detinet.
1331 3692 1528 3748 Habito
1555 3695 1788 3764 denique

195 3783 453 3853 colloquii
485 3782 684 3852 placito
716 3783 858 3837 inter
906 3773 1062 3859 reges
1101 3783 1374 3852 seniorem
1427 3799 1606 3837 meum
1640 3785 1790 3839 vide-

196 3877 324 3932 licet
360 3891 424 3930 ac
455 3876 731 3930 dominmu
763 3875 1038 3941 Ottouem,
1077 3892 1242 3946 super
1280 3875 1513 3932 Charam
1545 3876 1784 3945 ﬂuvium,

199 3969 556 4024 convenimus
597 3968 662 4021 ad
693 3967 822 4023 illud
855 3977 962 4023 tam
993 3984 1094 4041 ego
1125 3985 1286 4040 quam
1335 3970 1451 4040 ipse
1478 3970 1630 4041 llugo
1665 3988 1785 4026 cum

194 4062 602 4118 ordinatoribus
629 4063 760 4118 suis.
793 4062 976 4133 Ibique
1002 4079 1086 4119 res
1117 4065 1227 4119 litis
1250 4062 1411 4131 hujus
1429 4066 1494 4118 ab
1518 4067 1788 4136 episcopis

198 4155 420 4207 auditur
454 4172 465 4206 :
498 4153 834 4224 protulitque
889 4153 1099 4208 litteras
1151 4156 1214 4208 a:l
1271 4157 1452 4209 solem
1489 4157 1784 4210 Romanam

195 4246 352 4316 quasi
380 4261 444 4299 ex
484 4260 717 4314 persona
765 4255 946 4299 nostra
1008 4249 1164 4300 datas
1200 4247 1568 4302 excusationis
1627 4265 1783 4311 mea),

196 4351 262 4390 ac
285 4336 328 4390 si
368 4332 976 4402 vacationem‘peteutes
1008 4335 1499 4390 administrationis
1525 4337 1785 4407 episc0pii

1892 1870 2115 1928 propter
2168 1864 2520 1930 cognovimus
2591 1875 2682 1920 tua
2742 1868 3004 1923 industria
3064 1871 3357 1925 stabilitqu
3419 1873 3472 1926 in

1893 1953 2134 2009 Mosomo
2159 1967 2361 2022 castro,
2389 1961 2528 2028 quod
2548 1973 2628 2016 est
2651 1979 2814 2033 super
2844 1963 3065 2019 ﬂuvium
3092 1967 3270 2033 Mosw,
3304 1969 3358 2022 in
3387 1985 3476 2024 ve-

1892 2047 2174 2102 neratione
2213 2048 2306 2102 Dei
2331 2053 2614 2120 genitricis
2640 2053 2843 2118 Maria),
2876 2060 3258 2112 monasterium
3286 2075 3475 2113 mona-

1890 2135 2116 2191 chorum
2145 2139 2404 2208 religioue
2427 2143 2762 2212 decusatum,
2797 2149 3010 2217 tuisque
3033 2151 3474 2219 proprietatibus,

1889 2228 2241 2298 eeelesimque
2280 2240 2381 2286 tua:
2431 2236 2591 2290 terris
2646 2247 2699 2290 et
2741 2240 2984 2294 ccclesiis
3028 2242 3294 2307 dotatmu,
3334 2246 3476 2311 quod

1889 2319 1990 2374 sub
2013 2321 2206 2390 pagina
2252 2324 2310 2378 Β.
2344 2323 2490 2380 Petri
2529 2331 2898 2397 apostolorum
2945 2333 3208 2403 principis
3249 2335 3474 2398 decreti,

1890 2413 2192 2482 nostrique,
2227 2425 2510 2473 te'orante
2561 2424 2916 2490 suscepimus.
2951 2426 3174 2496 Insuper
3201 2426 3474 2491 locellum,

1889 2507 1979 2577 qui
2021 2524 2050 2562 a
2081 2497 2357 2578 Stephano
2386 2514 2500 2567 viro
2525 2514 2724 2570 illustri
2758 2527 2917 2588 atque
2940 2517 3060 2587 ejus
3087 2519 3314 2590 conjuge
3345 2520 3478 2575 Fre-

1890 2599 2072 2666 duide,
2115 2601 2210 2654 Tin
2265 2604 2503 2669 nomine,
2529 2607 2880 2670 constitutus,
2907 2618 3201 2678 sanctoque
3233 2609 3477 2681 Remigio

1889 2692 2198 2760 suppositus
2243 2693 2360 2756 fuit,
2419 2709 2580 2762 quem
2623 2697 2798 2752 eidem
2845 2700 3176 2755 monasterio
3214 2701 3474 2765 Mosomo,

1887 2780 2014 2850 quia
2047 2797 2142 2848 per
2172 2797 2230 2836 se
2254 2785 2322 2835 ob
2349 2785 2701 2855 exiguitatem
2721 2805 2900 2843 rerum
2930 2802 3078 2844 stare
3105 2806 3210 2846 non
3238 2800 3474 2860 poterat,

1887 2872 2185 2936 contulisti,
2210 2874 2421 2930 collatis
2452 2876 2612 2932 rebus
2643 2879 2694 2931 iu
2726 2860 3164 2948 compensatione
3203 2882 3264 2936 Β.
3297 2882 3478 2938 Remi-

1886 2963 1996 3032 gio,
2023 2965 2492 3022 consentientibus
2524 2966 2806 3023 fratribus.
2858 2969 2926 3025 Ut
2961 2982 3141 3026 autem
3185 2985 3479 3044 cognoscat

1890 3052 2142 3106 universa
2189 3053 2453 3119 Ecclesia,
2490 3072 2586 3112 nos
2631 3060 2962 3116 unanimiter
2989 3063 3297 3118 assentire:
3349 3081 3378 3118 a
3426 3077 3479 3119 te

1891 3141 2083 3197 collata
2111 3144 2196 3199 vel
2232 3144 2578 3212 conferenda,
2624 3165 2717 3204 seu
2769 3166 2798 3204 a
2851 3153 3203 3220 quibuslibet,
3230 3155 3284 3209 in
3319 3156 3480 3211 terris

1891 3232 2052 3287 cultis
2080 3242 2134 3289 et
2190 3235 2432 3300 incultis,
2486 3239 2683 3303 vineis,
2739 3243 2930 3310 pratis,
2978 3243 3242 3310 ecclesiis,
3275 3247 3482 3300 manci-

1889 3323 1992 3392 piis
2015 3326 2297 3396 utriusque
2318 3343 2499 3395 sexus,
2533 3331 2706 3400 aquis,
2737 3347 2999 3401 aquarum
3043 3335 3378 3403 decursibus,
3425 3342 3477 3393 iu

1889 3417 2142 3469 omnibus
2184 3419 2251 3471 ad
2311 3421 2680 3490 supradictum
2739 3425 3125 3479 monasterium
3159 3428 3480 3495 pertinenti-

1889 3502 2009 3568 bus,
2038 3504 2101 3558 Β.
2136 3505 2282 3561 Petri
2330 3512 2697 3578 apostolorum
2741 3512 3024 3584 principis,
3053 3526 3107 3569 et
3155 3519 3348 3585 nostri,
3385 3519 3478 3572 tir-

1889 3609 2101 3676 mamus
2129 3596 2347 3651 decreto
2377 3617 2388 3651 :
2429 3611 2697 3668 quatenus
2737 3603 2854 3658 sine
2887 3603 3058 3659 livore
3087 3606 3476 3662 oblatrantimu

1889 3683 2042 3741 locus
2079 3686 2297 3756 quietus
2351 3699 2406 3744 et
2443 3692 2770 3749 inviolabilis
2807 3693 3012 3766 jugiter
3042 3708 3380 3765 permaneat.
3419 3698 3476 3753 Si

1881 3779 2010 3856 quis
2056 3779 2285 3844 interea,
2318 3783 2461 3852 quod
2520 3799 2624 3838 non
2678 3787 2972 3851 credimus,
3024 3789 3311 3843 temerario
3341 3806 3475 3844 ausu

1887 3878 2076 3924 contra
2106 3885 2170 3924 ea
2202 3887 2322 3941 quia:
2362 3871 2431 3926 ab
2464 3872 2565 3927 hac
2602 3883 2786 3928 nostra
2827 3876 3150 3931 auctoritate
3186 3877 3274 3946 pie
3302 3888 3356 3933 et
3380 3879 3473 3932 ﬁr-

1887 3962 2049 4016 miter
2071 3977 2168 4032 per
2207 3965 2309 4018 hoc
2359 3972 2606 4019 nostrum
2645 3965 2980 4036 privilegium
3019 3968 3282 4037 disposita
3326 3983 3474 4036 sunt,

1889 4051 1968 4107 ire
1999 4057 2313 4122 tentaverit,
2346 4057 2426 4112 vel
2469 4060 2584 4113 haec
2605 4076 2724 4130 qua:
2751 4075 2781 4113 a
2821 4061 2976 4116 nobis
3005 4065 3073 4119 ob
3112 4063 3325 4118 laudem
3355 4064 3472 4130 Dei,

1888 4157 1988 4210 pro
2019 4143 2321 4200 stabilitate
2371 4145 2484 4214 jam
2516 4148 2646 4204 dicti
2696 4151 3032 4218 monasterii,
3090 4163 3293 4208 statuta
3327 4164 3472 4220 sunt,

1890 4233 2140 4305 frangere
2167 4246 2222 4290 et
2244 4237 2297 4290 in
2328 4253 2600 4307 quoquam
2635 4241 2938 4310 transgredi
2986 4243 3162 4298 :sciat
3208 4261 3269 4301 se
3289 4255 3478 4301 aucto-

1891 4326 2054 4381 ritate
2107 4327 2168 4380 Β.
2219 4327 2408 4395 Petri,
2461 4332 2613 4401 cujus
2662 4348 2970 4404 quanquam
3031 4336 3285 4394 immeriti
3331 4342 3476 4395 vices

195 4427 392 4490 ,ιοςιι-ί,
435 4441 568 4495 quas
611 4441 698 4480 me
743 4441 981 4495 unquam
1031 4426 1286 4490 dictasse,
1337 4442 1510 4496 neque
1543 4431 1784 4484 subseri-
1817 4443 1863 4501 ι)
1890 4419 2121 4488 agimus,
2174 4422 2541 4477 anathematis
2588 4425 2804 4480 vinculo
2865 4427 3201 4495 innodatmu,
3251 4440 3306 4486 et
3352 4449 3474 4487 eum

193 4517 376 4571 bendo
428 4516 771 4584 aliquatenus
821 4515 1228 4583 eorroborasse,
1271 4526 1607 4586 protestatus
1637 4536 1780 4587 sum,

199 4618 361 4678 atque
399 4615 691 4677 protestor.
748 4608 817 4662 Et
864 4610 988 4678 quia
1025 4619 1148 4664 tunc
1193 4611 1434 4680 synodus
1483 4623 1780 4668 convocata

194 4714 304 4753 non
333 4697 528 4763 fuerat,
557 4697 609 4753 id
644 4701 1042 4768 opponentibus
1074 4700 1378 4757 fautoribus
1411 4703 1580 4772 ipsius
1611 4703 1787 4776 llugo-

199 4791 301 4854 nis,
331 4791 615 4846 altercatio
643 4801 829 4846 nostra
854 4793 1204 4849 determinari
1238 4810 1344 4850 non
1375 4798 1572 4866 potuit.
1606 4796 1780 4867 Syno-

209 4883 298 4937 ius
328 4891 508 4938 autem
531 4883 678 4939 circa
705 4884 945 4940 medium
969 4887 1169 4942 mensis
1189 4885 1510 4943 Novembris
1537 4888 1784 4947 habenda

204 4968 443 5039 Virduni,
502 4974 786 5044 utriusque
833 4977 1006 5045 partis
1059 4978 1326 5048 episcopis
1379 4979 1782 5051 auuuentibus,

202 5062 567 5120 denuntiatur.
621 5064 842 5120 Interim
891 5083 1020 5122 vero
1069 5068 1226 5124 sedes
1269 5069 1596 5126 Rhemensis
1650 5073 1787 5132 mihi

198 5158 426 5224 regenda
457 5157 803 5222 decernitur;
844 5159 986 5213 idem
1015 5174 1142 5228 vero
1187 5158 1342 5232 llugo
1383 5161 1608 5217 Mosomi
1638 5152 1790 5223 com-

1892 4511 2107 4566 diabolo
2129 4523 2185 4566 et
2214 4511 2348 4566 Juda
2380 4515 2643 4569 traditore
2676 4516 2886 4572 Domini
2911 4522 3079 4574 nostri
3102 4519 3228 4575 Jesu
3247 4523 3476 4586 Christi,

1891 4609 2095 4655 :eterno
2120 4602 2368 4656 incendio
2388 4607 2866 4662 concremandum.
2900 4609 2970 4663 At
3012 4625 3138 4664 vero
3159 4611 3251 4679 qui
3283 4613 3370 4679 pio
3399 4613 3480 4664 in-

1895 4691 2032 4746 tuitu
2061 4693 2714 4765 observatoriuomnibus
2735 4700 3024 4762 exstiterit,
3051 4701 3360 4754 custodiens
3387 4718 3480 4753 no-

1894 4786 1990 4841 stri
2020 4787 2300 4857 apostolici
2339 4789 2620 4845 constituti
2667 4791 2734 4847 ad
2767 4793 2974 4848 cultum
3000 4790 3091 4844 Dei
3147 4791 3485 4861 respicientis

1893 4882 2330 4951 praeceptionem,
2364 4881 2757 4939 benedictionis
2785 4885 3043 4958 gratiam,
3088 4893 3142 4936 et
3167 4884 3486 4940 delictorum

1893 4988 2113 5029 suorum
2162 4974 2554 5045 indulgentiam
2588 4989 2981 5050 consequatur,
3037 4980 3090 5026 et
3125 4974 3254 5032 vitae
3283 4981 3499 5027 aeterna:

1893 5063 2166 5136 particeps
2190 5065 2484 5120 elIiciatur.

1969 5154 2248 5224 Scriptum
2279 5172 2380 5228 per
2412 5170 2635 5209 manum
2663 5155 2948 5232 Stephani
3000 5152 3290 5215 scriniaﬁi
3331 5154 3526 5205 sanctae

1896 5249 2152 5272 "annuum
2189 5246 2452 5272 l'.'-_-I--:m
2477 5246 2529 5272 δη
2577 5260 2763 5272 mana”

2832 5259 2846 5272 .
2881 5244 2991 5272 ,_.:I:
3043 5239 3174 5272 “ala
3209 5262 3314 5272 ...μ-
3346 5247 3536 5272 muniit
