3964 5356
173 344 215 405 =9
223 347 285 407 '39

1265 400 1278 414 κ
1330 339 1417 393 os
1455 335 1828 396 MIRACULIS
1859 337 1916 395 s.
1957 338 2291 395 MAXIMINI.

3350 345 3454 400 970

184 460 251 516 ad
273 449 576 521 ridiculum,
599 454 721 524 quis
743 467 931 508 sanum
958 453 1174 524 sapiens
1201 450 1566 515 tollerabilius,
1604 450 1768 506 immo
1797 455 1847 514 Α
1873 448 2217 504 muncionem
2242 489 2258 516 ,
2307 450 2546 504 omnium
2600 451 3020 521 reprehensione
3062 452 3457 526 dignissimum,

178 549 340 621 longe
378 546 650 604 salubrius
677 545 792 601 fore
827 561 930 599 non
959 553 1173 600 censeat
1200 586 1213 611 ,
1245 559 1344 614 pro
1373 542 1648 613 impericia
1691 542 1765 596 ir-

185 642 414 697 risiones
441 637 718 693 hominum
751 636 1039 700 suStinere,
1078 650 1238 706 quam
1276 649 1375 704 pro
1397 633 1654 702 superbia
1678 646 1769 685 se-

185 731 468 799 metipsum
517 727 957 794 eondempnare?
1003 725 1344 795 Quapropter
1382 723 1470 778 diu
1512 722 1766 776 multum-

184 833 286 887 que
317 817 680 873 desideratum
711 830 844 885 opus
882 829 1045 884 perge
1069 813 1090 844 '
1117 828 1340 868 securus
1366 812 1600 882 aggredi.
1654 811 1766 878 Ego

179 911 338 981 plane
376 908 475 962 tibi
493 921 604 976 pro
647 906 852 960 viribus
879 905 1061 969 adero,
1094 917 1432 972 nequaquam
1467 916 1631 956 ausus
1664 910 1767 956 tute

183 999 456 1057 sanctitati
484 998 684 1052 diutius
716 995 987 1051 reluctari.
1029 993 1218 1050 Omnia
1244 1007 1374 1064 ergo
1398 1007 1518 1062 qua:
1544 991 1765 1054 dixeris,

180 1092 316 1148 vela
342 1100 394 1146 te
420 1091 556 1161 ipso,
586 1098 643 1143 ut
670 1087 962 1159 promittis,
994 1094 1057 1141 et
1101 1085 1170 1141 ab
1207 1084 1294 1139 his
1336 1083 1427 1153 qui
1461 1083 1646 1136 adhuc
1688 1082 1768 1136 vi-

178 1190 310 1239 vunt
335 1189 511 1236 tecum
533 1178 680 1244 visa,
715 1176 802 1232 vel
827 1177 894 1232 ab
924 1175 1010 1231 his
1036 1175 1126 1246 qui
1155 1174 1405 1228 viderunt
1440 1170 1537 1226 tibi
1566 1170 1768 1240 proha-
1796 1215 1806 1223 .

177 1275 372 1331 bilibus
409 1271 660 1342 personis
706 1277 1006 1339 comperta,
1042 1266 1422 1337 qualicumque
1467 1275 1769 1333 prosequar

178 1365 320 1428 stilo,
343 1362 544 1416 non-ad
569 1363 672 1416 hoc
691 1361 921 1429 prOpriae
943 1356 1315 1427 possibilitatis
1340 1355 1535 1410 fiducia
1564 1354 1767 1420 nitens,

178 1454 267 1510 sed
298 1463 406 1508 tam
439 1465 723 1522 operosum
773 1449 937 1504 michi
981 1449 1255 1518 negotium
1287 1455 1394 1501 tute
1423 1445 1601 1515 potius
1638 1460 1770 1500 cun-

177 1555 499 1614 ctorumque
549 1550 860 1598 sanctorum
908 1539 1139 1593 fratrum
1189 1537 1399 1592 meritis
1439 1544 1494 1591 et
1537 1533 1770 1591 orationi

174 1639 542 1693 committens.
592 1634 780 1690 Aderit
797 1633 982 1698 etiam,
1011 1632 1153 1687 sicut
1179 1644 1394 1699 semper
1417 1628 1470 1682 in
1497 1627 1766 1691 omnibus,

170 1731 244 1786 ita
273 1740 324 1786 et
358 1731 416 1784 in
436 1731 554 1784 hac
588 1742 802 1799 quoque
828 1733 985 1796 parte
1015 1724 1192 1780 clarus
1225 1730 1412 1778 noster
1438 1721 1579 1775 forte
1602 1719 1772 1772 Maxi-

1869 546 1983 592 toto
2013 539 2146 593 orbe
2187 536 2607 606 adjudicaturos.
2655 539 2865 607 Necte,
2902 542 3095 610 fateor,
3128 553 3284 614 pater
3300 561 3466 602 vene-

1866 627 2075 692 rabilis,
2099 627 2203 683 etsi
2227 629 2516 694 voluerint,
2545 631 2796 700 excipere
2823 632 3096 699 valebunt,
3130 634 3257 704 quin
3292 637 3463 692 tocius

1832 779 1836 790 η
1867 719 2027 789 hujus
2057 719 2433 775 insectationis
2457 730 2608 790 peste
2645 722 2954 790 involvaris,
2997 726 3194 795 quippe
3241 741 3362 782 cum
3410 738 3472 784 et

1867 818 1953 870 me
1976 815 2130 886 juxta
2155 816 2508 871 assertionem
2535 817 2724 872 talium
2754 817 2886 874 falsa
2919 819 3158 874 scribere
3183 821 3462 890 compule-

1868 907 1944 962 ris
1970 917 2026 963 et
2051 909 2310 963 scribenti
2339 907 2590 963 falsitatis
2616 912 2899 965 materiam
2923 911 3312 969 ministrasses.
3343 913 3465 982 Qua

1867 1011 1935 1052 ex
1963 1001 2024 1052 re'
2051 1012 2230 1067 operae
2256 1006 2279 1038 ο
2304 997 2537 1068 pretium
2565 998 2743 1066 video,
2785 1001 3038 1069 praesenti
3081 1003 3104 1035 ’
3147 1001 3470 1072 praeiaciun-

1869 1086 1988 1140 cula
2015 1087 2418 1158 calumpniandi
2450 1087 2594 1141 viam
2625 1089 2758 1144 estis
2784 1089 3088 1155 obstruere,
3117 1106 3226 1146 non
3259 1107 3470 1163 magna:

1871 1177 2184 1234 defensione
2233 1189 2349 1236 arte
2406 1178 2752 1252 refragando,
2805 1183 2899 1236 sed
2944 1183 3222 1238 humiliter
3268 1199 3469 1257 sugge-

1863 1269 2060 1331 rendo,
2089 1283 2196 1338 quo
2223 1271 2569 1325 meminerint
2592 1313 2606 1336 ,
2633 1273 2839 1342 primos
2869 1288 2933 1328 ac
2961 1273 3284 1332 fortissimos
3310 1276 3473 1332 Chri-

1871 1357 1940 1411 sti
1969 1367 2270 1414 assertores
2297 1359 2508 1431 ydiotas
2536 1360 2579 1391 ¹⁰
2602 1361 2790 1428 fuisse,
2816 1379 2925 1418 non
2958 1364 3231 1434 sophistas
3255 1367 3330 1432 1';
3367 1383 3469 1422 ne-

1873 1461 1979 1515 que
2007 1461 2092 1502 me
2116 1458 2408 1517 expectant
2432 1449 2736 1506 Mercuriali
2759 1453 3037 1524 lepiditate
3063 1456 3105 1484 “
3134 1454 3403 1526 Tulliique
3427 1457 3473 1496 "

1869 1537 2028 1608 copia
2071 1539 2123 1593 in
2163 1540 2315 1594 curia
2353 1541 2808 1606 declamaturum,
2855 1544 2949 1598 sed
2981 1543 3034 1597 in
3062 1545 3252 1600 cellula
3289 1562 3476 1600 mona-

1874 1630 2024 1684 sterii
2048 1646 2230 1686 rerum
2262 1640 2538 1702 gestarum
2563 1635 2868 1702 veritatem,
2899 1635 3084 1692 sobrio
3120 1653 3185 1692 ac
3233 1640 3474 1695 veridico

1875 1719 1949 1788 pii
1994 1720 2164 1788 patris
2184 1735 2279 1776 ore
2303 1723 2662 1792 depromtam,
2691 1739 2829 1794 puro
2854 1725 3195 1796 simplicique
3223 1743 3472 1784 sermone

173 1823 370 1886 minus,
397 1819 586 1885 facile,
626 1827 687 1872 ut
717 1817 953 1881 conﬁdo,
990 1815 1131 1884 apud
1169 1812 1446 1867 Christum
1492 1811 1768 1865 dominum
1803 1799 1844 1857 Β
1875 1812 2167 1866 dicturum.
2221 1813 2424 1868 Deinde
2463 1831 2615 1880 vero,
2670 1818 2770 1872 etsi
2819 1819 3014 1874 merito
3055 1819 3158 1874 illis
3193 1821 3472 1890 despectui

174 1915 494 1968 obtenturus
531 1919 576 1974 ο,
607 1920 689 1974 ut,
721 1909 861 1962 sicut
903 1905 990 1961 ille
1027 1920 1058 1959 a
1103 1905 1215 1958 Deo
1260 1908 1414 1971 patre
1455 1899 1511 1954 in
1564 1897 1771 1968 Spiritu

169 2011 355 2057 sancto
387 2001 566 2056 factus
598 2009 684 2056 est
711 1999 962 2055 omnibus
982 1994 1128 2050 salus
1152 1991 1468 2061 etjusticia,
1521 1990 1598 2044 ita
1639 2003 1773 2058 quo-

167 2107 272 2164 que
301 2103 354 2147 et
385 2092 552 2146 michi
598 2089 801 2160 elingui
846 2085 1110 2143 efﬁciatur
1150 2084 1354 2154 lingua.
1405 2080 1559 2147 Quod
1605 2080 1651 2134 si
1698 2078 1772 2134 di-

163 2185 446 2256 gnabitur,
494 2181 637 2237 haud
670 2180 912 2245 dubium,
957 2176 1217 2247 liquidam
1241 2174 1527 2228 veritatem
1552 2171 1716 2226 etiam
1739 2186 1769 2225 a

166 2284 313 2330 muto
351 2272 663 2330 luculenter
697 2284 1012 2340 expressum
1052 2267 1073 2299 "
1120 2267 1206 2321 iri.
1267 2263 1378 2319 Nec
1434 2263 1767 2318 reticendum

164 2375 264 2432 est,
295 2365 448 2436 quod
480 2380 600 2418 eum
635 2362 796 2418 facile
825 2359 1114 2423 confidam,
1145 2357 1254 2412 Deo
1277 2357 1488 2426 piisque
1517 2353 1768 2408 omnibus

165 2456 576 2511 succedentium
605 2463 906 2523 temporum
931 2452 1034 2506 hoc
1053 2447 1369 2518 opusculum
1394 2452 1606 2517 gratum
1622 2442 1766 2508 fore,

161 2562 348 2604 vereor
393 2557 571 2602 tamen
599 2546 946 2618 praesentium
978 2543 1190 2613 aliquos
1210 2539 1386 2595 eidem
1415 2538 1768 2608 derogaturos

168 2656 362 2713 meque
395 2641 679 2707 insulsmn,
723 2639 1088 2709 falsiloquum,
1129 2633 1330 2690 nullius
1362 2629 1628 2687 momenti
1663 2626 1768 2682 ho-

1877 1900 2060 1954 hahita
2091 1900 2256 1955 fuerit
2297 1903 2478 1958 vilitas
2505 1904 2996 1971 ista-elaborantis,
3043 1908 3232 1964 honori
3287 1919 3470 1964 tamen

1867 2006 2059 2060 qumso
2106 1993 2374 2048 habeatur
2414 1997 2771 2065 prterogativa
2817 1997 3090 2066 jubentis;
3137 2015 3234 2056 nec
3282 2001 3470 2057 statim

1866 2084 2116 2148 credant,
2143 2096 2351 2154 patrem
2375 2097 2649 2155 nostrum,
2684 2089 2858 2143 virum
2905 2091 3087 2160 utique
3129 2104 3315 2148 sarcta
3361 2093 3472 2150 vita

1874 2184 1929 2228 et
1954 2179 2366 2233 conversatione
2394 2181 2766 2249 conspicuum,
2793 2181 2924 2237 falsa
2957 2184 3140 2239 dicere
3180 2201 3345 2255 quam
3401 2188 3475 2242 si-

1875 2265 1986 2320 lere
2023 2265 2294 2321 maluisse.
2340 2267 2432 2323 His
2476 2270 2547 2322 ita
2581 2271 2898 2339 praelibatis,
2932 2272 3153 2330 Wikere
3200 2276 3243 2306 “
3295 2285 3471 2346 pater,

1873 2357 2016 2425 quod
2041 2357 2306 2426 agendum
2341 2359 2587 2414 imminet
2613 2360 2876 2425 ineamus,
2920 2371 3143 2417 exorata
3195 2366 3348 2434 prius
3393 2368 3475 2420 di-

1874 2445 2128 2515 gnatione
2175 2447 2378 2512 divina,
2427 2458 2695 2518 quatenus
2746 2451 2862 2519 ipsa
2901 2461 3196 2519 annuente,
3229 2469 3350 2524 quae
3381 2455 3473 2510 illa

1871 2538 2184 2608 sanctisque
2213 2541 2464 2596 omnibus
2492 2540 2651 2610 digna
2692 2542 2821 2616 sint,
2861 2551 2917 2599 et
2944 2552 3000 2599 tu
3031 2560 3125 2602 ore
3154 2545 3370 2604 edicere
3417 2559 3474 2604 et

1859 2643 1972 2700 ego
2006 2630 2210 2702 scripto
2246 2634 2502 2705 persequi
2542 2633 2836 2690 valeamus.

1457 2756 1707 2797 expucrr
1768 2754 2050 2797 ruzrarto
2100 2743 2165 2799 ¹³.

1678 2837 1969 2851 ...ψ

239 2894 272 2948 8
327 2893 390 2946 ".
437 2889 583 2962 (890)
632 2887 991 2958 Temporibus
1043 2883 1250 2940 Amulli
1303 2884 1344 2916 ⁸⁷
1394 2883 1759 2952 imperatoris,
1789 2891 1834 2952 ρ
1864 2883 2115 2938 dominus
2159 2896 2313 2938 meus
2356 2883 2658 2953 imperator
2696 2851 2927 2958 largitus
2969 2889 3082 2944 sit?
3110 2910 3128 2942 ι
3187 2889 3280 2947 Illa
3333 2907 3464 2950 vero

165 2999 292 3038 cum
328 2984 440 3053 jam
484 2983 538 3036 in
578 2980 687 3035 hoc
726 2980 845 3034 loco
876 2977 1180 3049 religionis,
1228 2991 1328 3046 pro
1365 2975 1545 3030 dolor!
1588 2984 1762 3030 status

171 3079 303 3134 haut
333 3076 553 3132 minima
590 3088 655 3128 ex
700 3081 855 3143 parte
877 3070 1149 3125 laberetur
1193 3076 1249 3123 et
1270 3067 1600 3123 monachica:
1630 3081 1760 3136 pro-

166 3168 421 3224 fessionis
456 3167 611 3236 rigor
644 3162 906 3233 paulatim
935 3161 1103 3215 laxari
1138 3174 1212 3214 ac
1246 3158 1466 3214 dissolvi
1483 3157 1758 3228 cmpisset,

165 3259 428 3314 defuncto
460 3254 776 3310 monasterii
822 3254 1021 3308 abbate
1066 3251 1460 3316 Herkenberto,
1507 3247 1762 3304 monachi

170 3363 271 3418 pro
314 3347 580 3402 electione
616 3345 828 3399 abbatis
857 3343 1116 3413 palatium
1142 3357 1210 3396 ex
1245 3355 1395 3396 more
1423 3348 1761 3410 competunt.

171 3438 380 3506 Quibus
421 3452 542 3491 cum
580 3434 819 3505 peccatis
860 3435 1210 3504 exigentibus
1247 3433 1448 3487 electio
1493 3449 1601 3488 non
1635 3448 1761 3501 per-

164 3531 483 3585 mitteretur
504 3528 568 3591 ‘3,
599 3527 954 3594 sequestratis
981 3525 1254 3593 aliquibus
1289 3523 1602 3578 monasterii
1633 3536 1760 3590 pos-

162 3617 546 3681 sessiunculis,
577 3631 696 3685 qua:
724 3615 812 3668 vix
862 3623 1037 3668 artam
1087 3613 1368 3667 monachis
1411 3610 1762 3667 sustentatio-

167 3728 294 3768 nem
319 3711 626 3782 potuissent
649 3707 891 3778 praebere
915 3747 930 3770 ,
961 3707 1174 3761 cuidam
1210 3705 1564 3775 Megingaudo
1589 3705 1761 3775 (278),

162 3803 320 3874 regni
350 3802 512 3870 hujus
541 3800 686 3864 duci,
724 3797 816 3868 qui
853 3805 981 3852 tunc
1005 3796 1149 3852 forte
1194 3797 1382 3851 aderat
1429 3797 1496 3862 ¹⁹,
1545 3793 1762 3850 abbatia

162 3898 237 3952 ab
287 3897 621 3966 imperatore
649 3893 845 3948 donata
875 3898 988 3945 est.
1019 3889 1135 3956 Qua
1175 3897 1424 3957 suscepta
1462 3903 1584 3942 cum
1611 3885 1764 3941 laetus

171 3989 239 4044 ad
275 3985 494 4058 propria
535 3990 849 4044 remeasset,
878 3980 1106 4035 hilarem
1151 3993 1210 4034 se
1237 3993 1302 4032 ac
1323 3977 1620 4048 jucundum
1666 3991 1764 4046 pro

173 4088 400 4148 accepto
429 4074 692 4131 beneﬁcio
722 4088 819 4142 per
847 4081 1017 4126 totum
1048 4070 1189 4125 diem
1227 4068 1272 4099 ²⁰
1311 4069 1564 4122 onitiihus
1611 4067 1766 4120 exhi-

170 4169 326 4235 bens,
356 4167 672 4223 adveniente
699 4174 859 4220 nocte
879 4178 999 4217 cum
1025 4161 1252 4231 conjuge
1275 4149 1578 4214 cubiculum
1609 4157 1762 4211 adiit.

1865 2988 1988 3029 cum
2019 2988 2077 3028 se
2099 2974 2311 3029 nescire
2342 2974 2605 3030 fateretur
2639 2995 2650 3030 :
2685 2997 2702 3028 ι
2735 2977 2985 3046 Servum,
3017 2980 3224 3050 inquid,
3259 2986 3462 3053 praedi—

1861 3062 2034 3118 vitem
2062 3062 2116 3116 in
2142 3062 2463 3119 beneficium
2491 3065 2652 3120 michi
2692 3068 2946 3135 indulsit;
2995 3079 3050 3124 et
3093 3071 3140 3126 si
3180 3074 3263 3128 vis
3297 3075 3462 3144 scire,

1863 3153 1979 3223 ipse
2009 3161 2092 3208 est
2120 3151 2443 3209 Maximinus
2472 3170 2594 3209 cum
2620 3157 2837 3212 abbatia
2865 3157 2961 3214 sua
2999 3162 3065 3225 ²¹,
3097 3177 3256 3231 quem
3298 3165 3465 3220 etiam

1865 3244 1958 3300 tibi
1991 3245 2037 3301 si
2064 3246 2109 3277 ”
2138 3245 2374 3301 volueris
2398 3248 2625 3302 tradam.
2665 3249 2872 3316 Quibus
2899 3253 3117 3320 auditis,
3147 3269 3290 3312 same
3314 3274 3470 3315 mer:-

1866 3337 1934 3392 tis
1967 3338 2158 3393 mulier
2183 3338 2354 3392 virum
2379 3353 2546 3409 prope
2570 3343 2784 3395 modum
2815 3343 3083 3409 insanum,
3109 3357 3370 3416 quantum
3407 3350 3463 3405 in

1865 3443 1924 3484 se
1951 3427 2071 3492 fuit,
2103 3444 2201 3496 pro
2239 3431 2524 3484 temeraria
2555 3432 2874 3499 garrulitate
2898 3435 3460 3509 vehementer,ohjur—

1865 3533 2026 3586 gare,
2082 3533 2247 3586 seque
2295 3521 2429 3573 tanti
2477 3520 2720 3575 benelicii
2771 3522 3198 3593 indignissimam
3248 3532 3465 3598 procla-

1865 3623 2018 3662 mare
2044 3609 2122 3672 ²³;
2156 3623 2278 3662 cum
2308 3611 2451 3664 inter
2472 3611 2586 3666 hzec
2620 3612 2749 3664 haut
2779 3628 2929 3668 mora
2967 3615 3088 3680 fuit,
3128 3627 3182 3672 et
3219 3636 3344 3675 ecce
3377 3625 3462 3677 in-

1861 3699 2060 3767 juriam
2093 3699 2269 3753 dilecti
2300 3701 2391 3754 Dei
2423 3701 2694 3754 Maximini
2729 3701 2774 3733 "
2807 3703 2968 3773 digna
3003 3706 3237 3763 vindicta
3273 3711 3462 3767 subseo

1867 3792 2071 3860 quitur,
2111 3799 2274 3860 atque
2300 3805 2362 3845 os
2387 3792 2761 3860 blasphemum
2801 3793 2932 3849 ultio
2967 3795 3147 3851 divina
3177 3802 3460 3871 corripuit.

1866 3881 2003 3936 Nam
2039 3881 2128 3936 ille
2155 3880 2361 3952 fragilis
2400 3897 2465 3936 ac
2515 3884 2750 3938 caducus
2786 3886 3057 3952 terricula,
3091 3890 3182 3958 qui
3210 3891 3353 3958 inani
3381 3895 3465 3964 ja-

1868 3971 2071 4026 ctantia
2115 3984 2180 4025 ac
2226 3971 2431 4026 tumido
2469 3972 2653 4026 animo
2698 3988 2756 4027 se
2796 3989 2959 4044 super
3000 3977 3125 4032 coeli
3183 3981 3458 4037 consulem

1867 4063 2217 4118 Maximinum
2267 4064 2602 4118 extendisset
2632 4104 2646 4128 ,
2695 4065 2874 4119 subito
2924 4065 3065 4121 infra
3113 4073 3462 4142 semetipsum

1869 4165 2012 4210 totus
2043 4155 2401 4218 contrahitur,
2442 4164 2496 4210 et
2524 4155 2683 4224 paulo
2727 4165 2852 4210 ante
2892 4158 3125 4214 hominis
3167 4161 3361 4230 forma,
3407 4165 3463 4220 in

172 4259 418 4330 Cumque
446 4257 552 4312 ἰκειὶ
597 4256 750 4310 thoro
788 4254 992 4323 pariter
1044 4249 1462 4312 discubuissent,
1509 4246 1763 4316 digressis
1793 4261 1841 4319 ι)
1867 4259 2094 4313 spzeram
2124 4245 2355 4314 quadam
2386 4245 2467 4300 vel
2495 4245 2708 4316 globum
2734 4262 2870 4316 pene
2911 4247 3195 4306 informem
3235 4256 3462 4311 convol-

165 4351 446 4414 omnibus,
485 4347 655 4403 solam
679 4345 954 4398 mulierem
980 4349 1192 4396 secreto
1213 4340 1269 4393 in
1295 4341 1409 4393 haec
1439 4340 1601 4393 verba
1633 4337 1760 4391 allo—
1867 4335 2029 4387 vitur.

169 4441 361 4512 quin".
403 4455 419 4493 ε
477 4457 497 4488 ε
527 4437 739 4501 scisne,
782 4433 1000 4502 inquid,
1047 4438 1308 4500 quantum
1349 4428 1514 4483 michi
1570 4439 1766 4481 munus
1944 4425 1978 4480 9
2004 4425 2073 4478 ³⁸.
2115 4424 2267 4480 Tunc
2310 4424 2731 4497 Megingaudus,
2782 4436 2890 4483 tam
2928 4429 3128 4487 acriter
3177 4434 3380 4491 diutius
3407 4436 3458 4468 ⁸⁸

1497 4539 1732 4595 VARI/Ii
1763 4537 2171 4594 LECTIONES.

738 4640 759 4671 °
784 4637 1161 4693 obtentaturus
1187 4633 1240 4687 2.
1275 4648 1414 4687 corr.
1439 4631 1767 4686 obtenturus
1794 4629 1848 4683 1.
1949 4629 1970 4660 ⁷
2012 4643 2300 4696 expresum
2329 4627 2383 4682 5.
2481 4631 2504 4660 ⁸

1741 4632 1848 4731 15.1.
1949 4632 2300 4708 '{expresum
2329 4632 2383 4682 5.
2439 4632 2504 4709 ,⁸
2547 4640 2659 4698 post
2687 4632 2816 4684 add.
2844 4635 2894 4688 1.
2998 4632 3019 4664 ⁹
3068 4635 3210 4690 deest
3246 4635 3299 4689 2.
3341 4650 3458 4707 post

1829 4697 2107 4768 lepuhtate
2131 4700 2181 4753 1.
2260 4697 2304 4729 ¹⁸
2337 4698 2559 4767 tulhque
2587 4700 2741 4768 copio
2767 4718 2903 4756 corr.
2934 4701 3179 4768 tulliique
3200 4706 3355 4768 copia
3399 4711 3456 4763 1.

246 4647 272 4680 ⁸
307 4643 638 4717 ρει-κοβηξι.
738 4640 759 4671 ⁸
784 4637 1161 4717 obtentaturus
1187 4633 1240 4687 2.
1275 4648 1414 4687 corr.
1439 4629 2304 4717 obtenturusl‘.“gg’tg‘espresum
2329 4629 2449 4717 ἵκω
2481 4631 2504 4660 ⁸
2547 4640 2659 4698 post
2687 4629 2816 4712 add.
2844 4635 2894 4688 1.

175 4702 438 4772 αάά.’1.”
468 4714 513 4747 ⁸⁸
561 4714 770 4767 ideotas
818 4709 871 4761 3.
947 4708 989 4738 “
1023 4723 1051 4760 ε
1077 4722 1214 4759 corr.
1250 4720 1353 4758 rec.
1383 4717 1571 4754 manus
1613 4702 1661 4753 1.

176 4768 402 4856 tulhque
447 4799 585 4838 corr.
631 4780 878 4856 tulliique
1051 4776 1095 4807 “
1129 4775 1373 4856 vvichere
1406 4773 1638 4856 .2:ncorr.
1667 4770 1866 4824 wikere
1892 4769 2000 4856 1.",
2213 4771 2276 4856 5.-
2301 4769 2389 4850 ιιρὶ
2417 4768 2692 4856 sequitur}:
2717 4771 2907 4856 incipit
2933 4771 3072 4856 liber
3093 4768 3369 4854 secundus
3395 4779 3461 4833 de

179 4833 668 4911 niira‘lc—tt'lisnsancti
717 4833 989 4902 Maximini
1033 4842 1420 4914 archiepiscopi
1452 4839 1819 4914 Trevirorum.
1846 4868 1916 4914 -—_
1941 4839 2231 4914 Exordium
2263 4840 2420 4914 hujus
2451 4833 2694 4914 opusculi
2720 4833 3082 4914 illitiiira'culo
3111 4843 3306 4912 insigni
3350 4856 3463 4900 sta-

183 4909 385 4981 tueram
432 4909 702 4978 dedicare.
744 4918 829 4971 Ita
878 4918 986 4985 fere
1031 4915 1186 4968 etiam
1217 4909 1271 4967 3i.
1303 4909 1650 4985 Celericodd.
1685 4909 1840 4985 et_ed.
1885 4911 1982 4985 hoc
2012 4909 2124 4961 loco
2154 4911 2326 4963 manci
2355 4917 2498 4985 sunt.
2571 4912 2621 4985 _"
2665 4927 2712 4963 c.
2746 4912 2832 4964 10.
2859 4912 2988 4965 edit.
3019 4941 3086 4950 —
3107 4913 3161 4985 ξ.
3195 4909 3322 4964 add.
3372 4933 3464 4985 τα-

181 4978 328 5048 lii-(ini
349 5008 372 5046 :
399 4991 733 5047 Gravissima
759 4978 996 5056 periculo
1029 5000 1086 5056 se
1114 4993 1390 5056 exponunt
1412 4980 1851 5056 quiabbatialem
1889 4978 2049 5056 hujus
2082 4979 2395 5056 monasterii
2426 4978 2745 5035 electionem
2771 4993 2990 5056 cassare
3016 4982 3349 5056 moliuntur;
3381 4983 3416 5036 5
3444 5000 3458 5037 :

178 5063 348 5130 Quam
373 5063 504 5117 3dire
535 5060 676 5112 uleio
706 5049 886 5110 divina
931 5049 1345 5130 illegingaudum
1371 5050 1523 5130 regni
1558 5050 1716 5130 hujus
1746 5051 2105 5130 ducemnba’nc
2139 5049 2417 5130 abbatum
2452 5056 2726 5130 tenentem
2757 5060 2812 5130 et
2845 5049 3174 5130 instinctum
3217 5049 3466 5105 Maximi-

176 5117 305 5186 num
343 5130 804 5200 blasphemantem
853 5117 1136 5200 corripuit
1157 5125 1198 5154 "
1231 5117 1524 5200 arnoldi'jl.
1556 5117 1891 5200 agarnulphi
1929 5117 2063 5200 λβ.
2088 5185 2118 5200 _
2160 5117 2202 5148 ³⁸
2222 5117 2613 5200 admitteretur
2642 5123 2694 5175 5.
2734 5188 2747 5200 ι
2773 5119 2814 5155 ¹⁹
2848 5120 3244 5200 aderat-ntro".
3277 5121 3464 5200 aderat

2260 4697 2304 4729 ¹³
2337 4697 2559 4773 tollique
2587 4700 2741 4773 copio
2767 4718 2903 4756 corr.
2934 4701 3179 4773 tulliique
3200 4697 3355 4773 copia
3399 4711 3456 4763 1.
3555 4703 3558 4707 ’
