3964 5356
476 310 575 367 971

1750 306 2047 363 ΒΙΕΕΙΙΑΒ

2168 306 2476 364 MONACHI
3234 379 3238 387 ,
3646 312 3741 367 972

481 424 910 489 animadversus,
936 421 990 477 in
1017 437 1076 478 se
1106 421 1287 487 rediit,
1311 421 1438 492 quid
1460 430 1517 476 et
1545 436 1643 477 cur
1670 430 1946 492 pateretur
1975 425 2056 479 iu-
2084 434 2130 489 Α
2155 422 2244 492 jus
2265 424 2310 455 "
2338 424 2634 501 explicare,
2664 434 2776 478 tum
2814 424 2978 482 etiam
3019 438 3085 479 ex
3127 437 3192 478 eo
3238 421 3382 492 quod
3416 422 3473 476 in
3514 437 3742 493 praesen-

477 516 704 580 tellexit,
729 523 785 570 et
825 529 893 568 ex
921 522 1035 572 toto
1065 514 1249 580 corde,
1297 516 1620 569 adhortante
1647 514 1894 585 conjuge,
1931 515 2061 570 dicti

475 605 758 677 paenituit,
810 620 975 676 seque
1011 604 1181 675 copiis
1215 605 1531 675 praeparatis
1566 620 1762 676 magna
1802 622 1925 660 cum
1966 621 2058 662 ce-

472 698 687 756 leritate
718 696 999 753 Treverim
1044 698 1333 768 deportare
1373 698 1649 768 praecepit.
1691 695 1930 753 Tandem
1962 697 2062 753 ita-

468 808 578 863 que
623 793 691 847 ad
725 790 1114 847 monasterium
1136 801 1355 846 ventum
1387 799 1490 856 est,
1522 799 1649 846 ante
1690 799 1941 857 sanctum
1980 789 2061 845 al—

473 892 591 937 tare
626 880 934 953 deponitur,
968 880 1146 936 xeniis
1180 881 1443 952 preciosis
1470 881 1647 951 ipsum
1676 880 1847 936 altare
1871 894 2060 935 cumu-

469 973 634 1028 latur.
658 970 726 1026 Et
748 970 841 1041 qui
866 971 1017 1041 prius
1037 985 1097 1027 se
1117 970 1396 1026 dominum
1421 970 1654 1041 superbe
1680 970 2057 1042 proclamavit,

470 1075 601 1118 tunc
625 1062 799 1118 sancti
827 1061 1047 1117 Maximi
1072 1076 1293 1118 servum
1323 1061 1546 1117 nutibus
1575 1075 1642 1116 ac
1674 1060 1850 1117 sibilis
1878 1061 2058 1131 potius

469 1166 634 1221 quam
658 1151 837 1206 verbis
870 1151 1148 1206 humiliter
1177 1150 1495 1220 assignavit.
1519 1148 1630 1206 Nec
1655 1149 1924 1207 fructibus
1944 1166 2057 1207 sum

467 1242 864 1299 satisfactionis
906 1242 1153 1313 privatus
1189 1253 1275 1298 est
1304 1243 1486 1308 homo,
1524 1251 1809 1313 postquam
1841 1242 1909 1297 ad
1940 1243 2058 1313 ejus

469 1332 841 1400 clementiam,
866 1349 1026 1404 quem
1059 1334 1214 1404 quasi
1245 1334 1550 1405 procaciter
1574 1333 1730 1400 laesit,
1763 1333 1986 1405 supplex
2008 1334 2051 1366 ³⁷

467 1425 780 1495 confugium
809 1425 960 1481 fecit.
992 1423 1125 1479 Nam
1153 1424 1272 1481 fusa
1303 1440 1402 1495 pro
1428 1440 1495 1481 eo
1522 1440 1553 1480 a
1581 1424 1846 1483 fratribus
1872 1441 2052 1497 prece,

467 1518 680 1574 meritis
720 1517 1001 1573 Maximini
1051 1518 1282 1574 caelestis
1330 1519 1410 1574 ira
1457 1517 1697 1584 sedatur,
1747 1520 2056 1589 virtuteque

466 1608 641 1663 sancti
676 1607 1142 1679 integra.sanitas
1188 1607 1241 1663 in
1291 1616 1492 1678 puncto
1540 1608 1802 1679 temporis
1852 1608 2055 1680 Megin-

464 1701 641 1769 gaudc
667 1699 931 1756 redditur.
962 1698 1054 1755 Sic
1082 1699 1244 1754 homo
1278 1698 1480 1754 salubri
1511 1700 1854 1771 correptione
1882 1715 1913 1754 a
1943 1698 2054 1755 Deo

2167 516 2363 571 tiarutn
2393 515 2646 580 referam,
2686 515 2889 587 liquido
2915 516 3104 571 claret.

2237 607 2299 663 ll
2332 607 2401 663 ³³.
2444 606 2725 678 Siquidem
2767 618 2891 677 post
2933 616 3293 662 memoratum
3332 605 3740 679 Megingaudum

2161 699 2520 771 potestatibus
2548 708 2604 754 et
2638 699 2825 755 usibus
2848 698 3009 768 hujus
3038 698 3187 770 regni
3213 697 3411 754 ducum
3447 699 3563 753 lucc
3584 699 3743 753 abba-

2162 792 2236 849 tia
2261 791 2306 824 ”
2335 791 2634 862 subjacuit,
2673 790 2759 846 bis
2788 798 2996 846 tantum
3039 790 3305 862 exceptis,
3354 805 3478 859 qua:
3518 791 3739 845 fratrum

2161 881 2542 938 sustentationi
2585 881 2792 937 dudum
2838 888 3179 951 sequestrata
3209 878 3464 942 fuerant;
3500 894 3626 950 qua:
3670 889 3741 933 ta-

2160 987 2289 1028 men
2320 972 2457 1042 ipsa,
2491 968 2635 1027 sicut
2674 979 2730 1027 et
2755 970 2951 1036 adhuc,
2982 983 3175 1025 eorum
3205 967 3509 1025 defensioni
3541 985 3572 1021 a
3611 970 3743 1040 regi-

2157 1064 2261 1120 bus
2286 1063 2785 1120 committebantur.
2817 1061 2935 1129 Qua
2978 1076 3043 1116 ex
3072 1075 3235 1116 causa
3268 1076 3390 1116 cum
3422 1059 3739 1116 Gisilbertus

2158 1153 2449 1209 admodum
2472 1152 2688 1225 juvenis
2715 1153 2823 1208 dux
2854 1167 3022 1224 regno
3046 1151 3451 1233 ‘prchiccretur,
3483 1159 3548 1205 ut
3575 1150 3667 1205 illa
3690 1166 3743 1207 se

2157 1255 2290 1302 tetas
2317 1247 2502 1313 habet,
2532 1245 2871 1301 secularibus
2902 1245 3321 1301 oblectamentis
3358 1254 3416 1300 et
3438 1245 3658 1316 pompis
3682 1259 3742 1299 ac

2157 1338 2492 1410 voluptatum
2521 1338 2793 1394 illecebris
2814 1338 2989 1409 primo
3010 1338 3093 1393 sui
3116 1337 3460 1409 principatus
3483 1347 3740 1406 tempore,

2154 1430 2408 1501 quamvis
2430 1437 2616 1500 postea
2640 1436 2684 1470 ⁸³
2718 1429 2969 1500 egregius
2990 1427 3036 1461 ³⁸
3064 1426 3149 1483 vir
3183 1426 3364 1482 factus
3393 1427 3468 1482 sit
3492 1425 3664 1497 (280),
3688 1442 3741 1481 se

2153 1524 2337 1593 potius
2381 1522 2616 1588 dedens,
2663 1536 2827 1592 quam
2867 1520 3351 1577 commoditatibus
3406 1516 3736 1575 subditorum

2155 1610 2511 1684 prospiciens,
2538 1611 2839 1667 monachos
2865 1609 3029 1680 hujus
3047 1609 3371 1666 monasterii
3393 1610 3560 1664 etiam
3580 1608 3732 1665 rebe-

2156 1713 2370 1760 menter
2400 1702 2611 1769 afﬂixit,
2636 1718 2697 1759 ea
2722 1702 2931 1758 scilicet
2964 1717 3083 1772 qua:
3111 1701 3165 1756 in
3194 1716 3325 1758 usus
3350 1715 3548 1756 eorum
3577 1714 3731 1754 cesse-

463 1788 800 1860 castigatus,
854 1802 922 1843 ne
977 1787 1208 1844 ulterius
1258 1787 1657 1858 blasphemaret
1705 1788 1759 1843 in
1810 1796 2050 1855 sanctos,
2083 1786 2130 1847 B
2157 1800 2283 1847 rant
2331 1792 2580 1847 adimens
2627 1791 2851 1862 suisque
2891 1790 3219 1846 satellitibus
3262 1790 3625 1861 disperciens.
3662 1787 3737 1842 Ea

460 1879 817 1934 Maximinum
851 1894 916 1934 ex
946 1887 1077 1934 tunc
1107 1879 1219 1934 vita
1258 1893 1354 1934 sua
1381 1876 1507 1934 colit
1537 1889 1596 1933 ut
1619 1879 2048 1946 sanctissimum,

459 1968 811 2039 amplectitur
871 1977 932 2023 ut
974 1978 1224 2040 patrem,
1284 1977 1577 2024 veneratur
1630 1976 1692 2024 ut
1750 1969 2048 2025 dominum.

460 2061 708 2130 ﬂetuque
730 2062 777 2094 ‘°
820 2069 1028 2130 gestam
1080 2062 1147 2115 ad
1195 2060 1576 2131 imperatorem
1626 2061 1875 2133 protinus
1913 2062 2053 2117 refe.

462 2169 611 2219 rens,
640 2167 739 2222 pro
762 2151 1031 2223 denegata
1057 2152 1102 2185 “
1131 2152 1394 2209 fratribus
1417 2153 1682 2211 electione
1717 2155 2048 2222 sollicitavit,

458 2261 560 2302 nec
588 2247 739 2316 prius
767 2256 962 2317 regatu
995 2259 1052 2303 et
1092 2248 1473 2305 obsecratione
1519 2249 1666 2306 circa
1701 2265 1880 2323 regem
1925 2252 2051 2309 des-

460 2337 592 2404 titit,
640 2352 806 2409 quam
845 2339 1080 2410 regalem
1127 2340 1340 2407 fiscum,
1380 2341 1727 2398 Ribiniacum
1756 2343 1905 2416 (279)
1957 2359 2053 2400 no—

457 2429 649 2497 mine,
701 2430 932 2487 fratrum
979 2433 1169 2493 usibus
1221 2434 1544 2505 acquisisset
1578 2434 1646 2491 ³⁰.
1704 2434 1873 2506 Hujus
1922 2452 2053 2509 ergo

460 2523 590 2577 tanti
622 2538 686 2578 ac
733 2524 857 2580 talis
886 2526 1104 2597 patroni
1158 2528 1330 2584 nostri
1365 2529 1713 2585 sanctitatem
1754 2530 1878 2601 quis
1920 2530 2053 2587 satis

456 2613 706 2679 miretur,
744 2615 869 2686 quis
920 2616 1084 2686 digne
1128 2617 1439 2675 collaudet?
1468 2619 1622 2675 Adeo
1667 2620 1720 2675 in
1756 2621 1965 2677 meritis
1988 2635 2052 2679 ac

454 2705 657 2759 virtute
688 2705 972 2761 Maximini
1022 2708 1196 2763 nostri
1236 2709 1423 2764 omnia
1467 2709 1683 2777 altiora,
1727 2711 1908 2767 omnia
1951 2728 2051 2767 ex-

458 2796 783 2853 cellentiora
813 2806 962 2865 sunt,
1002 2813 1167 2870 quam
1197 2808 1260 2855 ut
1299 2813 1368 2855 ne
1395 2800 1653 2856 aestimari
1696 2803 1933 2874 quidem,
1962 2819 2054 2860 ne-

454 2888 582 2943 dum
604 2889 773 2943 etiam
798 2889 900 2944 abs
921 2889 1161 2960 quolibet.
1187 2890 1498 2947 mortalium
1526 2890 1742 2948 valeant
1767 2892 2049 2962 explicari.

457 2982 567 3038 Sed
608 2997 708 3038 nos
757 2983 903 3039 unde
944 2982 1049 3038 hac
1090 2983 1596 3055 quantulacumque
1642 2985 1818 3042 sancti
1865 2985 2053 3041 lauda-

459 3072 606 3125 tione
632 3070 863 3139 digressi
896 3086 1105 3135 sumus,
1133 3072 1200 3126 ad
1239 3072 1575 3141 propositum
1602 3074 1905 3129 redeamus.

2154 1891 2339 1939 autem
2369 1892 2689 1952 tempestate
2724 1883 2807 1936 vir
2850 1881 3185 1937 clarissimus
3228 1878 3524 1936 Heinricus
3548 1880 3619 1944 ³⁷,
3656 1896 3741 1950 ge-

2152 1975 2300 2029 nitor
2326 1973 2662 2028 serenissimi
2712 1972 2964 2045 [augusti
2985 1970 3065 2045 ³⁸]
3095 1970 3314 2027 Ottonis
3335 1971 3405 2036 ³⁹,
3446 1971 3605 2041 cujus
3641 1972 3741 2025 im-

2152 2065 2286 2135 perii
2318 2080 2460 2120 anno
2496 2064 2758 2135 vigesimo
2801 2063 3035 2135 septimo
3081 2062 3199 2118 hmo
3233 2063 3587 2132 scripsimus,
3624 2077 3738 2115 mo-

2151 2155 2376 2212 narchia
2403 2155 2553 2227 regni
2578 2157 2797 2226 potitus,
2829 2155 3074 2211 subditos
3100 2154 3320 2224 quidem
3342 2155 3591 2225 justicia,
3614 2168 3741 2222 pace

2151 2257 2208 2303 et
2231 2248 2520 2304 clementia
2546 2247 2948 2304 modestissime
2981 2247 3327 2319 gubernavit,
3359 2246 3578 2316 imperii
3616 2262 3744 2301 vero

2153 2341 2364 2413 apicem
2393 2341 2686 2397 virtutibus
2716 2349 2769 2395 et
2810 2340 2981 2411 gloria
3010 2338 3267 2410 omnique
3309 2340 3602 2396 honestate
3635 2340 3741 2394 sia-

2152 2430 2412 2502 gulariter
2456 2430 2750 2487 decoravit.

2223 2520 2294 2576 i2
2315 2520 2379 2574 ³ο.
2424 2521 2564 2577 lnito
2592 2535 2723 2593 ergo
2760 2520 3019 2586 consilio,
3056 2518 3286 2585 fratres,
3313 2528 3377 2573 ut
3405 2518 3615 2574 dictum
3640 2529 3737 2583 est,

2154 2609 2503 2665 intollerabili
2533 2608 2829 2665 afflictione
2858 2624 2887 2663 a
2916 2609 3210 2666 Gisilberto
3233 2608 3508 2679 depressi,
3540 2609 3736 2679 regiam

2152 2698 2497 2756 clementiam
2525 2699 2797 2766 adierunt,
2839 2699 3076 2770 quidque
3104 2697 3148 2729 δ’
3180 2697 3517 2754 incommodi
3547 2714 3579 2751 a
3612 2698 3742 2752 duce

2152 2802 2491 2866 paterentur,
2523 2794 2806 2864 conquesti
2851 2802 2997 2849 sunt.
3042 2791 3219 2848 Nichil
3258 2801 3444 2848 tamen
3483 2800 3631 2846 tanto
3666 2789 3738 2843 la»

2152 2888 2283 2943 bore
2330 2894 2610 2956 assumpto
2656 2885 3032 2956 proficientes,
3086 2883 3519 2955 indignationem
3576 2881 3741 2953 magis

2151 2976 2395 3047 praedicti
2442 2975 2627 3040 ducis,
2681 2976 2917 3030 inmeriti
2964 2974 3123 3041 licet,
3169 2983 3548 3030 emeruernnt.
3608 2972 3738 3039 Quid

2154 3068 2302 3122 aliud
2331 3067 2593 3138 agerent?
2620 3066 2900 3123 Defectum
2945 3075 3156 3120 tantum
3197 3080 3230 3118 a
3261 3064 3619 3129 monasterio,
3652 3078 3740 3116 ne-

530 3158 599 3213 10
626 3135 717 3212 ⁸¹.-
734 3157 1016 3224 Quamvis,
1054 3167 1115 3213 ut
1143 3135 1426 3229 superiore
1466 3158 1706 3230 capitulo
1741 3161 2048 3228 retulimus,
2078 3135 2124 3199 Ο
2157 3135 2428 3213 cessitatis
2467 3157 2657 3212 ultimo
2696 3154 2893 3213 coacti.
2938 3144 3530 3217 meditabanturfcum
3570 3150 3740 3206 subito

454 3247 592 3302 ordo
638 3261 703 3300 ac
740 3246 1011 3301 districtio
1056 3246 1323 3319 regularis
1370 3249 1423 3304 in
1474 3251 1578 3305 hoc
1621 3248 1743 3305 loco
1790 3252 2053 3309 anteriori

464 3347 708 3408 tempore
734 3335 1062 3407 negligentia
1090 3345 1146 3392 et
1170 3338 1475 3395 enervitate
1512 3342 1931 3412 prtepositorum
1959 3343 2059 3399 ali-

454 3444 561 3498 qua
597 3426 956 3483 claudicasset
987 3442 1056 3483 ex
1087 3436 1267 3498 parte,
1295 3444 1592 3501 numquam
1638 3442 1817 3486 tamen
1875 3433 2056 3488 divina

460 3518 670 3574 meritis
722 3517 1006 3575 Maximini
1057 3528 1332 3576 annuente
1386 3521 1698 3590 clementia,
1752 3524 1879 3580 huic
1939 3524 2057 3580 loco

456 3621 679 3666 sanctos
727 3626 793 3666 ac
825 3610 1109 3682 religiosos
1155 3610 1392 3668 defuisse
1420 3614 1589 3681 viros,
1636 3614 1810 3671 donec
1851 3615 2051 3671 iterum

455 3700 597 3756 datis
621 3701 912 3757 abbatibus
938 3701 1219 3772 neglectus
1258 3704 1525 3775 regularis
1570 3700 2051 3762 observantizc’vel

456 3793 509 3847 in
548 3792 838 3862 pristinum
869 3791 954 3847 vel
974 3794 1138 3848 etiam
1165 3793 1220 3848 in
1249 3794 1443 3849 melius
1467 3796 1578 3851 Deo
1606 3796 1849 3867 propicio
1879 3796 2051 3852 corri-

453 3894 695 3953 geretur,
726 3900 851 3941 cum
889 3899 956 3939 ex
1006 3883 1193 3940 multis
1239 3899 1360 3955 qua:
1404 3896 1621 3942 nonest
1654 3887 1914 3959 temporis
1952 3887 2052 3942 hu-

2156 3248 2302 3304 vires
2332 3248 2509 3304 denuo
2537 3254 2792 3315 reparant
2827 3244 3156 3309 animorum,
3185 3241 3478 3307 consilium
3508 3240 3562 3294 in
3602 3238 3741 3292 hunc

2156 3339 2378 3394 modum
2412 3342 2742 3401 restaurant,
2766 3332 2976 3390 scilicet
3012 3331 3080 3386 ad
3117 3345 3305 3402 regem
3332 3345 3547 3401 regum,
3571 3326 3737 3382 Maxi-

2159 3429 2310 3484 mino
2344 3426 2740 3498 patrocinante,
2773 3439 2930 3479 suum
2961 3421 3169 3478 orando
3199 3421 3411 3476 referre
3441 3418 3732 3489 negocium.

2159 3519 2315 3589 Quod
2338 3518 2387 3551 ’⁵³
2420 3534 2543 3574 cum
2585 3515 2897 3587 aliquandiu
2934 3514 3067 3571 haut
3115 3513 3359 3583 segniter
3394 3520 3646 3582 ageretur
3673 3507 3732 3568 "'.

2160 3610 2393 3680 quadam
2448 3618 2605 3663 nocte
2655 3604 2982 3663 venerabilis
3039 3602 3371 3659 Maximinus
3430 3603 3490 3656 in
3542 3599 3735 3653 visione

2159 3701 2282 3756 duci
2310 3697 2610 3770 quiescenti
2652 3694 2991 3767 supervenit;
3033 3708 3099 3750 ac
3139 3693 3318 3764 primo
3344 3691 3591 3763 quidem,
3627 3687 3736 3758 quis

2157 3795 2230 3849 sit
2279 3805 2583 3863 quorumve
2628 3804 2794 3846 causa
2846 3787 3079 3852 venerit,
3130 3785 3352 3857 pandit;
3407 3782 3606 3839 deinde
3645 3779 3733 3833 ob-

2156 3884 2307 3940 noxii
2346 3882 2535 3953 culpas
2565 3881 2774 3951 arguit;
2823 3879 2891 3935 ad
2922 3878 3170 3934 ultimum
3207 3891 3341 3931 vero
3367 3899 3441 3914 --
3465 3873 3605 3928 mira
3631 3869 3733 3924 die-

1767 4022 2002 4078 VARl/E
2037 4020 2441 4078 LECTIONES.

532 4110 578 4170 δ’
608 4135 798 4207 suplex
827 4136 881 4191 1.
958 4135 1005 4168 ’⁸
1033 4148 1140 4205 que
1167 4135 1309 4207 deest
1331 4134 1385 4207 2.
1477 4133 1531 4207 '°_
1569 4132 1638 4189 de
1682 4133 1927 4207 neganda
1984 4143 2099 4207 post
2136 4149 2274 4207 rorr.
2306 4131 2566 4207 denegata
2595 4128 2662 4207 l;
2682 4125 2992 4207 deneganda
3027 4140 3165 4207 corr.
3195 4140 3313 4207 non.
3346 4125 3658 4207 deneganda

456 4207 506 4241 ³⁸
532 4204 914 4275 acquisiuissct
954 4221 1094 4259 corr.
1148 4205 1472 4275 acquisisset
1512 4204 1565 4258 1.

1659 4203 1702 4245 ιι
1727 4192 1794 4257 1ἷι
1825 4204 1876 4257 1.
1907 4192 2053 4257 nulla
2085 4202 2272 4272 capitis
2298 4192 2598 4272 distinctio;
2619 4196 2694 4272 Δ2.
2711 4196 2764 4251 3.
2800 4192 3174 4272 a'dd._rttbra_nt
3199 4206 3222 4272 ί
3252 4192 3447 4272 Divina
3477 4192 3733 4272 annuente

458 4262 748 4333 clementia
787 4276 912 4330 huic
940 4262 1275 4330 monasterio
1303 4273 1477 4329 sancti
1501 4287 1565 4328 ac
1594 4273 1829 4343 religiosi
1865 4272 1968 4343 viri
2007 4262 2303 4343 numquam
2314 4270 2550 4343 defuere
2566 4262 2888 4343 _(rlefuerunt
2913 4265 3035 4343 _5.).
3074 4262 3331 4343 __”_de¢sl
3360 4265 3420 4343 _l.
3501 4265 3549 4297 ³³
3577 4264 3729 4343 {Valte

455 4331 721 4429 distinctio
766 4346 822 4425 in
851 4345 915 4412 l;
952 4345 1011 4399 2.
1046 4344 1100 4399 5.
1134 4344 1261 4427 add.
1307 4343 1520 4398 rubrum
1542 4356 1565 4394 ει
1591 4331 1764 4412 ρυέηι
1792 4342 2035 4467 graviter
2064 4331 2174 4397 dux'
2197 4340 2520 4422 Gisilbertus
2566 4331 2706 4392 hanc
2747 4331 3020 4416 abbatiam
3056 4332 3327 4402 dissipans
3356 4331 3564 4416 fratres
3592 4334 3734 4401 hujus

457 4419 559 4467 IOCI
589 4414 863 4467 afﬂuent.
974 4413 1019 4445 “
1052 4414 1231 4467 abatta
1260 4414 1314 4467 1.
1415 4413 1462 4446 ³³
1491 4424 1616 4467 post
1642 4413 1769 4467 add.
1836 4449 1852 4466 .
1879 4412 2020 4467 deest
2046 4411 2102 4466 2.
2213 4412 2260 4443 ³⁸
2286 4423 2560 4467 carentum
2599 4423 2737 4461 corr.
2779 4420 3028 4467 egregius
3058 4403 3107 4456 1.
3222 4403 3267 4434 ³⁷
3296 4403 3558 4459 henrtcus
3592 4404 3730 4458 codd.

457 4417 559 4472 loci
589 4414 863 4471 afllixerit.
974 4413 1019 4445 "
1052 4414 1231 4469 abatia
1260 4414 1314 4468 1.

1415 4413 1462 4446 ³³
1491 4424 1616 4482 post
1642 4413 1769 4468 add.

459 4485 505 4521 ³⁸
534 4489 673 4541 deest
713 4486 768 4540 2.
805 4481 859 4539 3.
890 4483 946 4539 4.
1023 4482 1069 4516 ³⁸
1095 4485 1307 4539 octonis
1345 4484 1397 4537 1.

1491 4424 1616 4482 post
1642 4413 1769 4468 add.
1800 4411 1852 4467 1.
1879 4412 2020 4467 deest
2046 4411 2102 4466 2.
2213 4412 2260 4443 “
2286 4411 2560 4482 egregium
2599 4423 2737 4461 corr.
2779 4411 3028 4476 egregius
3058 4411 3107 4456 1.
3222 4411 3266 4434 ³⁷
3296 4411 3558 4459 henricus
3592 4411 3730 4458 codd.

1474 4484 1522 4518 ⁸⁰
1557 4484 1614 4540 2.
1654 4483 1782 4538 add.
1815 4483 2030 4537 mbram
2066 4496 2084 4534 :
2113 4479 2312 4536 Afflicti
2364 4478 2561 4535 fratres
2592 4475 2796 4547 regiam
2827 4474 3169 4547 clementiam
3207 4482 3399 4547 contra
3445 4475 3635 4547 ducem
3663 4474 3735 4547 in.

2213 4412 2260 4443 “
2286 4410 2560 4482 egregium
2599 4423 2737 4482 corr.
2779 4406 3028 4482 egregius
3222 4403 3267 4434 ³⁷
3296 4403 3558 4482 henricus
3592 4404 3730 4482 codd.

454 4552 1106 4626 terpellaturi'adierunt;
1136 4554 1171 4626 ξ)
1196 4553 1316 4626 ιΑΑ.
1350 4552 1388 4607 f.
1420 4554 1565 4625 regis
1590 4553 1876 4626 tutamine
1896 4552 2139 4626 frustrati
2170 4551 2521 4607 Maximinum
2552 4542 2829 4626 merentur
2855 4545 2922 4626 de
2953 4544 3166 4626 tiranno
3188 4542 3481 4626 ultorem.__
3525 4546 3570 4578 ιι
3596 4544 3732 4612 quit-

458 4612 605 4697 quid
626 4625 895 4697 incomodi
924 4624 979 4680 2.
1021 4694 1031 4697 _
1056 4612 1193 4697 “In
1217 4622 1272 4677 2.
1302 4612 1512 4697 novum"
1525 4633 1679 4697 caput
1718 4622 1897 4697 incipit
1920 4623 2018 4697 hac
2041 4622 2201 4677 rubra
2227 4630 2480 4697 notatam
2512 4616 3003 4697 :“Lamentantium
3039 4612 3290 4697 fratrum.
3309 4612 3733 4697 precibusxene-

458 4680 989 4751 rabilisMaximinus
1020 4694 1332 4758 inclinatus,
1358 4680 1625 4749 scelerato
1647 4693 1770 4749 duci
1802 4680 1923 4764 post
1960 4691 2134 4749 illatas
2168 4693 2342 4749 minas
2385 4684 2835 4761 flagellationihus
2871 4684 3043 4753 ipsum
3091 4680 3451 4736 emendatum
3492 4682 3730 4739 reddidit.

460 4767 510 4798 "
541 4775 762 4836 agerent
779 4765 835 4821 2.

2002 4867 2234 4924 NOTAE.

2002 4869 2234 4926 ΝΟΤΔΞ.

531 4970 680 5054 e72.)
711 4966 1363 5054 nuncnum-Arnum
1383 4965 1617 5038 diploma
1643 4982 1731 5054 er-
1759 4963 2049 5022 ηοιιιιιοιηι
2076 4968 2129 5028 ι)
2156 4957 2700 5054 Ξεέἳμὶίὶίῗθιξὲἓιὲἓὶί
2725 4957 2872 5054 ἀίεεε
2900 4950 3732 5054 Ηέἒείὲυίὲἐίξὲἑᾞ¹⁸ἓέξξιξςὲ;

462 5038 1096 5114 Πεέέιᾎῖνένλνιέοἳὲἕο
1164 5107 1196 5114 _
1348 5105 1452 5114 η-
1561 5107 1575 5114 -
1644 5038 1693 5114 ’.
1835 5103 1904 5114 --
1979 5106 1987 5114 ρ

530 5108 679 5182 (230)
708 5111 782 5182 De
816 5103 977 5182 coita
1011 5106 1386 5182 Vitgﬁeragdi
1414 5105 1727 5163 Bronicnsis
1747 5120 1803 5182 _c.
1833 5103 2043 5182 ετξ-ῥυ.

461 5174 669 5236 Ma'bill.’
693 5180 846 5247 Acta,
877 5177 943 5243 V,
977 5194 1029 5245 p.
1057 5177 1162 5233 268
1191 5196 1204 5232 :
1238 5195 1257 5230 ι
1299 5177 1565 5247 Caeterum]
1602 5192 1686 5231 .ne
1727 5176 1832 5230 dux
1879 5174 2073 5247 ϐάξις-ς

2155 5021 2382 5100 ϐἰεὶριιί)
2427 5021 2690 5086 monache
2718 5067 2733 5093 ,
2770 5025 2873 5100 qui
2914 5021 3398 5100 ducis___Cisleberti
3444 5021 3734 5100 largissimi:

2140 5093 2373 5159 ‘victitas'
2414 5100 2577 5170 stipe,
2632 5093 2991 5170 considerans
3027 5093 3315 5170 diligenter
3359 5093 3587 5150 attende
3614 5132 3630 5155 .
3676 5107 3739 5170 Ie

2124 5171 2376 5243 xq'nando
2408 5163 2537 5243 ejus
2562 5163 2770 5243 animae
2798 5165 3109 5243 invenieris
3140 5164 3435 5243 immemor
3473 5176 3619 5243 esse,
3650 5163 3740 5243 sed

460 5231 674 5312 Baias,
716 5231 871 5314 cujus
913 5231 1242 5302 mentionem
1285 5231 1789 5316 prastidtlavimus,
1817 5260 1847 5299 a
1893 5241 2078 5299 nobis"
2108 5282 2111 5289 .
2146 5231 2335 5316 potius
2364 5231 2762 5316 incogitabilem
2797 5233 3170 5316 benignissimi
3196 5231 3325 5289 Jesu
3349 5235 3610 5303 pietatem

461 5318 714 5356 ohcnmlnl
752 5312 1039 5356 ililmnlnlne
1066 5324 1119 5356 pl.
1146 5312 1400 5356 inaln'rim
1456 5315 1601 5356 nis-an
1640 5312 1882 5356 eiusdem
1927 5328 2055 5356 enn-

2284 5308 2747 5356 immrtnnissima
2774 5315 2959 5356 nrece.
2980 5313 3252 5356 nuatcnus
3276 5318 3444 5356 aurea
3475 5312 3741 5356 net-uetus
