3964 5356
239 375 343 428 975

1347 365 1434 419 DE
1473 361 1844 420 MIRACULIS
1880 360 1937 416 S.
1981 357 2320 414 MAXIMI‘NI.

3377 360 3483 414 974

243 493 393 536 turns
441 495 558 534 sum
607 488 662 534 et
708 479 876 534 ferme
927 477 1281 540 incredibilia,
1328 475 1411 528 his
1465 483 1670 526 tantum
1718 472 1810 542 qui
1841 477 1890 533 Α
1917 480 2100 539 caput,
2128 479 2180 524 et
2219 485 2279 524 se
2319 471 2515 526 ceteris
2555 471 2871 542 praripiens
2908 469 3279 528 fraudulentus
3306 472 3352 508 "
3381 475 3490 528 cir—

245 574 406 626 Deum
443 587 546 624 non
587 573 816 624 credunt
852 570 1030 622 omnia
1061 583 1218 637 posse
1239 597 1306 606 ——
1329 565 1497 619 latera
1531 581 1594 618 ac
1621 580 1816 632 scapu-

242 662 316 714 las
345 660 567 730 ﬂagellis
609 659 862 714 Cat-dendo
889 659 1113 712 liventes
1149 656 1341 720 reddit,
1382 653 1671 722 statimque
1700 653 1814 707 dis-

242 753 438 820 paruit.
473 751 593 805 Mox
625 759 804 805 autem
831 751 959 814 dux,
989 763 1177 804 somno
1205 763 1302 803 suo
1325 746 1483 802 simul
1509 761 1573 800 ac
1602 746 1815 802 somnio

242 843 310 895 ita
340 840 578 910 graviter
601 853 882 904 excussus,
915 838 1270 892 familiaribus
1298 835 1505 906 paucis,
1546 836 1815 890 somnium

239 935 450 1002 quidem
474 931 520 962 “
551 948 610 986 se
642 932 859 996 vidisse,
900 931 1136 1000 quidque
1176 929 1228 982 in
1273 928 1390 998 ipso
1431 942 1716 998 perpessus
1745 927 1816 980 sit

238 1023 618 1078 attestantibus
663 1022 854 1092 plagis,
903 1022 1091 1084 edixit,
1135 1021 1230 1074 sed
1267 1035 1363 1073 cur
1405 1019 1528 1081 hoc,
1573 1017 1655 1070 vel
1694 1017 1814 1085 quis

237 1115 427 1184 egerit,
462 1129 672 1169 summo
711 1114 889 1168 studio
918 1113 1076 1168 alicui
1110 1112 1324 1167 illorum
1353 1111 1399 1141 ⁸⁵⁵
1429 1109 1671 1164 indicare
1700 1108 1812 1162 dis-

238 1205 527 1271 simulavit,
553 1206 802 1274 quamvis
829 1215 1008 1260 tamen
1047 1205 1203 1259 facile
1237 1214 1362 1258 tunc
1387 1218 1453 1258 ex
1479 1215 1814 1270 consequen-

238 1295 307 1348 tia
353 1305 626 1364 gestorum
659 1295 710 1348 id
739 1311 955 1366 quoque
1001 1296 1173 1350 conici
1200 1294 1244 1326 ‘°
1283 1303 1482 1364 posset.
1533 1292 1811 1361 Siquidem

237 1388 491 1441 continuo
519 1387 794 1442 Treverim
832 1403 1017 1443 versus
1046 1388 1149 1442 iter
1184 1386 1524 1450 acceleravit,
1564 1394 1618 1439 et
1647 1383 1813 1438 Maxi-

238 1475 440 1529 minum
493 1476 594 1530 sibi
652 1492 813 1545 prece
853 1477 1076 1546 placans
1131 1492 1198 1532 ac
1241 1491 1484 1540 munere,
1536 1476 1813 1529 monachis

235 1585 339 1625 non
389 1571 561 1626 solum
605 1572 781 1626 ablata
817 1573 1077 1638 restituit,
1124 1588 1309 1628 verum
1357 1571 1520 1625 etiam
1559 1571 1812 1625 amissam

237 1660 447 1716 illorum
477 1663 707 1732 gratiam
740 1665 1114 1732 pecuniarum,
1157 1663 1353 1733 quibus
1385 1661 1623 1716 fraterna
1665 1674 1813 1715 com-

235 1751 416 1804 nmnio
457 1751 611 1805 valde
645 1753 814 1822 eguit,
846 1753 1075 1808 redemit
1115 1752 1418 1821 impendiis.
1447 1751 1526 1806 Ex
1572 1751 1674 1806 hoc
1699 1750 1810 1819 jam

1920 559 2239 612 cumductor
2278 557 2528 622 ellicitur,
2573 561 2884 628 praecedens
2911 570 2965 614 et
3010 561 3189 616 indice
3231 576 3496 630 pramon-

1917 657 2121 712 strans,
2170 663 2234 702 ac
2276 649 2446 703 multa
2491 649 2559 704 de
2597 659 2910 706 sanctorum
2953 651 3192 719 praediis,
3240 653 3495 723 antiquos

1920 738 2324 809 transgrediens
2365 738 2584 806 limites,
2618 740 2752 796 falsa
2795 742 3256 799 demonstratione
3290 745 3344 800 in
3372 761 3496 816 par-

1919 840 2000 885 tes
2026 832 2075 866 ⁵⁸
2100 831 2181 885 sui
2213 832 2442 888 senioris
2471 833 2766 889 transferre
2801 847 3030 892 conatus
3069 847 3171 893 est.
3198 837 3314 893 lbat
3342 855 3492 909 ergo,

1915 932 1971 977 et
1997 923 2262 978 cirroteca
2293 924 2340 955 “
2373 941 2537 994 quam
2584 927 2772 981 rustici
2826 928 3243 1000 wantum'(285)
3275 941 3494 995 vocant,

1917 1028 2080 1067 manu
2107 1016 2451 1084 superducta,
2484 1016 2626 1071 sicut
2655 1017 2823 1071 voluit
2848 1019 3262 1085 demonstravit,
3295 1022 3496 1077 nostris

1917 1104 2370 1173 subsequentibus
2419 1121 2484 1161 ac
2533 1107 2892 1163 renitentibus
2938 1119 2992 1164 et
3024 1111 3284 1165 auxilium
3329 1111 3498 1166 Maxi-

1917 1195 2046 1248 mini
2110 1203 2273 1264 atque
2331 1196 2561 1267 Remigii
2629 1199 3071 1255 constantissima
3130 1202 3498 1270 inprecatione

1914 1285 2405 1341 conclamantibus.
2471 1287 2678 1344 Interea
2729 1291 2901 1345 bonus
2950 1291 3038 1345 ille
3087 1292 3278 1346 (luctor
3332 1302 3498 1363 atque

1909 1377 2088 1446 justus
2115 1378 2436 1432 cirrotecam
2469 1387 2514 1418 ⁵⁷
2548 1382 2729 1435 manui
2759 1382 2808 1416 ⁸⁸
2835 1383 3071 1437 detrahit
3104 1384 3170 1446 ",
3201 1383 3293 1438 sed
3321 1383 3372 1436 in
3407 1399 3498 1438 ea-

1914 1467 2034 1521 dem
2090 1476 2424 1536 amputatum
2468 1469 2726 1524 divinitus
2777 1469 3000 1540 digitum
3050 1470 3300 1541 reliquid.
3347 1470 3498 1524 Tunc

1915 1559 2143 1614 malicia:
2181 1575 2292 1614 sua:
2339 1561 2620 1616 convictus
2669 1571 2723 1616 et
2753 1562 2796 1593 °°
2822 1579 2853 1615 a
2890 1563 3103 1618 seniore
3149 1578 3267 1628 suo,
3317 1574 3376 1617 ut
3416 1564 3497 1617 di-

1915 1665 2077 1718 gnum
2129 1661 2265 1718 erat,
2323 1653 2682 1723 ignominiose
2712 1655 2752 1686 °’
2810 1663 3092 1719 tractatus,
3138 1655 3368 1725 gratiam
3414 1657 3496 1724 ip-

1915 1741 2027 1794 sius
2072 1741 2282 1807 amisit;
2333 1743 2517 1812 sicque
2569 1746 2796 1801 veritate
2844 1747 3147 1810 declarata,
3189 1746 3366 1800 omnis
3409 1745 3497 1800 illa

235 1849 476 1909 tempore
513 1857 542 1894 a
581 1840 911 1910 juvenilibus
957 1843 1167 1899 actibus
1212 1843 1556 1913 resipiscens,
1601 1841 1807 1911 magni-
1843 1822 1884 1880 Β
1915 1831 2188 1885 εοηιθιιῑῖο
2229 1832 2516 1887 ῑοτιιὶίιιυιιι
2548 1833 2754 1889 habuit-

235 1930 392 1984 ficum
449 1947 672 2001 prorsus
733 1934 906 1988 evasit
960 1935 1016 1987 in
1071 1935 1266 1997 virum,
1312 1933 1597 2002 locumque
1648 1933 1812 1986 istum

232 2029 286 2074 ct
330 2023 804 2094 congregationem
845 2025 898 2079 in
950 2034 1155 2079 tantum
1203 2024 1414 2090 dilexit,
1462 2033 1522 2078 ut
1563 2025 1678 2093 ejus
1712 2039 1810 2092 po-

233 2111 594 2166 tentissimum
632 2114 816 2168 studio
845 2115 1146 2169 venerabili
1181 2114 1368 2185 Ogone
1398 2115 1525 2169 huic
1556 2113 1710 2186 [loco
1729 2113 1810 2184 ⁸⁷]

233 2199 426 2254 abbate
464 2201 789 2257 intronizato
824 2202 902 2266 ",
929 2203 1210 2274 (954)-diu
1252 2205 1412 2259 nimis
1457 2204 1812 2259 obtenebrata

233 2287 499 2358 religiosa:
516 2293 943 2348 conversationis
982 2294 1203 2350 claritas
1220 2294 1346 2350 vitae
1369 2303 1569 2350 nostra:
1595 2295 1810 2350 tandem

233 2379 567 2448 splendidius
588 2381 894 2439 reluxisset.
927 2383 1052 2441 llaac
1078 2400 1208 2456 ergo
1240 2385 1443 2450 omnia,
1481 2385 1554 2439 ita
1581 2393 1641 2439 ut
1667 2392 1811 2438 retu-

231 2466 416 2534 limus,
447 2469 514 2524 de
543 2483 600 2524 se
622 2481 799 2541 gesta,
826 2472 940 2542 ipse
967 2482 1158 2528 sancto
1182 2473 1299 2528 viro
1325 2472 1496 2542 Ogoni
1529 2472 1810 2529 confessus

229 2567 330 2613 est.
357 2559 413 2613 ln
435 2575 540 2628 qua
563 2561 729 2616 etiam
757 2562 1097 2618 confessione
1123 2579 1180 2618 se
1205 2564 1314 2619 Deo
1339 2579 1403 2618 ac
1431 2573 1619 2618 sancto
1642 2564 1811 2618 Maxi-

229 2651 379 2706 mino
401 2652 725 2707 monachum
753 2651 992 2706 futurum
1016 2653 1251 2716 devovit,
1275 2652 1321 2707 si
1353 2653 1508 2708 uxori
1532 2662 1811 2723 superstes

224 2743 494 2814 conjugali
528 2744 738 2799 vinculo
766 2755 1068 2800 mereretur
1090 2744 1316 2800 absolvi.

301 2835 369 2887 15
389 2834 457 2888 δ’.
490 2833 747 2889 Referam
788 2846 844 2889 et
880 2836 1048 2897 aliud,
1091 2837 1234 2906 quod
1276 2837 1403 2890 huic
1447 2851 1571 2890 meo
1604 2835 1810 2904 judicio

227 2925 361 2978 haut
397 2924 556 2994 longe
598 2925 772 2992 impar
799 2925 1140 2989 decernitur;
1175 2927 1279 2980 nisi
1316 2926 1458 2980 forte
1507 2926 1610 2980 hoc
1641 2925 1810 2979 Maxi-

225 3015 361 3068 mini
402 3016 662 3070 virtutum
710 3017 858 3070 credi
907 3016 1102 3070 debeat
1134 3017 1535 3083 detrimentum,
1574 3019 1716 3086 quod
1755 3019 1809 3071 in

226 3107 320 3160 illo
371 3107 633 3161 miraculo
678 3106 804 3162 facti
854 3109 1060 3163 socium
1113 3109 1416 3180 Remigium
1462 3111 1668 3166 clarum
1712 3112 1806 3166 lia-

1987 1921 2052 1973 14
2087 1922 2152 1973 ⁸⁸.
2188 1923 2281 1976 Est
2320 1923 2444 1976 villa
2479 1925 2795 1978 monasterii
2833 1942 2954 1994 qua:
2994 1925 3222 1980 Wimari
3267 1925 3497 1980 ecclesia

1917 2008 2064 2078 (28l)
2104 2011 2325 2076 dicitur,
2350 2029 2513 2081 quam
2556 2015 2886 2070 szevissimus
2923 2017 3164 2084 quidam,
3210 2015 3363 2084 cujus
3405 2031 3502 2069 no-

1914 2116 2036 2155 men
2101 2103 2373 2155 memoria:
2419 2113 2617 2158 nostra:
2673 2105 2914 2174 elapsum
2966 2115 3083 2172 est,
3126 2106 3181 2160 in
3236 2106 3502 2160 beneficio

1915 2192 2122 2246 habuit.
2169 2194 2269 2259 Qui
2319 2209 2441 2246 cum
2505 2195 2676 2248 sancti
2731 2194 2991 2249 familiam
3049 2195 3366 2264 gravissime
3422 2195 3501 2248 af-

1913 2280 2164 2347 ﬂictaret,
2195 2282 2358 2335 etiam
2403 2297 2508 2336 non
2555 2283 2870 2348 inveniens,
2912 2284 3042 2353 quid
3080 2284 3180 2344 eis.
3211 2287 3352 2338 unde
3387 2284 3502 2338 cul-

1911 2373 2030 2441 pari
2081 2381 2318 2442 possent,
2371 2371 2632 2439 objceret,
2682 2372 2774 2427 uni
2824 2387 3039 2437 eorum,
3083 2374 3175 2442 qui
3229 2373 3499 2442 agrestior

1912 2463 2110 2517 ceteris
2157 2461 2451 2528 videretur,
2503 2463 2816 2533 accipitrem
2869 2479 3028 2518 suum
3087 2464 3497 2519 custodiendum

1911 2554 2213 2618 commisit,
2263 2554 2442 2610 sciens
2489 2557 2748 2610 rusticum
2791 2554 2935 2610 illius
2975 2556 3110 2610 artis
3150 2555 3350 2610 nullam
3403 2558 3499 2612 ba-

1911 2645 2040 2700 bere
2089 2645 2384 2714 periciam,
2435 2655 2494 2699 ut
2545 2647 2669 2700 dum
2730 2645 2845 2701 ales
2897 2646 3142 2717 neglecta
3195 2647 3494 2717 deperiret,

1912 2738 2165 2792 interitus
2192 2737 2402 2807 culpam
2446 2738 2498 2792 in
2538 2739 2798 2792 rusticum
2833 2747 3190 2807 retorqueret.
3233 2740 3324 2794 llle
3366 2754 3497 2794 vero

1911 2825 2002 2878 diu
2031 2825 2077 2856 ”
2104 2825 2436 2894 multumque
2467 2826 2626 2880 reniti
2657 2835 2711 2879 et
2738 2826 3074 2895 impericiam
3103 2843 3364 2883 excusare
3400 2844 3494 2882 ar-

1913 2917 2012 2980 tis,
2044 2931 2165 2970 cum
2200 2925 2379 2970 tamen
2409 2916 2590 2970 alitem
2623 2916 2840 2970 demum
2876 2917 3168 2986 conpulsus
3199 2927 3281 2972 est
3308 2929 3492 2974 custo-

1910 3009 2158 3064 diendam
2208 3009 2500 3078 suscipere.
2553 3008 2692 3076 Quid
2741 3019 2921 3063 autem
2964 3009 3194 3080 ageret?
3239 3010 3491 3065 Servavit

1911 3102 2128 3156 interim
2160 3103 2334 3156 vivam
2354 3143 2369 3167 ,
2400 3102 2516 3157 sine
2544 3117 2640 3156 esu
2669 3103 2724 3156 in
2749 3102 2910 3157 domo
2939 3101 3138 3158 fumica
3164 3103 3210 3133 ⁸⁵
3237 3104 3350 3158 cito
3382 3121 3496 3160 mo-

747 3161 754 3162 ,
1011 3161 1038 3162 η
1117 3161 1122 3162 ,
1471 3161 1668 3166 --η-ν--
1712 3161 1779 3166 ___

222 3197 408 3250 buisse
443 3197 724 3251 asseritur.
770 3196 964 3254 Comes
1004 3199 1254 3268 quidam,
1305 3202 1520 3256 nomine
1563 3201 1805 3257 Ruober-

1912 3193 2160 3248 rituram.
2203 3192 2318 3260 Qua
2357 3203 2602 3259 mortua,
2638 3193 2851 3264 plumas
2885 3194 2932 3248 ei
2971 3194 3237 3257 detraxit,
3277 3211 3341 3249 ac
3377 3195 3493 3251 sale

225 3295 314 3340 tus
340 3286 385 3320 ‘°
415 3286 588 3356 (281),
620 3303 908 3357 germanus
953 3289 1118 3355 illius,
1161 3291 1228 3345 de
1257 3306 1365 3359 quo
1409 3307 1570 3361 supra
1620 3291 1805 3346 retuli—

222 3390 365 3438 mus,
407 3374 741 3444 Megingaudi
772 3376 892 3441 fuit,
923 3376 1076 3445 cujus
1101 3380 1380 3448 praedi-ain
1419 3396 1553 3451 pago
1593 3381 1805 3435 Naach-

221 3478 378 3534 gnwe
429 3463 704 3518 Maximini
755 3480 818 3519 ac
863 3467 1091 3537 Remigii
1135 3469 1282 3538 (282)
1326 3470 1715 3524 conlimitantia
1756 3470 1801 3503 ³¹

219 3555 442 3624 praediis
485 3555 822 3622 adjacebant.
857 3557 1028 3622 Quam
1070 3560 1138 3612 ob
1183 3575 1295 3613 rem
1337 3560 1477 3613 servi
1521 3561 1638 3630 ejus
1680 3577 1802 3615 cum

217 3643 430 3698 familia
475 3653 786 3699 sanctorum
837 3647 1027 3701 crebro
1069 3647 1245 3716 litigio
1286 3649 1654 3711 decertabant,
1697 3649 1802 3704 illis

217 3735 445 3804 antiqua
467 3735 702 3790 confinia
729 3737 1044 3806 supergredi
1073 3738 1434 3806 cupientibus,
1469 3740 1587 3794 istis
1613 3756 1643 3794 e
1673 3756 1803 3796 con-

219 3827 396 3881 trario
426 3827 554 3881 totis
591 3825 796 3880 viribus
840 3828 1214 3882 renitentibus.
1259 3829 1470 3884 interea
1513 3845 1634 3884 cum
1677 3847 1800 3885 cru-

217 3917 416 3971 delitas
443 3917 488 3956 "
527 3915 805 3970 servilium
851 3917 1192 3986 querelarum
1222 3928 1278 3972 et
1321 3920 1534 3974 rusticae
1580 3929 1801 3974 conten-

215 4009 384 4063 tionis
414 4023 444 4061 a
469 4007 657 4061 vicinis
694 4009 943 4077 conpesci
983 4008 1329 4077 nequivisset,
1360 4010 1560 4064 nostris
1588 4011 1802 4079 cupidi-

215 4114 410 4153 nosam
443 4097 692 4166 injuriam
734 4096 1217 4166 proclamantibus,
1250 4114 1413 4153 causa
1458 4099 1691 4154 refertur
1732 4101 1799 4154 ad

211 4189 496 4243 comitem.
527 4187 618 4242 ille
656 4203 779 4241 mox
808 4188 1064 4258 placitum
1114 4189 1356 4243 indicens
1394 4189 1644 4260 diemque
1684 4201 1796 4247 sla-

212 4292 399 4344 tuens,
448 4279 513 4332 ad
553 4281 990 4348 conspectionem
1036 4295 1100 4334 ac
1133 4281 1647 4337 circumductionem
1693 4293 1801 4338 ter-

209 4373 509 4434 minorum,
537 4385 729 4439 magna
761 4371 916 4424 turba
944 4370 1485 4425 circummanentium
1510 4374 1797 4428 comitatus

1907 3299 2256 3355 conspersam
2290 3284 2510 3339 domino
2547 3285 2867 3340 servandam
2913 3285 3214 3353 suspendit.
3265 3285 3496 3340 Putabat

1904 3376 2050 3430 enim
2091 3375 2254 3428 stulta
2289 3375 2591 3439 rusticitas,
2629 3389 2689 3428 se
2731 3375 2993 3428 astuciam
3034 3375 3213 3428 callidi
3258 3375 3494 3430 hominis

1906 3480 2192 3520 evasuram
2217 3505 2231 3529 ,
2278 3465 2323 3519 si
2360 3467 2407 3520 ei
2446 3465 2529 3520 vel
2573 3465 2810 3520 cadaver
2853 3467 2970 3520 avis
3001 3465 3046 3497 "'
3079 3477 3320 3536 tempore
3366 3483 3496 3522 exa-

1904 3556 2100 3610 ctionis
2129 3555 2501 3624 incorruptum
2530 3555 2784 3609 valuisset
2809 3555 3085 3610 exhibere.
3116 3556 3360 3624 Cumque
3376 3556 3492 3624 jam

1905 3645 2150 3698 revoluto
2191 3643 2335 3714 longi
2389 3645 2648 3712 temporis
2691 3644 2914 3712 spacio,
2966 3645 3190 3699 immitis
3233 3644 3490 3700 dominus

1905 3738 2218 3807 accipitrem
2266 3752 2424 3790 suum
2461 3753 2490 3790 a
2528 3736 2730 3790 rustico
2769 3745 3082 3807 exegesset,
3113 3736 3201 3791 ille
3229 3737 3477 3806 protinus

1903 3832 2134 3885 cadaver
2157 3830 2372 3884 obtulit.
2407 3829 2482 3882 lbi
2516 3838 2678 3883 nacta
2705 3829 2750 3859 “
2777 3828 3063 3884 occasione
3095 3830 3246 3884 satvit
3293 3830 3482 3884 homo.

1903 3933 1958 3976 et
1994 3923 2108 3978 fera
2143 3923 2420 3978 crudelior
2453 3923 2610 3991 quasi
2649 3923 3030 3977 contumeliam
3071 3923 3174 3977 sibi
3215 3940 3244 3977 a
3283 3925 3489 3978 rustico

1903 4012 2102 4066 factam
2132 4013 2297 4068 sociis
2322 4014 2571 4066 onmihus
2602 4013 2866 4081 imputat,
2901 4022 3186 4078 astruens,
3212 4017 3486 4068 communi

1903 4102 2129 4156 consilio
2166 4101 2313 4154 illum
2347 4101 2413 4154 ad
2445 4101 2728 4153 audaciam
2763 4099 2895 4153 facti
2933 4099 3102 4154 fuisse
3141 4101 3481 4156 animatum:

1902 4203 2233 4262 cunctosque
2261 4192 2316 4245 in
2343 4193 2639 4246 crastinum
2670 4192 2734 4245 ad
2761 4191 3015 4261 placitum
3043 4192 3089 4224 ⁸⁷
3116 4202 3302 4258 vocat,
3334 4196 3484 4250 omni

1899 4281 2111 4351 peculio
2140 4281 2448 4350 spoliandos
2474 4281 2766 4350 multisque
2792 4281 3009 4350 insuper
3032 4282 3346 4338 verberibus
3371 4284 3484 4338 alli-

1900 4374 2140 4429 ciendos.
2171 4371 2370 4426 Territi
2401 4386 2528 4440 ergo
2567 4383 2623 4425 et
2646 4379 2938 4426 aestuantes
2965 4371 3180 4438 miseri,
3211 4384 3366 4429 nocte
3394 4373 3482 4428 illa

206 4462 458 4526 advenit,
495 4461 712 4530 suisque
746 4461 940 4530 praeire
967 4459 1014 4490 ⁵³
1043 4459 1196 4528 jubet
1233 4461 1416 4514 duces.
1464 4461 1572 4516 Nec
1611 4478 1790 4528 mora;
1825 4503 1873 4561 Ι)
1900 4472 2302 4526 convenerunt,
2331 4464 2588 4532 omnique
2614 4464 2850 4519 humano
2873 4479 3096 4533 prorsus
3121 4465 3405 4536 desperato
3435 4465 3480 4502 ⁸⁸

206 4568 356 4607 unus
399 4568 463 4606 ex
512 4551 646 4617 illis,
683 4552 774 4620 qui
817 4549 975 4618 hujus
1002 4551 1304 4619 iniquitatis
1346 4567 1558 4621 semper
1589 4555 1797 4609 exstitit

1904 4556 2138 4622 auxilio,
2172 4553 2450 4609 Maximini
2479 4569 2634 4622 opem
2663 4563 2916 4624 expetere
2941 4563 3216 4622 statuunt,
3244 4557 3480 4612 electos-

1528 4661 1760 4718 V’ARIxE
1811 4666 2212 4724 LECTIONES.

283 4753 334 4786 “
365 4767 480 4822 seq.
528 4752 582 4806 5.
657 4751 866 4806 "deest
891 4751 945 4806 2.
1031 4750 1313 4822 l“‘connici
1342 4752 1392 4806 l.

1488 4751 1530 4784 "
1557 4753 1630 4806 ita
1652 4755 1706 4808 4.
1731 4757 1870 4812 deest
1898 4759 1948 4812 1.
1975 4759 2029 4812 2.
2053 4761 2106 4812 5.

2201 4757 2247 4788 ⁸⁸
2271 4758 2590 4813 intronisato
2610 4757 2665 4811 2.
2691 4756 2743 4811 5.
2819 4758 2864 4796 δ’
2897 4761 2952 4814 2.
2977 4758 3032 4812 5.
3062 4758 3190 4811 add.
3216 4758 3429 4814 rubrum
3461 4775 3481 4813 :

202 4821 632 4899 F_rauduleptus__
653 4823 1050 4899 circumducth
1087 4821 1362 4899 (antiquos
1391 4821 1848 4899 ‘5.)_-pr:e_diorum
1885 4830 2056 4882 sancti
2098 4828 2380 4899 maximini
2426 4828 2624 4882 limites
2655 4829 3060 4899 transgrediens
3089 4829 3361 4899 quomodo
3384 4844 3483 4899 pu-

203 4895 362 4947 nitus
385 4903 467 4948 est
491 4894 552 4962 (t.
584 4891 736 4962 digiti
768 4891 1130 4958 ampulatione
1158 4906 1209 4958 p.
1241 4893 1310 4944 sit
1331 4892 1408 4962 5.)
1484 4893 1528 4923 '°
1556 4892 1802 4950 robertus
1827 4898 1879 4950 2.
1914 4914 2051 4952 corr.
2083 4897 2374 4954 ruobertns
2398 4901 2448 4952 1.
2484 4899 2733 4951 rubertns
2759 4891 2814 4951 4.

203 4973 329 5015 post
357 4980 494 5015 corr.
534 4961 927 5014 conlimitantia
963 4963 1011 5014 1.
1091 4961 1134 4991 ⁸⁸
1171 4961 1413 5015 cruditas
1453 4961 1508 5015 4.
1551 4979 1686 5014 corr.
1731 4967 2026 5015 crudelitas
2067 4969 2118 5015 1.
2198 4967 2243 4999 ⁸³
2289 4969 2462 5015 uarii-9.
2494 4981 2628 5015 corr.
2660 4967 2814 5015 'nrein

623 4967 927 5014 ilimitantia
963 4967 1011 5014 1.
1091 4967 1134 4991 ³⁸
1171 4967 1413 5016 cruditas
1453 4967 1508 5016 4.
1551 4979 1686 5014 corr.
1731 4967 2026 5023 crudelitas
2067 4969 2118 5020 1.

623 5032 670 5101 ’ἦ
709 5031 1007 5101 cirrotheca
1033 5031 1086 5084 2.
1117 5030 1169 5082 5.
1200 5043 1245 5080 et
1278 5031 1351 5101 ita
1377 5033 1551 5101 infra;
1582 5031 1850 5089 kirroteca
1880 5037 1931 5091 ιι.
2030 5039 2073 5069 δ’
2116 5066 2118 5078 ι

245 4973 329 5015 ost
357 4961 509 5018 corr.
534 4961 927 5014 conlimitantia
963 4963 1011 5014 1.

237 5031 261 5062 ⁸
302 5034 470 5100 partis
495 5034 546 5084 5.

205 5099 354 5154 corr.
385 5099 623 5156 detrahit
654 5099 700 5152 l.
779 5099 823 5132 ⁶⁰
857 5100 997 5151 deest
1023 5102 1078 5153 2.
1104 5108 1215 5166 post
1247 5100 1372 5153 add.
1410 5099 1457 5155 1⁷.

2889 4900 2933 4934 ἰ
2969 4911 3094 4949 cum
3118 4895 3403 4951 limitantia
3423 4898 3480 4950 2.

2998 4966 3046 4995 ⁵⁸
3083 4964 3485 5019 fraudemus-2.

2198 4967 2243 4999 ⁸³
2289 4969 2639 5041 νειινίιῚξ-εονιξ.Δ
2660 4967 2836 5033 preire
2867 4972 2920 5041 1.

3023 5033 3069 5064 ⁵³
3107 5031 3358 5101 detrahat
3376 5042 3491 5101 post

2030 5039 2073 5069 δ’
2116 5035 2438 5096 cirrotetam
2463 5037 2513 5090 1.
2597 5035 2642 5066 ⁵⁸
2682 5051 2843 5091 manu
2868 5040 2923 5094 5.

1554 5101 1596 5131 “
1639 5101 1992 5166 ignominiose
2027 5109 2082 5162 4.
2137 5112 2290 5164 quod
2341 5109 2489 5163 etiam
2525 5106 2577 5157 1.
2607 5113 2727 5158 ante
2759 5117 3113 5163 correcturum
3146 5099 3389 5155 habuisse
3412 5101 3493 5153 υἱ-
