  <div class='ocr_page' id='page_1' title='image "/cluster/home/n/w/nwhite01/storage/ocr_20150623/133/hvd.32044010035673/491.png"; bbox 0 0 3964 5356; ppageno 0'>
   <div class='ocr_carea' id='block_1_1' title="bbox 475 359 577 415">
    <p class='ocr_par' dir='ltr' id='par_1_1' title="bbox 475 359 577 415">
     <span class='ocr_line' id='line_1_1' title="bbox 475 359 577 415; baseline -0.02 0"><span class='ocrx_word' id='word_1_1' title='bbox 475 359 577 415; x_wconf 75' lang='lat'><strong>975</strong></span> 
     </span>
    </p>
   </div>
   <div class='ocr_carea' id='block_1_2' title="bbox 1174 358 3020 430">
    <p class='ocr_par' dir='ltr' id='par_1_2' title="bbox 1174 358 3020 430">
     <span class='ocr_line' id='line_1_2' title="bbox 1174 358 3020 430; baseline 0.009 -16"><span class='ocrx_word' id='word_1_2' title='bbox 1174 358 1540 416; x_wconf 80' lang='lat' dir='ltr'><strong>SIGEHARDI</strong></span> <span class='ocrx_word' id='word_1_3' title='bbox 1579 363 1900 421; x_wconf 79' lang='lat' dir='ltr'><strong>MONACIII.</strong></span> <span class='ocrx_word' id='word_1_4' title='bbox 1935 397 2004 404; x_wconf 92' lang='lat'>—</span> <span class='ocrx_word' id='word_1_5' title='bbox 2047 366 2130 420; x_wconf 77' lang='lat' dir='ltr'><strong>DE</strong></span> <span class='ocrx_word' id='word_1_6' title='bbox 2173 367 2542 426; x_wconf 77' lang='lat' dir='ltr'><strong>MIRACULIS</strong></span> <span class='ocrx_word' id='word_1_7' title='bbox 2581 370 2640 426; x_wconf 90' lang='lat' dir='ltr'><strong>S.</strong></span> <span class='ocrx_word' id='word_1_8' title='bbox 2684 371 3020 430; x_wconf 77' lang='grc' dir='ltr'><strong>ΜΑΧΙΜΙΝΙ.</strong></span> 
     </span>
    </p>
   </div>
   <div class='ocr_carea' id='block_1_3' title="bbox 3621 381 3718 438">
    <p class='ocr_par' dir='ltr' id='par_1_3' title="bbox 3621 381 3718 438">
     <span class='ocr_line' id='line_1_3' title="bbox 3621 381 3718 438; baseline 0.062 -6"><span class='ocrx_word' id='word_1_9' title='bbox 3621 381 3718 438; x_wconf 68' lang='lat'><strong>970</strong></span> 
     </span>
    </p>
   </div>
   <div class='ocr_carea' id='block_1_4' title="bbox 474 467 3723 550">
    <p class='ocr_par' dir='ltr' id='par_1_4' title="bbox 474 467 3723 550">
     <span class='ocr_line' id='line_1_4' title="bbox 474 467 3723 550; baseline 0.006 -26"><span class='ocrx_word' id='word_1_10' title='bbox 474 485 580 539; x_wconf 90' lang='lat' dir='ltr'><strong>que</strong></span> <span class='ocrx_word' id='word_1_11' title='bbox 626 483 693 523; x_wconf 78' lang='lat' dir='ltr'><strong>ex</strong></span> <span class='ocrx_word' id='word_1_12' title='bbox 739 467 988 524; x_wconf 88' lang='lat' dir='ltr'><strong>omnibus</strong></span> <span class='ocrx_word' id='word_1_13' title='bbox 1033 467 1168 525; x_wconf 90' lang='lat' dir='ltr'><strong>duos</strong></span> <span class='ocrx_word' id='word_1_14' title='bbox 1206 471 1469 540; x_wconf 84' lang='lat' dir='ltr'><strong>juvenes,</strong></span> <span class='ocrx_word' id='word_1_15' title='bbox 1518 472 1781 541; x_wconf 75' lang='lat' dir='ltr'><strong>impositis</strong></span> <span class='ocrx_word' id='word_1_16' title='bbox 1825 472 2051 544; x_wconf 87' lang='lat' dir='ltr'><strong>eulogiis</strong></span> <span class='ocrx_word' id='word_1_17' title='bbox 2081 476 2302 535; x_wconf 80' lang='lat' dir='ltr'><strong>Anima</strong></span> <span class='ocrx_word' id='word_1_18' title='bbox 2349 478 2464 532; x_wconf 70' lang='lat' dir='ltr'><strong>caeli</strong></span> <span class='ocrx_word' id='word_1_19' title='bbox 2514 480 2776 535; x_wconf 84' lang='lat' dir='ltr'><strong>nubecula</strong></span> <span class='ocrx_word' id='word_1_20' title='bbox 2832 483 3116 550; x_wconf 86' lang='lat' dir='ltr'><strong>apparuit,</strong></span> <span class='ocrx_word' id='word_1_21' title='bbox 3161 497 3282 537; x_wconf 91' lang='lat' dir='ltr'><strong>cum</strong></span> <span class='ocrx_word' id='word_1_22' title='bbox 3327 485 3509 541; x_wconf 90' lang='lat' dir='ltr'><strong>subito</strong></span> <span class='ocrx_word' id='word_1_23' title='bbox 3537 486 3589 541; x_wconf 92' lang='lat' dir='ltr'><strong>in</strong></span> <span class='ocrx_word' id='word_1_24' title='bbox 3630 490 3723 546; x_wconf 81' lang='lat' dir='ltr'><strong>hoc</strong></span> 
     </span>
    </p>
   </div>
   <div class='ocr_carea' id='block_1_5' title="bbox 475 559 2050 632">
    <p class='ocr_par' dir='ltr' id='par_1_5' title="bbox 475 559 2050 632">
     <span class='ocr_line' id='line_1_5' title="bbox 475 559 2050 632; baseline 0 -16"><span class='ocrx_word' id='word_1_25' title='bbox 475 561 720 632; x_wconf 90' lang='lat' dir='ltr'><strong>datisque</strong></span> <span class='ocrx_word' id='word_1_26' title='bbox 743 559 1036 626; x_wconf 81' lang='lat' dir='ltr'><strong>mandatis,</strong></span> <span class='ocrx_word' id='word_1_27' title='bbox 1060 561 1271 616; x_wconf 92' lang='lat' dir='ltr'><strong>concite</strong></span> <span class='ocrx_word' id='word_1_28' title='bbox 1299 563 1365 615; x_wconf 89' lang='lat' dir='ltr'><strong>ad</strong></span> <span class='ocrx_word' id='word_1_29' title='bbox 1395 563 1782 617; x_wconf 76' lang='lat' dir='ltr'><strong>monasterium</strong></span> <span class='ocrx_word' id='word_1_30' title='bbox 1809 564 2050 629; x_wconf 89' lang='lat' dir='ltr'><strong>mittunt,</strong></span> 
     </span>
    </p>
   </div>
   <div class='ocr_carea' id='block_1_6' title="bbox 473 649 2055 721">
    <p class='ocr_par' dir='ltr' id='par_1_6' title="bbox 473 649 2055 721">
     <span class='ocr_line' id='line_1_6' title="bbox 473 649 2055 721; baseline 0.003 -18"><span class='ocrx_word' id='word_1_31' title='bbox 473 649 580 704; x_wconf 88' lang='lat' dir='ltr'><strong>illis</strong></span> <span class='ocrx_word' id='word_1_32' title='bbox 611 665 732 705; x_wconf 90' lang='lat' dir='ltr'><strong>cum</strong></span> <span class='ocrx_word' id='word_1_33' title='bbox 773 650 966 704; x_wconf 89' lang='lat' dir='ltr'><strong>timore</strong></span> <span class='ocrx_word' id='word_1_34' title='bbox 1002 649 1240 712; x_wconf 85' lang='lat' dir='ltr'><strong>maximo</strong></span> <span class='ocrx_word' id='word_1_35' title='bbox 1268 658 1526 706; x_wconf 89' lang='lat' dir='ltr'><strong>statutum</strong></span> <span class='ocrx_word' id='word_1_36' title='bbox 1560 651 1740 721; x_wconf 89' lang='lat' dir='ltr'><strong>placiti</strong></span> <span class='ocrx_word' id='word_1_37' title='bbox 1773 653 2055 708; x_wconf 82' lang='lat' dir='ltr'><strong>attenden—</strong></span> 
     </span>
    </p>
   </div>
   <div class='ocr_carea' id='block_1_7' title="bbox 476 741 2054 811">
    <p class='ocr_par' dir='ltr' id='par_1_7' title="bbox 476 741 2054 811">
     <span class='ocr_line' id='line_1_7' title="bbox 476 741 2054 811; baseline 0.003 -15"><span class='ocrx_word' id='word_1_38' title='bbox 476 743 637 798; x_wconf 90' lang='lat' dir='ltr'><strong>tibus.</strong></span> <span class='ocrx_word' id='word_1_39' title='bbox 672 742 820 797; x_wconf 83' lang='lat' dir='ltr'><strong>Missi</strong></span> <span class='ocrx_word' id='word_1_40' title='bbox 849 751 1027 797; x_wconf 92' lang='lat' dir='ltr'><strong>autem</strong></span> <span class='ocrx_word' id='word_1_41' title='bbox 1048 741 1305 811; x_wconf 83' lang='lat' dir='ltr'><strong>juvenes,</strong></span> <span class='ocrx_word' id='word_1_42' title='bbox 1337 759 1459 798; x_wconf 91' lang='lat' dir='ltr'><strong>cum</strong></span> <span class='ocrx_word' id='word_1_43' title='bbox 1489 742 1684 798; x_wconf 82' lang='lat' dir='ltr'><strong>fratres</strong></span> <span class='ocrx_word' id='word_1_44' title='bbox 1709 745 1855 798; x_wconf 73' lang='lat' dir='ltr'><strong>hora:</strong></span> <span class='ocrx_word' id='word_1_45' title='bbox 1900 759 2054 800; x_wconf 72' lang='lat' dir='ltr'><strong>nona:</strong></span> 
     </span>
    </p>
   </div>
   <div class='ocr_carea' id='block_1_8' title="bbox 475 830 2055 902">
    <p class='ocr_par' dir='ltr' id='par_1_8' title="bbox 475 830 2055 902">
     <span class='ocr_line' id='line_1_8' title="bbox 475 830 2055 902; baseline 0.002 -16"><span class='ocrx_word' id='word_1_46' title='bbox 475 832 705 886; x_wconf 77' lang='lat' dir='ltr'><strong>sinaxim</strong></span> <span class='ocrx_word' id='word_1_47' title='bbox 743 830 789 863; x_wconf 82' lang='grc'><strong>⁶⁹</strong></span> <span class='ocrx_word' id='word_1_48' title='bbox 831 831 1235 897; x_wconf 89' lang='lat' dir='ltr'><strong>celebrassent,</strong></span> <span class='ocrx_word' id='word_1_49' title='bbox 1272 844 1481 902; x_wconf 89' lang='lat' dir='ltr'><strong>portam</strong></span> <span class='ocrx_word' id='word_1_50' title='bbox 1521 833 1838 888; x_wconf 88' lang='lat' dir='ltr'><strong>monasterii</strong></span> <span class='ocrx_word' id='word_1_51' title='bbox 1877 833 2055 889; x_wconf 88' lang='lat' dir='ltr'><strong>valide</strong></span> 
     </span>
    </p>
   </div>
   <div class='ocr_carea' id='block_1_9' title="bbox 473 927 2055 998">
    <p class='ocr_par' dir='ltr' id='par_1_9' title="bbox 473 927 2055 998">
     <span class='ocr_line' id='line_1_9' title="bbox 473 927 2055 998; baseline 0.002 -18"><span class='ocrx_word' id='word_1_52' title='bbox 473 927 864 997; x_wconf 75' lang='lat' dir='ltr'><strong>pulsaverunt;</strong></span> <span class='ocrx_word' id='word_1_53' title='bbox 915 935 970 983; x_wconf 90' lang='lat' dir='ltr'><strong>et</strong></span> <span class='ocrx_word' id='word_1_54' title='bbox 1005 927 1131 996; x_wconf 86' lang='lat' dir='ltr'><strong>quia</strong></span> <span class='ocrx_word' id='word_1_55' title='bbox 1169 928 1463 997; x_wconf 81' lang='lat' dir='ltr'><strong>putabatur</strong></span> <span class='ocrx_word' id='word_1_56' title='bbox 1500 927 1678 997; x_wconf 90' lang='lat' dir='ltr'><strong>aliqua</strong></span> <span class='ocrx_word' id='word_1_57' title='bbox 1712 934 1902 998; x_wconf 89' lang='lat' dir='ltr'><strong>potens</strong></span> <span class='ocrx_word' id='word_1_58' title='bbox 1933 943 2055 984; x_wconf 89' lang='lat' dir='ltr'><strong>esse</strong></span> 
     </span>
    </p>
   </div>
   <div class='ocr_carea' id='block_1_10' title="bbox 472 1019 2056 1091">
    <p class='ocr_par' dir='ltr' id='par_1_10' title="bbox 472 1019 2056 1091">
     <span class='ocr_line' id='line_1_10' title="bbox 472 1019 2056 1091; baseline 0.001 -16"><span class='ocrx_word' id='word_1_59' title='bbox 472 1035 740 1090; x_wconf 86' lang='lat' dir='ltr'><strong>persona,</strong></span> <span class='ocrx_word' id='word_1_60' title='bbox 784 1035 910 1075; x_wconf 84' lang='lat' dir='ltr'><strong>mox</strong></span> <span class='ocrx_word' id='word_1_61' title='bbox 956 1020 1254 1076; x_wconf 86' lang='lat' dir='ltr'><strong>intromissi</strong></span> <span class='ocrx_word' id='word_1_62' title='bbox 1303 1030 1442 1075; x_wconf 92' lang='lat' dir='ltr'><strong>sunt.</strong></span> <span class='ocrx_word' id='word_1_63' title='bbox 1495 1019 1596 1087; x_wconf 86' lang='lat' dir='ltr'><strong>Qui</strong></span> <span class='ocrx_word' id='word_1_64' title='bbox 1641 1029 1919 1076; x_wconf 90' lang='lat' dir='ltr'><strong>currentes</strong></span> <span class='ocrx_word' id='word_1_65' title='bbox 1957 1035 2056 1091; x_wconf 88' lang='lat' dir='ltr'><strong>per</strong></span> 
     </span>
    </p>
   </div>
   <div class='ocr_carea' id='block_1_11' title="bbox 473 1116 2057 1204">
    <p class='ocr_par' dir='ltr' id='par_1_11' title="bbox 473 1116 2057 1204">
     <span class='ocr_line' id='line_1_11' title="bbox 473 1116 2057 1204; baseline 0.003 -37"><span class='ocrx_word' id='word_1_66' title='bbox 473 1116 709 1170; x_wconf 90' lang='lat' dir='ltr'><strong>medium</strong></span> <span class='ocrx_word' id='word_1_67' title='bbox 745 1118 1009 1184; x_wconf 83' lang='lat' dir='ltr'><strong>cliorum&#39;,</strong></span> <span class='ocrx_word' id='word_1_68' title='bbox 1045 1120 1286 1204; x_wconf 71' lang='lat' dir='ltr'><strong>eulogias</strong></span> <span class='ocrx_word' id='word_1_69' title='bbox 1313 1121 1358 1152; x_wconf 86' lang='lat'><strong>&quot;°</strong></span> <span class='ocrx_word' id='word_1_70' title='bbox 1390 1131 1515 1174; x_wconf 88' lang='lat' dir='ltr'><strong>ante</strong></span> <span class='ocrx_word' id='word_1_71' title='bbox 1549 1118 1723 1174; x_wconf 88' lang='lat' dir='ltr'><strong>altare</strong></span> <span class='ocrx_word' id='word_1_72' title='bbox 1763 1119 1928 1173; x_wconf 89' lang='lat' dir='ltr'><strong>tacite</strong></span> <span class='ocrx_word' id='word_1_73' title='bbox 1964 1118 2057 1172; x_wconf 86' lang='lat' dir='ltr'><strong>de-</strong></span> 
     </span>
    </p>
   </div>
   <div class='ocr_carea' id='block_1_12' title="bbox 472 1210 2051 1281">
    <p class='ocr_par' dir='ltr' id='par_1_12' title="bbox 472 1210 2051 1281">
     <span class='ocr_line' id='line_1_12' title="bbox 472 1210 2051 1281; baseline 0.004 -22"><span class='ocrx_word' id='word_1_74' title='bbox 472 1215 714 1278; x_wconf 64' lang='lat' dir='ltr'><strong>ponunt,</strong></span> <span class='ocrx_word' id='word_1_75' title='bbox 752 1224 817 1264; x_wconf 93' lang='lat' dir='ltr'><strong>ac</strong></span> <span class='ocrx_word' id='word_1_76' title='bbox 850 1210 1027 1280; x_wconf 91' lang='lat' dir='ltr'><strong>primo</strong></span> <span class='ocrx_word' id='word_1_77' title='bbox 1064 1211 1278 1281; x_wconf 84' lang='lat' dir='ltr'><strong>scepis,</strong></span> <span class='ocrx_word' id='word_1_78' title='bbox 1320 1227 1456 1280; x_wconf 89' lang='lat' dir='ltr'><strong>quas</strong></span> <span class='ocrx_word' id='word_1_79' title='bbox 1494 1227 1678 1266; x_wconf 88' lang='lat' dir='ltr'><strong>secum</strong></span> <span class='ocrx_word' id='word_1_80' title='bbox 1713 1211 2051 1277; x_wconf 81' lang='lat' dir='ltr'><strong>detulerant,</strong></span> 
     </span>
    </p>
   </div>
   <div class='ocr_carea' id='block_1_13' title="bbox 471 1296 2054 1373">
    <p class='ocr_par' dir='ltr' id='par_1_13' title="bbox 471 1296 2054 1373">
     <span class='ocr_line' id='line_1_13' title="bbox 471 1296 2054 1373; baseline 0.004 -24"><span class='ocrx_word' id='word_1_81' title='bbox 471 1296 645 1353; x_wconf 88' lang='lat' dir='ltr'><strong>altare</strong></span> <span class='ocrx_word' id='word_1_82' title='bbox 691 1299 1074 1367; x_wconf 89' lang='lat' dir='ltr'><strong>diverberant,</strong></span> <span class='ocrx_word' id='word_1_83' title='bbox 1119 1302 1312 1357; x_wconf 90' lang='lat' dir='ltr'><strong>deinde</strong></span> <span class='ocrx_word' id='word_1_84' title='bbox 1351 1301 1608 1371; x_wconf 88' lang='lat' dir='ltr'><strong>prostrati</strong></span> <span class='ocrx_word' id='word_1_85' title='bbox 1655 1301 1800 1367; x_wconf 88' lang='lat' dir='ltr'><strong>solo,</strong></span> <span class='ocrx_word' id='word_1_86' title='bbox 1850 1300 2054 1373; x_wconf 82' lang='lat' dir='ltr'><strong>ingenti</strong></span> 
     </span>
    </p>
   </div>
   <div class='ocr_carea' id='block_1_14' title="bbox 473 1391 2052 1463">
    <p class='ocr_par' dir='ltr' id='par_1_14' title="bbox 473 1391 2052 1463">
     <span class='ocr_line' id='line_1_14' title="bbox 473 1391 2052 1463; baseline 0.002 -20"><span class='ocrx_word' id='word_1_87' title='bbox 473 1403 538 1444; x_wconf 89' lang='lat' dir='ltr'><strong>ac</strong></span> <span class='ocrx_word' id='word_1_88' title='bbox 588 1391 880 1446; x_wconf 88' lang='lat' dir='ltr'><strong>miserabili</strong></span> <span class='ocrx_word' id='word_1_89' title='bbox 927 1393 1132 1448; x_wconf 91' lang='lat' dir='ltr'><strong>ululatu</strong></span> <span class='ocrx_word' id='word_1_90' title='bbox 1186 1392 1540 1448; x_wconf 78' lang='lat' dir='ltr'><strong>Maximinum</strong></span> <span class='ocrx_word' id='word_1_91' title='bbox 1587 1392 1844 1463; x_wconf 87' lang='lat' dir='ltr'><strong>evigilare</strong></span> <span class='ocrx_word' id='word_1_92' title='bbox 1893 1401 1951 1447; x_wconf 90' lang='lat' dir='ltr'><strong>et</strong></span> <span class='ocrx_word' id='word_1_93' title='bbox 1995 1392 2052 1446; x_wconf 93' lang='lat' dir='ltr'><strong>in</strong></span> 
     </span>
    </p>
   </div>
   <div class='ocr_carea' id='block_1_15' title="bbox 473 1483 2050 1555">
    <p class='ocr_par' dir='ltr' id='par_1_15' title="bbox 473 1483 2050 1555">
     <span class='ocr_line' id='line_1_15' title="bbox 473 1483 2050 1555; baseline 0.002 -20"><span class='ocrx_word' id='word_1_94' title='bbox 473 1496 630 1535; x_wconf 87' lang='lat' dir='ltr'><strong>suum</strong></span> <span class='ocrx_word' id='word_1_95' title='bbox 669 1483 931 1538; x_wconf 81' lang='lat' dir='ltr'><strong>auxilium</strong></span> <span class='ocrx_word' id='word_1_96' title='bbox 967 1485 1231 1540; x_wconf 88' lang='lat' dir='ltr'><strong>adversus</strong></span> <span class='ocrx_word' id='word_1_97' title='bbox 1267 1485 1542 1540; x_wconf 89' lang='lat' dir='ltr'><strong>tirannum</strong></span> <span class='ocrx_word' id='word_1_98' title='bbox 1574 1485 1618 1516; x_wconf 82' lang='lat'>“</span> <span class='ocrx_word' id='word_1_99' title='bbox 1659 1498 1924 1555; x_wconf 80' lang='lat' dir='ltr'><strong>exurgere</strong></span> <span class='ocrx_word' id='word_1_100' title='bbox 1954 1484 2050 1538; x_wconf 90' lang='lat' dir='ltr'><strong>de-</strong></span> 
     </span>
    </p>
   </div>
   <div class='ocr_carea' id='block_1_16' title="bbox 471 1572 2055 1645">
    <p class='ocr_par' dir='ltr' id='par_1_16' title="bbox 471 1572 2055 1645">
     <span class='ocr_line' id='line_1_16' title="bbox 471 1572 2055 1645; baseline 0.003 -21"><span class='ocrx_word' id='word_1_101' title='bbox 471 1581 722 1639; x_wconf 92' lang='lat' dir='ltr'><strong>poscunt.</strong></span> <span class='ocrx_word' id='word_1_102' title='bbox 756 1572 959 1628; x_wconf 90' lang='lat' dir='ltr'><strong>Eadem</strong></span> <span class='ocrx_word' id='word_1_103' title='bbox 982 1587 1112 1645; x_wconf 90' lang='lat' dir='ltr'><strong>ergo</strong></span> <span class='ocrx_word' id='word_1_104' title='bbox 1142 1574 1276 1630; x_wconf 78' lang='lat' dir='ltr'><strong>liora</strong></span> <span class='ocrx_word' id='word_1_105' title='bbox 1307 1575 1605 1643; x_wconf 86' lang='lat' dir='ltr'><strong>eodemque</strong></span> <span class='ocrx_word' id='word_1_106' title='bbox 1633 1582 1922 1638; x_wconf 89' lang='lat' dir='ltr'><strong>momento,</strong></span> <span class='ocrx_word' id='word_1_107' title='bbox 1948 1587 2055 1642; x_wconf 90' lang='lat' dir='ltr'><strong>quo</strong></span> 
     </span>
    </p>
   </div>
   <div class='ocr_carea' id='block_1_17' title="bbox 471 1661 2055 1738">
    <p class='ocr_par' dir='ltr' id='par_1_17' title="bbox 471 1661 2055 1738">
     <span class='ocr_line' id='line_1_17' title="bbox 471 1661 2055 1738; baseline 0.004 -24"><span class='ocrx_word' id='word_1_108' title='bbox 471 1661 560 1716; x_wconf 90' lang='lat' dir='ltr'><strong>isti</strong></span> <span class='ocrx_word' id='word_1_109' title='bbox 591 1662 680 1718; x_wconf 88' lang='lat' dir='ltr'><strong>hic</strong></span> <span class='ocrx_word' id='word_1_110' title='bbox 711 1664 962 1721; x_wconf 87' lang='lat' dir='ltr'><strong>miserias</strong></span> <span class='ocrx_word' id='word_1_111' title='bbox 991 1680 1119 1721; x_wconf 90' lang='lat' dir='ltr'><strong>suas</strong></span> <span class='ocrx_word' id='word_1_112' title='bbox 1147 1667 1462 1738; x_wconf 88' lang='lat' dir='ltr'><strong>deplorant,</strong></span> <span class='ocrx_word' id='word_1_113' title='bbox 1498 1665 1588 1721; x_wconf 91' lang='lat' dir='ltr'><strong>ille</strong></span> <span class='ocrx_word' id='word_1_114' title='bbox 1617 1665 1814 1721; x_wconf 71' lang='lat' dir='ltr'><strong>efferus</strong></span> <span class='ocrx_word' id='word_1_115' title='bbox 1843 1665 1908 1719; x_wconf 89' lang='lat' dir='ltr'><strong>de</strong></span> <span class='ocrx_word' id='word_1_116' title='bbox 1936 1665 2055 1720; x_wconf 91' lang='lat' dir='ltr'><strong>loco</strong></span> 
     </span>
    </p>
   </div>
   <div class='ocr_carea' id='block_1_18' title="bbox 467 1752 2055 1830">
    <p class='ocr_par' dir='ltr' id='par_1_18' title="bbox 467 1752 2055 1830">
     <span class='ocr_line' id='line_1_18' title="bbox 467 1752 2055 1830; baseline 0.003 -23"><span class='ocrx_word' id='word_1_117' title='bbox 467 1752 652 1823; x_wconf 87' lang='lat' dir='ltr'><strong>placiti</strong></span> <span class='ocrx_word' id='word_1_118' title='bbox 684 1771 950 1828; x_wconf 81' lang='lat' dir='ltr'><strong>surgens,</strong></span> <span class='ocrx_word' id='word_1_119' title='bbox 1004 1775 1276 1816; x_wconf 90' lang='lat' dir='ltr'><strong>secessum</strong></span> <span class='ocrx_word' id='word_1_120' title='bbox 1325 1759 1524 1830; x_wconf 91' lang='lat' dir='ltr'><strong>peciit,</strong></span> <span class='ocrx_word' id='word_1_121' title='bbox 1557 1758 1739 1829; x_wconf 83' lang='lat' dir='ltr'><strong>ibique</strong></span> <span class='ocrx_word' id='word_1_122' title='bbox 1780 1773 1901 1813; x_wconf 90' lang='lat' dir='ltr'><strong>cum</strong></span> <span class='ocrx_word' id='word_1_123' title='bbox 1938 1758 2055 1813; x_wconf 87' lang='lat' dir='ltr'><strong>ine-</strong></span> 
     </span>
    </p>
   </div>
   <div class='ocr_carea' id='block_1_19' title="bbox 2157 570 3715 649">
    <p class='ocr_par' dir='ltr' id='par_1_19' title="bbox 2157 570 3715 649">
     <span class='ocr_line' id='line_1_19' title="bbox 2157 570 3715 649; baseline 0.01 -29"><span class='ocrx_word' id='word_1_124' title='bbox 2157 576 2362 623; x_wconf 91' lang='lat' dir='ltr'><strong>tantum</strong></span> <span class='ocrx_word' id='word_1_125' title='bbox 2394 570 2510 624; x_wconf 92' lang='lat' dir='ltr'><strong>loco</strong></span> <span class='ocrx_word' id='word_1_126' title='bbox 2532 612 2546 634; x_wconf 92' lang='lat'><strong>,</strong></span> <span class='ocrx_word' id='word_1_127' title='bbox 2581 573 2670 625; x_wconf 91' lang='lat' dir='ltr'><strong>ubi</strong></span> <span class='ocrx_word' id='word_1_128' title='bbox 2696 573 2823 644; x_wconf 83' lang='lat' dir='ltr'><strong>juga</strong></span> <span class='ocrx_word' id='word_1_129' title='bbox 2855 573 3015 626; x_wconf 87' lang='lat' dir='ltr'><strong>boum</strong></span> <span class='ocrx_word' id='word_1_130' title='bbox 3056 590 3178 628; x_wconf 90' lang='lat' dir='ltr'><strong>cum</strong></span> <span class='ocrx_word' id='word_1_131' title='bbox 3227 578 3427 632; x_wconf 87' lang='lat' dir='ltr'><strong>aratris</strong></span> <span class='ocrx_word' id='word_1_132' title='bbox 3473 581 3715 649; x_wconf 83' lang='lat' dir='ltr'><strong>stabant,</strong></span> 
     </span>
    </p>
   </div>
   <div class='ocr_carea' id='block_1_20' title="bbox 2157 665 3725 730">
    <p class='ocr_par' dir='ltr' id='par_1_20' title="bbox 2157 665 3725 730">
     <span class='ocr_line' id='line_1_20' title="bbox 2157 665 3725 730; baseline 0.008 -17"><span class='ocrx_word' id='word_1_133' title='bbox 2157 669 2304 714; x_wconf 89' lang='lat' dir='ltr'><strong>tanta</strong></span> <span class='ocrx_word' id='word_1_134' title='bbox 2331 668 2591 730; x_wconf 88' lang='lat' dir='ltr'><strong>tempesta</strong></span> <span class='ocrx_word' id='word_1_135' title='bbox 2613 673 2832 716; x_wconf 88' lang='lat' dir='ltr'><strong>exortas</strong></span> <span class='ocrx_word' id='word_1_136' title='bbox 2858 671 2969 726; x_wconf 87' lang='lat' dir='ltr'><strong>est,</strong></span> <span class='ocrx_word' id='word_1_137' title='bbox 2998 673 3055 718; x_wconf 93' lang='lat' dir='ltr'><strong>ut</strong></span> <span class='ocrx_word' id='word_1_138' title='bbox 3083 665 3131 718; x_wconf 92' lang='lat' dir='ltr'><strong>vi</strong></span> <span class='ocrx_word' id='word_1_139' title='bbox 3159 675 3442 722; x_wconf 85' lang='lat' dir='ltr'><strong>ventorum</strong></span> <span class='ocrx_word' id='word_1_140' title='bbox 3473 670 3725 726; x_wconf 86' lang='lat' dir='ltr'><strong>turbinis-</strong></span> 
     </span>
    </p>
   </div>
   <div class='ocr_carea' id='block_1_21' title="bbox 2155 749 3724 821">
    <p class='ocr_par' dir='ltr' id='par_1_21' title="bbox 2155 749 3724 821">
     <span class='ocr_line' id='line_1_21' title="bbox 2155 749 3724 821; baseline 0.009 -20"><span class='ocrx_word' id='word_1_141' title='bbox 2155 763 2260 817; x_wconf 88' lang='lat' dir='ltr'><strong>que</strong></span> <span class='ocrx_word' id='word_1_142' title='bbox 2292 749 2556 821; x_wconf 82' lang='lat' dir='ltr'><strong>vertigine</strong></span> <span class='ocrx_word' id='word_1_143' title='bbox 2593 751 2787 806; x_wconf 87' lang='lat' dir='ltr'><strong>elevati</strong></span> <span class='ocrx_word' id='word_1_144' title='bbox 2832 752 2998 807; x_wconf 88' lang='lat' dir='ltr'><strong>boves</strong></span> <span class='ocrx_word' id='word_1_145' title='bbox 3036 769 3158 808; x_wconf 91' lang='lat' dir='ltr'><strong>cum</strong></span> <span class='ocrx_word' id='word_1_146' title='bbox 3194 757 3397 810; x_wconf 87' lang='lat' dir='ltr'><strong>aratris</strong></span> <span class='ocrx_word' id='word_1_147' title='bbox 3446 758 3499 812; x_wconf 95' lang='lat' dir='ltr'><strong>in</strong></span> <span class='ocrx_word' id='word_1_148' title='bbox 3541 760 3724 814; x_wconf 79' lang='lat' dir='ltr'><strong>vallem</strong></span> 
     </span>
    </p>
   </div>
   <div class='ocr_carea' id='block_1_22' title="bbox 2154 840 3729 915">
    <p class='ocr_par' dir='ltr' id='par_1_22' title="bbox 2154 840 3729 915">
     <span class='ocr_line' id='line_1_22' title="bbox 2154 840 3729 915; baseline 0.008 -24"><span class='ocrx_word' id='word_1_149' title='bbox 2154 840 2424 908; x_wconf 89' lang='lat' dir='ltr'><strong>quandam</strong></span> <span class='ocrx_word' id='word_1_150' title='bbox 2474 841 2983 909; x_wconf 77' lang='lat' dir='ltr'><strong>profundissimam,</strong></span> <span class='ocrx_word' id='word_1_151' title='bbox 3028 844 3248 899; x_wconf 89' lang='lat' dir='ltr'><strong>dimidio</strong></span> <span class='ocrx_word' id='word_1_152' title='bbox 3314 861 3454 915; x_wconf 88' lang='lat' dir='ltr'><strong>pene</strong></span> <span class='ocrx_word' id='word_1_153' title='bbox 3502 849 3729 904; x_wconf 87' lang='lat' dir='ltr'><strong>miliario</strong></span> 
     </span>
    </p>
   </div>
   <div class='ocr_carea' id='block_1_23' title="bbox 2155 929 3729 1004">
    <p class='ocr_par' dir='ltr' id='par_1_23' title="bbox 2155 929 3729 1004">
     <span class='ocr_line' id='line_1_23' title="bbox 2155 929 3729 1004; baseline 0.008 -21"><span class='ocrx_word' id='word_1_154' title='bbox 2155 929 2224 983; x_wconf 90' lang='lat' dir='ltr'><strong>ab</strong></span> <span class='ocrx_word' id='word_1_155' title='bbox 2253 929 2353 984; x_wconf 84' lang='lat' dir='ltr'><strong>hoc</strong></span> <span class='ocrx_word' id='word_1_156' title='bbox 2377 931 2678 998; x_wconf 89' lang='lat' dir='ltr'><strong>sejunctam</strong></span> <span class='ocrx_word' id='word_1_157' title='bbox 2709 933 2847 997; x_wconf 90' lang='lat' dir='ltr'><strong>loco,</strong></span> <span class='ocrx_word' id='word_1_158' title='bbox 2875 935 3034 988; x_wconf 90' lang='lat' dir='ltr'><strong>rotati</strong></span> <span class='ocrx_word' id='word_1_159' title='bbox 3063 935 3489 1004; x_wconf 87' lang='lat' dir='ltr'><strong>projicerentur;</strong></span> <span class='ocrx_word' id='word_1_160' title='bbox 3531 955 3597 994; x_wconf 90' lang='lat' dir='ltr'><strong>ac</strong></span> <span class='ocrx_word' id='word_1_161' title='bbox 3620 942 3729 995; x_wconf 84' lang='lat' dir='ltr'><strong>sine</strong></span> 
     </span>
    </p>
   </div>
   <div class='ocr_carea' id='block_1_24' title="bbox 2157 1021 3727 1094">
    <p class='ocr_par' dir='ltr' id='par_1_24' title="bbox 2157 1021 3727 1094">
     <span class='ocr_line' id='line_1_24' title="bbox 2157 1021 3727 1094; baseline 0.007 -22"><span class='ocrx_word' id='word_1_162' title='bbox 2157 1034 2342 1083; x_wconf 90' lang='lat' dir='ltr'><strong>mora,</strong></span> <span class='ocrx_word' id='word_1_163' title='bbox 2378 1021 2519 1074; x_wconf 90' lang='lat' dir='ltr'><strong>sicut</strong></span> <span class='ocrx_word' id='word_1_164' title='bbox 2548 1021 2784 1091; x_wconf 88' lang='lat' dir='ltr'><strong>undique</strong></span> <span class='ocrx_word' id='word_1_165' title='bbox 2812 1023 2942 1089; x_wconf 80' lang='lat' dir='ltr'><strong>fuit,</strong></span> <span class='ocrx_word' id='word_1_166' title='bbox 2986 1024 3056 1078; x_wconf 91' lang='lat' dir='ltr'><strong>ita</strong></span> <span class='ocrx_word' id='word_1_167' title='bbox 3099 1025 3171 1078; x_wconf 86' lang='lat' dir='ltr'><strong>ibi</strong></span> <span class='ocrx_word' id='word_1_168' title='bbox 3209 1041 3428 1094; x_wconf 85' lang='lat' dir='ltr'><strong>quoque</strong></span> <span class='ocrx_word' id='word_1_169' title='bbox 3467 1031 3727 1086; x_wconf 70' lang='lat' dir='ltr'><strong>serenitas</strong></span> 
     </span>
    </p>
   </div>
   <div class='ocr_carea' id='block_1_25' title="bbox 2157 1114 3726 1191">
    <p class='ocr_par' dir='ltr' id='par_1_25' title="bbox 2157 1114 3726 1191">
     <span class='ocr_line' id='line_1_25' title="bbox 2157 1114 3726 1191; baseline 0.004 -23"><span class='ocrx_word' id='word_1_170' title='bbox 2157 1114 2326 1168; x_wconf 72' lang='lat' dir='ltr'><strong>all‘uit.</strong></span> <span class='ocrx_word' id='word_1_171' title='bbox 2383 1114 2625 1184; x_wconf 88' lang='lat' dir='ltr'><strong>Cumque</strong></span> <span class='ocrx_word' id='word_1_172' title='bbox 2679 1116 2931 1186; x_wconf 72' lang='lat' dir='ltr'><strong>agricola:</strong></span> <span class='ocrx_word' id='word_1_173' title='bbox 2982 1132 3420 1187; x_wconf 87' lang='lat' dir='ltr'><strong>quaquaversum</strong></span> <span class='ocrx_word' id='word_1_174' title='bbox 3469 1121 3726 1191; x_wconf 86' lang='lat' dir='ltr'><strong>dispersi,</strong></span> 
     </span>
    </p>
   </div>
   <div class='ocr_carea' id='block_1_26' title="bbox 2155 1205 3728 1278">
    <p class='ocr_par' dir='ltr' id='par_1_26' title="bbox 2155 1205 3728 1278">
     <span class='ocr_line' id='line_1_26' title="bbox 2155 1205 3728 1278; baseline 0.003 -17"><span class='ocrx_word' id='word_1_175' title='bbox 2155 1205 2322 1262; x_wconf 87' lang='lat' dir='ltr'><strong>boves</strong></span> <span class='ocrx_word' id='word_1_176' title='bbox 2347 1222 2475 1262; x_wconf 91' lang='lat' dir='ltr'><strong>suos</strong></span> <span class='ocrx_word' id='word_1_177' title='bbox 2499 1213 2553 1262; x_wconf 88' lang='lat' dir='ltr'><strong>et</strong></span> <span class='ocrx_word' id='word_1_178' title='bbox 2578 1217 2756 1263; x_wconf 89' lang='lat' dir='ltr'><strong>aratra</strong></span> <span class='ocrx_word' id='word_1_179' title='bbox 2782 1210 3162 1278; x_wconf 89' lang='lat' dir='ltr'><strong>disquisissent</strong></span> <span class='ocrx_word' id='word_1_180' title='bbox 3179 1251 3194 1277; x_wconf 93' lang='lat'><strong>,</strong></span> <span class='ocrx_word' id='word_1_181' title='bbox 3215 1212 3500 1266; x_wconf 86' lang='lat' dir='ltr'><strong>venientes</strong></span> <span class='ocrx_word' id='word_1_182' title='bbox 3530 1214 3598 1268; x_wconf 90' lang='lat' dir='ltr'><strong>ad</strong></span> <span class='ocrx_word' id='word_1_183' title='bbox 3625 1215 3728 1266; x_wconf 82' lang='lat' dir='ltr'><strong>val-</strong></span> 
     </span>
    </p>
   </div>
   <div class='ocr_carea' id='block_1_27' title="bbox 2155 1283 3727 1371">
    <p class='ocr_par' dir='ltr' id='par_1_27' title="bbox 2155 1283 3727 1371">
     <span class='ocr_line' id='line_1_27' title="bbox 2155 1283 3727 1371; baseline 0.004 -22"><span class='ocrx_word' id='word_1_184' title='bbox 2155 1295 2258 1350; x_wconf 91' lang='lat' dir='ltr'><strong>lem</strong></span> <span class='ocrx_word' id='word_1_185' title='bbox 2277 1337 2292 1362; x_wconf 96' lang='lat'><strong>,</strong></span> <span class='ocrx_word' id='word_1_186' title='bbox 2321 1296 2486 1352; x_wconf 92' lang='lat' dir='ltr'><strong>boves</strong></span> <span class='ocrx_word' id='word_1_187' title='bbox 2512 1297 2730 1366; x_wconf 90' lang='lat' dir='ltr'><strong>quidem</strong></span> <span class='ocrx_word' id='word_1_188' title='bbox 2762 1283 2973 1367; x_wconf 83' lang='lat' dir='ltr'><strong>aliquos</strong></span> <span class='ocrx_word' id='word_1_189' title='bbox 3001 1300 3333 1365; x_wconf 86' lang='lat' dir='ltr'><strong>semineces,</strong></span> <span class='ocrx_word' id='word_1_190' title='bbox 3377 1300 3595 1370; x_wconf 88' lang='lat' dir='ltr'><strong>aliquos</strong></span> <span class='ocrx_word' id='word_1_191' title='bbox 3628 1303 3727 1371; x_wconf 84' lang='lat' dir='ltr'><strong>jam</strong></span> 
     </span>
    </p>
   </div>
   <div class='ocr_carea' id='block_1_28' title="bbox 2155 1389 3728 1456">
    <p class='ocr_par' dir='ltr' id='par_1_28' title="bbox 2155 1389 3728 1456">
     <span class='ocr_line' id='line_1_28' title="bbox 2155 1389 3728 1456; baseline 0.002 -13"><span class='ocrx_word' id='word_1_192' title='bbox 2155 1397 2432 1455; x_wconf 91' lang='lat' dir='ltr'><strong>mortuos,</strong></span> <span class='ocrx_word' id='word_1_193' title='bbox 2485 1389 2570 1444; x_wconf 80' lang='lat' dir='ltr'><strong>liis</strong></span> <span class='ocrx_word' id='word_1_194' title='bbox 2613 1389 2871 1446; x_wconf 88' lang='lat' dir='ltr'><strong>cornibus</strong></span> <span class='ocrx_word' id='word_1_195' title='bbox 2914 1391 3149 1456; x_wconf 90' lang='lat' dir='ltr'><strong>evulsis,</strong></span> <span class='ocrx_word' id='word_1_196' title='bbox 3201 1392 3308 1447; x_wconf 94' lang='lat' dir='ltr'><strong>illis</strong></span> <span class='ocrx_word' id='word_1_197' title='bbox 3356 1396 3615 1449; x_wconf 86' lang='lat' dir='ltr'><strong>cruribus</strong></span> <span class='ocrx_word' id='word_1_198' title='bbox 3655 1397 3728 1448; x_wconf 78' lang='lat' dir='ltr'><strong>vel</strong></span> 
     </span>
    </p>
   </div>
   <div class='ocr_carea' id='block_1_29' title="bbox 2155 1478 3724 1544">
    <p class='ocr_par' dir='ltr' id='par_1_29' title="bbox 2155 1478 3724 1544">
     <span class='ocr_line' id='line_1_29' title="bbox 2155 1478 3724 1544; baseline 0.001 -9"><span class='ocrx_word' id='word_1_199' title='bbox 2155 1479 2458 1536; x_wconf 75' lang='lat' dir='ltr'><strong>cervieibus</strong></span> <span class='ocrx_word' id='word_1_200' title='bbox 2490 1478 2678 1535; x_wconf 83' lang='lat' dir='ltr'><strong>fractis</strong></span> <span class='ocrx_word' id='word_1_201' title='bbox 2699 1520 2714 1544; x_wconf 96' lang='lat'><strong>,</strong></span> <span class='ocrx_word' id='word_1_202' title='bbox 2745 1489 2924 1535; x_wconf 89' lang='lat' dir='ltr'><strong>aratra</strong></span> <span class='ocrx_word' id='word_1_203' title='bbox 2955 1497 3084 1536; x_wconf 88' lang='lat' dir='ltr'><strong>vero</strong></span> <span class='ocrx_word' id='word_1_204' title='bbox 3128 1483 3181 1536; x_wconf 92' lang='lat' dir='ltr'><strong>in</strong></span> <span class='ocrx_word' id='word_1_205' title='bbox 3224 1482 3397 1538; x_wconf 83' lang='lat' dir='ltr'><strong>frusta</strong></span> <span class='ocrx_word' id='word_1_206' title='bbox 3432 1484 3481 1514; x_wconf 83' lang='grc'><strong>⁷⁸</strong></span> <span class='ocrx_word' id='word_1_207' title='bbox 3511 1486 3724 1538; x_wconf 83' lang='lat' dir='ltr'><strong>commi-</strong></span> 
     </span>
    </p>
   </div>
   <div class='ocr_carea' id='block_1_30' title="bbox 2156 1571 3721 1644">
    <p class='ocr_par' dir='ltr' id='par_1_30' title="bbox 2156 1571 3721 1644">
     <span class='ocr_line' id='line_1_30' title="bbox 2156 1571 3721 1644; baseline 0.003 -19"><span class='ocrx_word' id='word_1_208' title='bbox 2156 1581 2285 1626; x_wconf 89' lang='lat' dir='ltr'><strong>nuta</strong></span> <span class='ocrx_word' id='word_1_209' title='bbox 2336 1579 2688 1641; x_wconf 87' lang='lat' dir='ltr'><strong>reppererant</strong></span> <span class='ocrx_word' id='word_1_210' title='bbox 2716 1571 2784 1626; x_wconf 83' lang='lat'><strong>&quot;.</strong></span> <span class='ocrx_word' id='word_1_211' title='bbox 2833 1572 2986 1627; x_wconf 91' lang='lat' dir='ltr'><strong>Tunc</strong></span> <span class='ocrx_word' id='word_1_212' title='bbox 3031 1573 3284 1644; x_wconf 78' lang='lat' dir='ltr'><strong>agricola:</strong></span> <span class='ocrx_word' id='word_1_213' title='bbox 3333 1589 3440 1644; x_wconf 90' lang='lat' dir='ltr'><strong>pro</strong></span> <span class='ocrx_word' id='word_1_214' title='bbox 3489 1577 3721 1644; x_wconf 83' lang='lat' dir='ltr'><strong>dampais</strong></span> 
     </span>
    </p>
   </div>
   <div class='ocr_carea' id='block_1_31' title="bbox 2156 1658 3716 1730">
    <p class='ocr_par' dir='ltr' id='par_1_31' title="bbox 2156 1658 3716 1730">
     <span class='ocr_line' id='line_1_31' title="bbox 2156 1658 3716 1730; baseline 0.002 -12"><span class='ocrx_word' id='word_1_215' title='bbox 2156 1662 2270 1718; x_wconf 88' lang='lat' dir='ltr'><strong>suis</strong></span> <span class='ocrx_word' id='word_1_216' title='bbox 2313 1663 2601 1718; x_wconf 85' lang='lat' dir='ltr'><strong>admodum</strong></span> <span class='ocrx_word' id='word_1_217' title='bbox 2633 1663 2993 1730; x_wconf 81' lang='lat' dir='ltr'><strong>moestilicati,</strong></span> <span class='ocrx_word' id='word_1_218' title='bbox 3034 1658 3106 1718; x_wconf 64' lang='lat' dir='ltr'><strong>ad</strong></span> <span class='ocrx_word' id='word_1_219' title='bbox 3133 1665 3512 1720; x_wconf 88' lang='lat' dir='ltr'><strong>Bernacbrum</strong></span> <span class='ocrx_word' id='word_1_220' title='bbox 3543 1667 3582 1698; x_wconf 86' lang='lat'>&quot;</span> <span class='ocrx_word' id='word_1_221' title='bbox 3608 1678 3716 1721; x_wconf 90' lang='lat' dir='ltr'><strong>sunt</strong></span> 
     </span>
    </p>
   </div>
   <div class='ocr_carea' id='block_1_32' title="bbox 2157 1756 3715 1828">
    <p class='ocr_par' dir='ltr' id='par_1_32' title="bbox 2157 1756 3715 1828">
     <span class='ocr_line' id='line_1_32' title="bbox 2157 1756 3715 1828; baseline 0.003 -18"><span class='ocrx_word' id='word_1_222' title='bbox 2157 1756 2392 1823; x_wconf 87' lang='lat' dir='ltr'><strong>reversi,</strong></span> <span class='ocrx_word' id='word_1_223' title='bbox 2418 1767 2472 1811; x_wconf 91' lang='lat' dir='ltr'><strong>et</strong></span> <span class='ocrx_word' id='word_1_224' title='bbox 2495 1772 2615 1826; x_wconf 65' lang='lat' dir='ltr'><strong>qua:</strong></span> <span class='ocrx_word' id='word_1_225' title='bbox 2640 1757 2954 1811; x_wconf 88' lang='lat' dir='ltr'><strong>acciderant</strong></span> <span class='ocrx_word' id='word_1_226' title='bbox 2981 1773 3102 1812; x_wconf 92' lang='lat' dir='ltr'><strong>cum</strong></span> <span class='ocrx_word' id='word_1_227' title='bbox 3130 1759 3279 1828; x_wconf 85' lang='lat' dir='ltr'><strong>gravi</strong></span> <span class='ocrx_word' id='word_1_228' title='bbox 3310 1759 3466 1814; x_wconf 89' lang='lat' dir='ltr'><strong>luctu</strong></span> <span class='ocrx_word' id='word_1_229' title='bbox 3514 1761 3715 1814; x_wconf 77' lang='lat' dir='ltr'><strong>nuncia-</strong></span> 
     </span>
    </p>
   </div>
   <div class='ocr_carea' id='block_1_33' title="bbox 471 1827 2053 1918">
    <p class='ocr_par' dir='ltr' id='par_1_33' title="bbox 471 1852 2051 1912">
     <span class='ocr_line' id='line_1_33' title="bbox 471 1852 2051 1912; baseline 0.005 -9"><span class='ocrx_word' id='word_1_230' title='bbox 471 1852 733 1906; x_wconf 91' lang='lat' dir='ltr'><strong>narrabili</strong></span> <span class='ocrx_word' id='word_1_231' title='bbox 774 1855 822 1895; x_wconf 72' lang='grc'>⁷³</span> <span class='ocrx_word' id='word_1_232' title='bbox 854 1863 1060 1910; x_wconf 88' lang='lat' dir='ltr'><strong>tortura</strong></span> <span class='ocrx_word' id='word_1_233' title='bbox 1089 1856 1302 1911; x_wconf 85' lang='lat' dir='ltr'><strong>viscera</strong></span> <span class='ocrx_word' id='word_1_234' title='bbox 1332 1856 1514 1911; x_wconf 89' lang='lat' dir='ltr'><strong>carnis</strong></span> <span class='ocrx_word' id='word_1_235' title='bbox 1546 1855 1705 1912; x_wconf 79' lang='lat' dir='ltr'><strong>simul</strong></span> <span class='ocrx_word' id='word_1_236' title='bbox 1737 1864 1790 1912; x_wconf 91' lang='lat' dir='ltr'><strong>et</strong></span> <span class='ocrx_word' id='word_1_237' title='bbox 1817 1857 2051 1912; x_wconf 88' lang='lat' dir='ltr'><strong>crudeli-</strong></span> 
     </span>
    </p>
   </div>
   <div class='ocr_carea' id='block_1_34' title="bbox 2158 1827 3728 1918">
    <p class='ocr_par' dir='ltr' id='par_1_34' title="bbox 2158 1827 3728 1918">
     <span class='ocr_line' id='line_1_34' title="bbox 2158 1827 3728 1918; baseline 0.003 -18"><span class='ocrx_word' id='word_1_238' title='bbox 2158 1855 2372 1902; x_wconf 91' lang='lat' dir='ltr'><strong>verunt.</strong></span> <span class='ocrx_word' id='word_1_239' title='bbox 2407 1846 2499 1901; x_wconf 91' lang='lat' dir='ltr'><strong>llle</strong></span> <span class='ocrx_word' id='word_1_240' title='bbox 2533 1861 2660 1900; x_wconf 86' lang='lat' dir='ltr'><strong>vero</strong></span> <span class='ocrx_word' id='word_1_241' title='bbox 2693 1862 2889 1916; x_wconf 87' lang='lat' dir='ltr'><strong>magno</strong></span> <span class='ocrx_word' id='word_1_242' title='bbox 2916 1847 3109 1902; x_wconf 89' lang='lat' dir='ltr'><strong>timore</strong></span> <span class='ocrx_word' id='word_1_243' title='bbox 3134 1827 3418 1918; x_wconf 86' lang='lat' dir='ltr'><strong>perculsus</strong></span> <span class='ocrx_word' id='word_1_244' title='bbox 3437 1889 3454 1914; x_wconf 94' lang='lat'><strong>,</strong></span> <span class='ocrx_word' id='word_1_245' title='bbox 3481 1859 3542 1903; x_wconf 88' lang='lat' dir='ltr'><strong>et</strong></span> <span class='ocrx_word' id='word_1_246' title='bbox 3569 1851 3728 1904; x_wconf 81' lang='lat' dir='ltr'><strong>adhuc</strong></span> 
     </span>
    </p>
   </div>
   <div class='ocr_carea' id='block_1_35' title="bbox 477 1940 846 1998">
    <p class='ocr_par' dir='ltr' id='par_1_35' title="bbox 477 1940 846 1998">
     <span class='ocr_line' id='line_1_35' title="bbox 477 1940 846 1998; baseline 0.016 -6"><span class='ocrx_word' id='word_1_247' title='bbox 477 1941 607 1995; x_wconf 87' lang='lat' dir='ltr'><strong>tatis</strong></span> <span class='ocrx_word' id='word_1_248' title='bbox 636 1940 846 1998; x_wconf 79' lang='lat' dir='ltr'><strong>effudit.</strong></span> 
     </span>
    </p>
   </div>
   <div class='ocr_carea' id='block_1_36' title="bbox 540 2032 2056 2109">
    <p class='ocr_par' dir='ltr' id='par_1_36' title="bbox 540 2032 2056 2109">
     <span class='ocr_line' id='line_1_36' title="bbox 540 2032 2056 2109; baseline 0.008 -25"><span class='ocrx_word' id='word_1_249' title='bbox 540 2032 609 2085; x_wconf 83' lang='grc'><strong>15</strong></span> <span class='ocrx_word' id='word_1_250' title='bbox 639 2033 708 2086; x_wconf 75' lang='grc'><strong>⁷³.</strong></span> <span class='ocrx_word' id='word_1_251' title='bbox 749 2034 1028 2091; x_wconf 87' lang='lat' dir='ltr'><strong>Bcrnaker</strong></span> <span class='ocrx_word' id='word_1_252' title='bbox 1057 2037 1204 2109; x_wconf 78' lang='lat'><strong>(285)</strong></span> <span class='ocrx_word' id='word_1_253' title='bbox 1236 2040 1454 2109; x_wconf 88' lang='lat' dir='ltr'><strong>quidam</strong></span> <span class='ocrx_word' id='word_1_254' title='bbox 1491 2049 1609 2096; x_wconf 92' lang='lat' dir='ltr'><strong>erat</strong></span> <span class='ocrx_word' id='word_1_255' title='bbox 1646 2042 1731 2095; x_wconf 90' lang='lat' dir='ltr'><strong>vir</strong></span> <span class='ocrx_word' id='word_1_256' title='bbox 1765 2040 1959 2096; x_wconf 91' lang='lat' dir='ltr'><strong>nobilis</strong></span> <span class='ocrx_word' id='word_1_257' title='bbox 2000 2051 2056 2096; x_wconf 88' lang='lat' dir='ltr'><strong>et</strong></span> 
     </span>
    </p>
   </div>
   <div class='ocr_carea' id='block_1_37' title="bbox 469 2119 2054 2199">
    <p class='ocr_par' dir='ltr' id='par_1_37' title="bbox 469 2119 2054 2199">
     <span class='ocr_line' id='line_1_37' title="bbox 469 2119 2054 2199; baseline 0.008 -26"><span class='ocrx_word' id='word_1_258' title='bbox 469 2119 793 2188; x_wconf 83' lang='lat' dir='ltr'><strong>opulentus,</strong></span> <span class='ocrx_word' id='word_1_259' title='bbox 834 2125 926 2194; x_wconf 92' lang='lat' dir='ltr'><strong>qui</strong></span> <span class='ocrx_word' id='word_1_260' title='bbox 968 2124 1127 2197; x_wconf 86' lang='lat' dir='ltr'><strong>longe</strong></span> <span class='ocrx_word' id='word_1_261' title='bbox 1160 2137 1448 2198; x_wconf 90' lang='lat' dir='ltr'><strong>postquam</strong></span> <span class='ocrx_word' id='word_1_262' title='bbox 1489 2130 1592 2184; x_wconf 83' lang='lat' dir='ltr'><strong>hoc</strong></span> <span class='ocrx_word' id='word_1_263' title='bbox 1626 2130 1854 2196; x_wconf 89' lang='lat' dir='ltr'><strong>accidit,</strong></span> <span class='ocrx_word' id='word_1_264' title='bbox 1911 2131 2054 2199; x_wconf 88' lang='lat' dir='ltr'><strong>quod</strong></span> 
     </span>
    </p>
   </div>
   <div class='ocr_carea' id='block_1_38' title="bbox 470 2214 2053 2290">
    <p class='ocr_par' dir='ltr' id='par_1_38' title="bbox 470 2214 2053 2290">
     <span class='ocr_line' id='line_1_38' title="bbox 470 2214 2053 2290; baseline 0.007 -26"><span class='ocrx_word' id='word_1_265' title='bbox 470 2221 698 2267; x_wconf 89' lang='lat' dir='ltr'><strong>actenus</strong></span> <span class='ocrx_word' id='word_1_266' title='bbox 747 2214 1064 2281; x_wconf 87' lang='lat' dir='ltr'><strong>retulimus,</strong></span> <span class='ocrx_word' id='word_1_267' title='bbox 1115 2218 1342 2272; x_wconf 87' lang='lat' dir='ltr'><strong>eandem</strong></span> <span class='ocrx_word' id='word_1_268' title='bbox 1401 2219 1584 2273; x_wconf 81' lang='lat' dir='ltr'><strong>villam</strong></span> <span class='ocrx_word' id='word_1_269' title='bbox 1636 2221 1887 2290; x_wconf 86' lang='lat' dir='ltr'><strong>precario</strong></span> <span class='ocrx_word' id='word_1_270' title='bbox 1930 2219 2053 2287; x_wconf 90' lang='lat' dir='ltr'><strong>jure</strong></span> 
     </span>
    </p>
   </div>
   <div class='ocr_carea' id='block_1_39' title="bbox 470 2304 2050 2384">
    <p class='ocr_par' dir='ltr' id='par_1_39' title="bbox 470 2304 2050 2384">
     <span class='ocr_line' id='line_1_39' title="bbox 470 2304 2050 2384; baseline 0.009 -30"><span class='ocrx_word' id='word_1_271' title='bbox 470 2304 782 2371; x_wconf 85' lang='lat' dir='ltr'><strong>acquisivit.</strong></span> <span class='ocrx_word' id='word_1_272' title='bbox 831 2305 931 2372; x_wconf 86' lang='lat' dir='ltr'><strong>Qui</strong></span> <span class='ocrx_word' id='word_1_273' title='bbox 977 2306 1185 2364; x_wconf 81' lang='lat' dir='ltr'><strong>facibus</strong></span> <span class='ocrx_word' id='word_1_274' title='bbox 1228 2310 1478 2366; x_wconf 60' lang='lat' dir='ltr'><strong>avaricia‘.</strong></span> <span class='ocrx_word' id='word_1_275' title='bbox 1528 2327 1853 2378; x_wconf 86' lang='lat' dir='ltr'><strong>succensus,</strong></span> <span class='ocrx_word' id='word_1_276' title='bbox 1905 2313 2050 2384; x_wconf 81' lang='lat' dir='ltr'><strong>agris</strong></span> 
     </span>
    </p>
   </div>
   <div class='ocr_carea' id='block_1_40' title="bbox 472 2389 2054 2472">
    <p class='ocr_par' dir='ltr' id='par_1_40' title="bbox 472 2389 2054 2472">
     <span class='ocr_line' id='line_1_40' title="bbox 472 2389 2054 2472; baseline 0.01 -32"><span class='ocrx_word' id='word_1_277' title='bbox 472 2389 619 2444; x_wconf 91' lang='lat' dir='ltr'><strong>illius</strong></span> <span class='ocrx_word' id='word_1_278' title='bbox 653 2392 795 2446; x_wconf 73' lang='lat' dir='ltr'><strong>villa:</strong></span> <span class='ocrx_word' id='word_1_279' title='bbox 839 2394 1079 2464; x_wconf 91' lang='lat' dir='ltr'><strong>undique</strong></span> <span class='ocrx_word' id='word_1_280' title='bbox 1110 2397 1396 2467; x_wconf 87' lang='lat' dir='ltr'><strong>contiguos</strong></span> <span class='ocrx_word' id='word_1_281' title='bbox 1425 2407 1478 2452; x_wconf 91' lang='lat' dir='ltr'><strong>et</strong></span> <span class='ocrx_word' id='word_1_282' title='bbox 1508 2396 1892 2457; x_wconf 84' lang='lat' dir='ltr'><strong>collimitantes</strong></span> <span class='ocrx_word' id='word_1_283' title='bbox 1920 2417 2054 2472; x_wconf 83' lang='lat' dir='ltr'><strong>pau-</strong></span> 
     </span>
    </p>
   </div>
   <div class='ocr_carea' id='block_1_41' title="bbox 467 2483 2052 2557">
    <p class='ocr_par' dir='ltr' id='par_1_41' title="bbox 467 2483 2052 2557">
     <span class='ocr_line' id='line_1_41' title="bbox 467 2483 2052 2557; baseline 0.006 -22"><span class='ocrx_word' id='word_1_284' title='bbox 467 2495 660 2548; x_wconf 86' lang='lat' dir='ltr'><strong>perum</strong></span> <span class='ocrx_word' id='word_1_285' title='bbox 693 2483 928 2554; x_wconf 88' lang='lat' dir='ltr'><strong>agellos,</strong></span> <span class='ocrx_word' id='word_1_286' title='bbox 961 2500 1025 2540; x_wconf 91' lang='lat' dir='ltr'><strong>eo</strong></span> <span class='ocrx_word' id='word_1_287' title='bbox 1056 2487 1199 2555; x_wconf 91' lang='lat' dir='ltr'><strong>quod</strong></span> <span class='ocrx_word' id='word_1_288' title='bbox 1226 2485 1420 2543; x_wconf 82' lang='lat' dir='ltr'><strong>fertilis</strong></span> <span class='ocrx_word' id='word_1_289' title='bbox 1452 2488 1540 2542; x_wconf 91' lang='lat' dir='ltr'><strong>illa</strong></span> <span class='ocrx_word' id='word_1_290' title='bbox 1569 2498 1715 2543; x_wconf 88' lang='lat' dir='ltr'><strong>terra</strong></span> <span class='ocrx_word' id='word_1_291' title='bbox 1743 2499 1922 2557; x_wconf 90' lang='lat' dir='ltr'><strong>esset,</strong></span> <span class='ocrx_word' id='word_1_292' title='bbox 1950 2491 2052 2546; x_wconf 92' lang='lat' dir='ltr'><strong>sibi</strong></span> 
     </span>
    </p>
   </div>
   <div class='ocr_carea' id='block_1_42' title="bbox 467 2570 2052 2647">
    <p class='ocr_par' dir='ltr' id='par_1_42' title="bbox 467 2570 2052 2647">
     <span class='ocr_line' id='line_1_42' title="bbox 467 2570 2052 2647; baseline 0.008 -24"><span class='ocrx_word' id='word_1_293' title='bbox 467 2570 666 2640; x_wconf 86' lang='lat' dir='ltr'><strong>injuste</strong></span> <span class='ocrx_word' id='word_1_294' title='bbox 695 2575 998 2643; x_wconf 86' lang='lat' dir='ltr'><strong>usurpavit.</strong></span> <span class='ocrx_word' id='word_1_295' title='bbox 1029 2575 1384 2647; x_wconf 80' lang='lat' dir='ltr'><strong>Congregatis</strong></span> <span class='ocrx_word' id='word_1_296' title='bbox 1413 2587 1592 2632; x_wconf 88' lang='lat' dir='ltr'><strong>autem</strong></span> <span class='ocrx_word' id='word_1_297' title='bbox 1624 2579 1893 2634; x_wconf 89' lang='lat' dir='ltr'><strong>arantium</strong></span> <span class='ocrx_word' id='word_1_298' title='bbox 1933 2588 2052 2636; x_wconf 90' lang='lat' dir='ltr'><strong>tur-</strong></span> 
     </span>
    </p>
   </div>
   <div class='ocr_carea' id='block_1_43' title="bbox 462 2659 2053 2739">
    <p class='ocr_par' dir='ltr' id='par_1_43' title="bbox 462 2659 2053 2739">
     <span class='ocr_line' id='line_1_43' title="bbox 462 2659 2053 2739; baseline 0.008 -25"><span class='ocrx_word' id='word_1_299' title='bbox 462 2663 583 2727; x_wconf 83' lang='lat' dir='ltr'><strong>bis,</strong></span> <span class='ocrx_word' id='word_1_300' title='bbox 617 2679 775 2720; x_wconf 90' lang='lat' dir='ltr'><strong>arare</strong></span> <span class='ocrx_word' id='word_1_301' title='bbox 810 2659 957 2736; x_wconf 87' lang='lat' dir='ltr'><strong>ipsos</strong></span> <span class='ocrx_word' id='word_1_302' title='bbox 987 2681 1148 2734; x_wconf 87' lang='lat' dir='ltr'><strong>agros</strong></span> <span class='ocrx_word' id='word_1_303' title='bbox 1181 2667 1378 2738; x_wconf 88' lang='lat' dir='ltr'><strong>jussit,</strong></span> <span class='ocrx_word' id='word_1_304' title='bbox 1411 2683 1530 2723; x_wconf 92' lang='lat' dir='ltr'><strong>cum</strong></span> <span class='ocrx_word' id='word_1_305' title='bbox 1564 2669 1676 2735; x_wconf 91' lang='lat' dir='ltr'><strong>illi,</strong></span> <span class='ocrx_word' id='word_1_306' title='bbox 1708 2671 1905 2739; x_wconf 89' lang='lat' dir='ltr'><strong>quibus</strong></span> <span class='ocrx_word' id='word_1_307' title='bbox 1935 2672 2053 2726; x_wconf 92' lang='lat' dir='ltr'><strong>vio-</strong></span> 
     </span>
    </p>
   </div>
   <div class='ocr_carea' id='block_1_44' title="bbox 467 2750 2058 2826">
    <p class='ocr_par' dir='ltr' id='par_1_44' title="bbox 467 2750 2058 2826">
     <span class='ocr_line' id='line_1_44' title="bbox 467 2750 2058 2826; baseline 0.007 -23"><span class='ocrx_word' id='word_1_308' title='bbox 467 2750 690 2806; x_wconf 91' lang='lat' dir='ltr'><strong>lentiam</strong></span> <span class='ocrx_word' id='word_1_309' title='bbox 740 2753 956 2820; x_wconf 89' lang='lat' dir='ltr'><strong>intulit,</strong></span> <span class='ocrx_word' id='word_1_310' title='bbox 1001 2770 1123 2809; x_wconf 87' lang='lat' dir='ltr'><strong>eum</strong></span> <span class='ocrx_word' id='word_1_311' title='bbox 1168 2771 1266 2826; x_wconf 90' lang='lat' dir='ltr'><strong>per</strong></span> <span class='ocrx_word' id='word_1_312' title='bbox 1305 2756 1471 2812; x_wconf 88' lang='lat' dir='ltr'><strong>Deum</strong></span> <span class='ocrx_word' id='word_1_313' title='bbox 1506 2757 1799 2813; x_wconf 87' lang='lat' dir='ltr'><strong>obsecrare</strong></span> <span class='ocrx_word' id='word_1_314' title='bbox 1836 2766 1893 2814; x_wconf 90' lang='lat' dir='ltr'><strong>et</strong></span> <span class='ocrx_word' id='word_1_315' title='bbox 1928 2775 2058 2814; x_wconf 89' lang='lat' dir='ltr'><strong>san-</strong></span> 
     </span>
    </p>
   </div>
   <div class='ocr_carea' id='block_1_45' title="bbox 467 2843 2054 2909">
    <p class='ocr_par' dir='ltr' id='par_1_45' title="bbox 467 2843 2054 2909">
     <span class='ocr_line' id='line_1_45' title="bbox 467 2843 2054 2909; baseline 0.007 -15"><span class='ocrx_word' id='word_1_316' title='bbox 467 2850 613 2896; x_wconf 87' lang='lat' dir='ltr'><strong>ctum</strong></span> <span class='ocrx_word' id='word_1_317' title='bbox 659 2843 1052 2909; x_wconf 76' lang='lat' dir='ltr'><strong>Maximinum,</strong></span> <span class='ocrx_word' id='word_1_318' title='bbox 1093 2853 1154 2900; x_wconf 90' lang='lat' dir='ltr'><strong>ut</strong></span> <span class='ocrx_word' id='word_1_319' title='bbox 1197 2861 1294 2901; x_wconf 91' lang='lat' dir='ltr'><strong>sua</strong></span> <span class='ocrx_word' id='word_1_320' title='bbox 1342 2846 1444 2902; x_wconf 91' lang='lat' dir='ltr'><strong>sibi</strong></span> <span class='ocrx_word' id='word_1_321' title='bbox 1493 2846 1804 2904; x_wconf 82' lang='lat' dir='ltr'><strong>sullicerent</strong></span> <span class='ocrx_word' id='word_1_322' title='bbox 1852 2864 1954 2904; x_wconf 90' lang='lat' dir='ltr'><strong>nec</strong></span> <span class='ocrx_word' id='word_1_323' title='bbox 1996 2864 2054 2905; x_wconf 88' lang='lat' dir='ltr'><strong>se</strong></span> 
     </span>
    </p>
   </div>
   <div class='ocr_carea' id='block_1_46' title="bbox 470 2935 2053 3009">
    <p class='ocr_par' dir='ltr' id='par_1_46' title="bbox 470 2935 2053 3009">
     <span class='ocr_line' id='line_1_46' title="bbox 470 2935 2053 3009; baseline 0.005 -23"><span class='ocrx_word' id='word_1_324' title='bbox 470 2935 652 3002; x_wconf 85' lang='lat' dir='ltr'><strong>inique</strong></span> <span class='ocrx_word' id='word_1_325' title='bbox 699 2936 812 2990; x_wconf 92' lang='lat' dir='ltr'><strong>suis</strong></span> <span class='ocrx_word' id='word_1_326' title='bbox 856 2937 1314 3006; x_wconf 88' lang='lat' dir='ltr'><strong>possessiunculis</strong></span> <span class='ocrx_word' id='word_1_327' title='bbox 1359 2938 1640 3009; x_wconf 89' lang='lat' dir='ltr'><strong>spoliaret.</strong></span> <span class='ocrx_word' id='word_1_328' title='bbox 1688 2939 1897 3006; x_wconf 85' lang='lat' dir='ltr'><strong>Quibus</strong></span> <span class='ocrx_word' id='word_1_329' title='bbox 1929 2955 2053 2996; x_wconf 81' lang='lat' dir='ltr'><strong>cum</strong></span> 
     </span>
    </p>
   </div>
   <div class='ocr_carea' id='block_1_47' title="bbox 470 3021 2054 3094">
    <p class='ocr_par' dir='ltr' id='par_1_47' title="bbox 470 3021 2054 3094">
     <span class='ocr_line' id='line_1_47' title="bbox 470 3021 2054 3094; baseline 0.005 -17"><span class='ocrx_word' id='word_1_330' title='bbox 470 3025 522 3077; x_wconf 90' lang='lat' dir='ltr'><strong>id</strong></span> <span class='ocrx_word' id='word_1_331' title='bbox 553 3025 800 3092; x_wconf 89' lang='lat' dir='ltr'><strong>responsi</strong></span> <span class='ocrx_word' id='word_1_332' title='bbox 835 3021 1120 3094; x_wconf 85' lang='lat' dir='ltr'><strong>redderet,</strong></span> <span class='ocrx_word' id='word_1_333' title='bbox 1164 3029 1373 3083; x_wconf 89' lang='lat' dir='ltr'><strong>scilicet</strong></span> <span class='ocrx_word' id='word_1_334' title='bbox 1415 3044 1513 3085; x_wconf 91' lang='lat' dir='ltr'><strong>nec</strong></span> <span class='ocrx_word' id='word_1_335' title='bbox 1565 3029 1910 3085; x_wconf 90' lang='lat' dir='ltr'><strong>latitudinem</strong></span> <span class='ocrx_word' id='word_1_336' title='bbox 1953 3045 2054 3085; x_wconf 89' lang='lat' dir='ltr'><strong>nec</strong></span> 
     </span>
    </p>
   </div>
   <div class='ocr_carea' id='block_1_48' title="bbox 467 3115 2054 3190">
    <p class='ocr_par' dir='ltr' id='par_1_48' title="bbox 467 3115 2054 3190">
     <span class='ocr_line' id='line_1_48' title="bbox 467 3115 2054 3190; baseline 0.006 -23"><span class='ocrx_word' id='word_1_337' title='bbox 467 3115 862 3184; x_wconf 86' lang='lat' dir='ltr'><strong>longitudinem</strong></span> <span class='ocrx_word' id='word_1_338' title='bbox 911 3118 1064 3187; x_wconf 88' lang='lat' dir='ltr'><strong>pedis</strong></span> <span class='ocrx_word' id='word_1_339' title='bbox 1112 3133 1170 3174; x_wconf 91' lang='lat' dir='ltr'><strong>se</strong></span> <span class='ocrx_word' id='word_1_340' title='bbox 1208 3129 1430 3190; x_wconf 87' lang='lat' dir='ltr'><strong>propter</strong></span> <span class='ocrx_word' id='word_1_341' title='bbox 1461 3121 1809 3176; x_wconf 82' lang='lat' dir='ltr'><strong>Maximinum</strong></span> <span class='ocrx_word' id='word_1_342' title='bbox 1843 3123 1908 3178; x_wconf 90' lang='lat' dir='ltr'><strong>de</strong></span> <span class='ocrx_word' id='word_1_343' title='bbox 1937 3139 2054 3178; x_wconf 78' lang='lat' dir='ltr'><strong>om-</strong></span> 
     </span>
    </p>
   </div>
   <div class='ocr_carea' id='block_1_49' title="bbox 2153 1937 3732 2008">
    <p class='ocr_par' dir='ltr' id='par_1_49' title="bbox 2153 1937 3732 2008">
     <span class='ocr_line' id='line_1_49' title="bbox 2153 1937 3732 2008; baseline 0.001 -18"><span class='ocrx_word' id='word_1_344' title='bbox 2153 1938 2457 2008; x_wconf 87' lang='lat' dir='ltr'><strong>graviorem</strong></span> <span class='ocrx_word' id='word_1_345' title='bbox 2490 1952 2549 1992; x_wconf 88' lang='lat' dir='ltr'><strong>se</strong></span> <span class='ocrx_word' id='word_1_346' title='bbox 2580 1937 2877 1992; x_wconf 89' lang='lat' dir='ltr'><strong>vindictam</strong></span> <span class='ocrx_word' id='word_1_347' title='bbox 2909 1953 3195 1993; x_wconf 86' lang='lat' dir='ltr'><strong>sensurum</strong></span> <span class='ocrx_word' id='word_1_348' title='bbox 3240 1939 3553 2007; x_wconf 89' lang='lat' dir='ltr'><strong>suspicatus</strong></span> <span class='ocrx_word' id='word_1_349' title='bbox 3573 1981 3588 2005; x_wconf 92' lang='lat'><strong>,</strong></span> <span class='ocrx_word' id='word_1_350' title='bbox 3633 1941 3732 1992; x_wconf 79' lang='lat' dir='ltr'><strong>vir-</strong></span> 
     </span>
    </p>
   </div>
   <div class='ocr_carea' id='block_1_50' title="bbox 2154 2032 3732 2106">
    <p class='ocr_par' dir='ltr' id='par_1_50' title="bbox 2154 2032 3732 2106">
     <span class='ocr_line' id='line_1_50' title="bbox 2154 2032 3732 2106; baseline 0.001 -19"><span class='ocrx_word' id='word_1_351' title='bbox 2154 2041 2270 2088; x_wconf 90' lang='lat' dir='ltr'><strong>tute</strong></span> <span class='ocrx_word' id='word_1_352' title='bbox 2298 2032 2580 2087; x_wconf 86' lang='lat' dir='ltr'><strong>Maximiui</strong></span> <span class='ocrx_word' id='word_1_353' title='bbox 2613 2032 2869 2098; x_wconf 89' lang='lat' dir='ltr'><strong>territus,</strong></span> <span class='ocrx_word' id='word_1_354' title='bbox 2921 2035 2989 2088; x_wconf 87' lang='lat' dir='ltr'><strong>ab</strong></span> <span class='ocrx_word' id='word_1_355' title='bbox 3033 2033 3396 2089; x_wconf 87' lang='lat' dir='ltr'><strong>insectatione</strong></span> <span class='ocrx_word' id='word_1_356' title='bbox 3439 2050 3732 2106; x_wconf 85' lang='lat' dir='ltr'><strong>pauperum</strong></span> 
     </span>
    </p>
   </div>
   <div class='ocr_carea' id='block_1_51' title="bbox 2155 2123 2680 2179">
    <p class='ocr_par' dir='ltr' id='par_1_51' title="bbox 2155 2123 2680 2179">
     <span class='ocr_line' id='line_1_51' title="bbox 2155 2123 2680 2179; baseline -0.004 -1"><span class='ocrx_word' id='word_1_357' title='bbox 2155 2123 2390 2179; x_wconf 82' lang='lat' dir='ltr'><strong>cessavit</strong></span> <span class='ocrx_word' id='word_1_358' title='bbox 2428 2123 2680 2177; x_wconf 89' lang='lat' dir='ltr'><strong>ulterius.</strong></span> 
     </span>
    </p>
   </div>
   <div class='ocr_carea' id='block_1_52' title="bbox 2225 2210 3734 2282">
    <p class='ocr_par' dir='ltr' id='par_1_52' title="bbox 2225 2210 3734 2282">
     <span class='ocr_line' id='line_1_52' title="bbox 2225 2210 3734 2282; baseline 0.001 -18"><span class='ocrx_word' id='word_1_359' title='bbox 2225 2210 2292 2264; x_wconf 85' lang='grc'><strong>16</strong></span> <span class='ocrx_word' id='word_1_360' title='bbox 2323 2211 2390 2265; x_wconf 65' lang='grc' dir='ltr'><strong>σί.</strong></span> <span class='ocrx_word' id='word_1_361' title='bbox 2423 2211 2534 2266; x_wconf 84' lang='lat' dir='ltr'><strong>Nec</strong></span> <span class='ocrx_word' id='word_1_362' title='bbox 2566 2211 2903 2266; x_wconf 90' lang='lat' dir='ltr'><strong>reticendum</strong></span> <span class='ocrx_word' id='word_1_363' title='bbox 2924 2253 2938 2278; x_wconf 95' lang='lat'><strong>,</strong></span> <span class='ocrx_word' id='word_1_364' title='bbox 2968 2213 3113 2282; x_wconf 90' lang='lat' dir='ltr'><strong>quod</strong></span> <span class='ocrx_word' id='word_1_365' title='bbox 3155 2227 3255 2282; x_wconf 89' lang='lat' dir='ltr'><strong>pro</strong></span> <span class='ocrx_word' id='word_1_366' title='bbox 3297 2213 3461 2267; x_wconf 90' lang='lat' dir='ltr'><strong>simili</strong></span> <span class='ocrx_word' id='word_1_367' title='bbox 3504 2213 3734 2267; x_wconf 76' lang='lat' dir='ltr'><strong>crudeli-</strong></span> 
     </span>
    </p>
   </div>
   <div class='ocr_carea' id='block_1_53' title="bbox 2155 2301 3738 2374">
    <p class='ocr_par' dir='ltr' id='par_1_53' title="bbox 2155 2301 3738 2374">
     <span class='ocr_line' id='line_1_53' title="bbox 2155 2301 3738 2374; baseline 0 -18"><span class='ocrx_word' id='word_1_368' title='bbox 2155 2307 2207 2356; x_wconf 87' lang='lat' dir='ltr'><strong>t&#39;a</strong></span> <span class='ocrx_word' id='word_1_369' title='bbox 2221 2309 2272 2357; x_wconf 89' lang='lat' dir='ltr'><strong>te</strong></span> <span class='ocrx_word' id='word_1_370' title='bbox 2301 2302 2595 2357; x_wconf 86' lang='lat' dir='ltr'><strong>Adalberto</strong></span> <span class='ocrx_word' id='word_1_371' title='bbox 2623 2302 2694 2368; x_wconf 70' lang='grc' dir='ltr'><strong>δ’,</strong></span> <span class='ocrx_word' id='word_1_372' title='bbox 2720 2301 2882 2372; x_wconf 85' lang='lat' dir='ltr'><strong>hujus</strong></span> <span class='ocrx_word' id='word_1_373' title='bbox 2909 2304 3080 2358; x_wconf 91' lang='lat' dir='ltr'><strong>nostri</strong></span> <span class='ocrx_word' id='word_1_374' title='bbox 3106 2303 3383 2357; x_wconf 84' lang='lat' dir='ltr'><strong>Adalberti</strong></span> <span class='ocrx_word' id='word_1_375' title='bbox 3416 2303 3568 2370; x_wconf 87' lang='lat'><strong>(286)</strong></span> <span class='ocrx_word' id='word_1_376' title='bbox 3595 2303 3738 2374; x_wconf 84' lang='lat' dir='ltr'><strong>geni-</strong></span> 
     </span>
    </p>
   </div>
   <div class='ocr_carea' id='block_1_54' title="bbox 2155 2389 3738 2464">
    <p class='ocr_par' dir='ltr' id='par_1_54' title="bbox 2155 2389 3738 2464">
     <span class='ocr_line' id='line_1_54' title="bbox 2155 2389 3738 2464; baseline 0.001 -18"><span class='ocrx_word' id='word_1_377' title='bbox 2155 2394 2259 2448; x_wconf 91' lang='lat' dir='ltr'><strong>tori</strong></span> <span class='ocrx_word' id='word_1_378' title='bbox 2291 2394 2361 2459; x_wconf 79' lang='grc'><strong>⁸³,</strong></span> <span class='ocrx_word' id='word_1_379' title='bbox 2411 2391 2693 2448; x_wconf 89' lang='lat' dir='ltr'><strong>Gisilberti</strong></span> <span class='ocrx_word' id='word_1_380' title='bbox 2745 2393 2974 2448; x_wconf 89' lang='lat' dir='ltr'><strong>ducatus</strong></span> <span class='ocrx_word' id='word_1_381' title='bbox 3023 2402 3270 2463; x_wconf 91' lang='lat' dir='ltr'><strong>tempore</strong></span> <span class='ocrx_word' id='word_1_382' title='bbox 3311 2395 3580 2448; x_wconf 85' lang='lat' dir='ltr'><strong>evenerit.</strong></span> <span class='ocrx_word' id='word_1_383' title='bbox 3627 2389 3738 2464; x_wconf 73' lang='lat' dir='ltr'><strong>Ipse</strong></span> 
     </span>
    </p>
   </div>
   <div class='ocr_carea' id='block_1_55' title="bbox 2153 2485 3738 2556">
    <p class='ocr_par' dir='ltr' id='par_1_55' title="bbox 2153 2485 3738 2556">
     <span class='ocr_line' id='line_1_55' title="bbox 2153 2485 3738 2556; baseline -0.003 -14"><span class='ocrx_word' id='word_1_384' title='bbox 2153 2487 2360 2542; x_wconf 90' lang='lat' dir='ltr'><strong>etenim</strong></span> <span class='ocrx_word' id='word_1_385' title='bbox 2391 2501 2522 2555; x_wconf 10' lang='lat' dir='ltr'><strong>cum,</strong></span> <span class='ocrx_word' id='word_1_386' title='bbox 2544 2487 2838 2542; x_wconf 84' lang='lat' dir='ltr'><strong>inhumane</strong></span> <span class='ocrx_word' id='word_1_387' title='bbox 2866 2501 3091 2556; x_wconf 88' lang='lat' dir='ltr'><strong>prorsus</strong></span> <span class='ocrx_word' id='word_1_388' title='bbox 3120 2485 3383 2539; x_wconf 77' lang='lat' dir='ltr'><strong>familiam</strong></span> <span class='ocrx_word' id='word_1_389' title='bbox 3415 2487 3596 2540; x_wconf 87' lang='lat' dir='ltr'><strong>sancti</strong></span> <span class='ocrx_word' id='word_1_390' title='bbox 3636 2495 3738 2538; x_wconf 74' lang='lat' dir='ltr'><strong>tra-</strong></span> 
     </span>
    </p>
   </div>
   <div class='ocr_carea' id='block_1_56' title="bbox 2167 2575 3738 2645">
    <p class='ocr_par' dir='ltr' id='par_1_56' title="bbox 2167 2575 3738 2645">
     <span class='ocr_line' id='line_1_56' title="bbox 2167 2575 3738 2645; baseline 0 -15"><span class='ocrx_word' id='word_1_391' title='bbox 2167 2583 2383 2640; x_wconf 91' lang='lat' dir='ltr'><strong>ctaret,</strong></span> <span class='ocrx_word' id='word_1_392' title='bbox 2423 2584 2480 2628; x_wconf 91' lang='lat' dir='ltr'><strong>et</strong></span> <span class='ocrx_word' id='word_1_393' title='bbox 2526 2590 2555 2628; x_wconf 93' lang='lat' dir='ltr'><strong>a</strong></span> <span class='ocrx_word' id='word_1_394' title='bbox 2602 2584 2778 2630; x_wconf 90' lang='lat' dir='ltr'><strong>matre</strong></span> <span class='ocrx_word' id='word_1_395' title='bbox 2817 2576 3035 2645; x_wconf 89' lang='lat' dir='ltr'><strong>juvenis</strong></span> <span class='ocrx_word' id='word_1_396' title='bbox 3079 2575 3330 2630; x_wconf 90' lang='lat' dir='ltr'><strong>ducis—</strong></span> <span class='ocrx_word' id='word_1_397' title='bbox 3359 2591 3484 2629; x_wconf 86' lang='lat' dir='ltr'><strong>nam</strong></span> <span class='ocrx_word' id='word_1_398' title='bbox 3515 2585 3673 2645; x_wconf 87' lang='lat' dir='ltr'><strong>pater</strong></span> <span class='ocrx_word' id='word_1_399' title='bbox 3693 2575 3738 2606; x_wconf 78' lang='lat'><strong>“</strong></span> 
     </span>
    </p>
   </div>
   <div class='ocr_carea' id='block_1_57' title="bbox 2145 2662 3733 2736">
    <p class='ocr_par' dir='ltr' id='par_1_57' title="bbox 2145 2662 3733 2736">
     <span class='ocr_line' id='line_1_57' title="bbox 2145 2662 3733 2736; baseline 0.001 -18"><span class='ocrx_word' id='word_1_400' title='bbox 2145 2662 2261 2732; x_wconf 88' lang='lat' dir='ltr'><strong>jam</strong></span> <span class='ocrx_word' id='word_1_401' title='bbox 2287 2665 2498 2720; x_wconf 89' lang='lat' dir='ltr'><strong>obierat</strong></span> <span class='ocrx_word' id='word_1_402' title='bbox 2521 2665 2670 2735; x_wconf 88' lang='lat'><strong>(287)</strong></span> <span class='ocrx_word' id='word_1_403' title='bbox 2693 2665 3002 2735; x_wconf 62' lang='lat' dir='ltr'><strong>_proinde</strong></span> <span class='ocrx_word' id='word_1_404' title='bbox 3035 2665 3229 2734; x_wconf 84' lang='lat' dir='ltr'><strong>saepius</strong></span> <span class='ocrx_word' id='word_1_405' title='bbox 3259 2666 3640 2736; x_wconf 85' lang='lat' dir='ltr'><strong>objurgaretur</strong></span> <span class='ocrx_word' id='word_1_406' title='bbox 3676 2662 3733 2726; x_wconf 83' lang='lat'><strong>&quot;,</strong></span> 
     </span>
    </p>
   </div>
   <div class='ocr_carea' id='block_1_58' title="bbox 2153 2754 3737 2826">
    <p class='ocr_par' dir='ltr' id='par_1_58' title="bbox 2153 2754 3737 2826">
     <span class='ocr_line' id='line_1_58' title="bbox 2153 2754 3737 2826; baseline -0.003 -15"><span class='ocrx_word' id='word_1_407' title='bbox 2153 2770 2255 2811; x_wconf 92' lang='lat' dir='ltr'><strong>nec</strong></span> <span class='ocrx_word' id='word_1_408' title='bbox 2286 2755 2484 2826; x_wconf 89' lang='lat' dir='ltr'><strong>corrigi</strong></span> <span class='ocrx_word' id='word_1_409' title='bbox 2532 2770 2562 2808; x_wconf 92' lang='lat' dir='ltr'><strong>a</strong></span> <span class='ocrx_word' id='word_1_410' title='bbox 2600 2755 2851 2823; x_wconf 89' lang='lat' dir='ltr'><strong>nequicia</strong></span> <span class='ocrx_word' id='word_1_411' title='bbox 2888 2754 3183 2822; x_wconf 89' lang='lat' dir='ltr'><strong>valuisset,</strong></span> <span class='ocrx_word' id='word_1_412' title='bbox 3220 2755 3461 2823; x_wconf 83' lang='lat' dir='ltr'><strong>quodam</strong></span> <span class='ocrx_word' id='word_1_413' title='bbox 3501 2763 3737 2822; x_wconf 87' lang='lat' dir='ltr'><strong>tempore</strong></span> 
     </span>
    </p>
   </div>
   <div class='ocr_carea' id='block_1_59' title="bbox 2153 2845 3734 2918">
    <p class='ocr_par' dir='ltr' id='par_1_59' title="bbox 2153 2845 3734 2918">
     <span class='ocr_line' id='line_1_59' title="bbox 2153 2845 3734 2918; baseline -0.001 -18"><span class='ocrx_word' id='word_1_414' title='bbox 2153 2847 2438 2918; x_wconf 82' lang='lat' dir='ltr'><strong>sexaginta</strong></span> <span class='ocrx_word' id='word_1_415' title='bbox 2483 2847 2588 2900; x_wconf 90' lang='lat' dir='ltr'><strong>viri</strong></span> <span class='ocrx_word' id='word_1_416' title='bbox 2633 2846 2698 2900; x_wconf 90' lang='lat' dir='ltr'><strong>de</strong></span> <span class='ocrx_word' id='word_1_417' title='bbox 2728 2845 2854 2899; x_wconf 86' lang='lat' dir='ltr'><strong>villa</strong></span> <span class='ocrx_word' id='word_1_418' title='bbox 2884 2845 3145 2900; x_wconf 80' lang='lat' dir='ltr'><strong>Ramicbe</strong></span> <span class='ocrx_word' id='word_1_419' title='bbox 3187 2845 3234 2877; x_wconf 82' lang='grc'><strong>⁸⁸</strong></span> <span class='ocrx_word' id='word_1_420' title='bbox 3275 2845 3426 2915; x_wconf 77' lang='lat'><strong>(288)</strong></span> <span class='ocrx_word' id='word_1_421' title='bbox 3455 2875 3528 2884; x_wconf 91' lang='lat'><strong>-—</strong></span> <span class='ocrx_word' id='word_1_422' title='bbox 3554 2846 3668 2899; x_wconf 72' lang='lat' dir='ltr'><strong>hzec</strong></span> <span class='ocrx_word' id='word_1_423' title='bbox 3694 2846 3734 2877; x_wconf 80' lang='lat'><strong>&quot;</strong></span> 
     </span>
    </p>
   </div>
   <div class='ocr_carea' id='block_1_60' title="bbox 2155 2936 3738 3006">
    <p class='ocr_par' dir='ltr' id='par_1_60' title="bbox 2155 2936 3738 3006">
     <span class='ocr_line' id='line_1_60' title="bbox 2155 2936 3738 3006; baseline -0.003 -14"><span class='ocrx_word' id='word_1_424' title='bbox 2155 2938 2298 2993; x_wconf 90' lang='lat' dir='ltr'><strong>enim</strong></span> <span class='ocrx_word' id='word_1_425' title='bbox 2334 2936 2658 2991; x_wconf 83' lang='lat' dir='ltr'><strong>beneﬁcium</strong></span> <span class='ocrx_word' id='word_1_426' title='bbox 2689 2936 2806 3005; x_wconf 91' lang='lat' dir='ltr'><strong>ejus</strong></span> <span class='ocrx_word' id='word_1_427' title='bbox 2829 2944 2950 2990; x_wconf 90' lang='lat' dir='ltr'><strong>erat</strong></span> <span class='ocrx_word' id='word_1_428' title='bbox 2975 2966 3043 2976; x_wconf 89' lang='lat'><strong>—</strong></span> <span class='ocrx_word' id='word_1_429' title='bbox 3067 2944 3356 3006; x_wconf 87' lang='lat' dir='ltr'><strong>surgentes</strong></span> <span class='ocrx_word' id='word_1_430' title='bbox 3375 2976 3389 3000; x_wconf 92' lang='lat'><strong>,</strong></span> <span class='ocrx_word' id='word_1_431' title='bbox 3419 2951 3616 2990; x_wconf 90' lang='lat' dir='ltr'><strong>omnes</strong></span> <span class='ocrx_word' id='word_1_432' title='bbox 3639 2937 3738 2990; x_wconf 83' lang='lat' dir='ltr'><strong>huc</strong></span> 
     </span>
    </p>
   </div>
   <div class='ocr_carea' id='block_1_61' title="bbox 2153 3023 3738 3099">
    <p class='ocr_par' dir='ltr' id='par_1_61' title="bbox 2153 3023 3738 3099">
     <span class='ocr_line' id='line_1_61' title="bbox 2153 3023 3738 3099; baseline -0.004 -16"><span class='ocrx_word' id='word_1_433' title='bbox 2153 3029 2365 3099; x_wconf 88' lang='lat' dir='ltr'><strong>pariter</strong></span> <span class='ocrx_word' id='word_1_434' title='bbox 2392 3035 2695 3092; x_wconf 88' lang='lat' dir='ltr'><strong>venerunt;</strong></span> <span class='ocrx_word' id='word_1_435' title='bbox 2728 3026 3047 3094; x_wconf 86' lang='lat' dir='ltr'><strong>cunctisque</strong></span> <span class='ocrx_word' id='word_1_436' title='bbox 3075 3040 3176 3094; x_wconf 89' lang='lat' dir='ltr'><strong>pro</strong></span> <span class='ocrx_word' id='word_1_437' title='bbox 3204 3023 3414 3079; x_wconf 83' lang='lat' dir='ltr'><strong>foribus</strong></span> <span class='ocrx_word' id='word_1_438' title='bbox 3442 3032 3560 3079; x_wconf 85' lang='lat' dir='ltr'><strong>tota</strong></span> <span class='ocrx_word' id='word_1_439' title='bbox 3588 3033 3738 3078; x_wconf 86' lang='lat' dir='ltr'><strong>nocte</strong></span> 
     </span>
    </p>
   </div>
   <div class='ocr_carea' id='block_1_62' title="bbox 2156 3115 3741 3186">
    <p class='ocr_par' dir='ltr' id='par_1_62' title="bbox 2156 3115 3741 3186">
     <span class='ocr_line' id='line_1_62' title="bbox 2156 3115 3741 3186; baseline -0.004 -9"><span class='ocrx_word' id='word_1_440' title='bbox 2156 3122 2554 3177; x_wconf 76' lang='lat' dir='ltr'><strong>excubantibus</strong></span> <span class='ocrx_word' id='word_1_441' title='bbox 2575 3159 2589 3185; x_wconf 96' lang='lat'><strong>,</strong></span> <span class='ocrx_word' id='word_1_442' title='bbox 2619 3119 2839 3174; x_wconf 88' lang='lat' dir='ltr'><strong>licentia</strong></span> <span class='ocrx_word' id='word_1_443' title='bbox 2872 3133 2902 3172; x_wconf 91' lang='lat' dir='ltr'><strong>a</strong></span> <span class='ocrx_word' id='word_1_444' title='bbox 2931 3118 3152 3172; x_wconf 90' lang='lat' dir='ltr'><strong>custode</strong></span> <span class='ocrx_word' id='word_1_445' title='bbox 3184 3117 3512 3186; x_wconf 87' lang='lat' dir='ltr'><strong>impetrata,</strong></span> <span class='ocrx_word' id='word_1_446' title='bbox 3545 3115 3741 3170; x_wconf 85' lang='lat' dir='ltr'><strong>duode-</strong></span> 
     </span>
    </p>
   </div>
   <div class='ocr_carea' id='block_1_63' title="bbox 470 3185 3742 3276">
    <p class='ocr_par' dir='ltr' id='par_1_63' title="bbox 470 3185 3742 3276">
     <span class='ocr_line' id='line_1_63' title="bbox 470 3185 3742 3276; baseline 0.001 -20"><span class='ocrx_word' id='word_1_447' title='bbox 470 3203 626 3260; x_wconf 90' lang='lat' dir='ltr'><strong>nibus</strong></span> <span class='ocrx_word' id='word_1_448' title='bbox 657 3204 744 3260; x_wconf 86' lang='lat' dir='ltr'><strong>bis</strong></span> <span class='ocrx_word' id='word_1_449' title='bbox 773 3205 933 3261; x_wconf 89' lang='lat' dir='ltr'><strong>terris</strong></span> <span class='ocrx_word' id='word_1_450' title='bbox 963 3206 1123 3262; x_wconf 92' lang='lat' dir='ltr'><strong>alicui</strong></span> <span class='ocrx_word' id='word_1_451' title='bbox 1152 3222 1569 3275; x_wconf 88' lang='lat' dir='ltr'><strong>concessurum,</strong></span> <span class='ocrx_word' id='word_1_452' title='bbox 1600 3209 1676 3264; x_wconf 93' lang='lat' dir='ltr'><strong>illi</strong></span> <span class='ocrx_word' id='word_1_453' title='bbox 1705 3211 1772 3264; x_wconf 87' lang='lat' dir='ltr'><strong>ad</strong></span> <span class='ocrx_word' id='word_1_454' title='bbox 1820 3226 2051 3267; x_wconf 89' lang='lat' dir='ltr'><strong>consue-</strong></span> <span class='ocrx_word' id='word_1_455' title='bbox 2079 3185 2126 3251; x_wconf 67' lang='grc' dir='ltr'>ο</span> <span class='ocrx_word' id='word_1_456' title='bbox 2157 3214 2263 3268; x_wconf 89' lang='lat' dir='ltr'><strong>cim</strong></span> <span class='ocrx_word' id='word_1_457' title='bbox 2295 3221 2501 3267; x_wconf 90' lang='lat' dir='ltr'><strong>tantum</strong></span> <span class='ocrx_word' id='word_1_458' title='bbox 2533 3209 2672 3264; x_wconf 83' lang='lat' dir='ltr'><strong>infra</strong></span> <span class='ocrx_word' id='word_1_459' title='bbox 2705 3209 2993 3264; x_wconf 89' lang='lat' dir='ltr'><strong>ecclesiam</strong></span> <span class='ocrx_word' id='word_1_460' title='bbox 3038 3208 3234 3262; x_wconf 84' lang='lat' dir='ltr'><strong>missos</strong></span> <span class='ocrx_word' id='word_1_461' title='bbox 3272 3222 3373 3276; x_wconf 90' lang='lat' dir='ltr'><strong>per</strong></span> <span class='ocrx_word' id='word_1_462' title='bbox 3414 3207 3519 3260; x_wconf 84' lang='lat' dir='ltr'><strong>tria</strong></span> <span class='ocrx_word' id='word_1_463' title='bbox 3567 3207 3742 3275; x_wconf 87' lang='lat' dir='ltr'><strong>dispo-</strong></span> 
     </span>
    </p>
   </div>
   <div class='ocr_carea' id='block_1_64' title="bbox 475 3299 2050 3372">
    <p class='ocr_par' dir='ltr' id='par_1_64' title="bbox 475 3299 2050 3372">
     <span class='ocr_line' id='line_1_64' title="bbox 475 3299 2050 3372; baseline 0.005 -22"><span class='ocrx_word' id='word_1_464' title='bbox 475 3305 588 3350; x_wconf 90' lang='lat' dir='ltr'><strong>tum</strong></span> <span class='ocrx_word' id='word_1_465' title='bbox 636 3305 929 3352; x_wconf 88' lang='lat' dir='ltr'><strong>recurrunt</strong></span> <span class='ocrx_word' id='word_1_466' title='bbox 973 3299 1324 3368; x_wconf 70' lang='lat' dir='ltr'><strong>praesidium,</strong></span> <span class='ocrx_word' id='word_1_467' title='bbox 1357 3301 1409 3356; x_wconf 91' lang='lat' dir='ltr'><strong>in</strong></span> <span class='ocrx_word' id='word_1_468' title='bbox 1455 3301 1571 3372; x_wconf 93' lang='lat' dir='ltr'><strong>ipso</strong></span> <span class='ocrx_word' id='word_1_469' title='bbox 1602 3301 1855 3357; x_wconf 89' lang='lat' dir='ltr'><strong>videlicet</strong></span> <span class='ocrx_word' id='word_1_470' title='bbox 1901 3302 2050 3371; x_wconf 91' lang='lat' dir='ltr'><strong>loco,</strong></span> 
     </span>
    </p>
   </div>
   <div class='ocr_carea' id='block_1_65' title="bbox 469 3391 2052 3464">
    <p class='ocr_par' dir='ltr' id='par_1_65' title="bbox 469 3391 2052 3464">
     <span class='ocr_line' id='line_1_65' title="bbox 469 3391 2052 3464; baseline 0.004 -22"><span class='ocrx_word' id='word_1_471' title='bbox 469 3404 578 3458; x_wconf 90' lang='lat' dir='ltr'><strong>quo</strong></span> <span class='ocrx_word' id='word_1_472' title='bbox 610 3399 887 3445; x_wconf 88' lang='lat' dir='ltr'><strong>aratorum</strong></span> <span class='ocrx_word' id='word_1_473' title='bbox 919 3391 1340 3462; x_wconf 91' lang='lat' dir='ltr'><strong>multitudojam</strong></span> <span class='ocrx_word' id='word_1_474' title='bbox 1389 3401 1516 3448; x_wconf 92' lang='lat' dir='ltr'><strong>tunc</strong></span> <span class='ocrx_word' id='word_1_475' title='bbox 1561 3393 1630 3447; x_wconf 90' lang='lat' dir='ltr'><strong>ad</strong></span> <span class='ocrx_word' id='word_1_476' title='bbox 1676 3394 2052 3464; x_wconf 71' lang='lat' dir='ltr'><strong>prandendum</strong></span> 
     </span>
    </p>
   </div>
   <div class='ocr_carea' id='block_1_66' title="bbox 471 3480 2050 3552">
    <p class='ocr_par' dir='ltr' id='par_1_66' title="bbox 471 3480 2050 3552">
     <span class='ocr_line' id='line_1_66' title="bbox 471 3480 2050 3552; baseline 0.003 -18"><span class='ocrx_word' id='word_1_477' title='bbox 471 3480 833 3535; x_wconf 86' lang='lat' dir='ltr'><strong>consederant</strong></span> <span class='ocrx_word' id='word_1_478' title='bbox 858 3483 928 3547; x_wconf 70' lang='grc'><strong>⁷⁵,</strong></span> <span class='ocrx_word' id='word_1_479' title='bbox 959 3481 1054 3536; x_wconf 92' lang='lat' dir='ltr'><strong>Dei</strong></span> <span class='ocrx_word' id='word_1_480' title='bbox 1087 3483 1370 3552; x_wconf 89' lang='lat' dir='ltr'><strong>sanctique</strong></span> <span class='ocrx_word' id='word_1_481' title='bbox 1398 3482 1674 3537; x_wconf 87' lang='lat' dir='ltr'><strong>Maximini</strong></span> <span class='ocrx_word' id='word_1_482' title='bbox 1719 3484 2050 3551; x_wconf 65' lang='lat' dir='ltr'><strong>subsidum,</strong></span> 
     </span>
    </p>
   </div>
   <div class='ocr_carea' id='block_1_67' title="bbox 469 3570 2053 3645">
    <p class='ocr_par' dir='ltr' id='par_1_67' title="bbox 469 3570 2053 3645">
     <span class='ocr_line' id='line_1_67' title="bbox 469 3570 2053 3645; baseline 0.006 -23"><span class='ocrx_word' id='word_1_483' title='bbox 469 3584 590 3623; x_wconf 87' lang='lat' dir='ltr'><strong>cum</strong></span> <span class='ocrx_word' id='word_1_484' title='bbox 621 3570 895 3624; x_wconf 89' lang='lat' dir='ltr'><strong>neminem</strong></span> <span class='ocrx_word' id='word_1_485' title='bbox 926 3571 1194 3627; x_wconf 89' lang='lat' dir='ltr'><strong>haberent</strong></span> <span class='ocrx_word' id='word_1_486' title='bbox 1225 3574 1318 3642; x_wconf 92' lang='lat' dir='ltr'><strong>qui</strong></span> <span class='ocrx_word' id='word_1_487' title='bbox 1343 3573 1391 3604; x_wconf 88' lang='lat'>&quot;</span> <span class='ocrx_word' id='word_1_488' title='bbox 1419 3573 1497 3629; x_wconf 91' lang='lat' dir='ltr'><strong>eis</strong></span> <span class='ocrx_word' id='word_1_489' title='bbox 1530 3574 1752 3629; x_wconf 89' lang='lat' dir='ltr'><strong>tuicioni</strong></span> <span class='ocrx_word' id='word_1_490' title='bbox 1779 3589 1900 3630; x_wconf 86' lang='lat' dir='ltr'><strong>esse</strong></span> <span class='ocrx_word' id='word_1_491' title='bbox 1928 3590 2053 3645; x_wconf 85' lang='lat' dir='ltr'><strong>pos-</strong></span> 
     </span>
    </p>
   </div>
   <div class='ocr_carea' id='block_1_68' title="bbox 468 3663 2052 3737">
    <p class='ocr_par' dir='ltr' id='par_1_68' title="bbox 468 3663 2052 3737">
     <span class='ocr_line' id='line_1_68' title="bbox 468 3663 2052 3737; baseline 0.005 -21"><span class='ocrx_word' id='word_1_492' title='bbox 468 3671 553 3717; x_wconf 87' lang='lat' dir='ltr'><strong>set</strong></span> <span class='ocrx_word' id='word_1_493' title='bbox 593 3663 666 3728; x_wconf 83' lang='lat'><strong>&quot;,</strong></span> <span class='ocrx_word' id='word_1_494' title='bbox 710 3679 834 3718; x_wconf 92' lang='lat' dir='ltr'><strong>cum</strong></span> <span class='ocrx_word' id='word_1_495' title='bbox 886 3665 1100 3736; x_wconf 86' lang='lat' dir='ltr'><strong>magnis</strong></span> <span class='ocrx_word' id='word_1_496' title='bbox 1143 3665 1356 3722; x_wconf 83' lang='lat' dir='ltr'><strong>ﬂetibus</strong></span> <span class='ocrx_word' id='word_1_497' title='bbox 1405 3675 1459 3722; x_wconf 90' lang='lat' dir='ltr'><strong>et</strong></span> <span class='ocrx_word' id='word_1_498' title='bbox 1505 3667 1887 3737; x_wconf 88' lang='lat' dir='ltr'><strong>ejulationibus</strong></span> <span class='ocrx_word' id='word_1_499' title='bbox 1938 3669 2052 3724; x_wconf 86' lang='lat' dir='ltr'><strong>solo</strong></span> 
     </span>
    </p>
   </div>
   <div class='ocr_carea' id='block_1_69' title="bbox 470 3755 2052 3824">
    <p class='ocr_par' dir='ltr' id='par_1_69' title="bbox 470 3755 2052 3824">
     <span class='ocr_line' id='line_1_69' title="bbox 470 3755 2052 3824; baseline 0.003 -15"><span class='ocrx_word' id='word_1_500' title='bbox 470 3755 627 3810; x_wconf 88' lang='lat' dir='ltr'><strong>strati</strong></span> <span class='ocrx_word' id='word_1_501' title='bbox 660 3764 967 3824; x_wconf 89' lang='lat' dir='ltr'><strong>precantes.</strong></span> <span class='ocrx_word' id='word_1_502' title='bbox 1000 3755 1133 3810; x_wconf 84' lang='lat' dir='ltr'><strong>Mira</strong></span> <span class='ocrx_word' id='word_1_503' title='bbox 1178 3757 1427 3812; x_wconf 90' lang='lat' dir='ltr'><strong>dicturus</strong></span> <span class='ocrx_word' id='word_1_504' title='bbox 1472 3773 1629 3824; x_wconf 89' lang='lat' dir='ltr'><strong>sum;</strong></span> <span class='ocrx_word' id='word_1_505' title='bbox 1680 3768 1739 3812; x_wconf 92' lang='lat' dir='ltr'><strong>ut</strong></span> <span class='ocrx_word' id='word_1_506' title='bbox 1782 3758 2052 3814; x_wconf 82' lang='lat' dir='ltr'><strong>allirmant</strong></span> 
     </span>
    </p>
   </div>
   <div class='ocr_carea' id='block_1_70' title="bbox 470 3846 2056 3919">
    <p class='ocr_par' dir='ltr' id='par_1_70' title="bbox 470 3846 2056 3919">
     <span class='ocr_line' id='line_1_70' title="bbox 470 3846 2056 3919; baseline 0.003 -20"><span class='ocrx_word' id='word_1_507' title='bbox 470 3847 562 3916; x_wconf 92' lang='lat' dir='ltr'><strong>qui</strong></span> <span class='ocrx_word' id='word_1_508' title='bbox 589 3846 874 3913; x_wconf 87' lang='lat' dir='ltr'><strong>viderunt,</strong></span> <span class='ocrx_word' id='word_1_509' title='bbox 909 3847 962 3900; x_wconf 94' lang='lat' dir='ltr'><strong>in</strong></span> <span class='ocrx_word' id='word_1_510' title='bbox 993 3847 1138 3900; x_wconf 88' lang='lat' dir='ltr'><strong>nulla</strong></span> <span class='ocrx_word' id='word_1_511' title='bbox 1173 3847 1286 3903; x_wconf 74' lang='lat' dir='ltr'><strong>caeli</strong></span> <span class='ocrx_word' id='word_1_512' title='bbox 1331 3857 1485 3919; x_wconf 88' lang='lat' dir='ltr'><strong>parte</strong></span> <span class='ocrx_word' id='word_1_513' title='bbox 1529 3863 1596 3904; x_wconf 92' lang='lat' dir='ltr'><strong>ne</strong></span> <span class='ocrx_word' id='word_1_514' title='bbox 1624 3849 1845 3918; x_wconf 89' lang='lat' dir='ltr'><strong>quidem</strong></span> <span class='ocrx_word' id='word_1_515' title='bbox 1874 3851 1917 3882; x_wconf 85' lang='lat'>&quot;</span> <span class='ocrx_word' id='word_1_516' title='bbox 1951 3851 2056 3904; x_wconf 89' lang='lat' dir='ltr'><strong>mi-</strong></span> 
     </span>
    </p>
   </div>
   <div class='ocr_carea' id='block_1_71' title="bbox 2159 3294 3742 3365">
    <p class='ocr_par' dir='ltr' id='par_1_71' title="bbox 2159 3294 3742 3365">
     <span class='ocr_line' id='line_1_71' title="bbox 2159 3294 3742 3365; baseline -0.006 -8"><span class='ocrx_word' id='word_1_517' title='bbox 2159 3311 2296 3358; x_wconf 90' lang='lat' dir='ltr'><strong>nunt</strong></span> <span class='ocrx_word' id='word_1_518' title='bbox 2323 3300 2535 3362; x_wconf 89' lang='lat' dir='ltr'><strong>altaria,</strong></span> <span class='ocrx_word' id='word_1_519' title='bbox 2563 3307 2673 3353; x_wconf 92' lang='lat' dir='ltr'><strong>tota</strong></span> <span class='ocrx_word' id='word_1_520' title='bbox 2699 3305 2858 3352; x_wconf 86' lang='lat' dir='ltr'><strong>nocte</strong></span> <span class='ocrx_word' id='word_1_521' title='bbox 2883 3294 3140 3365; x_wconf 75' lang='lat' dir='ltr'><strong>suﬂ‘ragia</strong></span> <span class='ocrx_word' id='word_1_522' title='bbox 3167 3294 3445 3349; x_wconf 79' lang='lat' dir='ltr'><strong>Maximini</strong></span> <span class='ocrx_word' id='word_1_523' title='bbox 3473 3294 3742 3349; x_wconf 73' lang='lat' dir='ltr'><strong>indefessa</strong></span> 
     </span>
    </p>
   </div>
   <div class='ocr_carea' id='block_1_72' title="bbox 2156 3385 3741 3465">
    <p class='ocr_par' dir='ltr' id='par_1_72' title="bbox 2156 3385 3741 3465">
     <span class='ocr_line' id='line_1_72' title="bbox 2156 3385 3741 3465; baseline -0.007 -16"><span class='ocrx_word' id='word_1_524' title='bbox 2156 3408 2319 3465; x_wconf 87' lang='lat' dir='ltr'><strong>prece</strong></span> <span class='ocrx_word' id='word_1_525' title='bbox 2362 3391 2702 3462; x_wconf 60' lang='lat' dir='ltr'><strong>quaesituros.</strong></span> <span class='ocrx_word' id='word_1_526' title='bbox 2753 3387 2864 3444; x_wconf 86' lang='lat' dir='ltr'><strong>Nec</strong></span> <span class='ocrx_word' id='word_1_527' title='bbox 2912 3403 3035 3458; x_wconf 88' lang='lat' dir='ltr'><strong>spes</strong></span> <span class='ocrx_word' id='word_1_528' title='bbox 3091 3386 3158 3441; x_wconf 82' lang='lat' dir='ltr'><strong>de</strong></span> <span class='ocrx_word' id='word_1_529' title='bbox 3213 3385 3494 3440; x_wconf 81' lang='lat' dir='ltr'><strong>Maximini</strong></span> <span class='ocrx_word' id='word_1_530' title='bbox 3537 3385 3741 3455; x_wconf 85' lang='lat' dir='ltr'><strong>pietate</strong></span> 
     </span>
    </p>
   </div>
   <div class='ocr_carea' id='block_1_73' title="bbox 2156 3476 3732 3558">
    <p class='ocr_par' dir='ltr' id='par_1_73' title="bbox 2156 3476 3732 3558">
     <span class='ocr_line' id='line_1_73' title="bbox 2156 3476 3732 3558; baseline -0.008 -17"><span class='ocrx_word' id='word_1_531' title='bbox 2156 3491 2484 3558; x_wconf 76' lang='lat' dir='ltr'><strong>praesumpta</strong></span> <span class='ocrx_word' id='word_1_532' title='bbox 2551 3489 2736 3536; x_wconf 91' lang='lat' dir='ltr'><strong>votum</strong></span> <span class='ocrx_word' id='word_1_533' title='bbox 2791 3479 3090 3550; x_wconf 87' lang='lat' dir='ltr'><strong>supplicum</strong></span> <span class='ocrx_word' id='word_1_534' title='bbox 3143 3478 3474 3532; x_wconf 87' lang='lat' dir='ltr'><strong>miserorum</strong></span> <span class='ocrx_word' id='word_1_535' title='bbox 3525 3476 3732 3530; x_wconf 72' lang='lat' dir='ltr'><strong>fefellit.</strong></span> 
     </span>
    </p>
   </div>
   <div class='ocr_carea' id='block_1_74' title="bbox 2160 3567 3736 3645">
    <p class='ocr_par' dir='ltr' id='par_1_74' title="bbox 2160 3567 3736 3645">
     <span class='ocr_line' id='line_1_74' title="bbox 2160 3567 3736 3645; baseline -0.008 -13"><span class='ocrx_word' id='word_1_536' title='bbox 2160 3578 2316 3633; x_wconf 89' lang='lat' dir='ltr'><strong>Mane</strong></span> <span class='ocrx_word' id='word_1_537' title='bbox 2361 3575 2627 3645; x_wconf 88' lang='lat' dir='ltr'><strong>siquidem</strong></span> <span class='ocrx_word' id='word_1_538' title='bbox 2654 3574 2703 3611; x_wconf 75' lang='grc'><strong><em>⁸⁸</em></strong></span> <span class='ocrx_word' id='word_1_539' title='bbox 2729 3571 2947 3626; x_wconf 90' lang='lat' dir='ltr'><strong>domina</strong></span> <span class='ocrx_word' id='word_1_540' title='bbox 2994 3569 3083 3624; x_wconf 85' lang='lat' dir='ltr'><strong>illa</strong></span> <span class='ocrx_word' id='word_1_541' title='bbox 3108 3599 3178 3609; x_wconf 92' lang='lat'><strong><em>—</em></strong></span> <span class='ocrx_word' id='word_1_542' title='bbox 3206 3569 3296 3623; x_wconf 88' lang='lat' dir='ltr'><strong>hic</strong></span> <span class='ocrx_word' id='word_1_543' title='bbox 3337 3567 3386 3600; x_wconf 80' lang='lat'>&quot;</span> <span class='ocrx_word' id='word_1_544' title='bbox 3423 3567 3575 3622; x_wconf 88' lang='lat' dir='ltr'><strong>enim</strong></span> <span class='ocrx_word' id='word_1_545' title='bbox 3621 3577 3736 3620; x_wconf 82' lang='lat' dir='ltr'><strong>tunc</strong></span> 
     </span>
    </p>
   </div>
   <div class='ocr_carea' id='block_1_75' title="bbox 2160 3656 3736 3725">
    <p class='ocr_par' dir='ltr' id='par_1_75' title="bbox 2160 3656 3736 3725">
     <span class='ocr_line' id='line_1_75' title="bbox 2160 3656 3736 3725; baseline -0.011 0"><span class='ocrx_word' id='word_1_546' title='bbox 2160 3669 2476 3725; x_wconf 88' lang='lat' dir='ltr'><strong>morabatur</strong></span> <span class='ocrx_word' id='word_1_547' title='bbox 2502 3696 2570 3706; x_wconf 90' lang='lat'><strong>—</strong></span> <span class='ocrx_word' id='word_1_548' title='bbox 2598 3678 2718 3718; x_wconf 89' lang='lat' dir='ltr'><strong>cum</strong></span> <span class='ocrx_word' id='word_1_549' title='bbox 2749 3663 2814 3716; x_wconf 92' lang='lat' dir='ltr'><strong>ad</strong></span> <span class='ocrx_word' id='word_1_550' title='bbox 2845 3662 3065 3715; x_wconf 90' lang='lat' dir='ltr'><strong>missam</strong></span> <span class='ocrx_word' id='word_1_551' title='bbox 3111 3657 3410 3713; x_wconf 69' lang='lat' dir='ltr'><strong>Adalberto</strong></span> <span class='ocrx_word' id='word_1_552' title='bbox 3459 3656 3736 3724; x_wconf 83' lang='lat' dir='ltr'><strong>multisque</strong></span> 
     </span>
    </p>
   </div>
   <div class='ocr_carea' id='block_1_76' title="bbox 2161 3745 3737 3820">
    <p class='ocr_par' dir='ltr' id='par_1_76' title="bbox 2161 3745 3737 3820">
     <span class='ocr_line' id='line_1_76' title="bbox 2161 3745 3737 3820; baseline -0.01 -7"><span class='ocrx_word' id='word_1_553' title='bbox 2161 3759 2283 3814; x_wconf 89' lang='lat' dir='ltr'><strong>aliis</strong></span> <span class='ocrx_word' id='word_1_554' title='bbox 2328 3755 2648 3813; x_wconf 87' lang='lat' dir='ltr'><strong>satellitibus</strong></span> <span class='ocrx_word' id='word_1_555' title='bbox 2691 3752 2983 3816; x_wconf 89' lang='lat' dir='ltr'><strong>comitata,</strong></span> <span class='ocrx_word' id='word_1_556' title='bbox 3033 3749 3393 3820; x_wconf 85' lang='lat' dir='ltr'><strong>procederet,</strong></span> <span class='ocrx_word' id='word_1_557' title='bbox 3438 3762 3631 3802; x_wconf 88' lang='lat' dir='ltr'><strong>omnes</strong></span> <span class='ocrx_word' id='word_1_558' title='bbox 3671 3745 3737 3799; x_wconf 89' lang='lat' dir='ltr'><strong>illi</strong></span> 
     </span>
    </p>
   </div>
   <div class='ocr_carea' id='block_1_77' title="bbox 2163 3838 3734 3911">
    <p class='ocr_par' dir='ltr' id='par_1_77' title="bbox 2163 3838 3734 3911">
     <span class='ocr_line' id='line_1_77' title="bbox 2163 3838 3734 3911; baseline -0.01 -9"><span class='ocrx_word' id='word_1_559' title='bbox 2163 3849 2264 3903; x_wconf 91' lang='lat' dir='ltr'><strong>viri</strong></span> <span class='ocrx_word' id='word_1_560' title='bbox 2304 3848 2358 3902; x_wconf 88' lang='lat' dir='ltr'><strong>in</strong></span> <span class='ocrx_word' id='word_1_561' title='bbox 2399 3843 2629 3901; x_wconf 88' lang='lat' dir='ltr'><strong>ecclesia</strong></span> <span class='ocrx_word' id='word_1_562' title='bbox 2681 3843 2799 3910; x_wconf 90' lang='lat' dir='ltr'><strong>ejus</strong></span> <span class='ocrx_word' id='word_1_563' title='bbox 2841 3841 3218 3911; x_wconf 55' lang='lat' dir='ltr'><strong>praestolantes</strong></span> <span class='ocrx_word' id='word_1_564' title='bbox 3245 3838 3581 3903; x_wconf 81' lang='lat' dir='ltr'><strong>adventum,</strong></span> <span class='ocrx_word' id='word_1_565' title='bbox 3624 3850 3734 3891; x_wconf 77' lang='lat' dir='ltr'><strong>mox</strong></span> 
     </span>
    </p>
   </div>
   <div class='ocr_carea' id='block_1_78' title="bbox 1860 3981 2538 4042">
    <p class='ocr_par' dir='ltr' id='par_1_78' title="bbox 1860 3981 2538 4042">
     <span class='ocr_line' id='line_1_78' title="bbox 1860 3981 2538 4042; baseline -0.007 -3"><span class='ocrx_word' id='word_1_566' title='bbox 1860 3984 2094 4042; x_wconf 58' lang='lat' dir='ltr'><strong>VARUS</strong></span> <span class='ocrx_word' id='word_1_567' title='bbox 2135 3981 2538 4042; x_wconf 85' lang='lat' dir='ltr'><strong>LECTlONES.</strong></span> 
     </span>
    </p>
   </div>
   <div class='ocr_carea' id='block_1_79' title="bbox 539 4096 1908 4168">
    <p class='ocr_par' dir='ltr' id='par_1_79' title="bbox 539 4096 1908 4168">
     <span class='ocr_line' id='line_1_79' title="bbox 539 4096 1908 4168; baseline -0.002 -17"><span class='ocrx_word' id='word_1_568' title='bbox 539 4101 583 4133; x_wconf 80' lang='lat'><strong>“</strong></span> <span class='ocrx_word' id='word_1_569' title='bbox 612 4099 860 4168; x_wconf 87' lang='lat' dir='ltr'><strong>synaxim</strong></span> <span class='ocrx_word' id='word_1_570' title='bbox 894 4099 946 4152; x_wconf 97' lang='grc'><strong>1.</strong></span> <span class='ocrx_word' id='word_1_571' title='bbox 1020 4099 1068 4129; x_wconf 72' lang='grc' dir='ltr'><strong>τ’</strong></span> <span class='ocrx_word' id='word_1_572' title='bbox 1097 4099 1302 4168; x_wconf 87' lang='lat' dir='ltr'><strong>elogias</strong></span> <span class='ocrx_word' id='word_1_573' title='bbox 1333 4096 1384 4150; x_wconf 91' lang='grc'><strong>1.</strong></span> <span class='ocrx_word' id='word_1_574' title='bbox 1406 4096 1501 4168; x_wconf 84' lang='lat'>__&#39;“</span> <span class='ocrx_word' id='word_1_575' title='bbox 1537 4103 1825 4168; x_wconf 79' lang='lat' dir='ltr'><strong>tyrannum</strong></span> <span class='ocrx_word' id='word_1_576' title='bbox 1857 4097 1908 4149; x_wconf 91' lang='grc'><strong>1.</strong></span> 
     </span>
    </p>
   </div>
   <div class='ocr_carea' id='block_1_80' title="bbox 1983 4093 2431 4150">
    <p class='ocr_par' dir='ltr' id='par_1_80' title="bbox 1983 4093 2431 4150">
     <span class='ocr_line' id='line_1_80' title="bbox 1983 4093 2431 4150; baseline -0.011 0"><span class='ocrx_word' id='word_1_577' title='bbox 1983 4097 2029 4126; x_wconf 70' lang='grc' dir='ltr'><strong>’τ’</strong></span> <span class='ocrx_word' id='word_1_578' title='bbox 2059 4093 2348 4150; x_wconf 87' lang='lat' dir='ltr'><strong>enarrabili</strong></span> <span class='ocrx_word' id='word_1_579' title='bbox 2381 4094 2431 4147; x_wconf 90' lang='grc'><strong>1.</strong></span> 
     </span>
    </p>
   </div>
   <div class='ocr_carea' id='block_1_81' title="bbox 2507 4081 3733 4152">
    <p class='ocr_par' dir='ltr' id='par_1_81' title="bbox 2507 4081 3733 4152">
     <span class='ocr_line' id='line_1_81' title="bbox 2507 4081 3733 4152; baseline -0.007 -10"><span class='ocrx_word' id='word_1_580' title='bbox 2507 4090 2553 4122; x_wconf 76' lang='grc'><strong>⁷³</strong></span> <span class='ocrx_word' id='word_1_581' title='bbox 2579 4089 2635 4150; x_wconf 91' lang='lat'><strong>2,</strong></span> <span class='ocrx_word' id='word_1_582' title='bbox 2661 4087 2716 4148; x_wconf 80' lang='lat'><strong>&#39;5,</strong></span> <span class='ocrx_word' id='word_1_583' title='bbox 2748 4087 2874 4140; x_wconf 85' lang='lat' dir='ltr'><strong>add.</strong></span> <span class='ocrx_word' id='word_1_584' title='bbox 2908 4085 3120 4139; x_wconf 78' lang='lat' dir='ltr'><strong>rubrum</strong></span> <span class='ocrx_word' id='word_1_585' title='bbox 3151 4099 3169 4136; x_wconf 91' lang='lat'><strong><em>:</em></strong></span> <span class='ocrx_word' id='word_1_586' title='bbox 3199 4081 3508 4152; x_wconf 88' lang='lat' dir='ltr'><strong>Opulenlus</strong></span> <span class='ocrx_word' id='word_1_587' title='bbox 3535 4083 3733 4150; x_wconf 80' lang='lat' dir='ltr'><strong>quidam</strong></span> 
     </span>
    </p>
   </div>
   <div class='ocr_carea' id='block_1_82' title="bbox 473 4151 3731 4237">
    <p class='ocr_par' dir='ltr' id='par_1_82' title="bbox 473 4151 3731 4237">
     <span class='ocr_line' id='line_1_82' title="bbox 473 4151 3731 4237; baseline -0.006 -14"><span class='ocrx_word' id='word_1_588' title='bbox 473 4151 945 4224; x_wconf 15' lang='lat' dir='ltr'><strong>avarit&#39;ieﬂfacibus</strong></span> <span class='ocrx_word' id='word_1_589' title='bbox 975 4151 1272 4222; x_wconf 58' lang='lat' dir='ltr'><strong>succensus</strong></span> <span class='ocrx_word' id='word_1_590' title='bbox 1304 4151 1638 4237; x_wconf 12' lang='lat' dir='ltr'><strong>agellosgs&#39;ibi</strong></span> <span class='ocrx_word' id='word_1_591' title='bbox 1671 4181 1969 4234; x_wconf 89' lang='lat' dir='ltr'><strong>pauperum</strong></span> <span class='ocrx_word' id='word_1_592' title='bbox 2004 4166 2199 4237; x_wconf 80' lang='lat' dir='ltr'><strong>injuste</strong></span> <span class='ocrx_word' id='word_1_593' title='bbox 2231 4161 2532 4237; x_wconf 81' lang='lat' dir='ltr'><strong>usurpavit.</strong></span> <span class='ocrx_word' id='word_1_594' title='bbox 2609 4160 2657 4188; x_wconf 65' lang='lat'><strong>7‘</strong></span> <span class='ocrx_word' id='word_1_595' title='bbox 2697 4156 3013 4237; x_wconf 68' lang='lat' dir='ltr'><strong>consederat</strong></span> <span class='ocrx_word' id='word_1_596' title='bbox 3043 4154 3095 4206; x_wconf 73' lang='grc' dir='ltr'><strong>ὅ.</strong></span> <span class='ocrx_word' id='word_1_597' title='bbox 3171 4151 3222 4237; x_wconf 64' lang='grc' dir='ltr'><strong>τξ</strong></span> <span class='ocrx_word' id='word_1_598' title='bbox 3250 4151 3468 4237; x_wconf 51' lang='lat' dir='ltr'><strong>quis}.</strong></span> <span class='ocrx_word' id='word_1_599' title='bbox 3549 4153 3595 4237; x_wconf 59' lang='grc' dir='ltr'><strong>’ξ</strong></span> <span class='ocrx_word' id='word_1_600' title='bbox 3621 4168 3731 4222; x_wconf 86' lang='lat' dir='ltr'><strong>pos-</strong></span> 
     </span>
    </p>
   </div>
   <div class='ocr_carea' id='block_1_83' title="bbox 470 4239 742 4294">
    <p class='ocr_par' dir='ltr' id='par_1_83' title="bbox 470 4239 742 4294">
     <span class='ocr_line' id='line_1_83' title="bbox 470 4239 742 4294; baseline -0.015 0"><span class='ocrx_word' id='word_1_601' title='bbox 470 4241 542 4294; x_wconf 85' lang='lat' dir='ltr'><strong>sit</strong></span> <span class='ocrx_word' id='word_1_602' title='bbox 570 4239 624 4291; x_wconf 88' lang='lat'><strong>2.</strong></span> <span class='ocrx_word' id='word_1_603' title='bbox 699 4240 742 4270; x_wconf 89' lang='lat'><strong>&#39;&quot;</strong></span> 
     </span>
    </p>
   </div>
   <div class='ocr_carea' id='block_1_84' title="bbox 783 4233 2277 4306">
    <p class='ocr_par' dir='ltr' id='par_1_84' title="bbox 783 4233 2277 4306">
     <span class='ocr_line' id='line_1_84' title="bbox 783 4233 2277 4306; baseline -0.005 -12"><span class='ocrx_word' id='word_1_604' title='bbox 783 4252 899 4306; x_wconf 81' lang='lat' dir='ltr'><strong>post</strong></span> <span class='ocrx_word' id='word_1_605' title='bbox 943 4237 1068 4292; x_wconf 81' lang='lat' dir='ltr'><strong>add.</strong></span> <span class='ocrx_word' id='word_1_606' title='bbox 1115 4237 1141 4290; x_wconf 88' lang='grc'><strong>1</strong></span> <span class='ocrx_word' id='word_1_607' title='bbox 1169 4279 1182 4301; x_wconf 87' lang='grc'><em>,</em></span> <span class='ocrx_word' id='word_1_608' title='bbox 1212 4233 1363 4306; x_wconf 9' lang='lat' dir='ltr'><strong>deerat</strong></span> <span class='ocrx_word' id='word_1_609' title='bbox 1387 4235 1441 4306; x_wconf 89' lang='lat'><strong>2.</strong></span> <span class='ocrx_word' id='word_1_610' title='bbox 1503 4234 1564 4306; x_wconf 31' lang='lat' dir='ltr'><strong>A7“</strong></span> <span class='ocrx_word' id='word_1_611' title='bbox 1597 4233 1808 4306; x_wconf 61' lang='lat' dir='ltr'><strong>frustra</strong></span> <span class='ocrx_word' id='word_1_612' title='bbox 1842 4251 1978 4306; x_wconf 79' lang='lat' dir='ltr'><strong>corr.</strong></span> <span class='ocrx_word' id='word_1_613' title='bbox 2012 4233 2187 4306; x_wconf 77' lang='lat' dir='ltr'><strong>frusta</strong></span> <span class='ocrx_word' id='word_1_614' title='bbox 2228 4235 2277 4288; x_wconf 91' lang='grc'><strong>1.</strong></span> 
     </span>
    </p>
   </div>
   <div class='ocr_carea' id='block_1_85' title="bbox 2354 4221 3732 4299">
    <p class='ocr_par' dir='ltr' id='par_1_85' title="bbox 2354 4221 3732 4299">
     <span class='ocr_line' id='line_1_85' title="bbox 2354 4221 3732 4299; baseline -0.009 -14"><span class='ocrx_word' id='word_1_615' title='bbox 2354 4221 2400 4264; x_wconf 83' lang='grc'><em>’¹’¹’</em></span> <span class='ocrx_word' id='word_1_616' title='bbox 2443 4236 2758 4299; x_wconf 87' lang='lat' dir='ltr'><strong>repererant</strong></span> <span class='ocrx_word' id='word_1_617' title='bbox 2785 4227 2838 4299; x_wconf 82' lang='lat' dir='ltr'><strong>_l_.</strong></span> <span class='ocrx_word' id='word_1_618' title='bbox 2911 4224 2955 4254; x_wconf 83' lang='grc'><strong>⁸⁰</strong></span> <span class='ocrx_word' id='word_1_619' title='bbox 2995 4221 3332 4299; x_wconf 59' lang='lat' dir='ltr'><strong>bernaclmin</strong></span> <span class='ocrx_word' id='word_1_620' title='bbox 3471 4233 3582 4291; x_wconf 81' lang='lat' dir='ltr'><strong>post</strong></span> <span class='ocrx_word' id='word_1_621' title='bbox 3607 4237 3732 4299; x_wconf 64' lang='lat' dir='ltr'><strong>corr.</strong></span> 
     </span>
    </p>
   </div>
   <div class='ocr_carea' id='block_1_86' title="bbox 465 4291 3732 4374">
    <p class='ocr_par' dir='ltr' id='par_1_86' title="bbox 465 4291 3732 4374">
     <span class='ocr_line' id='line_1_86' title="bbox 465 4291 3732 4374; baseline -0.006 -13"><span class='ocrx_word' id='word_1_622' title='bbox 465 4291 837 4362; x_wconf 31' lang='lat' dir='ltr'><strong>l&#39;icrnachrmrn</strong></span> <span class='ocrx_word' id='word_1_623' title='bbox 857 4291 886 4362; x_wconf 34' lang='grc'><strong>⁷1</strong></span> <span class='ocrx_word' id='word_1_624' title='bbox 913 4349 926 4374; x_wconf 87' lang='grc'><em>,</em></span> <span class='ocrx_word' id='word_1_625' title='bbox 949 4291 1256 4360; x_wconf 79' lang='lat' dir='ltr'><strong>bernakum</strong></span> <span class='ocrx_word' id='word_1_626' title='bbox 1286 4305 1342 4360; x_wconf 71' lang='grc'><strong>4.</strong></span> <span class='ocrx_word' id='word_1_627' title='bbox 1419 4305 1464 4336; x_wconf 77' lang='grc' dir='ltr'><strong><em>⁸ι</em></strong></span> <span class='ocrx_word' id='word_1_628' title='bbox 1495 4303 1562 4368; x_wconf 91' lang='lat'><strong>2,</strong></span> <span class='ocrx_word' id='word_1_629' title='bbox 1596 4304 1664 4367; x_wconf 77' lang='lat'><strong>5,</strong></span> <span class='ocrx_word' id='word_1_630' title='bbox 1697 4304 1822 4374; x_wconf 15' lang='lat' dir='ltr'><strong>adid.</strong></span> <span class='ocrx_word' id='word_1_631' title='bbox 1853 4305 2068 4357; x_wconf 83' lang='lat' dir='ltr'><strong>rubram</strong></span> <span class='ocrx_word' id='word_1_632' title='bbox 2096 4317 2114 4356; x_wconf 87' lang='lat'><strong><em>:</em></strong></span> <span class='ocrx_word' id='word_1_633' title='bbox 2159 4305 2289 4357; x_wconf 88' lang='lat' dir='ltr'><strong>Item</strong></span> <span class='ocrx_word' id='word_1_634' title='bbox 2339 4291 2660 4374; x_wconf 66' lang='lat' dir='ltr'><strong>Adelb&#39;ertus</strong></span> <span class='ocrx_word' id='word_1_635' title='bbox 2707 4296 2946 4374; x_wconf 65' lang='lat' dir='ltr'><strong>quidam</strong></span> <span class='ocrx_word' id='word_1_636' title='bbox 2983 4293 3235 4374; x_wconf 46' lang='lat' dir='ltr'><strong>tinan&#39;nus</strong></span> <span class='ocrx_word' id='word_1_637' title='bbox 3271 4291 3541 4374; x_wconf 75' lang='lat' dir='ltr'><strong>fa_mi|i_an_t</strong></span> <span class='ocrx_word' id='word_1_638' title='bbox 3572 4291 3732 4374; x_wconf 73' lang='lat' dir='ltr'><strong>sancti</strong></span> 
     </span>
    </p>
   </div>
   <div class='ocr_carea' id='block_1_87' title="bbox 470 4360 3731 4443">
    <p class='ocr_par' dir='ltr' id='par_1_87' title="bbox 470 4360 3731 4443">
     <span class='ocr_line' id='line_1_87' title="bbox 470 4360 3731 4443; baseline -0.005 -12"><span class='ocrx_word' id='word_1_639' title='bbox 470 4360 1103 4440; x_wconf 13' lang='lat' dir='ltr'><strong>M&#39;axitniniﬁaﬂlictabat,</strong></span> <span class='ocrx_word' id='word_1_640' title='bbox 1138 4376 1339 4430; x_wconf 84' lang='lat' dir='ltr'><strong>frustra</strong></span> <span class='ocrx_word' id='word_1_641' title='bbox 1373 4360 1574 4429; x_wconf 80' lang='lat' dir='ltr'><strong>tamen.</strong></span> <span class='ocrx_word' id='word_1_642' title='bbox 1614 4391 1626 4400; x_wconf 70' lang='grc' dir='ltr'><em>ο</em></span> <span class='ocrx_word' id='word_1_643' title='bbox 1652 4360 1797 4443; x_wconf 91' lang='lat' dir='ltr'><strong>ab</strong></span> <span class='ocrx_word' id='word_1_644' title='bbox 1828 4375 2038 4428; x_wconf 89' lang='lat' dir='ltr'><strong>alberto</strong></span> <span class='ocrx_word' id='word_1_645' title='bbox 2067 4374 2132 4435; x_wconf 87' lang='lat'><strong>2,</strong></span> <span class='ocrx_word' id='word_1_646' title='bbox 2161 4383 2445 4443; x_wconf 13' lang='lat' dir='ltr'><strong>postrcorr.</strong></span> <span class='ocrx_word' id='word_1_647' title='bbox 2477 4360 2818 4443; x_wconf 47' lang='lat' dir='ltr'><strong>adalbertoj</strong></span> <span class='ocrx_word' id='word_1_648' title='bbox 2842 4405 2856 4424; x_wconf 89' lang='lat'><strong>,</strong></span> <span class='ocrx_word' id='word_1_649' title='bbox 2901 4361 2975 4442; x_wconf 43' lang='lat' dir='ltr'><strong>ab.</strong></span> <span class='ocrx_word' id='word_1_650' title='bbox 2997 4361 3281 4443; x_wconf 63' lang='lat' dir='ltr'><strong>atlalberto</strong></span> <span class='ocrx_word' id='word_1_651' title='bbox 3311 4362 3384 4443; x_wconf 79' lang='lat'><strong>_‘5,</strong></span> <span class='ocrx_word' id='word_1_652' title='bbox 3418 4362 3656 4443; x_wconf 55' lang='lat' dir='ltr'><strong>tlflberto</strong></span> <span class='ocrx_word' id='word_1_653' title='bbox 3685 4360 3731 4443; x_wconf 66' lang='grc'><strong>1.</strong></span> 
     </span>
    </p>
   </div>
   <div class='ocr_carea' id='block_1_88' title="bbox 470 4431 3735 4518">
    <p class='ocr_par' dir='ltr' id='par_1_88' title="bbox 470 4431 3735 4518">
     <span class='ocr_line' id='line_1_88' title="bbox 470 4431 3735 4518; baseline -0.007 -13"><span class='ocrx_word' id='word_1_654' title='bbox 470 4448 519 4479; x_wconf 82' lang='grc'>⁸³</span> <span class='ocrx_word' id='word_1_655' title='bbox 549 4447 872 4518; x_wconf 46' lang='lat' dir='ltr'><strong>genitore},</strong></span> <span class='ocrx_word' id='word_1_656' title='bbox 981 4445 1050 4518; x_wconf 52' lang='lat'><strong>5.</strong></span> <span class='ocrx_word' id='word_1_657' title='bbox 1090 4431 1239 4518; x_wconf 52' lang='lat' dir='ltr'><strong>&#39;°‘_p.</strong></span> <span class='ocrx_word' id='word_1_658' title='bbox 1267 4445 1388 4514; x_wconf 89' lang='lat' dir='ltr'><strong>ejus</strong></span> <span class='ocrx_word' id='word_1_659' title='bbox 1407 4444 1470 4518; x_wconf 20' lang='lat' dir='ltr'><strong>A2.</strong></span> <span class='ocrx_word' id='word_1_660' title='bbox 1527 4443 1595 4518; x_wconf 80' lang='lat'><strong>_”</strong></span> <span class='ocrx_word' id='word_1_661' title='bbox 1627 4441 1943 4512; x_wconf 80' lang='lat' dir='ltr'><strong>objurgatur</strong></span> <span class='ocrx_word' id='word_1_662' title='bbox 1967 4443 2034 4511; x_wconf 95' lang='lat'><strong>2,</strong></span> <span class='ocrx_word' id='word_1_663' title='bbox 2067 4431 2209 4498; x_wconf 66' lang='lat' dir='ltr'><strong>corr.</strong></span> <span class='ocrx_word' id='word_1_664' title='bbox 2241 4441 2620 4511; x_wconf 85' lang='lat' dir='ltr'><strong>objurgaretur</strong></span> <span class='ocrx_word' id='word_1_665' title='bbox 2652 4435 2703 4489; x_wconf 90' lang='grc'><strong>1.</strong></span> <span class='ocrx_word' id='word_1_666' title='bbox 2767 4435 2812 4470; x_wconf 74' lang='grc'><strong>⁸⁵</strong></span> <span class='ocrx_word' id='word_1_667' title='bbox 2846 4432 3083 4488; x_wconf 87' lang='lat' dir='ltr'><strong>rcmicbe</strong></span> <span class='ocrx_word' id='word_1_668' title='bbox 3111 4431 3166 4486; x_wconf 88' lang='lat'><strong>2.</strong></span> <span class='ocrx_word' id='word_1_669' title='bbox 3234 4433 3281 4472; x_wconf 77' lang='grc'><strong>⁸⁷</strong></span> <span class='ocrx_word' id='word_1_670' title='bbox 3311 4433 3420 4487; x_wconf 85' lang='lat' dir='ltr'><strong>hoc</strong></span> <span class='ocrx_word' id='word_1_671' title='bbox 3445 4432 3500 4486; x_wconf 81' lang='grc'><strong>5.</strong></span> <span class='ocrx_word' id='word_1_672' title='bbox 3565 4431 3612 4472; x_wconf 75' lang='grc'><strong>⁸³</strong></span> <span class='ocrx_word' id='word_1_673' title='bbox 3634 4440 3735 4499; x_wconf 77' lang='lat' dir='ltr'><strong>post</strong></span> 
     </span>
    </p>
   </div>
   <div class='ocr_carea' id='block_1_89' title="bbox 473 4513 1572 4574">
    <p class='ocr_par' dir='ltr' id='par_1_89' title="bbox 473 4513 1572 4574">
     <span class='ocr_line' id='line_1_89' title="bbox 473 4513 1572 4574; baseline -0.003 -3"><span class='ocrx_word' id='word_1_674' title='bbox 473 4513 600 4572; x_wconf 64' lang='lat' dir='ltr'><strong>add.</strong></span> <span class='ocrx_word' id='word_1_675' title='bbox 635 4533 758 4574; x_wconf 89' lang='lat' dir='ltr'><strong>cum</strong></span> <span class='ocrx_word' id='word_1_676' title='bbox 787 4517 836 4571; x_wconf 88' lang='grc'><strong>1.</strong></span> <span class='ocrx_word' id='word_1_677' title='bbox 914 4516 958 4548; x_wconf 75' lang='grc'><strong>⁸³</strong></span> <span class='ocrx_word' id='word_1_678' title='bbox 1001 4515 1128 4570; x_wconf 87' lang='lat' dir='ltr'><strong>hinc</strong></span> <span class='ocrx_word' id='word_1_679' title='bbox 1149 4513 1205 4570; x_wconf 77' lang='lat'><strong>2.</strong></span> <span class='ocrx_word' id='word_1_680' title='bbox 1233 4513 1369 4570; x_wconf 82' lang='lat' dir='ltr'><strong>corr.</strong></span> <span class='ocrx_word' id='word_1_681' title='bbox 1405 4515 1492 4569; x_wconf 90' lang='lat' dir='ltr'><strong>hic</strong></span> <span class='ocrx_word' id='word_1_682' title='bbox 1520 4513 1572 4568; x_wconf 85' lang='grc'><strong>1.</strong></span> 
     </span>
    </p>
   </div>
   <div class='ocr_carea' id='block_1_90' title="bbox 2007 4623 2242 4680">
    <p class='ocr_par' dir='ltr' id='par_1_90' title="bbox 2007 4623 2242 4680">
     <span class='ocr_line' id='line_1_90' title="bbox 2007 4623 2242 4680; baseline 0 -1"><span class='ocrx_word' id='word_1_683' title='bbox 2007 4623 2242 4680; x_wconf 58' lang='lat' dir='ltr'><strong>NOTAE.</strong></span> 
     </span>
    </p>
   </div>
   <div class='ocr_carea' id='block_1_91' title="bbox 540 4721 3733 4814">
    <p class='ocr_par' dir='ltr' id='par_1_91' title="bbox 540 4721 3733 4814">
     <span class='ocr_line' id='line_1_91' title="bbox 540 4721 3733 4814; baseline -0.008 -15"><span class='ocrx_word' id='word_1_684' title='bbox 540 4743 692 4814; x_wconf 80' lang='lat'><strong>(285)</strong></span> <span class='ocrx_word' id='word_1_685' title='bbox 741 4740 823 4801; x_wconf 80' lang='lat' dir='ltr'><strong>Cf.</strong></span> <span class='ocrx_word' id='word_1_686' title='bbox 873 4739 992 4810; x_wconf 90' lang='lat' dir='ltr'><strong>ejus</strong></span> <span class='ocrx_word' id='word_1_687' title='bbox 1026 4738 1262 4808; x_wconf 86' lang='lat' dir='ltr'><strong>diploma</strong></span> <span class='ocrx_word' id='word_1_688' title='bbox 1297 4737 1611 4808; x_wconf 81' lang='lat' dir='ltr'><strong>Honthcim,</strong></span> <span class='ocrx_word' id='word_1_689' title='bbox 1646 4739 1788 4794; x_wconf 84' lang='lat' dir='ltr'><strong>Hist.</strong></span> <span class='ocrx_word' id='word_1_690' title='bbox 1821 4738 1982 4794; x_wconf 88' lang='lat' dir='ltr'><strong>Trev.</strong></span> <span class='ocrx_word' id='word_1_691' title='bbox 2014 4737 2056 4801; x_wconf 91' lang='grc'><strong>1,</strong></span> <span class='ocrx_word' id='word_1_692' title='bbox 2089 4739 2142 4799; x_wconf 89' lang='lat' dir='ltr'><strong>D</strong></span> <span class='ocrx_word' id='word_1_693' title='bbox 2167 4746 2313 4814; x_wconf 74' lang='lat' dir='ltr'><strong>runt,</strong></span> <span class='ocrx_word' id='word_1_694' title='bbox 2346 4739 2397 4793; x_wconf 91' lang='lat' dir='ltr'><strong>in</strong></span> <span class='ocrx_word' id='word_1_695' title='bbox 2427 4727 3082 4814; x_wconf 43' lang='lat' dir='ltr'><strong>lllania-nnia‘.lladavnga</strong></span> <span class='ocrx_word' id='word_1_696' title='bbox 3119 4723 3532 4814; x_wconf 34' lang='lat' dir='ltr'><strong>(“Egebat-dus</strong></span> <span class='ocrx_word' id='word_1_697' title='bbox 3551 4721 3733 4814; x_wconf 41' lang='lat' dir='ltr'><strong>dentia-</strong></span> 
     </span>
    </p>
   </div>
   <div class='ocr_carea' id='block_1_92' title="bbox 470 4813 2050 4954">
    <p class='ocr_par' dir='ltr' id='par_1_92' title="bbox 470 4813 2050 4954">
     <span class='ocr_line' id='line_1_92' title="bbox 470 4813 2050 4954; baseline -0.004 -16"><span class='ocrx_word' id='word_1_698' title='bbox 727 4880 1078 4936; x_wconf 86' lang='lat' dir='ltr'><strong>Adalbcrtum</strong></span> <span class='ocrx_word' id='word_1_699' title='bbox 1122 4879 1424 4954; x_wconf 60' lang='lat' dir='ltr'><strong>[iussorum</strong></span> <span class='ocrx_word' id='word_1_700' title='bbox 1471 4878 1813 4954; x_wconf 77' lang='lat' dir='ltr'><strong>apostolum,</strong></span> <span class='ocrx_word' id='word_1_701' title='bbox 1862 4885 2050 4954; x_wconf 69' lang='lat' dir='ltr'><strong>postea</strong></span> 
     </span>
    </p>
   </div>
   <div class='ocr_carea' id='block_1_93' title="bbox 469 4947 2052 5022">
    <p class='ocr_par' dir='ltr' id='par_1_93' title="bbox 469 4947 2052 5022">
     <span class='ocr_line' id='line_1_93' title="bbox 469 4947 2052 5022; baseline -0.004 -15"><span class='ocrx_word' id='word_1_702' title='bbox 469 4947 994 5022; x_wconf 51' lang='lat' dir='ltr'><strong>Ma&#39;gdeburgensem</strong></span> <span class='ocrx_word' id='word_1_703' title='bbox 1041 4947 1542 5020; x_wconf 50' lang='lat' dir='ltr'><strong>archiepiscopum]</strong></span> <span class='ocrx_word' id='word_1_704' title='bbox 1590 4947 1875 5020; x_wconf 33' lang='lat' dir='ltr'><strong>intelligi,’</strong></span> <span class='ocrx_word' id='word_1_705' title='bbox 1905 4947 2052 5002; x_wconf 79' lang='lat' dir='ltr'><strong>lien-</strong></span> 
     </span>
    </p>
   </div>
   <div class='ocr_carea' id='block_1_94' title="bbox 2167 4791 3736 4873">
    <p class='ocr_par' dir='ltr' id='par_1_94' title="bbox 2167 4791 3736 4873">
     <span class='ocr_line' id='line_1_94' title="bbox 2167 4791 3736 4873; baseline -0.013 -11"><span class='ocrx_word' id='word_1_706' title='bbox 2167 4791 2320 4862; x_wconf 69' lang='lat' dir='ltr'><strong>sibus</strong></span> <span class='ocrx_word' id='word_1_707' title='bbox 2443 4809 2530 4870; x_wconf 75' lang='lat'><strong>10,</strong></span> <span class='ocrx_word' id='word_1_708' title='bbox 2578 4805 2718 4858; x_wconf 82' lang='lat' dir='ltr'><strong>Mou.</strong></span> <span class='ocrx_word' id='word_1_709' title='bbox 2753 4801 2793 4854; x_wconf 88' lang='lat' dir='ltr'><strong>ll</strong></span> <span class='ocrx_word' id='word_1_710' title='bbox 2816 4843 2828 4873; x_wconf 87' lang='lat'><strong>,</strong></span> <span class='ocrx_word' id='word_1_711' title='bbox 2855 4816 2913 4873; x_wconf 90' lang='lat' dir='ltr'><strong>_p.</strong></span> <span class='ocrx_word' id='word_1_712' title='bbox 2948 4791 3088 4873; x_wconf 32' lang='lat'><strong>22.;</strong></span> <span class='ocrx_word' id='word_1_713' title='bbox 3129 4791 3434 4873; x_wconf 55' lang='grc' dir='ltr'><strong>ξυιιόζιιιει</strong></span> <span class='ocrx_word' id='word_1_714' title='bbox 3473 4805 3584 4873; x_wconf 55' lang='lat' dir='ltr'><strong>post</strong></span> <span class='ocrx_word' id='word_1_715' title='bbox 3613 4791 3736 4873; x_wconf 50' lang='lat' dir='ltr'><strong>Rpr-</strong></span> 
     </span>
    </p>
   </div>
   <div class='ocr_carea' id='block_1_95' title="bbox 2165 4861 3737 4944">
    <p class='ocr_par' dir='ltr' id='par_1_95' title="bbox 2165 4861 3737 4944">
     <span class='ocr_line' id='line_1_95' title="bbox 2165 4861 3737 4944; baseline -0.012 -14"><span class='ocrx_word' id='word_1_716' title='bbox 2165 4861 2417 4930; x_wconf 66' lang='lat' dir='ltr'><strong>chordum</strong></span> <span class='ocrx_word' id='word_1_717' title='bbox 2450 4861 2615 4930; x_wconf 67' lang='lat' dir='ltr'><strong>virum</strong></span> <span class='ocrx_word' id='word_1_718' title='bbox 2645 4861 2937 4944; x_wconf 25' lang='lat' dir='ltr'><strong>d‘uasuvitt&#39;uu</strong></span> <span class='ocrx_word' id='word_1_719' title='bbox 2962 4868 3011 4934; x_wconf 95' lang='lat'><strong>),</strong></span> <span class='ocrx_word' id='word_1_720' title='bbox 3047 4863 3362 4944; x_wconf 30' lang='lat' dir='ltr'><strong>irrigavjirfi‘a</strong></span> <span class='ocrx_word' id='word_1_721' title='bbox 3389 4861 3582 4944; x_wconf 51' lang='lat' dir='ltr'><strong>Juditll</strong></span> <span class='ocrx_word' id='word_1_722' title='bbox 3645 4861 3737 4939; x_wconf 67' lang='lat' dir='ltr'><strong>Ra-</strong></span> 
     </span>
    </p>
   </div>
   <div class='ocr_carea' id='block_1_96' title="bbox 2167 4933 3736 5022">
    <p class='ocr_par' dir='ltr' id='par_1_96' title="bbox 2167 4933 3736 5022">
     <span class='ocr_line' id='line_1_96' title="bbox 2167 4933 3736 5022; baseline -0.011 -22"><span class='ocrx_word' id='word_1_723' title='bbox 2167 4948 2327 5022; x_wconf 70' lang='lat' dir='ltr'><strong>tlierii</strong></span> <span class='ocrx_word' id='word_1_724' title='bbox 2373 4946 2478 5022; x_wconf 83' lang='lat' dir='ltr'><strong>_0p._</strong></span> <span class='ocrx_word' id='word_1_725' title='bbox 2532 4945 2618 5022; x_wconf 67' lang='lat' dir='ltr'><strong>ed.</strong></span> <span class='ocrx_word' id='word_1_726' title='bbox 2671 4933 2968 5022; x_wconf 45' lang='lat' dir='ltr'><strong>Balloni‘nis</strong></span> <span class='ocrx_word' id='word_1_727' title='bbox 2999 4951 3050 5004; x_wconf 91' lang='lat' dir='ltr'><strong>p.</strong></span> <span class='ocrx_word' id='word_1_728' title='bbox 3080 4933 3392 5022; x_wconf 51' lang='lat' dir='ltr'><strong>“Cl,</strong></span> <span class='ocrx_word' id='word_1_729' title='bbox 3430 4949 3490 5022; x_wconf 55' lang='grc' dir='ltr'><strong>ξι.</strong></span> <span class='ocrx_word' id='word_1_730' title='bbox 3517 4933 3736 5022; x_wconf 42' lang='grc' dir='ltr'><strong>ὂὲξλῖιι</strong></span> 
     </span>
    </p>
   </div>
  </div>
