3964 5356
175 279 286 335 985

177 395 434 464 Pangere
458 391 770 463 magniﬁcas
797 393 1012 448 athletae
1041 391 1237 448 nobilis
1263 392 1414 446 odas.

177 484 390 539 Mtenia
429 483 664 553 prtefataa
691 484 886 553 praesul
917 483 1276 538 memorabilis
1304 483 1456 537 urbis

177 573 679 642 Christicolamque
701 589 913 644 gregem
950 574 1118 643 septis
1139 573 1388 629 servabat
1418 571 1666 635 amoenis,

179 665 523 720 Francorum
558 665 828 719 Dalwinus
856 665 1022 734 adeps
1056 684 1067 718 :
1099 666 1186 734 qui
1225 664 1382 718 sicuti
1412 662 1596 716 furvas

179 755 420 810 Pallenti
450 754 669 826 lychino
695 755 916 824 depellit
943 754 1046 810 rite
1077 755 1350 809 tenebras.

178 847 482 917 Postquam
513 846 655 900 fama
696 845 886 900 volans
911 846 1145 915 pulsavit
1175 843 1423 914 prmsulis
1447 856 1628 906 aures,

178 939 342 993 Aceit
373 938 652 1001 continuo,
688 937 934 1008 praebens
969 937 1228 993 solamina
1248 935 1419 1006 justo,

181 1030 407 1100 Excipit
435 1031 690 1100 hospitio,
725 1031 950 1100 dapibus
979 1030 1123 1085 fovet
1160 1043 1361 1100 oreque
1401 1027 1616 1082 mulcet.

180 1121 483 1176 Pmsensit
519 1121 717 1192 quippe
751 1121 1048 1191 praecordia
1085 1131 1232 1175 casta
1261 1120 1521 1190 juventae,

179 1209 528 1282 lllustrisque
560 1212 660 1266 viri
701 1210 893 1266 faciem
928 1210 1169 1280 perfecte
1207 1210 1520 1264 micantem.

179 1301 355 1366 Heus,
389 1301 582 1371 inquit,
621 1302 836 1372 hospes,
875 1316 1086 1356 mecum
1115 1301 1190 1356 sis
1215 1310 1435 1370 perpete
1463 1297 1670 1368 Sospes.

179 1390 326 1444 Dum
353 1389 533 1460 juvat,
564 1390 821 1445 uberibus
852 1404 950 1459 pro
984 1390 1126 1444 votis
1153 1398 1304 1444 utere
1333 1389 1521 1458 glebis,

177 1479 376 1535 Farris
397 1489 454 1534 et
486 1480 686 1535 excreti
719 1480 1022 1534 communis
1045 1481 1201 1550 copia
1229 1481 1361 1534 vini.

179 1567 244 1624 Si
270 1582 409 1622 vero
437 1579 697 1623 consueta
731 1568 949 1637 placent
976 1569 1244 1624 connubia
1273 1554 1434 1633 forte,

176 1656 259 1714 Ne
285 1657 510 1714 differre
533 1673 692 1729 pares
724 1676 738 1712 :
773 1659 1022 1728 generosi
1052 1659 1330 1730 sanguinis
1362 1659 1527 1712 altam

175 1747 471 1805 [inmensis
497 1749 690 1818 opibus
717 1759 1002 1820 cognatam
1034 1750 1190 1804 trado
1214 1748 1446 1819 puellam
1471 1764 1488 1813 ;

176 1837 382 1907 Meque
424 1849 636 1908 patrem
669 1840 917 1906 tibimet,
959 1848 1125 1895 temet
1158 1840 1291 1895 mihi
1325 1839 1517 1895 dedico
1546 1837 1770 1907 prolem.

177 1927 308 1982 Haae
341 1929 586 1999 placidus
615 1930 776 1985 heros
805 1939 1218 2000 exprompserat
1250 1945 1348 1985 ore
1371 1928 1629 1998 jocundo.

178 2017 316 2073 Tiro
345 2020 542 2075 dehinc
567 2021 724 2092 agilis
752 2021 857 2076 voti
891 2036 996 2076 non
1031 2023 1317 2077 immemor
1345 2022 1462 2076 infit
1497 2038 1511 2074 :

175 2109 393 2164 Ardent
419 2111 656 2166 excoctis
684 2110 955 2166 ﬁbrarum
985 2121 1204 2166 omenta
1234 2111 1382 2183 (295)
1420 2111 1669 2176 laternis,

177 2197 385 2252 Abdita
413 2198 690 2267 conceptis
715 2198 843 2252 dum
871 2199 1154 2266 detrahor,
1178 2199 1402 2269 optime,
1437 2200 1597 2254 votis.

179 2286 392 2358 Tethys
417 2303 516 2342 cur
543 2288 776 2343 tumidas
802 2289 1052 2361 Zephyro
1075 2289 1361 2343 minitante
1392 2288 1591 2344 salivas

179 2375 435 2446 Expetii?
463 2376 690 2432 Frustra
723 2393 810 2433 me
840 2394 984 2434 saeva
1008 2378 1209 2434 salacia
1238 2378 1457 2447 pressit,

180 2468 438 2524 Cosmica
467 2469 514 2523 si
539 2479 724 2538 spreto
748 2479 992 2539 repetam
1022 2471 1272 2539 contagia
1297 2469 1534 2524 Christo.

187 2556 356 2612 Sedis
382 2557 688 2636 apostolicae
728 2558 844 2613 viso
873 2559 1106 2628 primum
1136 2559 1424 2613 cliothetro
1463 2555 1634 2628 (296),

183 2647 353 2702 Aeria
393 2662 606 2704 merear
633 2647 676 2702 si
712 2647 926 2718 longule
949 2650 1162 2703 vescier
1195 2663 1345 2713 aura,

182 2737 284 2804 Te,
320 2748 497 2808 pater,
529 2754 594 2794 ex
625 2741 812 2796 animo
841 2740 1055 2796 soboles
1091 2741 1285 2795 devota
1316 2740 1530 2796 videbo.

184 2827 284 2884 liis
318 2831 393 2884 ita
421 2832 736 2900 compactis,
768 2830 962 2902 opibus
992 2845 1090 2900 pro
1119 2831 1256 2886 velle
1285 2831 1505 2900 paratis,

183 2918 444 2975 Praesulis
471 2921 672 2976 auxilio
701 2921 941 2990 perrexit
969 2920 1105 2976 calle
1133 2921 1394 2977 secundo.

185 3030 254 3087 Ὺ.
327 3033 545 3086 Romam
608 3043 781 3087 tamen
845 3033 1172 3103 peraccedit,
1237 3032 1324 3086 ubi
1402 3049 1434 3084 a
1479 3033 1780 3103 ABom‘facio

199 3152 206 3158 .
257 3103 502 3168 edoctus,
564 3121 715 3174 papa:
777 3101 1012 3158 donariis
1070 3103 1396 3169 honoratus,
1465 3101 1781 3174 Lugdunum

258 3176 556 3228 revertitur.

259 3283 522 3350 Quamvis
549 3284 766 3339 informi
797 3285 1116 3356 Terpsicore
1146 3285 1373 3356 paucula
1401 3300 1562 3341 versu

186 3377 428 3441 Luserit,
459 3377 615 3430 ardet
644 3393 799 3432 amor
824 3391 932 3445 quo
971 3378 1214 3446 pluscula
1243 3393 1368 3431 cara
1399 3386 1680 3446 superstes

186 3471 478 3538 Expediat,
511 3468 878 3539 famulumque
909 3470 1004 3522 Dei
1041 3483 1206 3538 super
1232 3471 1433 3522 aethera
1465 3470 1633 3522 tollat.

186 3559 438 3628 Namque
469 3559 620 3611 iteris
648 3558 834 3625 longos
862 3559 1097 3628 explevit
1126 3559 1352 3613 honeste
1382 3569 1612 3625 meatus,

187 3647 551 3717 Optatamqne
575 3647 667 3701 diu
696 3647 841 3702 Petri
874 3649 1182 3716 properavit
1209 3649 1260 3701 in
1295 3647 1496 3712 aulam,

189 3738 523 3808 Tripndians
551 3738 743 3806 pandis
773 3737 965 3790 callido
995 3740 1096 3792 sub
1127 3745 1346 3806 pectore
1373 3739 1546 3794 venis.

188 3833 462 3887 Praeterea
490 3829 719 3884 Andreae
744 3843 1001 3899 germana
1026 3828 1226 3883 diaulia
1255 3829 1430 3884 sancti

193 3922 499 3993 Ingressus,
527 3920 673 3974 dictu
701 3916 987 3973 mirabile!
1027 3918 1232 3988 poplite
1261 3932 1418 3974 cosso
1459 3918 1602 3990 (sic),

193 4012 446 4084 ingentes
475 4009 696 4065 animos
709 4009 872 4063 labiis
895 4007 1152 4079 patefecit
1178 4007 1399 4078 apertis.

197 4103 278 4156 En
302 4118 402 4172 ego
433 4099 740 4156 commissis
773 4100 992 4155 veniam
1019 4102 1252 4172 deposco
1282 4100 1496 4169 piaclis,

196 4192 375 4262 lnquit
401 4200 456 4246 et
483 4190 682 4247 excelsi
714 4199 883 4246 testor
921 4202 1018 4261 per
1045 4202 1259 4263 sceptra
1285 4192 1566 4258 Tonantis,

198 4280 362 4339 Solve
396 4293 528 4335 meae
551 4281 803 4350 precibus
829 4281 1105 4336 molimina
1135 4284 1287 4336 tarda
1317 4283 1566 4351 loquelae,

199 4371 259 4427 Si
289 4373 416 4433 quid
443 4373 613 4428 habes
637 4371 781 4436 ﬁdei,
810 4373 899 4439 pie
931 4373 1139 4438 doctor,
1171 4373 1414 4442 apostole
1451 4372 1672 4428 Christi.

201 4463 328 4518 llaec
357 4479 480 4518 mox
509 4463 799 4532 explicuit,
843 4477 950 4518 non
979 4465 1152 4519 serius
1177 4465 1320 4520 edita
1351 4466 1601 4535 sumpsit,

199 4553 475 4626 Ingenium
515 4555 660 4610 fandi
689 4555 908 4625 capiens
933 4558 1240 4627 pariterque
1269 4557 1501 4626 legendi.

203 4643 459 4714 Anglicus
488 4644 684 4700 indicio
717 4653 963 4715 superest
992 4647 1166 4702 adhuc
1191 4662 1406 4716 quoque
1433 4647 1634 4713 clerus,

203 4733 422 4788 Divinas
451 4750 690 4804 pangens
717 4734 886 4789 Latiis
923 4738 1266 4790 sermonibus
1293 4739 1444 4792 odas.

204 4823 292 4879 llle
323 4825 593 4896 vaporatis
620 4825 831 4880 aillatus
861 4827 1143 4881 haustibus
1169 4842 1298 4898 erga

205 4913 496 4968 Auetorata
529 4913 714 4969 volans
739 4913 948 4980 altaria,
982 4915 1091 4971 liba
1120 4916 1328 4985 piarum

208 5002 452 5061 Fundere
478 5004 602 5074 jure
627 5020 848 5074 precum
879 5007 1057 5061 studio
1086 5009 1362 5078 satagebat
1393 5007 1610 5061 inormi.

210 5089 361 5150 Unde
388 5095 492 5150 sibi
533 5105 918 5162 prmceptorem
950 5095 1190 5150 lucratus
1216 5098 1282 5150 ad
1314 5094 1570 5165 unguem,

276 5202 424 5277 (295)
464 5203 763 5277 anentum,
803 5205 1116 5260 membrana
1148 5208 1404 5264 interiora
1437 5216 1640 5275 tegens.

213 5273 424 5356 -..θεῷ
461 5273 822 5356 Cliothetrum
857 5289 952 5330 seu
999 5277 1354 5356 cliothedrum
1381 5273 1591 5356 ζ*δεέιιεξθ
1615 5283 1786 5356 plica-

1271 275 1358 329 DE
1395 271 1552 326 VITA
1604 270 1661 326 S.
1705 270 2026 326 WILFRIDI
2062 272 2353 329 EBORAC.
2407 292 2410 296 '

3323 319 3332 328 .
3347 268 3450 324 986

1796 393 1843 448 Α
1873 387 1961 442 Bis
1991 387 2177 442 didicit
2203 389 2313 442 bini
2344 388 2428 458 pia
2469 389 2718 459 dogmata
2745 389 2900 443 docte
2929 385 3137 450 fluenti,

1873 480 2030 534 Ritus
2060 479 2356 548 paschales,
2386 481 2595 534 varium
2623 479 2869 549 lunaeque
2894 492 3197 542 recursum,

1872 569 2201 641 lgnarasque
2230 569 2343 624 suis
2373 569 2604 623 latiatim
2631 585 2761 624 sane
2792 571 3056 624 rubricas.

1874 660 2080 716 Nomen
2111 668 2230 714 erat
2259 669 2409 715 tanto
2435 660 2742 715 Bonifacius
2767 661 2894 715 huic
2920 661 3214 730 pedagogo,

1873 750 2083 806 Profuit
2112 752 2212 805 iste
2239 750 2358 805 viro
2381 751 2630 818 nimium,
2662 766 2822 821 quem
2850 750 3257 821 glorificandum

1875 840 1989 896 Sub
2015 842 2186 896 sacris
2213 856 2367 911 papa:
2394 841 2720 896 venerabilis
2747 841 2952 896 abdidit
2982 841 3103 904 alis,

1874 929 2162 1000 Exponens
2194 930 2380 1000 longos
2408 930 2574 984 animi
2603 929 2859 984 ferventis
2885 943 3103 999 agones.

1873 1019 2084 1091 Quique
2117 1021 2276 1076 fidem
2309 1035 2558 1086 cernens,
2588 1021 2832 1075 dextram
2859 1017 3168 1089 praetendit,
3195 1025 3249 1072 et
3279 1014 3454 1088 ipsum

1875 1111 2123 1168 Liberius
2151 1111 2258 1166 lata
2286 1110 2524 1183 perfudit
2551 1111 2746 1166 blande
2775 1111 2986 1165 charita
3027 1109 3168 1179 (sic).

1877 1205 2063 1260 Fultus
2088 1206 2168 1261 sic
2201 1205 2392 1275 pretiis
2419 1214 2732 1260 sanctorum
2765 1219 2833 1257 ex
2861 1202 3086 1257 artubus
3113 1201 3271 1254 almis

1877 1298 2183 1368 Relliquiis,
2214 1299 2406 1368 pernix
2436 1298 2662 1354 reduces
2687 1313 2849 1367 supra
2883 1295 3168 1351 memorati
3331 1296 3333 1298 ’

1873 1386 2152 1444 Convertit
2180 1403 2395 1458 gressus
2421 1403 2545 1443 cara
2575 1390 2641 1443 ad
2671 1387 2977 1443 habitacula
3010 1386 3203 1456 patris.

1873 1479 2167 1535 Commode
2197 1488 2389 1535 cuncta
2416 1489 2583 1547 meat,
2608 1480 2856 1552 Lugduni
2885 1479 3030 1534 celsa
3057 1477 3348 1534 Subintrat.

1876 1585 1962 1642 VI.
2001 1585 2129 1642 Post
2154 1603 2319 1642 annos
2349 1596 2453 1642 tres
2480 1589 2742 1661 tondetur.
2775 1589 3037 1661 Dalpltino
3065 1605 3222 1653 ca'sa,
3246 1585 3460 1640 Britan-

2486 1660 2629 1713 niam
2663 1661 2866 1731 repetit.

1801 1725 1852 1786 Β
1951 1749 2090 1816 Quid
2118 1764 2332 1805 narrem
2369 1749 2642 1820 lacrymas
2671 1725 2880 1806 alterna
2907 1750 3084 1806 fronte
3108 1746 3389 1819 profusas?

1878 1839 2201 1894 Gaudebant
2227 1840 2409 1904 ambo,
2441 1838 2730 1896 Wilfridus
2757 1856 2942 1896 amore
2965 1849 3214 1910 paterno,

1877 1928 1988 1983 Nec
2011 1929 2192 1984 minus
2219 1929 2333 1999 ipse
2360 1937 2516 2000 pater
2543 1931 2739 1986 dilecto
2767 1933 2993 2002 pignore
3015 1933 3132 1986 viso
3162 1948 3176 1984 :

1878 2017 2156 2088 Quemque
2190 2019 2341 2088 prius
2370 2020 2553 2074 animo
2583 2035 2820 2076 maerens
2845 2021 3056 2076 laxarat
3078 2035 3286 2084 amaro,

1879 2105 2203 2172 Permulcet,
2238 2107 2447 2164 blandis
2475 2109 2612 2164 dans
2641 2111 2791 2165 basia
2817 2118 2966 2164 casta
3000 2110 3241 2165 lacertis.

1879 2195 2036 2251 Nunc
2065 2196 2380 2268 singillatim
2408 2200 2570 2254 modo
2597 2200 2825 2254 miscent
2848 2201 2969 2256 laeta
2982 2201 3243 2256 vicissim.

1880 2283 2018 2339 Sero
2048 2285 2266 2354 quidem
2292 2286 2474 2353 rediit,
2509 2301 2698 2342 verum
2726 2289 2827 2342 tria
2859 2289 3026 2344 lustra
3059 2289 3208 2360 (297)
3226 2289 3433 2360 peregit

1879 2377 2103 2447 Hospite
2121 2393 2246 2432 cum
2276 2378 2479 2448 prisco,
2508 2379 2725 2434 discens
2744 2381 2993 2436 examine
3021 2380 3192 2435 multo
3213 2421 3228 2446 ,

1875 2468 2073 2522 Abdita
2116 2468 2448 2524 multimoda:
2473 2469 2771 2525 scrutarier
2801 2478 2956 2524 antra
2979 2470 3206 2540 sophiae.

1881 2557 2004 2613 Urit
2028 2571 2183 2612 amor
2202 2556 2483 2627 juvenem,
2510 2573 2611 2614 nec
2636 2553 2813 2614 tardat
2838 2568 2990 2630 grata
3021 2559 3239 2629 cupido,

1880 2647 2128 2704 Occuluit
2154 2647 2300 2718 quod
2328 2657 2467 2704 tecta
2494 2649 2584 2720 pio
2615 2651 2952 2720 synthemate
2981 2650 3154 2704 virtus

1881 2737 2137 2794 Prodere.
2171 2738 2306 2793 Nam
2328 2740 2515 2796 crines
2536 2755 2748 2795 summo
2774 2741 2841 2795 de
2869 2741 3072 2796 vertice
3097 2754 3288 2809 passos

1881 2834 2164 2890 Pontificis
2197 2835 2388 2890 dextra
2409 2834 2644 2904 primum
2676 2834 2931 2889 titulante
2956 2833 3183 2898 recidit,

1875 2927 2094 2998 Optans
2107 2927 2334 2982 viviﬁcae
2353 2927 2638 2982 sustollere
2664 2928 2857 2996 stigma
2891 2942 3126 2990 coronae.

1889 3015 2211 3084 Archipater
2239 3017 2438 3086 gaudet
2467 3016 2724 3071 heredem
2757 3025 2950 3070 nactus
2973 3015 3212 3085 opimum
3239 3054 3254 3078 ,

1887 3107 1983 3162 Cui
2011 3117 2175 3176 queat
2201 3108 2440 3162 eudoxas
2475 3109 2716 3164 moriens
2741 3108 3082 3166 committere
3112 3105 3318 3161 caulas.

1879 3197 2102 3252 Arbiter
2129 3207 2216 3252 ast
2244 3213 2429 3253 rerum
2457 3199 2810 3267 praesciverat
2841 3199 2984 3251 hunc
3011 3198 3268 3251 aliorsum

1884 3285 2114 3343 Vomere
2135 3288 2373 3344 salvilico
2400 3289 2610 3344 sulcare
2641 3290 2852 3354 novalia
2880 3288 3119 3344 Christo.

1883 3377 2212 3434 Francorum
2243 3387 2355 3432 tum
2389 3377 2734 3434 fortescelus
2759 3379 3067 3432 vastissima
3090 3376 3260 3446 pestis

1879 3469 2148 3538 Augebat,
2179 3469 2410 3523 Balthild
2433 3470 2633 3538 regina:
2659 3473 2876 3523 nomine
2903 3467 3097 3538 pistrix
3125 3467 3296 3538 (298),

1883 3559 2000 3613 Ulla
2021 3559 2170 3613 velut
2193 3557 2409 3613 fervens
2434 3560 2607 3629 stygia
2640 3558 2863 3628 fuligine
2889 3565 3030 3612 tosta

1883 3651 2121 3706 Instabat
2151 3650 2348 3704 laceris
2377 3650 2528 3720 agios
2557 3649 2762 3704 laniare
2796 3639 3038 3719 creagris
3069 3647 3240 3720 (299).

1883 3741 2002 3794 Non
2036 3749 2283 3796 nostrum
2307 3740 2519 3795 facinus
2547 3747 2723 3794 metro
2757 3737 3062 3794 discludere
3093 3746 3323 3792 tantum.

1884 3830 2140 3886 Ecclesiae
2164 3845 2354 3885 novem
2371 3829 2668 3884 violaverat
2683 3843 2815 3884 ense
2833 3838 3092 3900 patronos
3114 3826 3468 3900 [episcopos],

1885 3921 1981 3978 His
2004 3921 2130 3977 licet
2159 3920 2426 3991 exceptis,
2457 3935 2593 3990 quos
2622 3936 2730 3975 non
2753 3922 2899 3991 capit
2925 3934 3016 3976 ars
3045 3920 3360 3975 numeralis.

1886 4015 2090 4070 Horum
2117 4014 2375 4084 praefatus
2403 4013 2522 4067 sine
2549 4028 2679 4068 casu
2706 4013 2951 4068 criminis
2979 4027 3140 4076 unus,

1886 4107 2163 4164 Dalwinus
2197 4105 2378 4160 fuerat
2403 4104 2590 4170 verbo,
2627 4119 2706 4169 re,
2743 4118 2945 4172 speque
2964 4103 3179 4168 beatus,

1884 4197 2055 4264 Quem
2095 4197 2211 4251 fera
2240 4194 2521 4249 multatrix
2555 4193 2838 4248 lictoribus
2873 4191 3167 4260 impietatis

1883 4287 2103 4342 Addixit
2131 4300 2310 4340 saevas
2334 4285 2608 4340 mucronis
2647 4285 2881 4353 pendere
2903 4297 3114 4352 poenas.

1815 4407 1859 4463 ο
1887 4377 1951 4432 lli
1984 4393 2108 4432 mox
2135 4384 2421 4432 arcessunt
2449 4373 2828 4442 crudeliajura
2855 4371 3117 4437 furentis,

1893 4467 2178 4522 Multivolaa
2203 4465 2413 4521 Domini
2440 4463 2633 4529 heluat,
2666 4477 2828 4532 quam
2847 4463 2967 4532 jura
3005 4463 3166 4518 tueri.

1895 4561 2033 4630 Ergo
2064 4567 2254 4629 petens
2274 4557 2378 4612 diri
2408 4555 2688 4626 praefixum
2721 4571 2962 4611 scamma
2995 4555 3178 4622 duelli,

1894 4650 2120 4719 Accepit
2155 4650 2386 4711 socium,
2420 4661 2580 4716 quem
2612 4647 2822 4703 fecerat
2845 4655 2971 4701 ante
2991 4645 3373 4715 propinquum.

1895 4743 2132 4798 llennuit
2159 4743 2275 4811 ipse
2299 4750 2496 4802 tamen,
2533 4740 2658 4794 huic
2686 4755 2752 4794 ne
2774 4738 2916 4794 foret
2937 4737 3116 4792 exitus
3145 4736 3309 4792 idem.

1897 4838 1986 4891 Sic
2015 4835 2177 4889 Pater
2197 4845 2458 4890 aeternam
2481 4835 2675 4887 sumsit
2697 4831 2978 4888 moriendo
3003 4841 3268 4888 coronam
3319 4864 3339 4892 .

1895 4927 2066 4982 Filius
2094 4935 2148 4979 et
2177 4924 2346 4980 fortes
2374 4924 2510 4978 vixit
2548 4923 2828 4978 tolerando
2860 4921 3095 4982 labores,

1893 5021 2028 5072 Cum
2061 5029 2297 5073 mmrore
2321 5015 2471 5086 gravi
2497 5015 2740 5069 condivit
2763 5015 2954 5068 funera
2984 5009 3138 5063 caesi.

1893 5108 2148 5164 Protinus
2181 5109 2297 5180 ipse
2325 5121 2524 5178 parans
2558 5107 2711 5161 reddi
2737 5106 3009 5162 natalibus
3035 5101 3163 5159 oris
3207 5155 3236 5184 ‘

1895 5294 1938 5349 Ε
1971 5218 2118 5343 (ῗ97)
2145 5219 2203 5276 ld
2244 5229 2330 5278 est
2363 5227 2472 5272 tres
2493 5223 2760 5271 annorum
2799 5225 3082 5276 recursus,
3137 5230 3256 5284 ex
3299 5199 3442 5266 Deda
3485 5201 3539 5246 ει

1941 5310 1992 5346 at
2017 5304 2188 5344 mero;
3343 5345 3353 5349 -

1941 5304 2188 5346 aumcro;
