3964 5356
479 233 579 290 9S7

477 347 780 402 tseruleum
802 349 1006 405 rapidis
1028 348 1272 404 sulcabat
1296 347 1465 404 Nerea
1503 355 1699 420 [utarei
1725 344 1907 400 remis.

481 437 688 490 Littora
725 437 864 492 felici
889 446 1113 507 patuere
1141 438 1375 494 salubria
1407 453 1591 493 cursu.

485 547 592 601 VII.
630 546 841 617 Regiam
872 550 1001 603 adit.
1030 550 1075 603 Α
1117 566 1232 620 rege
1255 550 1450 632 pragdia
1474 549 1661 619 accipit
1686 558 1736 602 et
1779 547 1828 602 11
1838 546 2056 617 Rtpense

1072 631 1469 673 monasterium.

553 707 752 762 Fasces
777 708 986 778 imperii
1013 723 1166 779 reges
1195 717 1306 764 tum
1335 708 1474 764 forte
1502 707 1735 779 gemelli,

480 798 719 852 Alfridus
744 799 1077 868 imperitans,
1109 816 1210 854 una
1239 801 1450 870 genitor
1477 798 1636 854 simul
1659 797 1839 854 Oswiu
1859 837 1875 863 ,

482 887 708 942 Fredere
741 891 980 944 consorti
1012 891 1306 946 servabant
1330 893 1572 960 scitaquc
1597 889 1761 960 vulgi,

469 977 524 1028 Ἀ
534 977 745 1033 rdentes
758 979 952 1034 animis
963 980 1115 1036 subdi
1131 981 1438 1036 caelestibus
1451 980 1658 1051 orgiisli
1667 977 2054 1050 .e.mysteriis].

483 1067 591 1122 Nec
620 1071 796 1137 potuit
829 1070 1052 1126 latebris
1087 1072 1210 1127 abdi
1241 1072 1326 1126 fax
1356 1074 1518 1127 missa
1550 1072 1819 1129 nefandis.

482 1156 602 1210 Mox
627 1173 880 1226 proceres
906 1160 1049 1215 inter
1074 1162 1413 1216 rumusculus
1443 1162 1577 1216 exiit
1601 1163 1756 1227 aulae,

482 1247 703 1302 Scilicet
733 1249 1051 1306 adventasse
1077 1252 1250 1306 virum
1278 1252 1472 1306 virtute
1500 1253 1734 1323 vigetum
1762 1293 1778 1318 ,

481 1335 694 1405 Optima
723 1337 1008 1409 clavigeris
1037 1341 1126 1410 qui
1149 1340 1296 1395 fatur
1318 1343 1568 1412 dogmata
1602 1343 1745 1399 cmli.

481 1425 698 1496 Regalis
727 1442 856 1484 sane
884 1430 1048 1484 subiit
1078 1433 1361 1500 proscenia
1395 1432 1582 1496 fundi,

479 1513 590 1568 Pax
613 1516 791 1571 domui
824 1528 970 1582 tunc,
1001 1520 1138 1587 iniit,
1163 1522 1308 1588 huic,
1339 1523 1646 1595 captimque
1676 1522 1916 1594 loquelas

481 1603 702 1660 Tractat
725 1609 1076 1676 evangelicas,
1104 1627 1241 1681 quas
1276 1611 1452 1669 indice
1482 1614 1690 1668 discere
1715 1615 1932 1669 Christo

480 1693 806 1765 Promeruil,
837 1700 958 1756 latze
981 1715 1273 1772 penetrans
1303 1706 1580 1776 gymnasia
1609 1705 1811 1769 nonne,

480 1786 716 1856 Quasque
741 1790 840 1844 sub
867 1795 1074 1862 argutis
1095 1803 1446 1866 congesserat
1469 1795 1668 1865 optima
1698 1794 1884 1850 Gallis.

478 1877 751 1933 Attonitus
776 1882 1004 1949 stupidis
1025 1886 1278 1954 princeps
1305 1887 1647 1940 sermonibus
1673 1886 1837 1948 ultro,

481 1966 595 2022 Non
631 1971 822 2038 puduit
850 1973 1040 2040 glauco
1073 1976 1250 2030 telluri
1286 1978 1521 2032 stcrnier
1546 1986 1715 2044 ostro,

479 2054 584 2108 Ore
612 2069 798 2127 petens
823 2064 928 2130 agii
960 2063 1242 2119 confestim
1270 2080 1329 2119 se
1355 2066 1621 2121 benedici.

478 2147 743 2218 Explevit.
771 2151 905 2206 Cum
942 2169 1066 2223 rege
1095 2170 1341 2222 manens,
1365 2166 1450 2211 sat
1473 2156 1636 2210 multa
1667 2157 1899 2228 benigno

478 2239 722 2296 Obtinuit
752 2243 947 2298 merito
973 2247 1245 2314 pecuaria,
1271 2248 1495 2316 praedia,
1526 2263 1746 2313 census,

475 2329 652 2398 Atque
675 2332 1060 2386 monasterium
1087 2333 1235 2404 (500)
1265 2335 1471 2406 vulgari
1493 2336 1712 2392 nomine
1740 2335 1961 2405 IIRipis.

477 2419 578 2486 Qui
593 2435 697 2474 non
709 2431 904 2477 aeratas
917 2424 1151 2479 instabat
1163 2427 1397 2481 condere
1413 2442 1595 2497 gazas,

477 2510 704 2580 Dapsilis
731 2524 817 2568 ast
842 2514 1080 2582 cunctis,
1114 2517 1315 2573 dedans
1344 2517 1618 2574 hermenia
1650 2521 1995 2592 (5011⁸)ν11ω,

477 2602 810 2671 Pauperibus
834 2605 1012 2674 largas
1040 2609 1314 2676 praebebat
1336 2609 1557 2664 sedulus
1582 2624 1759 2678 escas,

476 2691 734 2762 Exemplo
762 2695 1004 2762 pendens
1033 2697 1236 2767 cogitet
1262 2697 1390 2767 quid
1417 2698 1641 2768 spiritus
1691 2702 1907 2756 ardens.

479 2802 609 2856 VIII.
647 2802 725 2856 Ab
748 2803 1044 2873 As'gilberto
1063 2803 1215 2860 Gallo
1227 2808 1466 2878 episcopo
1478 2810 1742 2878 presbyter
1755 2809 2052 2864 ordinatur.

549 2894 835 2949 Materiem
864 2895 1012 2950 fandi
1041 2897 1192 2952 dabit
1221 2899 1416 2954 amodo
1443 2901 1612 2969 gratia
1648 2901 1805 2955 tanti.

475 2982 682 3037 Interea
707 2985 891 3038 Borea:
916 2988 1110 3055 praesul
1139 2987 1381 3044 defertur
1411 2989 1480 3044 ab
1505 2991 1636 3045 oris.

475 3072 807 3144 IEgilbertus
835 3085 972 3142 erat,
1002 3079 1261 3134 doctrina:
1292 3081 1485 3135 robore
1508 3090 1738 3146 mactus,

476 3163 701 3218 Astabat
725 3165 970 3229 ducibus,
1001 3168 1233 3223 suadens
1257 3183 1378 3238 qua:
1406 3171 1628 3224 mandat
1650 3168 1827 3227 Jesns.

475 3253 525 3306 Is
555 3267 680 3308 mox
707 3252 940 3308 Wilfridi
967 3255 1132 3309 vitam
1166 3259 1526 3329 meritumque
1556 3261 1764 3314 notavit

478 3344 835 3415 Priecipuum.
864 3349 1126 3404 Sermone
1156 3353 1308 3408 ducis
1331 3353 1596 3408 sententia
1624 3350 1814 3419 fertur,

479 3435 622 3490 Utile
649 3452 935 3506 personam
963 3441 1222 3510 gradibus
1253 3441 1504 3497 donando
1531 3441 1682 3497 beari

477 3525 701 3591 Divinis,
733 3543 894 3594 quam
917 3545 1021 3584 non
1053 3531 1270 3587 hebetet
1295 3547 1524 3587 censura
1552 3532 1828 3602 palustris.

476 3615 686 3686 Allegat
717 3618 910 3684 prtesnl
946 3619 1120 3676 facilis
1153 3639 1166 3675 :
1200 3638 1389 3677 verum
1421 3623 1510 3676 ille
1531 3621 1767 3689 juventa:

480 3705 754 3760 Excursus
781 3708 1030 3777 trepidat,
1057 3725 1123 3763 118
1157 3710 1337 3766 forsan
1365 3711 1580 3766 mobilis
1609 3721 1741 3766 tetas

481 3795 820 3866 Praecipitem
860 3814 1040 3868 prava:
1069 3802 1313 3856 retrahat
1338 3817 1434 3870 per
1463 3811 1708 3870 competa
1737 3812 1918 3857 secta).

480 3884 721 3942 Tandem
743 3888 876 3943 colla
898 3889 1026 3960 jugo
1054 3892 1286 3947 subdens
1310 3893 1513 3947 delecta
1542 3895 1729 3962 petito,

478 3973 696 4032 Ordinis
712 3988 926 4047 aptatur
949 3977 1142 4036 caalebs
1167 3981 1221 4034 in
1249 3982 1453 4036 honore
1475 3983 1693 4037 secundi
1713 3983 1771 4054 [i.
1797 4000 1843 4036 e.
1868 3999 2052 4038 sacer-

1783 4072 1981 4146 [118111].

481 4159 615 4212 Τ11111
659 4160 828 4230 magis
852 4171 1011 4231 atque
1048 4163 1217 4231 magis
1241 4162 1418 4218 fructu
1451 4163 1673 4220 meliore
1711 4180 2052 4235 gravescens,

484 4250 788 4306 Sufficicbat
813 4269 980 4308 ovans
1003 4254 1213 4308 cunctis
1242 4256 1565 4310 documenta
1595 4255 1803 4312 salutis.

1501 228 1870 290 FRIDEGODI
1910 226 2216 285 MONACIII
2257 223 2684 281 BENEDICTINI

2078 353 2124 412 Α
2153 341 2388 396 Scottica
2404 340 2576 410 plebs,
2598 351 2652 394 et
2680 339 2827 394 Picta
2850 338 3062 405 cohors,
3080 335 3376 407 vulgusque
3388 331 3720 386 Britannum-

2082 3033 2126 3095 C

3628 217 3720 272 988

2159 430 2296 484 Ilinc
2326 429 2503 498 regale
2535 429 2718 493 decus,
2749 427 3208 497 ephmborumque
3237 420 3461 490 manipli
3486 461 3502 482 ,

2159 521 2337 575 Turba
2361 535 2573 583 senum.
2601 519 2799 589 praesul
2826 518 3062 574 violento
3083 517 3296 572 deditus
3321 514 3487 568 Euro.

2159 614 2318 669 Stant
2343 614 2488 669 acies
2513 613 2677 667 dubio
2700 611 2950 667 certatim
2979 609 3084 663 ﬁne
3107 615 3352 670 retentae,

2159 705 2374 761 Publica
2403 704 2624 759 declivte
2649 704 2789 757 lium
2811 701 3041 756 divortia
3067 699 3229 754 Iume.

2229 797 2355 852 Inde
2385 795 2582 865 loquax
2611 795 2800 866 positae
2831 792 3124 848 Colmanus
3148 789 3436 859 episcopus
3468 782 3694 844 umbrtc,

2159 887 2260 941 Dat
2282 893 2546 956 prmcepta
2568 883 2718 954 prior
2741 881 2922 938 subito
2944 880 3162 950 lapsura
3185 877 3426 948 fragore.

2158 977 2266 1030 Nos
2295 975 2490 1030 seriem
2521 975 2749 1045 patriam
2775 1015 2790 1040 ,
2839 988 2945 1027 non
2979 970 3168 1026 frivola
3212 969 3416 1037 scripta
3467 973 3731 1023 tenemus,

2160 1066 2434 1136 Discipulo
2457 1065 2674 1121 Eusebii
2701 1064 2996 1134 Polycarpo
3028 1063 3189 1116 dante
3206 1057 3452 1113 Joannis.

2157 1160 2250 1214 Ille
2275 1159 2476 1214 etenim
2503 1158 2586 1213 bis
2617 1167 2853 1228 septena:
2886 1157 2985 1211 sub
3012 1164 3252 1224 tempore
3291 1148 3508 1220 phoebte
3534 1186 3551 1209 ,

2159 1249 2417 1305 Sanctum
2443 1248 2676 1320 praeﬁxit
2703 1249 2860 1304 nobis
2894 1247 3010 1302 fore
3037 1245 3244 1300 Pascha
3270 1239 3564 1296 colendum
3602 1255 3616 1288 :

2158 1341 2334 1410 Atque
2366 1337 2517 1393 nefas
2546 1338 2717 1404 dixit,
2745 1337 2791 1392 si
2815 1337 2936 1407 quis
2959 1334 3231 1391 contraria
3258 1331 3446 1386 sentit.

2161 1431 2324 1485 Docte
2351 1429 2568 1498 quidem
2599 1443 2808 1484 morem
2837 1441 3068 1482 narrans
3091 1421 3388 1492 depromsit
3417 1418 3656 1479 avitum,

2163 1520 2360 1589 Utpote
2386 1519 2674 1589 praeterita:
2705 1517 2948 1573 recolens
2973 1515 3226 1585 choragia
3257 1527 3370 1566 zoae
3397 1505 3599 1582 [sine].

2161 1609 2269 1666 Sed
2297 1625 2406 1664 non
2437 1609 2664 1678 aequatis
2686 1605 2940 1678 appendit
2961 1605 3206 1659 lancibus
3229 1599 3374 1670 aequi

2089 1695 2134 1756 Β
2163 1704 2509 1758 Testamenta
2536 1702 2653 1769 Dei,
2683 1702 2829 1757 veris
2849 1708 3062 1769 aequata
3091 1694 3415 1768 cbylindris.
3524 1757 3534 1764 ι

2159 1795 2494 1852 Condoluere
2516 1794 2726 1860 Patres,
2755 1808 2899 1849 caeco
2933 1792 3058 1861 quia
3083 1788 3305 1842 numine
3339 1783 3547 1839 fratres

2159 1885 2416 1939 Nitnntur
2439 1883 2632 1938 validis
2671 1883 2934 1938 tabularia
2966 1879 3159 1934 menda
3189 1875 3354 1938 tueri,

2158 1972 2416 2029 Obicibus
2442 1971 2627 2028 faciles
2659 1986 2761 2027 nec
2797 1971 2996 2026 cedunt
3027 1980 3184 2038 posse
3209 1963 3398 2019 refelli.

2232 2083 2468 2138 1181811111
2493 2083 2650 2152 jussu
2679 2081 2869 2138 clivosi
2899 2079 3136 2135 tramitis
3163 2086 3291 2145 atqu

2158 2173 2450 2229 Anfractus
2481 2174 2705 2228 lubrica:
2729 2173 3025 2244 prudenter
3052 2168 3205 2225 devia
3233 2176 3402 2221 secta!

2164 2265 2453 2322 Wilfridus
2481 2266 2678 2336 legitur
2703 2264 3074 2335 spermologus
3102 2269 3222 2315 arte
3249 2256 3434 2326 sagaci

2156 2358 2388 2420 Pellere,
2418 2367 2542 2412 nota
2565 2357 2864 2427 peregrinae
2889 2356 2974 2411 cui
3001 2354 3200 2407 famina
3223 2350 3442 2420 glossae.

2158 2449 2299 2505 IIinc
2328 2449 2520 2503 dubios
2553 2449 2697 2502 inter
2725 2461 2928 2502 cuneos
2954 2455 3141 2500 orator
3163 2443 3391 2496 adorsus
3418 2453 3435 2490 :

2159 2540 2266 2595 Ter
2297 2548 2515 2596 centum
2546 2537 2767 2594 memini
2807 2545 2886 2592 ter
2907 2549 3067 2591 senos
3100 2543 3263 2603 atque
3283 2537 3568 2602 gerontas,

2155 2632 2402 2701 Limpida
2425 2630 2693 2686 collectim
2722 2628 2916 2684 Nicaeae
2942 2624 3191 2695 exempla
3222 2623 3435 2676 tulisse.

2156 2722 2288 2790 Qua:
2316 2722 2362 2777 si
2393 2721 2744 2792 perSpiciant,
2773 2731 2897 2772 mox
2925 2714 3258 2770 eluctabitur
3280 2711 3468 2766 omnis

2156 2814 2388 2870 Desidiae
2417 2813 2653 2876 scabies,
2688 2811 2856 2866 torvis
2882 2808 3028 2863 illata
3058 2803 3354 2876 chelydris.

2157 2907 2427 2962 Metarunt
2452 2905 2653 2959 etenim
2687 2912 2769 2956 ter
2793 2902 2909 2956 seni
2938 2902 3180 2955 themata
3205 2895 3344 2967 cycli

2156 2996 2214 3050 In
2245 3010 2365 3051 sese
2387 2993 2585 3048 refluos
2603 2993 2793 3063 juncto
2823 2989 3053 3044 monade
3077 3001 3354 3042 recursus.

2159 3086 2258 3141 1118
2289 3093 2436 3140 tenet
2460 3104 2472 3137 :
2500 3084 2710 3156 ignorat
2733 3082 2828 3136 sed
2852 3081 2994 3136 hunc
3014 3094 3146 3150 gens
3174 3078 3354 3148 indiga
3387 3077 3528 3140 veri.

2157 3177 2458 3232 Caecutiens
2486 3175 2646 3244 lippis
2667 3173 2798 3243 quid
2822 3171 3003 3227 differt
3027 3170 3237 3224 discere
3265 3167 3478 3222 ocellis.

2227 3267 2468 3330 Dixerat,
2494 3264 2719 3320 effertur
2746 3263 3014 3333 legionum
3045 3259 3204 3315 valde
3229 3260 3438 3312 favore.

2155 3357 2320 3411 Addit
2340 3363 2604 3424 praeterea
2631 3354 2792 3424 plano
2823 3365 3076 3408 sermone
3102 3348 3352 3419 profatus
3380 3365 3392 3399 :

2157 3447 2284 3500 Huic
2312 3447 2532 3499 immota
2567 3451 2788 3498 manent
2807 3451 3032 3496 cunctos
3062 3437 3280 3493 oracula
3309 3437 3478 3492 soles.

2159 3535 2336 3604 Stirps
2363 3551 2717 3606 quaecumque
2739 3533 2882 3588 volet
2912 3534 3048 3586 lixns
3071 3531 3358 3586 obvertere
3383 3528 3540 3584 lines.

2157 3629 2380 3682 Tartara
2409 3625 2745 3680 flammiferis
2776 3625 2999 3680 sudibus
3023 3622 3124 3676 sub
3147 3621 3342 3676 acerba
3369 3630 3602 3673 rotetur.

2158 3719 2275 3786 Quo
2306 3719 2453 3773 dicto
2476 3718 2628 3771 siluit
2661 3716 2936 3785 Princeps,
2960 3715 3193 3782 canique
3215 3726 3487 3781 sequaces

2154 3810 2372 3880 Frigida
2409 3809 2685 3863 convulsis
2717 3807 2983 3861 vexabant
3014 3813 3233 3874 pectora
3265 3803 3484 3872 pugnis.

2159 3899 2400 3956 Solvitur
2429 3899 2482 3954 in
2513 3907 2763 3953 tenerum
2799 3895 3086 3952 confestim
3111 3891 3301 3948 concio
3329 3890 3561 3944 luctum.

2227 3988 2408 4043 Dulcia
2433 3995 2554 4057 post
2585 3987 2854 4042 modicum
2885 3998 2982 4040 rex
3011 3982 3159 4037 mitis
3190 3980 3412 4052 protulit
3439 3997 3540 4034 ora
3569 3999 3585 4032 :

2155 4080 2426 4136 Condecet
2457 4078 2588 4133 eniti
2621 4077 2798 4148 poenis
2825 4073 3151 4130 Acherontis
3180 4071 3389 4134 adusti,

2157 4169 2450 4237 Exemptas
2473 4168 2636 4238 justis
2666 4176 2875 4222 mentes
2903 4165 3136 4220 miscere
3163 4162 3423 4222 suadelis,

2155 4261 2352 4324 Dicite,
2377 4275 2585 4329 quieso,
2621 4259 2813 4313 Patres
2843 4256 2909 4329 [f.
2949 4253 3095 4326 fidei]
3133 4253 3350 4308 fervore
3373 4241 3640 4313 calentes,

482 4361 576 4418 IX.
607 4361 892 4418 Scltismate
916 4367 1130 4420 exhorlo
1159 4368 1222 4420 de
1255 4366 1533 4440 Paschate,
1564 4369 1847 4440 Wilfridus
1871 4369 2051 4426 Scalas
2079 4377 2130 4435 ι)
2157 4349 2427 4418 Numquid
2457 4348 2758 4440 Olympiae?
2785 4347 2954 4440 _Pe_lf0
2983 4345 3104 4440 fluis
3132 4342 3309 4411 maio"
3339 4340 3394 4394 ί¹¹
3424 4342 3602 4440 Pu“?

1148 4439 1380 4492 revincit.

552 4523 681 4581 Orta
696 4524 888 4579 dehinc
908 4528 1072 4595 pestis
1087 4528 1204 4597 (501
1218 4530 1514 4598 )geminum
1529 4530 1779 4586 discludit
1799 4533 1848 4586 in
1865 4533 2049 4586 orbem

485 4617 762 4672 Unicolain
788 4632 928 4673 verae
957 4619 1078 4674 111181
1112 4630 1195 4675 sat
1220 4623 1463 4676 morbide
1493 4621 1722 4690 plebem.

486 4708 727 4775 Dumque
755 4717 988 4762 tremunt
1029 4710 1193 4763 bifido
1225 4720 1492 4780 corruptae
1514 4712 1803 4766 schismate
1831 4725 2012 4781 partes
2035 4757 2048 4780 ,

486 4799 594 4852 Eoo
624 4800 801 4855 coiere
827 4801 1006 4867 simul,
1030 4802 1200 4870 gelida
1231 4803 1326 4857 sed
1353 4811 1407 4854 et
1435 4802 1626 4866 Arcto,

547 4908 698 4978 (500)
730 4909 847 4963 Non
877 4910 1261 4965 monasterium
1281 4952 1295 4977 ,
1350 4912 1444 4966 sed
1473 4914 1785 4968 monasterii
1822 4915 1997 4969 locum
2031 4957 2043 4979 ,

483 4994 640 5047 quem
665 4979 973 5055 Alchfridus
1000 4981 1157 5048 paulo
1186 4991 1310 5035 ante
1335 4983 1531 5055 eisqui
1556 4982 1742 5038 Scotos
1767 4986 2052 5055 sequeban-

482 5063 567 5101 tur
593 5089 607 5111 ,
659 5049 714 5100 in
743 5053 1115 5117 possessionem
1135 5049 1676 5106 monasterii‘dederat
1702 5093 1716 5117 ,
1749 5049 1882 5108 teste
1911 5055 2047 5107 Beda

483 5119 536 5171 in
558 5119 663 5190 lib.
697 5133 754 5171 111
792 5133 913 5190 cap.
944 5119 1034 5173 9.5.
1065 5121 1140 5174 Eo
1187 5122 1238 5174 in
1267 5120 1386 5176 loco
1414 5132 1600 5190 postea
1629 5122 1913 5176 Wilfridns
1942 5138 2054 5178 co:-

482 5187 700 5239 nobium
754 5189 1258 5260 adiﬁcavititllnde
1294 5187 1485 5260 ipsc'in
1521 5193 1748 5260 epistola
1794 5194 1859 5245 ad
1891 5194 2055 5246 Joan-

484 5268 606 5354 ginem
636 5271 830 5354 papam
857 5260 997 5336 apud
1025 5259 1364 5354 )Villoc'ltnuin
1445 5259 1902 5354 Egonngnnsteria
1936 5263 2053 5356 rduo

1145 5327 1283 5354 θέω-ἔ-
1315 5340 1353 5354 ιιι
1380 5329 1420 5354 u

511 5341 536 5354 η
567 5340 624 5354 an
639 5329 902 5354 κοοηοιίκοῖη
923 5329 1053 5354 Mla-:0

2161 4440 2330 4504 Quem
2364 4454 2462 4494 nos
2491 4445 2546 4492 et
2570 4438 2735 4507 prisci
2766 4436 2965 4491 dudum
3002 4433 3182 4503 legere
3218 4431 3460 4500 tyranni.

2159 4529 2238 4583 An
2268 4528 2617 4584 Columcbilla
2647 4527 2794 4599 (502)
2821 4542 2927 4596 quo
2948 4525 3100 4595 plebs
3127 4523 3368 4578 infausta
3403 4523 3668 4592 superbit?

2162 4619 2406 4690 Synodus
2427 4619 2564 4674 elata
2593 4617 2870 4689 respondit
2891 4631 3024 4672 voce
3053 4616 3210 4671 beata
3238 4633 3250 4668 :

2160 4712 2351 4766 Petrus
2386 4711 2453 4764 ab
2479 4709 2774 4764 altitlirono
2804 4708 3034 4762 donatus
3063 4707 3310 4758 desmate
3343 4703 3496 4772 (505)
3534 4701 3675 4762 Iesu,

2162 4802 2354 4857 Didicit
2383 4802 2587 4871 ignava-2
2615 4797 2920 4869 torquentia
2957 4796 3071 4850 lora
3099 4802 3362 4857 senectae,

2149 4929 2242 4983 pra
2267 4913 2588 4983 Eboracum,
2616 4911 2756 4964 inter
2769 4909 2928 4983 Utum
2953 4917 3006 4961 et
3028 4904 3222 4960 Scketf
3240 4904 3526 4960 fluviolum
3551 4905 3727 4958 locato.

2235 4980 2510 5052 (50010111
2541 4991 2614 5052 est
2646 4979 3028 5052 egposiliones.

2224 5044 2370 5120 (501)
2396 5044 2560 5120 ’1111118
2581 5051 2645 5104 118
2671 5044 2932 5120 Paschate
2964 5044 3402 5100 controversiam
3435 5045 3546 5100 late
3575 5045 3728 5098 refert

2157 5118 2297 5176 Beda
2320 5120 2373 5173 in
2404 5119 2497 5172 lib.
2529 5135 2610 5183 111,
2639 5135 2758 5188 cap.
2794 5118 2884 5172 25.

2227 5189 2375 5259 (502)
2403 5189 2494 5244 Sic
2521 5189 2634 5242 fere
2669 5184 2994 5259 Columbam
3009 5184 3262 5239 abbatem
3295 5195 3354 5239 et
3399 5186 3729 5259 conditorem

2157 5253 2392 5314 Hiiensi's
2433 5259 2743 5312 monasterii
2774 5255 3146 5354 appellabant,
3203 5263 3449 5307 testante
3502 5255 3634 5307 Beda
3683 5253 3729 5304 in

2155 5329 2400 5356 n:-.....:....
2432 5328 2502 5354 In.
2555 5343 2585 5354 ..
2617 5343 2710 5354 ιη...
2764 5328 2828 5354 ιη
2890 5326 2931 5354 1η
2959 5324 3132 5354 nmmo
3163 5342 3175 5352 .
3213 5323 3322 5354 n...
3359 5324 3601 5354 ιάδοιέριο
3635 5322 3727 5354 Ιή-

2277 5329 2400 5354 ληξηη
2432 5328 2502 5354 111,
2555 5343 2585 5354 ..
2617 5343 2710 5354 Ann
2764 5323 2828 5354 111
2848 5323 2931 5354 ιδ..
2959 5324 3132 5354 νην-ὶκῖη
3163 5342 3175 5352 .
3213 5323 3322 5354 (Iug
3359 5324 3601 5354 ..ἕλκημα
