3964 5356
138 191 239 247 980

1223 187 1313 243 DE
1349 185 1507 243 V’lTA
1549 183 1609 240 S.
1664 183 1988 242 WILFRIDI
2025 186 2322 242 EBORAC.

3296 192 3402 249 990

141 299 784 373 Suscipitelisiisjustum
799 298 1096 369 spiramina
1121 295 1716 370 zetis[mansionibus],
1748 304 1792 360 Α
1821 295 2108 350 Candidnli
2139 296 2372 364 primum
2403 297 2636 353 renitent
2665 299 2920 353 ornacula
2948 298 3065 363 lini,

145 395 341 463 Utpote
365 392 613 448 caelestes
643 391 884 447 retinens
909 407 1010 464 pro
1043 407 1267 447 munere
1289 392 1486 447 claves.

141 485 318 545 Hunc.
344 484 540 553 inquit,
566 483 772 553 plebes,
799 483 942 538 hunc
969 484 1342 554 amplexemur
1365 492 1420 539 et
1454 498 1662 546 omnes,

139 573 217 630 Ne
243 589 350 628 non
382 573 562 628 vitalis
589 574 861 641 pandatur
886 574 1030 644 regia
1059 574 1259 642 templi.

141 665 255 720 Rex
295 664 396 728 ait,
429 673 486 718 et
515 664 644 718 victi
674 673 952 718 cesserunt
977 663 1220 734 improbe
1249 663 1408 728 Picti,

139 761 542 830 Colmanusque
567 776 695 816 suas
721 760 979 832 inglorius
1005 761 1190 831 abiicit
1218 775 1401 824 arces,

138 849 346 904 Ilalens
371 851 640 905 Ausonias
659 851 836 905 victus
862 849 1156 905 dissolvere
1182 849 1348 919 leges.

214 960 280 1014 X.
323 959 555 1014 Eboraci
582 961 890 1031 designatur
917 962 1206 1030 episcopus.
1245 959 1313 1015 In
1340 958 1516 1015 Gallia
1541 961 1649 1014 vult

804 1031 1062 1084 ordinari.

208 1145 378 1200 Auxit
403 1145 630 1215 rorigeri
662 1158 760 1214 per
783 1158 940 1213 quem
965 1145 1129 1199 micat
1154 1153 1335 1200 astrea
1366 1143 1489 1199 creti

141 1237 377 1292 Victoris
401 1238 697 1306 specimen,
724 1250 886 1306 quem
911 1234 1024 1303 jam
1053 1237 1428 1292 transvexerat
1451 1233 1660 1305 Alpem.

133 1329 270 1383 Nam
301 1337 589 1398 postquam
615 1328 763 1383 dicto
793 1328 950 1382 sedes
981 1328 1198 1381 viduata
1223 1336 1478 1396 patrono;

129 1418 394 1474 Consulto
420 1418 604 1489 Regis,
637 1433 845 1473 necnon
878 1419 1183 1473 hortamine
1209 1419 1406 1488 plebis,

129 1511 327 1565 Lactea
359 1511 642 1580 suspensis
673 1511 767 1580 qui
795 1510 1036 1578 praebeat
1063 1510 1230 1564 ubera
1262 1509 1504 1564 mandris
1523 1549 1538 1572 ,

126 1599 442 1655 Wilfridnm
469 1601 643 1668 patria
670 1609 962 1654 creverunt
988 1614 1122 1655 voce
1146 1599 1430 1671 legendum
1452 1639 1467 1664 ,

128 1687 260 1742 Lilia
301 1689 609 1758 suppressis
631 1696 685 1743 et
715 1689 859 1742 non‘t
879 1703 1094 1744 comere
1121 1689 1308 1759 lappis.

127 1779 376 1834 Territus
404 1781 520 1851 ipse
540 1781 760 1850 quidem
793 1781 983 1836 viridis
1011 1797 1109 1851 pro
1131 1791 1372 1851 tempore
1397 1782 1573 1847 succi,

125 1867 266 1922 Mille
298 1884 526 1925 movens
565 1870 750 1924 animo
778 1869 1050 1925 balearica
1079 1871 1182 1925 tela
1215 1870 1432 1924 nefandi

126 1957 332 2026 Hostis,
364 1970 422 2015 et
449 1961 664 2031 ignotas
689 1961 912 2030 aegrotis
941 1960 1192 2016 sensibus
1224 1976 1409 2016 auras.

127 2049 228 2104 Sed
256 2065 327 2105 ne
357 2052 688 2121 blasphemae
709 2061 836 2107 ruat
871 2053 925 2108 in
955 2064 1228 2124 praerupta
1263 2062 1518 2118 catervae,

123 2140 227 2195 Aut
247 2143 389 2198 vitet
420 2146 649 2200 sceleris
681 2147 930 2202 madidas
959 2148 1191 2204 lustrare
1222 2148 1464 2212 lacunas;

125 2231 383 2303 Suscepit
406 2235 629 2290 humilis
650 2237 780 2305 quid
815 2237 928 2292 fors
945 2237 1101 2307 jubet
1133 2239 1446 2309 imperialis.

125 2319 262 2391 Ergo
303 2333 492 2378 manet
517 2324 711 2380 solitus
737 2327 1018 2382 succincto
1044 2329 1210 2383 sudor
1235 2328 1474 2395 alumno,

124 2408 358 2467 Emicuit
382 2415 628 2484 quamvis
649 2415 878 2485 genialis
900 2416 1116 2472 flamine
1148 2428 1355 2474 vertex.

125 2503 443 2561 Convenere
469 2506 592 2562 dies
619 2510 907 2578 graduum,
931 2511 1129 2579 quibus
1158 2512 1328 2565 ardua
1360 2511 1530 2566 moles

123 2593 453 2664 Excipien-da
478 2597 617 2652 viro.
647 2598 799 2652 Tune
826 2598 970 2652 fatur
997 2601 1215 2669 regibus
1237 2601 1378 2654 ultro
1404 2617 1418 2653 :

125 2683 472 2751 Inconcussa,
500 2687 685 2752 duces,
719 2690 886 2744 vestri
909 2692 1201 2754 sententia,
1233 2705 1438 2759 quaiso,

125 2775 180 2828 Si
213 2776 509 2833 fortunatis
537 2780 706 2849 agitat
735 2794 856 2834 mea
882 2781 1135 2850 dogmata
1168 2781 1318 2846 fatis,

123 2861 366 2918 Primum
403 2867 664 2935 praeteriti
692 2866 775 2922 fas
801 2876 887 2921 est
908 2869 1222 2924 meminisse
1248 2868 1474 2924 laboris.

123 2950 254 3007 Nam
284 2964 539 3022 superest
564 2957 803 3011 recidiva
826 2958 944 3012 lues
975 2958 1102 3014 dum
1131 2959 1307 3028 lisque
1343 2970 1597 3025 veterna,

122 3042 380 3101 Monstris
402 3049 542 3102 haud
575 3049 756 3116 patiar
793 3051 1080 3105 maculatis
1109 3051 1246 3105 colla
1274 3051 1420 3121 (504)
1448 3052 1621 3106 beari.

120 3131 326 3189 Gallica
353 3151 458 3191 non
492 3136 678 3205 paucis
710 3137 859 3206 pavit
886 3154 973 3193 me
1006 3139 1190 3210 glarea
1222 3139 1410 3194 aristis
1433 3138 1669 3212 [annis],

123 3221 556 3294 ﬂesperiumque
585 3226 752 3282 decus
771 3226 980 3283 laribus
1007 3238 1258 3284 servatur
1280 3229 1334 3283 in
1366 3228 1493 3284 illis.

118 3310 247 3366 Illac
277 3314 551 3368 commissi
582 3329 883 3384 properans
904 3317 1146 3372 sandalia
1167 3317 1311 3386 juris

115 3403 420 3472 Accipiam,
446 3415 644 3474 pontus
666 3408 721 3460 ni
750 3406 890 3463 forte
923 3410 1179 3476 repagula
1203 3411 1405 3464 nostris

115 3492 398 3548 Classibus
421 3505 679 3564 opponat,
707 3495 887 3550 valido
910 3499 1141 3553 turbone
1165 3508 1407 3554 coactus.

115 3581 402 3654 Indulgent
423 3599 700 3654 proceres,
736 3595 1039 3655 magnates,
1070 3603 1244 3644 necne
1269 3588 1506 3645 calones.

413 3715 502 3770 XI.
547 3714 767 3769 Fretum
792 3718 1012 3787 trajicit.
1047 3719 1417 3776 Consecratur.

190 3823 316 3878 Mox
346 3827 512 3881 rebus
538 3827 707 3896 gestis
734 3837 959 3883 ornatur
979 3831 1126 3900 regia
1153 3831 1363 3898 classis,

115 3910 390 3970 Coelicolas
412 3918 590 3971 socias
617 3917 736 3971 laeta
759 3927 1054 3990 exceptura
1080 3923 1398 3994 phalanges.

116 4001 312 4076 Navita
339 4003 512 4060 felicis
532 4004 719 4060 deﬁxit
743 4007 996 4078 stigmata
1019 4009 1183 4067 clavi.

115 4093 444 4164 Multiplices
469 4107 692 4153 neotens
721 4098 863 4153 malo
891 4101 1188 4156 trutinante
1217 4099 1494 4158 rudentes.

117 4185 379 4252 Solvitur,
420 4198 476 4243 et
505 4189 643 4244 laxis
665 4190 879 4260 fastigia
910 4207 1131 4262 spumea
1160 4206 1391 4250 verrunt

116 4277 280 4334 Ocius
307 4283 577 4336 antemnis
600 4282 795 4351 pelagi,
834 4298 934 4338 nec
969 4285 1147 4354 inepta
1177 4295 1472 4356 capessunt

115 4367 348 4437 Littera,
375 4373 609 4440 gratanti
637 4373 870 4427 subeunt
903 4383 958 4428 et
983 4385 1199 4444 pectore
1221 4380 1477 4448 portum.)

115 4463 324 4520 Interea
354 4466 550 4536 placidi
571 4466 748 4536 patuit
774 4466 974 4538 legatio
1003 4479 1201 4524 nautae.

117 4552 409 4610 Pontifices
437 4565 635 4610 coeunt
666 4556 910 4621 alacres,
936 4568 996 4611 ut
1026 4567 1151 4613 nota
1187 4560 1439 4616 voluntas

115 4640 172 4695 ln
199 4645 589 4699 conventiculis
615 4645 921 4699 adsumitur
947 4645 1306 4702 immaculatis
1324 4689 1338 4712 ,

119 4733 504 4805 Pertonuitque
535 4736 675 4790 tubis
708 4736 851 4792 aedes
877 4737 1109 4806 pretiosa
1129 4739 1329 4794 beatis.

121 4822 238 4876 Stat
267 4825 514 4882 duodena
543 4827 741 4882 cohors
768 4827 956 4882 multis
985 4828 1178 4898 stipata
1209 4830 1498 4895 columnis,

122 4911 407 4971 Exsultant
431 4917 604 4986 jubilo
635 4915 927 4972 miscentes
959 4933 1162 4988 organa
1190 4920 1376 4986 sistro,

118 5000 339 5074 Mystica
371 5007 660 5076 veriloqno
689 5007 978 5062 traduntur
1003 5018 1058 5063 et
1083 5027 1233 5066 arma
1264 5014 1534 5069 ministro.

119 5091 337 5168 Occiput
363 5096 536 5154 etfuso
568 5097 735 5168 gratis
759 5099 1063 5168 pinguescit
1091 5102 1232 5160 olivo
1251 5147 1266 5173 ,

186 5250 327 5323 (504)
360 5255 536 5323 Caput
559 5255 784 5310 sacrari.

185 5322 327 5356 (Inﬁt
363 5322 587 5356 l‘n'nnno
635 5325 963 5356 nuncnnnn'nﬂ
1007 5342 1072 5356 nn
1103 5334 1340 5356 m-..9l_0
1371 5343 1492 5356 ..ιη-ιη
1531 5329 1615 5356 ξ’-..

1821 385 2076 440 Auriﬂuze
2099 384 2324 439 rutilant
2350 401 2577 442 scrrano
2610 390 2816 444 murice
2847 406 3017 455 zonae,

1819 477 2119 533 Comuntur
2143 489 2300 532 roseo
2329 479 2610 534 candentia
2635 481 2836 549 podere
2858 481 2994 536 colla
3021 522 3038 546 ,

1820 568 2102 624 Gemmata
2134 569 2351 623 vehitur
2383 570 2704 626 archontum
2735 587 2887 628 more
2915 573 3112 637 curuli,

1819 659 2304 714 lnduitormiscum
2323 658 2471 730 (505)
2496 661 2660 716 subiit
2680 662 2783 717 hoc
2809 664 3083 720 schemate
3119 665 3399 736 templum.

1820 751 2115 821 Postquam
2143 752 2294 822 signa
2326 752 2450 807 tulit
2472 753 2640 808 multo
2665 755 2872 811 radiata
2903 755 3148 822 metallo,

1818 843 2024 907 Astitit,
2043 844 2291 899 eucharis
2307 843 2681 918 [eucharistia]
2697 845 2949 906 libamina
2963 856 3245 902 consecrat
3261 847 3395 914 aris,

1820 931 2082 989 Omnibus
2099 933 2326 1004 expletis
2350 945 2574 1000 remeat,
2602 951 2898 1007 navemque
2915 937 3203 992 subintrat.

1821 1044 1934 1100 XII.
1977 1047 2204 1103 Rediens
2243 1057 2542 1120 tempestate
2573 1049 2829 1118 jactatur.
2872 1052 2918 1105 Α
2941 1051 3272 1120 praedonibus
3297 1052 3398 1104 im-

2136 1117 2352 1188 petitur.
2391 1117 2807 1190 Victar’porlum
2847 1117 3078 1191 attingit.

1893 1229 1998 1284 Sed
2023 1231 2148 1300 quia
2179 1230 2365 1288 felices
2397 1233 2627 1287 tentatio
2657 1235 2976 1304 comprobat
2997 1251 3188 1291 omnes

1816 1319 2052 1376 lndivisa
2084 1337 2296 1389 comes;
2331 1326 2457 1379 dum
2491 1326 2663 1380 tensis
2683 1327 2788 1380 alta
2811 1335 3099 1396 pererrant

1817 1413 2084 1469 Marmora
2117 1415 2264 1486 (506)
2294 1415 2683 1488 Psalmigraphi
2711 1418 3014 1474 recolentes
3036 1419 3185 1489 orgia
3216 1420 3350 1474 velis

1816 1501 1955 1559 Ecce
1985 1506 2280 1574 repentinis
2305 1515 2504 1577 pontus
2537 1507 2868 1564 fundotenus
2889 1509 3050 1564 undis

1817 1596 2126 1664 infremuit,
2156 1614 2317 1654 casus
2350 1600 2564 1670 agitans
2591 1609 2799 1656 artemo
2827 1601 3066 1655 minaces

1821 1687 2006 1758 Longe
2034 1689 2136 1744 sub
2166 1690 2365 1759 ignotis
2392 1690 2611 1745 minitat
2634 1691 2871 1746 labentia
2899 1691 3033 1759 ripis

1819 1778 2051 1847 Agmina
2083 1779 2199 1832 dira
2223 1779 2333 1848 pati
2361 1779 2555 1834 vicinae
2580 1781 2854 1850 impendia
2878 1779 3091 1835 mortis.

1821 1867 2141 1922 lncumbunt
2177 1869 2362 1932 remis,
2397 1878 2625 1925 vexatur
2661 1870 2910 1942 languida
2941 1871 3156 1941 puppis.

1818 1957 2084 2013 Cruribus
2108 1959 2225 2028 ipse
2249 1959 2412 2014 Pater
2435 1961 2648 2015 navalia
2672 1961 2946 2031 procubus
2971 1974 3124 2014 arma

1817 2045 2114 2100 Confirmat
2143 2048 2363 2116 positis,
2389 2049 2665 2106 intentans
2692 2050 2892 2104 lumina
2921 2049 3092 2107 cmlis.

1816 2136 1956 2191 Ecce
1986 2137 2086 2191 sub
2110 2137 2328 2192 infausti
2358 2141 2635 2194 contraria
2663 2140 2844 2196 littora
2867 2149 3057 2209 portus
3078 2140 3227 2212 (507)

1815 2225 1960 2281 Gens
1991 2225 2155 2281 etfera
2180 2228 2294 2282 suis
2317 2243 2505 2283 casum
2535 2230 2820 2300 spectabat
2850 2231 2905 2284 in
2933 2232 3124 2295 armis,

1814 2319 2049 2376 Praedari
2075 2321 2318 2394 fragilem
2351 2326 2561 2394 captiva
2600 2326 2758 2395 plebe
2785 2327 3048 2382 carinam.

1814 2409 1962 2476 Quos
1981 2411 2143 2466 Pater
2174 2415 2423 2480 intuitus,
2458 2417 2645 2470 humili
2669 2430 2925 2472 sermone
2952 2425 3210 2486 precatus
3241 2433 3256 2472 :

1814 2502 2163 2575 Naufragium
2187 2509 2442 2572 servatis,
2469 2509 2566 2572 ait,
2605 2509 2698 2565 sed
2726 2518 2916 2580 sponte
2943 2525 3185 2564 mearum

1813 2597 2052 2653 Grandia
2077 2600 2438 2663 contribuam,
2477 2602 2801 2670 resipiscite,
2829 2617 3050 2656 munera
3088 2617 3290 2656 rerum.

1812 2688 1922 2742 Nos
1944 2689 2194 2759 equidem
2227 2692 2410 2761 gravis
2444 2690 2666 2748 aﬂlictat
2701 2693 2948 2748 violentia
2991 2694 3139 2762 ponti
3171 2712 3183 2746 :

1813 2777 1919 2833 Sed
1947 2779 2097 2834 velox
2131 2781 2326 2846 aderit,
2355 2781 2550 2848 fateor,
2580 2784 2860 2838 miseratio
2889 2783 3114 2838 Christi.

1813 2872 1976 2928 Stans
1999 2873 2246 2930 volucres
2275 2889 2449 2944 augur
2485 2877 2676 2931 solitus
2697 2891 2917 2931 servare
2946 2877 3217 2941 sinistras,

1735 2977 1782 3038 ρ
1814 2963 2106 3032 Despumat
2126 2965 2348 3020 tumidis
2378 2967 2596 3021 oracula
2623 2982 2764 3022 saeva
2795 2967 3036 3022 labellis:

1811 3055 2138 3111 Eumenides
2167 3055 2339 3111 furias
2370 3059 2572 3113 vocitat
2599 3060 2700 3114 sub
2731 3074 3009 3113 murmure
3034 3059 3255 3124 Parcas,

1810 3146 2056 3203 Manibus
2085 3147 2312 3204 infernis
2341 3158 2400 3202 nt
2444 3149 2599 3205 fortis
2628 3151 2848 3204 mandat
2889 3151 3070 3206 Erinis
3113 3149 3390 3224 [Erinnys]

1810 3235 2044 3306 Expedit
2071 3238 2310 3294 admisso
2334 3239 2482 3307 plebs
2512 3255 2639 3294 cara
2667 3255 2864 3297 cruore
2894 3239 3058 3294 litari.

1807 3323 1922 3380 Hoc
1948 3327 2042 3390 ait,
2078 3334 2133 3381 et
2169 3342 2468 3396 properans
2500 3328 2696 3383 bellum
2728 3329 2896 3384 ferale
2919 3340 3194 3399 perurget.

1808 3413 2009 3468 Praesul
2041 3415 2168 3468 item
2191 3423 2408 3469 sanctas
2439 3417 2664 3471 tendens
2689 3417 2758 3472 ad
2781 3417 2956 3472 sidera
2989 3420 3217 3488 palmas,

1805 3501 2026 3557 lnvocat
2053 3503 2314 3556 auxilium
2336 3503 2594 3559 divinitus
2617 3504 2806 3562 adfore
2834 3523 3108 3578 magnum.

1805 3590 1934 3647 Haec
1958 3593 2101 3648 inter
2129 3594 2285 3648 tereti
2308 3593 2524 3661 juvenis
2547 3594 2752 3651 scutale
2781 3595 2963 3666 lapillo

1804 3681 1996 3747 Ornat,
2022 3692 2077 3738 et
2100 3683 2304 3738 infandi
2329 3692 2588 3754 torquens
2616 3701 2713 3756 per
2733 3687 2917 3744 inania
2945 3691 3108 3756 vatis,

1804 3774 2002 3845 Figens
2026 3775 2264 3844 sincipiti
2291 3775 2502 3844 trajecit
2536 3776 2588 3830 in
2617 3787 2771 3831 antra
2805 3779 3034 3836 cerebri.

1803 3864 2022 3920 Corruit
2041 3876 2204 3934 utque
2235 3863 2402 3931 vafer,
2435 3865 2761 3921 clamoribus
2788 3877 2983 3922 aestuat
3003 3869 3173 3923 aether

1803 3958 1941 4011 Cara
1962 3957 2156 4012 dehinc
2182 3955 2370 4010 recolit
2395 3965 2581 4024 pastor
2607 3957 2867 4012 miracula
2899 3958 3063 4012 David
3090 3977 3102 4010 :

1801 4045 2025 4100 lncubat
2047 4045 2159 4115 ipse
2190 4045 2380 4113 magis,
2422 4041 2685 4099 avertitur
2713 4045 2878 4114 impia
2904 4047 3093 4116 pestis.

1802 4139 2158 4194 Conclamant
2188 4139 2333 4192 acies
2366 4137 2673 4192 truculento
2701 4148 2878 4214 marte
2903 4149 3148 4204 ruentes,

1803 4232 2038 4286 Vocrbus
2069 4228 2280 4284 infestis
2305 4236 2630 4282 concursant
2660 4229 2876 4298 agmina
2916 4231 3078 4299 regis.

1727 4315 1780 4375 D
1805 4321 1941 4387 de
1971 4319 2158 4389 plura?
2179 4319 2393 4387 quoties
2413 4317 2650 4373 crudelia
2683 4318 2820 4373 bella
2845 4319 3140 4387 lacessunt,

1802 4410 2089 4478 Excipiunt
2117 4408 2256 4461 ictus
2283 4406 2410 4461 .lesu
2442 4407 2698 4476 vigilante
2729 4417 3004 4464 cruentos.
3145 4409 3157 4422 ‘

1806 4503 1957 4558 Unde
1984 4508 2176 4572 quater
2202 4499 2329 4553 victi
2367 4508 2630 4564 remeant,
2655 4500 2938 4570 victorque
2976 4515 3171 4558 sereno

1802 4591 2062 4646 Evehitnr
2087 4586 2297 4656 pelago,
2322 4585 2615 4641 frustratus
2650 4589 2853 4660 remige
2885 4589 3068 4658 quino,

1803 4684 2165 4751 Optatnmque
2205 4686 2389 4732 tenent
2420 4677 2647 4744 repetito
2676 4677 2845 4732 limite
2871 4686 3106 4748 portum.

1797 4813 1929 4868 Xlll.
1976 4810 2189 4867 Ceadda
2238 4809 2464 4864 Eboraci
2519 4810 2821 4873 substituto,
2855 4812 2908 4864 in
2951 4808 3224 4878 IiRipente
3275 4829 3386 4866 mo-

1865 4882 2150 4938 nasterium
2211 4881 2422 4935 secedit.
2486 4879 2528 4930 Α
2600 4878 2840 4948 Volfario
2895 4894 3010 4946 rege
3064 4879 3388 4935 Merciorum

1864 4953 2142 5029 expetitur.
2191 4950 2400 5004 Cantia:
2466 4949 2733 5006 ministros
2780 4951 3014 5011 ordinat,
3062 4950 3392 5006 monasteria

1868 5028 2146 5077 construit.

1870 5112 1934 5167 lli
1964 5123 2184 5180 quoque
2211 5127 2349 5183 quos
2377 5109 2584 5179 pridem
2612 5114 2816 5181 regalis
2843 5107 3032 5168 concio
3051 5108 3227 5165 victos

1799 5264 2064 5350 sandaliis
2104 5263 2211 5322 hoc
2240 5269 2361 5325 loco
2409 5263 2695 5332 respondet
2744 5277 2941 5338 pmter
2981 5261 3297 5323 ormi'srum,
3334 5269 3413 5308 an
