3964 5356
42 425 96 478 ⁵5
1166 421 1255 476 DE
1291 418 1452 476 VITA
1491 417 1568 474 S.’
1593 405 1916 474 WlLFRlDl
1951 413 2251 471 EBORAC.
3242 415 3346 478 994

42 530 377 588 onstrabat
408 530 646 602 liquidis
670 530 952 586 salvandos
980 531 1222 602 tinguere
1248 530 1476 600 lymphis
1682 539 1729 595 Α
1759 527 2032 581 Promicat
2058 525 2292 580 Ecclesia
2321 535 2512 594 pacato
2540 525 2744 582 findere
2774 542 2932 584 nexa.

41 649 52 674 ι.
82 621 292 675 Patris
317 630 386 674 et
417 620 550 675 Nati
588 638 793 677 necnon
822 632 876 676 et
900 621 1158 675 Flaminis
1187 621 1314 674 almi
1758 615 1976 669 Laztil'er
2005 615 2154 684 (5l5)
2191 614 2410 681 invidit,
2447 616 2729 670 conamina
2771 617 2916 674 mille
2952 619 3199 686 reclusit,

42 710 273 774 omine,
309 711 663 766 chrismales
687 712 948 766 adhibens
979 711 1141 766 Pater
1171 711 1283 778 ipse
1309 709 1523 764 ﬂuores.
1758 706 2054 775 Rumperet
2083 714 2144 760 ut
2173 715 2419 761 sanctam
2449 722 2703 777 perverso
2731 709 3022 766 schismate
3045 726 3250 780 paceni.

45 816 187 855 nem
223 802 443 872 populi
479 803 663 872 pulcra
698 804 930 858 medium
953 804 1174 858 cinxere
1201 817 1422 857 corona.
1761 799 2058 870 Aggeribus
2087 801 2287 855 crassis
2321 801 2441 855 nisa
2483 809 2566 856 est
2596 817 2727 872 gens
2758 801 2907 858 Picta
2941 803 3169 866 rebellis,

41 906 157 947 .cce
193 906 310 962 per
340 891 566 947 oﬂ‘usas
595 893 763 948 denso
791 901 970 947 tamen
995 893 1208 960 agmine
1244 900 1448 944 turmas
1758 889 2052 959 Anglorum
2080 890 2266 945 solitas
2289 889 2403 958 jam
2440 899 2566 945 tunc
2595 907 2698 945 non
2728 893 2869 948 ferre
2895 904 3138 949 catenas.

42 985 190 1039 'lena
225 993 399 1040 metu
438 985 655 1048 mulier,
679 985 945 1040 defunctae
972 984 1162 1037 funera
1193 983 1380 1053 prolis,
1761 978 2016 1048 ngridus
2041 979 2253 1050 imperii
2282 980 2460 1051 largas
2491 983 2760 1038 retinebat
2787 983 3046 1041 habenas.

41 1073 421 1144 iandapilam
466 1075 698 1146 fugiens,
729 1075 884 1130 fessis
904 1083 1139 1129 ostentat
1163 1074 1219 1128 in
1248 1075 1409 1128 urnis.
1762 1067 2005 1137 Conjunx
2033 1069 2172 1124 alma
2199 1071 2316 1125 viro
2343 1071 2605 1136 Edildrid,
2631 1073 2836 1128 famosa
2868 1077 3076 1146 virago,

41 1165 146 1218 itat
172 1163 378 1218 turbis
417 1163 658 1219 immista
688 1164 842 1229 ﬁdes,
879 1172 1162 1233 terrorque
1198 1171 1502 1232 gementem
1762 1164 1958 1219 Addita
1988 1163 2236 1236 conjugio
2263 1166 2397 1220 vixit
2419 1167 2722 1221 castissima
2754 1167 2929 1238 virgo.

41 1255 329 1308 tﬂlirtant
369 1254 562 1309 tacitis
597 1255 802 1309 circum
836 1255 1133 1325 praecordia
1157 1252 1361 1323 ﬂagris.
1764 1253 2023 1322 Princeps
2051 1269 2177 1322 ergo
2213 1253 2359 1308 leves
2387 1253 2568 1308 animo
2597 1253 2905 1310 ﬂammante
2931 1255 3183 1312 cohortes

39 1345 169 1399 l‘um
209 1345 398 1400 Pater
427 1347 680 1410 accessit,
710 1361 833 1402 mox
863 1346 1055 1416 pallida
1086 1345 1347 1414 conspieit
1368 1358 1482 1398 ora.
1765 1345 2048 1410 Admovet,
2090 1346 2454 1416 indomitoque
2493 1362 2613 1402 reos
2653 1362 2907 1403 mucrone
2945 1349 3195 1404 trucidat.

39 1432 328 1502 )bstipuit
355 1434 538 1505 (515),
568 1435 832 1504 haesitque
860 1435 978 1490 loco
1007 1433 1292 1489 temeraria
1326 1434 1505 1498 latrix,
1767 1435 2060 1490 Exclusere
2098 1437 2231 1491 duos
2269 1437 2425 1492 caesis
2461 1451 2528 1491 ex
2568 1437 2810 1492 hostibus
2847 1453 3057 1503 amnes,

39 1520 280 1596 Pronior
305 1521 588 1585 incubuit,
612 1521 811 1576 luctum
842 1522 1163 1592 singultibus
1184 1522 1355 1576 auxit.
1768 1523 2034 1580 Manubiis
2058 1525 2210 1579 fratri
2241 1527 2383 1597 regis
2407 1541 2606 1582 venere
2633 1527 2878 1596 manipli,

39 1612 76 1666 Ο
108 1611 311 1677 Pater,
349 1612 559 1667 elatam
582 1613 691 1668 noli
713 1614 982 1684 deponere
1017 1613 1288 1668 dextram.
1770 1614 1910 1668 Dant
1938 1623 2172 1686 stragem
2195 1615 2322 1682 late,
2345 1617 2570 1672 redeunt
2591 1617 2643 1671 in
2665 1617 2803 1672 colla
2826 1626 3034 1672 catenae
3059 1632 3073 1671 :

39 1701 319 1757 Orbatam
352 1710 493 1756 nato
526 1711 757 1756 matrem
783 1718 881 1758 cur
909 1703 1141 1771 despicis
1169 1702 1318 1756 uno?
1768 1705 2075 1760 Perfruitur
2102 1723 2296 1778 magno
2323 1722 2418 1762 rex
2450 1708 2624 1763 victor
2651 1707 2804 1778 longe
2831 1708 3126 1778 triumpho.

39 1791 121 1845 En
143 1791 244 1860 qui
264 1790 864 1847 confirmasChristum
881 1793 995 1848 fore
1012 1792 1176 1865 [esse]
1193 1791 1666 1860 cunctipotentem,
1772 1794 1888 1850 Non
1920 1797 2089 1851 armis
2116 1797 2315 1850 etenim
2346 1789 2470 1851 raro
2498 1812 2623 1852 cum
2655 1797 2825 1852 milite
2861 1798 2989 1853 vicit
3021 1816 3032 1852 :

39 1881 216 1951 imple
239 1880 425 1935 fidem
449 1882 636 1952 gestis,
660 1883 872 1937 miserae
899 1883 966 1937 da
997 1884 1189 1953 pignus
1217 1883 1464 1936 alumnae.
1700 1885 1747 1945 B
1776 1883 1884 1938 Sed
1909 1885 2110 1938 virtute
2137 1885 2254 1949 Dei,
2287 1885 2497 1940 meritis
2523 1895 2576 1940 et
2603 1886 2852 1955 praesulis
2881 1887 3028 1950 almi,

39 1971 371 2042 lngeminat
393 1971 655 2040 querulas
683 1973 905 2027 instanti
935 1987 1213 2027 murmure
1242 1987 1421 2027 voces.
1776 1973 2022 2029 Obtinuit
2051 1983 2242 2045 gentes
2266 1989 2435 2028 vacuo
2460 1984 2678 2044 turgore
2699 1975 2956 2031 minaces.

45 2063 260 2118 Concio
292 2063 587 2118 concurrit
621 2063 823 2133 gemitu
852 2062 1076 2117 collecta
1111 2061 1355 2117 misellae.
2021 2064 2207 2119 XVlll.
2249 2063 2436 2118 Mercii
2473 2081 2676 2135 quoque
2723 2065 3118 2132 perdomamur.

46 2151 137 2204 Fit
168 2152 420 2222 plangor
449 2152 689 2222 grandis.
744 2152 982 2207 Tandem
1011 2165 1326 2222 eompassus
1345 2148 1532 2205 herilis
1847 2154 1959 2210 Nec
1996 2154 2174 2208 minus
2221 2154 2555 2220 innumeras,
2585 2155 2712 2208 dum
2747 2153 2978 2210 Mercica
3005 2169 3170 2225 regna
3198 2162 3370 2209 tume-

51 2243 288 2310 Praesul,
325 2247 449 2314 agit
480 2245 671 2299 tacitas
693 2253 882 2300 saneto
911 2245 1011 2300 sub
1040 2253 1259 2314 pectore
1291 2252 1493 2312 grates,
1777 2243 2007 2314 Cuspide
2027 2243 2304 2298 confessas
2329 2243 2521 2298 stravit
2545 2257 2639 2297 rex
2662 2244 2765 2298 iste
2785 2253 3048 2298 catervas.
3203 2243 3366 2317 [rent,

52 2335 276 2390 Pcrlida
309 2338 462 2406 quod
487 2337 636 2390 novit
663 2335 848 2392 Jesum
878 2338 1112 2407 rogitare
1145 2344 1384 2391 caterva.
1777 2336 2016 2403 Quorum
2043 2335 2148 2389 dux
2181 2334 2344 2389 cessit
2370 2333 2602 2404 fugiens,
2633 2349 2855 2404 aevoque
2881 2335 3128 2404 sequenti

58 2426 302 2498 Moxque
325 2429 450 2484 solo
475 2428 613 2483 ﬂxus
637 2429 814 2483 claros
833 2429 887 2482 in
911 2427 1080 2484 corde
1106 2435 1315 2481 meatus
1778 2425 1996 2478 Addidit
2020 2424 2239 2479 Arctois
2267 2423 2504 2478 borealia
2533 2432 2748 2492 sceptra
2780 2423 3086 2492 triumphis,

59 2516 218 2572 Tunc
249 2526 493 2583 reserat,
521 2517 714 2574 faciem
745 2518 999 2590 lacrymis
1024 2527 1078 2572 et
1109 2516 1326 2572 corcula
1351 2514 1544 2587 palmis
1779 2515 1966 2570 Fultus
1993 2515 2282 2586 magnifico
2306 2513 2542 2568 Wilfridi
2571 2513 2729 2583 plane
2756 2524 2970 2584 rogatu.

64 2605 267 2674 Aﬂicit,
299 2607 626 2677 Adonaique
647 2608 734 2676 pio
758 2608 994 2662 clamore
1017 2607 1226 2662 citavit.
2198 2604 2341 2661 XIX.
2385 2603 2667 2674 Wilfridus
2697 2606 2780 2674 pie
2811 2605 2950 2659 vivit.

68 2695 428 2768 Consurgens
455 2707 632 2751 autem
661 2697 946 2767 praesensit
971 2699 1161 2753 adesse
1186 2695 1436 2751 salutem.
1850 2697 2034 2752 Virtus
2063 2711 2193 2768 ergo
2218 2697 2323 2751 viri
2354 2696 2502 2750 nullo
2529 2696 2727 2750 sudore
2753 2696 2980 2762 remitti,

71 2785 335 2858 Timpora
364 2788 512 2859 (514)
537 2804 768 2859 cumque
795 2805 954 2844 manu
985 2789 1255 2859 palpasset
1291 2787 1515 2858 frigida;
1559 2787 1678 2841 fun--
1781 2787 1926 2843 Neve
1952 2789 2244 2860 supercilio
2270 2787 2542 2843 subrectis
2570 2787 2778 2842 nisibus
2805 2797 2958 2850 extra

1461 2878 1606 2952 [ctus
1779 2881 2012 2937 Justitiae
2037 2896 2224 2935 verum
2256 2880 2437 2935 diduci
2465 2880 2654 2949 quibat
2679 2889 2904 2934 (nstrum
2936 2878 3282 2951 [stimulum].

77 2969 376 3027 Caesariem
411 2971 597 3038 movit,
625 2970 772 3026 vitali
805 2971 1047 3027 redditus
1076 2988 1230 3026 aura.
1783 2972 1926 3026 Sane
1954 2986 2053 3042 per
2082 2971 2296 3042 ignotas
2325 2970 2590 3025 instanter
2619 2978 2801 3025 mente
2828 2983 3132 3039 pererrans,

79 3057 288 3130 Vulgus
329 3063 628 3132 ineXpletas
663 3063 903 3118 confusis
939 3064 1161 3118 vocibus
1198 3063 1354 3126 odas,
1783 3063 1988 3116 Divina:
2015 3071 2204 3133 gentes
2233 3063 2463 3117 sationis
2495 3074 2736 3131 tempore
2765 3062 2967 3131 passim

84 3147 208 3204 limo
233 3151 328 3204 ubi
361 3161 486 3205 sunt
507 3160 738 3220 patrata,
768 3153 916 3207 dedit
942 3169 955 3204 :
979 3167 1112 3220 puer
1143 3151 1284 3207 illico
1317 3150 1485 3206 sacris
1771 3153 2052 3217 .Dilatans,
2083 3153 2407 3207 exercitium
2437 3168 2542 3206 non
2571 3166 2736 3222 segne
2762 3153 3001 3221 gerebat.

85 3240 401 3310 Baptizatur
429 3244 603 3312 aquis,
633 3245 842 3299 misera:
871 3244 1009 3298 dans
1036 3245 1227 3314 gaudia
1255 3244 1434 3298 matri.
1712 3238 1758 3299 C
1790 3244 2044 3298 Excubiis
2075 3259 2279 3314 pernox
2306 3245 2547 3313 gaudens
2577 3243 2784 3299 instare
2812 3247 3064 3312 secretis,

85 3331 346 3389 Protinus
375 3347 655 3405 acceptum
684 3351 870 3390 secum
895 3337 1130 3407 portavit
1159 3335 1432 3401 alendum,
1786 3336 1998 3406 Corpus
2027 3337 2328 3406 perspicuis
2355 3344 2568 3391 castum
2596 3347 2792 3407 purgat
2821 3336 2875 3392 in
2903 3339 3081 3394 undis.

86 3421 248 3479 Jussa
291 3426 432 3494 patri
462 3437 582 3496 post
605 3438 856 3497 septenos
883 3437 939 3482 ut
969 3428 1217 3483 redderet
1250 3442 1440 3482 annos.
1787 3429 2015 3499 lngeniti
2042 3429 2257 3483 fervore
2286 3429 2416 3482 laris
2446 3443 2514 3482 ne
2546 3437 2750 3482 torreat
2777 3438 2979 3484 ustum.

88 3513 187 3569 Ast
213 3524 441 3583 cogente
473 3515 588 3570 fero
611 3517 898 3571 contemsit
921 3518 1061 3572 dicta
1087 3517 1304 3579 marito,
1789 3517 1904 3572 Non
1935 3517 2100 3571 ardor
2125 3515 2335 3581 Pltmbi,
2367 3530 2473 3570 non
2503 3515 2678 3585 algida
2711 3525 2952 3585 tempora
2981 3517 3185 3574 bruma:

83 3599 259 3656 Exsul
285 3603 354 3656 ad
376 3613 630 3658 externos
657 3604 866 3674 fugiens
891 3619 1012 3658 cum
1037 3604 1185 3672 prole
1209 3605 1518 3658 Britannos.
1789 3606 1977 3660 Dulcia
2003 3613 2277 3674 conceptae.
2307 3618 2500 3674 rupere
2527 3604 2801 3658 volumina
2835 3620 2979 3659 ουτω
3004 3621 3020 3658 :

90 3691 205 3746 Nec
241 3692 469 3746 multum
501 3693 673 3747 latuit.
708 3693 950 3747 Posthaec
976 3709 1081 3748 non
1109 3701 1298 3761 sponte
1330 3692 1544 3746 reduxit
1791 3697 1972 3751 Donec
2000 3696 2313 3765 apostolicis
2333 3695 2559 3764 jamjam
2587 3694 2799 3749 defecta
2824 3703 3076 3750 senectus

94 3780 392 3836 Praefectus
420 3797 646 3850 puerum
678 3782 893 3852 quidam
920 3782 1098 3836 Patris
1119 3781 1174 3835 in
1205 3780 1562 3848 dominatum,
1788 3786 2080 3856 Prmceplis
2109 3794 2258 3840 tanto
2288 3787 2487 3840 meruit
2511 3783 2761 3853 squalore
2788 3785 3006 3839 reSolvi.
3388 3797 3402 3839 νε

96 3874 236 3928 Exin
257 3873 454 3927 divinis
476 3872 626 3926 illum
646 3872 993 3926 famulatibus
1022 3873 1190 3927 addit.
1790 3875 1902 3930 Nec
1927 3875 2074 3929 solus
2100 3875 2212 3944 poti
2240 3875 2501 3944 scyphum
2530 3885 2850 3927 consumere
2878 3873 2981 3926 rivi

101 3964 354 4019 Pluribus
387 3963 634 4034 exemplo
662 3978 795 4033 puer
822 3963 988 4018 isdem
1017 3962 1217 4032 profuit
1245 3961 1409 4018 almo.
1790 3965 1894 4020 Fas
1925 3965 2041 4020 fore
2067 3965 2309 4020 decrevit
2336 3983 2348 4018 :
2375 3963 2580 4034 jejunia
2613 3964 2734 4018 laeta
2769 3963 2982 4030 luebat,

107 4055 255 4110 Tunc
291 4053 378 4109 fax
405 4054 642 4118 emicuit,
681 4069 800 4123 qua:
823 4053 966 4107 inter
991 4051 1317 4122 crepitacula
1346 4050 1512 4106 fulsit.
1793 4054 2186 4124 Subjectosque
2212 4056 2352 4109 viam
2381 4069 2724 4124 praacurrens
2751 4054 2905 4108 duxit
2932 4055 2984 4108 in
3013 4065 3209 4111 artam.

110 4165 267 4220 xv“.
309 4167 510 4236 Anglia,
537 4164 871 4236 reﬁxum”.
916 4163 1312 4236 ngridusjpg
1327 4161 1690 4236 (Vm-(animm-
1793 4145 2016 4236 Conﬂua
2049 4147 2201 4199 turba
2231 4146 2425 4200 ducum
2457 4144 2669 4199 soboles
2695 4143 2942 4199 conferre
2969 4145 3069 4200 sub
3095 4147 3268 4216 ipsum

167 4236 373 4289 brorum
393 4231 576 4288 Pictos
613 4234 821 4288 rebelles
850 4231 1118 4302 perdoMut
1173 4231 1411 4300 Wilfridi
1433 4235 1647 4286 meritis.
1793 4235 2103 4301 Gaudebat,
2137 4237 2330 4290 mirata
2363 4236 2505 4306 piam
2538 4251 2746 4289 morum
2778 4237 3103 4306 probitatem
3124 4278 3140 4305 ,

114 4325 333 4396 Anglum
365 4336 476 4380 tum
508 4327 718 4397 gemina
743 4325 980 4396 fulgebat
1007 4324 1252 4394 lampade
1286 4341 1531 4394 regnum.
1797 4325 1905 4382 Seu
1937 4327 2145 4382 servire
2176 4326 2321 4388 Deo,
2353 4341 2448 4380 seu
2479 4341 2642 4380 nosse
2672 4325 2872 4394 palatia
2897 4324 3068 4395 justo.

116 4416 392 4473 Pontilices
418 4419 558 4488 regis
587 4417 832 4471 consulto
861 4416 1018 4484 digna
1048 4415 1326 4483 gerebant,
1796 4420 1922 4474 Haec
1949 4431 2166 4488 quoque
2197 4415 2496 4485 falsiloquis
2524 4415 2838 4486 prazbebant
2859 4415 2983 4484 jura
3016 4415 3233 4489 linguis,

120 4507 228 4563 Rex
257 4524 467 4579 quoque
494 4507 813 4578 praesulibus
852 4507 1011 4560 latria
1041 4505 1279 4561 servibat
1307 4506 1532 4560 honora.
1723 4577 1744 4579 _
1796 4508 1896 4562 Ast
1925 4507 2132 4561 athleta
2162 4506 2256 4560 Dei
2290 4512 2578 4560 contectus
2605 4503 2808 4559 vellere
2833 4505 3017 4575 pacis,

115 4577 331 4654 'Summa
354 4577 510 4670 q-ui'es’
534 4599 674 4669 plebi
701 4596 890 4668 legalia
909 4597 1032 4666 jura
1056 4597 1281 4652 tenenti.
1719 4577 1770 4636 Ῑ)
1797 4598 2128 4668 Obsequium
2161 4597 2308 4651 mitis
2334 4597 2473 4651 odiis
2501 4595 2714 4651 sullibat
2737 4597 2968 4652 acerbis.

124 4687 402 4760 Frugileris
431 4689 651 4760 gravida
681 4687 986 4758 gaudebant
1013 4688 1208 4742 horrea
1233 4687 1424 4757 glebis,

1811 4707 1917 4762 KX.
1978 4707 2042 4762 S.
2082 4707 2304 4762 Andreae
2344 4707 2618 4761 basilicam
2657 4708 2854 4762 condit.
2896 4706 3104 4760 Elisum
3139 4708 3376 4778 κουρίαιιὶ

127 4777 351 4849 Epibata:
380 4779 600 4852 [nautae]
628 4779 814 4836 faciles
835 4795 968 4834 ausu
993 4783 1245 4849 sprevere
1274 4779 1530 4834 latrones.
2421 4779 2756 4848 redintegrat.

131 4867 349 4926 Classica
375 4873 490 4927 dira
518 4871 698 4936 silent,
723 4886 820 4927 nec
845 4870 1165 4926 formidatur
1189 4880 1403 4942 egestas
1429 4889 1442 4924 :
1870 4870 2146 4926 Praeterea
2179 4868 2436 4941 templum
2467 4869 2615 4938 (5l6)
2647 4868 2803 4923 caesis
2832 4869 3104 4922 instaurat
3129 4881 3345 4932 arenis,

131 5054 149 5060 _
199 4986 351 5060 (315)
375 4986 466 5043 Sic
493 4986 632 5041 infra
672 5001 792 5055 cap.
823 4986 916 5050 47,
951 4986 1262 5056 obstipuere,
1306 4985 1460 5057 quasi
1500 4985 1696 5056 stipitis
1803 4988 1905 5060 lat.
1949 4985 2216 5060 Undalum
2266 4985 2410 5060 Deda
2455 4982 2510 5060 in
2547 4983 2658 5060 lib._
2693 4998 2728 5036 v
2754 4997 2883 5060 μιν.
2922 4979 3023 5042 20,
3066 4989 3118 5033 et
3157 4979 3383 5060 Le_lan_di

137 5052 621 5129 instarjrisescerea
704 5052 756 5129 ei
1305 5052 1340 5129 ,-
1572 5052 1588 5056 ⁷
1807 5059 2137 5129 collectanea
2165 5056 2238 5129 _in_
2265 5054 2578 5129 _1llona_stico
2633 5052 2961 5129 Anglicano,
3012 5052 3388 5129 anprovineia:

199 5121 332 5190 (514)
365 5118 474 5182 "Sic
512 5124 718 5190 antiqui
774 5132 958 5177 amant
1001 5126 1239 5180 scribere
1273 5128 1527 5192 timpora,
1572 5142 1694 5181 cum
1805 5130 2045 5182 nomine.
2099 5124 2384 5178 Ethildrita
2435 5122 2614 5176 locum
2663 5118 2992 5194 concessisse
3037 5118 3246 5194 dicitur
3293 5118 3396 5172 ibi-
