3964 5356
117 361 215 418 997

115 473 242 529 Post
261 470 529 527 modicum
556 469 738 525 multis
771 469 959 525 tribuit
992 470 1260 542 baptisma
1295 472 1508 537 salutis,

116 568 184 622 Et
226 564 469 619 fundavit
513 580 608 619 cas
632 563 1145 638 Wilbrordus(325)
1171 582 1306 635 quas
1330 566 1491 622 habet
1521 583 1693 632 arces,

113 658 474 729 xEquiparans
506 667 713 711 tantum
754 656 875 712 ﬁdei
902 659 1117 713 fervore
1140 661 1478 729 magistrum.

111 767 291 822 XXIII.
323 765 609 821 Frisouum
636 783 805 837 regem
851 768 909 838 in
938 767 1248 838 Wilfridum
1298 771 1579 824 accendere
1610 771 1663 824 ni

695 836 825 891 titur
856 836 1137 892 Ebroinus.

177 948 288 1004 Nec
309 948 475 1003 tutela
507 947 719 1012 ducem,
748 962 907 1019 quem
940 949 1122 1003 multa:
1152 949 1304 1020 copia
1335 965 1483 1021 gaza:

107 1041 436 1096 Francorum
461 1038 625 1109 rupit,
646 1037 804 1093 furiis
828 1039 1075 1094 accendit
1103 1040 1335 1095 acerbis.

112 1129 535 1201 Syngraphidem
560 1128 804 1199 sculpsit,
835 1144 1031 1183 munus
1060 1129 1250 1185 venale
1274 1133 1504 1197 notavit,

109 1221 293 1288 Quirct
316 1219 633 1291 Adalgisum
666 1218 879 1275 collatis
906 1218 1131 1275 subdole
1155 1233 1337 1290 regem

108 1313 404 1384 Implanare
431 1313 624 1382 opibus
662 1311 921 1367 Efruinus
966 1309 1282 1384 [-Ebroinus]
1322 1313 1695 1383 philocourpos

104 1406 281 1477 Legati
302 1414 613 1476 properant,
631 1405 1038 1475 paraphrastica
1059 1402 1211 1472 jussa
1236 1406 1500 1461 revelant.
1520 1405 1692 1478 [(521)

103 1497 214 1551 Rex
240 1512 366 1552 vero
389 1498 724 1568 phronymus
747 1496 999 1552 scindens
1024 1494 1191 1550 ferale
1215 1496 1484 1562 volumen,

100 1589 431 1657 Aspernalus
459 1603 573 1654 eos,
598 1587 831 1642 flammis
857 1587 1087 1657 projecit
1116 1586 1169 1641 in
1191 1586 1333 1643 altis.

100 1680 369 1751 Impreeor
395 1688 602 1736 aeterno
633 1689 822 1752 pereat
842 1680 922 1736 sic
947 1689 1216 1746 caumate,
1242 1679 1488 1749 quisquis

100 1774 403 1844 Compacttc
432 1774 627 1843 quaerit
649 1773 771 1828 ﬁdei
803 1772 1098 1829 dissolvere
1124 1773 1315 1838 nodos,

98 1864 251 1919 Inﬁt:
280 1875 337 1921 et
364 1864 591 1921 infestos
613 1866 775 1935 jussit
796 1880 1042 1920 remeare
1072 1865 1308 1921 sodales.

99 1955 245 2009 llaud
267 1955 493 2012 dubium
523 1958 652 2027 quin
677 1957 939 2012 lustratus
972 1955 1181 2028 fulgore
1211 1970 1469 2026 superno,

94 2046 172 2100 Ad
198 2061 371 2103 cunas
393 2047 499 2119 agii
521 2048 791 2117 quondam
823 2047 916 2118 qui
935 2047 1073 2102 luxit
1101 2046 1167 2101 ab
1188 2046 1321 2103 alto.

422 2160 614 2215 XXIV.
644 2161 970 2232 Apostrophe
992 2161 1074 2227 :ad
1107 2161 1358 2232 reginam.
1412 2226 1422 2241 κ

159 2272 479 2342 Imprudens
513 2272 731 2339 mulier,
756 2272 962 2342 justqu
994 2272 1282 2329 furialibus
1295 2289 1484 2329 armis.

93 2364 196 2418 Cur
217 2363 506 2420 stimulas?
533 2373 621 2420 sat
649 2372 768 2420 erat
787 2363 963 2434 patria
992 2365 1321 2434 expuuxisse
1358 2365 1601 2420 beatum.
1686 2418 1691 2425 ,

92 2454 226 2519 Quid
246 2468 405 2510 mare
440 2454 743 2511 sollicitas?
769 2455 901 2525 quid
923 2469 1108 2510 casses
1136 2456 1276 2510 abde
1303 2455 1602 2526 charybdi?

92 2548 224 2604 Num
271 2549 366 2605 tibi
394 2550 785 2620 quadripatens
812 2550 996 2605 obedit
1029 2549 1279 2604 machina
1310 2548 1498 2604 ruris?

90 2640 230 2695 'I‘ene
249 2641 478 2711 jubente
510 2640 619 2711 poli
651 2640 897 2695 rutilabit
923 2640 1199 2697 dextimus
1228 2639 1347 2694 axis
1377 2639 1401 2693 ?

90 2727 257 2795 Siste,
286 2744 513 2801 capesse
546 2729 730 2796 ﬁdem,
759 2729 976 2801 dynami
1009 2728 1158 2800 (525)
1202 2729 1432 2799 capieris
1471 2729 1683 2794 eadem,

93 2819 259 2877 Ocius
285 2822 489 2887 amisso
526 2820 825 2877 mutabcris
855 2821 971 2891 ipsa
1002 2821 1223 2887 marito,

88 2908 403 2964 Grassatrix
434 2909 704 2964 scelerum
734 2910 831 2965 ﬁes
866 2909 1084 2964 inimica
1109 2908 1380 2979 luporum,

90 3001 292 3057 Christi
326 3001 645 3059 caudidulos
665 3016 857 3072 pasces
870 3000 1033 3056 modo
1054 3001 1240 3055 mitior
1265 3015 1455 3071 agnos.

83 3091 254 3159 Quem
283 3109 425 3149 nunc
461 3084 826 3163 persequeris,
864 3092 1092 3164 posthac
1119 3092 1311 3146 devota
1339 3090 1605 3160 sequeris,

73 3181 245 3238 Multa
271 3184 466 3239 dehinc
487 3185 700 3255 populis
733 3184 999 3240 adhibens
1020 3184 1353 3239 monimenta
1378 3182 1592 3238 salutis.

84 3272 187 3328 Ista
209 3288 309 3345 per
332 3275 573 3330 ecstasin
605 3274 858 3345 scalpello
878 3274 1108 3329 lusimus
1131 3288 1288 3328 unco.

84 3364 275 3436 C(epta
298 3364 433 3422 libet
457 3365 617 3420 solito
645 3380 788 3421 nunc
812 3366 1053 3420 insanire
1079 3364 1373 3420 cothurno.

233 3475 401 3530 XXV.
432 3475 720 3545 Wilfridus
745 3477 816 3530 ad
845 3476 1201 3547 Dagobertum
1223 3494 1279 3531 se
1309 3480 1511 3548 recipit.

73 3588 185 3642 Ver
212 3583 419 3655 gelidos
444 3585 639 3654 tepidis
653 3585 768 3654 jam
794 3586 1033 3640 solverat
1052 3585 1275 3640 testibus
1296 3586 1480 3657 Alpes,

76 3675 304 3731 Viribus
322 3676 589 3729 adsumtis
626 3679 749 3730 cum
780 3675 979 3745 pracsul
1012 3675 1166 3732 laetus
1191 3677 1260 3731 ab
1287 3677 1394 3732 illis

77 3771 290 3826 Gallica
313 3785 441 3825 rura
466 3778 658 3841 petens
679 3770 851 3825 exivit
879 3770 1094 3835 ﬁnibus,
1119 3779 1283 3840 atque

72 3864 215 3917 Nota
242 3862 390 3917 subit
409 3861 582 3917 ﬁdens
604 3861 893 3933 Dagoherti
922 3861 1071 3934 (526)
1102 3862 1302 3916 mmnia
1329 3861 1493 3933 regis.

69 3958 121 4010 Is
146 3955 401 4024 equidem
434 3955 647 4017 merito,
676 3963 941 4009 venturus
970 3963 1030 4008 ut
1055 3955 1271 4010 adseret
1299 3955 1455 4021 ordo,

70 4048 300 4103 Publica
325 4056 579 4118 suscepto
608 4047 886 4117 pratbebat
910 4046 1033 4101 laeta
1064 4054 1316 4117 patrono.

69 4140 345 4204 Perditus,
379 4148 441 4194 ut
466 4138 660 4202 nostis,
686 4138 883 4208 inquit,
906 4136 1254 4208 popularibus
1281 4136 1401 4199 alis,

69 4230 275 4300 Excepi
304 4238 528 4287 mmstas
558 4238 743 4286 tenero
765 4227 893 4283 olim
927 4238 1138 4283 somate
1168 4242 1445 4282 erumnas.

69 4321 346 4375 Adscendi
371 4320 658 4376 tremulum
696 4333 801 4373 non
831 4317 1000 4372 multo
1026 4318 1229 4387 remige
1255 4316 1515 4382 lembum,

68 4407 267 4462 Pulsus
295 4409 362 4463 ad
394 4410 618 4479 ignavos
646 4406 964 4462 adulescens
990 4404 1142 4460 exsul
1166 4402 1456 4460 Hibernos.

69 4499 150 4553 En
191 4499 364 4565 vobis,
401 4498 559 4569 cujus
579 4501 751 4555 merui
784 4501 1046 4554 tutamine
1069 4498 1257 4565 reddi;

69 4590 178 4645 Per
209 4606 315 4657 me,
344 4607 547 4663 perque
575 4602 743 4658 tuam,
776 4593 933 4648 miles
955 4590 1181 4657 delecte,
1208 4590 1462 4659 salutem,

71 4680 129 4735 Si
153 4696 259 4754 qua
288 4681 422 4740 ﬁdes
442 4685 644 4751 animo,
671 4692 879 4739 tantum
908 4697 1188 4739 servemus
1211 4683 1469 4741 amicum.

142 4830 293 4901 (323)
319 4831 394 4887 De
417 4846 567 4887 mora
595 4831 831 4888 Wilfridi
874 4847 998 4886 cum
1036 4831 1391 4889 Willibrordo
1418 4832 1653 4888 mentio-

69 4899 348 4973 nemfacit
369 4902 511 4957 Beda
542 4903 597 4957 in
619 4902 717 4973 lib.
743 4918 801 4958 ιιι
829 4918 946 4973 cap.
974 4903 1061 4957 15.

143 4970 320 5046 (ὖῖιίλ
338 4973 559 5046 Amator
599 4970 908 5046 jgctqnliq',’
923 4972 1246 5046 φιλόκομπος.
1280 4974 1480 5046 Eadem
1495 4986 1655 5046 __voce

71 5041 609 5123 utitur_;ilathet;i‘ns.'
630 5041 685 5095 in
716 5041 1099 5123 ᾼιιοιςιξὼιίυο,⁷
1117 5054 1264 5123 tomo
1278 5045 1320 5100 ll
1359 5042 1655 5123 Spicilegii,

70 5119 127 5163 et
162 5110 213 5162 in
238 5110 365 5181 Vita
388 5110 448 5167 S.
474 5109 785 5181 Walpurgis
813 5109 1191 5181 p/tilgeompica
1213 5128 1354 5170 nota.
1389 5109 1659 5170 Ebroinus

72 5191 211 5249 nove
233 5180 321 5236 hic
339 5188 570 5238 vocatur
590 5178 872 5249 Efruinus,
904 5178 1256 5240 Ebrernerdus
1284 5185 1450 5241 etiam
1478 5183 1660 5239 dictus

1215 358 1304 415 DE
1342 358 1501 416 VITA
1542 358 1601 415 S.
1643 356 1967 415 WILFRIDI
2005 360 2304 422 EBORAC.

3291 383 3395 444 998

1728 479 1775 537 Α
1804 473 2092 564 Exsultant
2118 491 2376 545 proceres
2403 495 2417 533 :
2449 494 2624 552 neque
2638 482 2782 538 enim
2809 484 2926 543 leve
2951 490 3212 564 principis
3235 505 3391 553 extra

1803 562 2139 633 Praecipuum
2170 564 2254 622 fas
2273 576 2357 622 est
2386 568 2656 639 subjectos
2684 571 2818 629 velle
2840 588 3042 633 meare.

1800 648 2012 708 Obtulit
2038 656 2283 726 egregias
2312 656 2575 714 immenso
2602 673 2846 718 oromate
2884 668 3061 733 sedes,

1801 742 1888 798 Ire
1912 744 2211 801 catillatum
2239 761 2340 803 nec
2369 749 2482 804 vult
2509 766 2602 805 rex
2632 753 2774 809 ultra
2804 756 3022 816 beatum

1750 874 1764 882 .
1802 836 2115 908 Friguttire,
2146 839 2281 908 petit
2309 842 2503 899 vetitas
2522 844 2754 902 alacrior
2781 863 2959 908 arces.

1803 927 2180 1000 Magnanimus
2201 946 2329 987 vero
2362 934 2503 989 votis
2532 936 2807 1006 regalibus
2839 940 3023 998 heros.

1800 1018 1919 1073 Non
1942 1020 2110 1076 cessit
2135 1038 2149 1075 :
2180 1037 2370 1078 verum
2397 1024 2559 1081 rebus
2578 1028 2850 1098 sociisque
2873 1030 3101 1098 levatus,

1800 1108 1942 1175 Quin
1965 1110 2129 1165 etiam
2160 1121 2343 1169 sumto
2369 1114 2608 1171 Deodato
2637 1115 2786 1189 (527)
2817 1121 3046 1188 prtesule
3074 1125 3269 1195 pergit.

1801 1201 2013 1258 Rursus
2047 1204 2117 1258 ab
2146 1204 2361 1274 objecto
2388 1222 2687 1278 properans
2712 1211 2814 1267 sibi
2847 1229 2973 1285 rege
2999 1227 3249 1286 paratum

1801 1294 1962 1350 Vadit
1986 1297 2053 1350 ad
2095 1298 2407 1369 hoSpitium.
2440 1299 2735 1358 Bertherus
2764 1303 2915 1376 (328)
2942 1321 3176 1379 namque
3195 1316 3385 1379 paten—

1798 1386 2121 1458 Imperitans
2160 1399 2334 1444 terras
2368 1389 2539 1446 multo
2568 1401 2776 1449 terrore
2800 1396 3045 1466 regebat.
3282 1395 3389 1470 [tes

1796 1478 1916 1550 Ipse
1944 1481 2034 1550 pio
2056 1479 2240 1536 solans
2265 1481 2471 1552 justum
2496 1485 2733 1554 suscepit
2762 1500 2968 1541 amore.

1797 1570 2128 1640 Postepulas
2150 1581 2200 1628 et
2233 1582 2353 1642 post
2389 1573 2529 1645 grati
2555 1576 2830 1631 carchesia
2856 1578 3072 1645 bacchi,

1797 1655 1915 1713 Rex
1945 1661 2111 1732 cmpit
2138 1679 2363 1734 narrare
2392 1664 2564 1732 Patri,
2589 1666 2681 1735 qui
2710 1666 2871 1723 livida
2897 1670 3032 1724 civis

1800 1750 2007 1806 Viderit
2032 1766 2157 1807 orsa
2182 1754 2307 1808 mali
2330 1770 2453 1811 sese
2480 1757 2686 1812 violare
2711 1758 2964 1812 volentis.

1720 1839 1764 1899 Β
1792 1839 1891 1895 Ast
1918 1855 2019 1910 ego
2050 1841 2310 1911 prmteriti
2343 1859 2571 1909 memor,
2606 1846 2799 1915 inquit,
2824 1855 3030 1912 sancte,
3068 1846 3277 1917 pericli,

1703 3199 1748 3260 Ο

1795 1930 1865 1986 Ut
1886 1933 2159 2002 quondam
2194 1934 2384 1990 tellure
2408 1950 2525 1990 mea
2554 1938 2819 2006 privatus,
2855 1953 3077 1993 amaras

1792 2019 2031 2076 Externo
2066 2023 2166 2078 sub
2192 2040 2319 2095 rege
2341 2025 2543 2096 degens
2568 2028 2712 2081 sensi
2737 2026 3041 2082 cicatrices.

1790 2109 2021 2166 Ftedere
2040 2113 2136 2167 sed
2172 2114 2345 2169 multo
2371 2119 2623 2185 quamvis
2654 2124 2905 2171 servatus
2937 2115 3005 2170 ab
3027 2116 3210 2183 humo,

1792 2199 1951 2255 Evasi
1978 2217 2153 2257 srevos
2183 2203 2468 2258 discedens
2494 2204 2630 2260 liber
2652 2206 2881 2260 amicos.

1791 2292 1873 2346 Me
1893 2309 2108 2365 quoque
2126 2294 2441 2351 muneribus
2472 2295 2758 2351 voluerunt
2778 2295 2967 2351 fallere
2999 2295 3145 2360 latis,

1791 2383 1908 2458 Quo
1938 2392 1989 2439 te
2014 2386 2331 2455 deciperent
2351 2386 2531 2456 glauci
2562 2385 2858 2442 Iacerando
2892 2386 3158 2441 Britanni.

1789 2475 1940 2542 Quod
1969 2475 2014 2532 si
2045 2492 2131 2532 me
2160 2477 2280 2533 lidei
2305 2478 2521 2549 gentilis
2549 2492 2735 2532 amore
2761 2477 2969 2532 tenacis

1790 2566 2037 2624 Vendere
2067 2569 2335 2639 despexit,
2372 2581 2425 2626 te
2454 2586 2555 2625 nec
2582 2566 2762 2624 minus
2784 2570 2898 2640 ipse
2936 2569 3147 2624 fovebo.

1786 2657 2078 2714 Claxendix
2109 2661 2301 2725 tonuit,
2331 2662 2556 2717 comites
2585 2676 2676 2715 rex
2699 2660 3002 2730 promtulus
3032 2659 3202 2717 auxit.

1789 2746 1882 2804 Sic
1905 2748 2150 2804 Romana
2182 2759 2373 2821 petunt
2400 2752 2713 2821 pernicibus
2735 2752 2871 2805 atria
2900 2752 3119 2822 plantis.

1790 2865 1976 2922 XXVI.
2026 2867 2152 2938 Ipso
2198 2878 2451 2938 praesente
2494 2867 2931 2939 Rommsynodus
2959 2877 3292 2935 convocatur,
3322 2884 3381 2925 ut

2192 2955 2297 3007 qua
2325 2940 2621 2992 restituitur
2650 2938 2954 3007 Wilfridus.

1857 3050 2123 3107 Cursores
2152 3051 2246 3106 sed
2266 3050 2382 3119 jam
2418 3050 2759 3120 praemiserat
2785 3052 3140 3120 archipolites

1786 3140 2125 3198 Theodorus.
2150 3140 2287 3195 Tum
2316 3134 2556 3197 Wilfridi
2585 3140 2677 3210 pia
2708 3140 2853 3194 fama
2891 3141 3038 3196 beati

1778 3232 2053 3288 Ausonias
2088 3233 2235 3287 notis
2260 3232 2570 3303 penetravit
2598 3231 2824 3287 nutibus
2852 3231 3026 3287 aulas.

1781 3324 1927 3394 Euge
1955 3324 2107 3379 ciunt
2130 3318 2279 3378 cives
2306 3324 2565 3378 certatim
2595 3324 2846 3394 protinus
2873 3339 3086 3380 omnes.

1779 3412 1994 3468 Exterit
2020 3413 2279 3482 abiegnas
2309 3411 2456 3467 Petri
2488 3413 2808 3480 dignissime
2841 3413 3045 3469 valvas.

1775 3503 1990 3572 Agatho
2020 3502 2349 3572 apostolicas
2377 3502 2672 3557 decorabat
2701 3504 2896 3571 prmsul
2930 3503 3192 3572 habenas,

1776 3591 1997 3648 Justitia
2030 3592 2282 3663 simplex,
2310 3593 2451 3661 aequi
2482 3608 2588 3647 non
2620 3592 2892 3647 marcidus
2929 3608 3155 3663 auspex.

1778 3684 2025 3739 Edictum
2049 3683 2252 3752 posuit,
2284 3684 2522 3753 patrium
2549 3693 2833 3755 syntagma
2866 3686 3134 3755 gregavit,

1774 3775 1953 3846 Atque
1978 3783 2175 3845 quater
2197 3775 2446 3829 duodena
2473 3775 2717 3842 Patrum,
2753 3784 3007 3831 nectente
3029 3777 3188 3833 diade
3215 3779 3367 3851 (529)

1773 3865 2005 3939 Agmina
2034 3865 2313 3930 conduxit,
2344 3866 2619 3920 communi
2648 3865 2852 3922 famine
2876 3867 3054 3923 dixit:

1843 3955 2033 4013 Cultus
2055 3966 2111 4010 et
2138 3955 2397 4011 Ecclesiae
2420 3954 2636 4010 fucatur
2662 3957 2877 4012 sanctio
2905 3958 3124 4027 priseze,

1772 4049 1840 4105 Ni
1872 4057 2070 4119 coquat
2091 4063 2335 4103 emersas
2358 4048 2509 4107 calor
2535 4049 2941 4105 ecclesiasticus
2970 4051 3188 4107 herbas.

1772 4138 1996 4208 Anglica
2022 4138 2391 4210 comperimus
2422 4139 2608 4195 vexari
2641 4138 2875 4210 pessime
2907 4156 3093 4211 regna,

1773 4230 1910 4284 Dum
1937 4240 2132 4300 praeter
2156 4231 2296 4286 ﬁxos
2325 4230 2462 4286 ﬁunt
2485 4232 2714 4287 discidia
2743 4232 2899 4289 ﬁnes.

1770 4319 1979 4390 Arguto
2008 4319 2208 4377 fratres
2236 4320 2468 4376 fratrum
2499 4321 2815 4377 discrimine
2837 4323 3041 4379 clades.

1770 4410 1998 4466 Pendite
2026 4426 2095 4466 ne
2120 4411 2346 4467 rudibus
2373 4419 2600 4481 pereant
2623 4412 2848 4483 antiqua
2876 4413 3112 4471 bilibris.

1695 4487 1745 4547 ι)
1840 4501 2116 4557 Primores
2137 4501 2255 4556 Itali
2290 4502 2493 4557 trutina
2521 4502 2743 4571 pietatis
2771 4504 2963 4569 adulti,

1771 4592 1922 4647 Talia
1951 4592 2262 4662 doctiloquo
2293 4591 2600 4647 retulerunt
2621 4591 2732 4648 fata
2763 4595 3021 4666 magistro
3046 4611 3061 4650 :

1769 4683 1969 4754 Incipe,
1996 4692 2203 4753 pastor,
2237 4683 2405 4740 habes
2432 4693 2678 4738 veterum
2705 4684 2921 4743 decreta
2949 4685 3214 4742 virorum.

1837 4833 2392 4908 (5277)]lenscbenius
2421 4834 2475 4889 in
2521 4833 2615 4889 lib.
2659 4852 2699 4890 ιι
2740 4836 2807 4890 de
2837 4836 3009 4891 tribus
3042 4836 3358 4908 Dagobertis

1764 4921 1883 4975 cap.
1917 4906 2489 4981 4,‘I)eodatum_hunc
2517 4920 2639 4959 eum
2672 4922 2798 4981 esse
2842 4906 3362 4981 pu_tpt__qui_'exepi-

1765 4974 1933 5045 scopo
1955 4976 2277 5032 Nivernensi
2301 4976 2478 5045 factus
2491 4983 2574 5028 est
2586 4976 2887 5033 monachus
2909 4974 3359 5035 Vallis-Galilaém.

1716 5038 1727 5049 ’
1766 5038 1880 5116 Ego
1902 5060 2031 5101 vero
2075 5045 2258 5115 potius
2281 5043 2759 5116 crediderintesse
2803 5045 3100 5116 Deodatum
3143 5044 3364 5116 Tullen-

1766 5111 3364 5239 sasrrmarg‘sriv325'5';saeuam":

1765 5183 2001 5243 concilio
2028 5183 2274 5245 Romano
2290 5183 2406 5243 "sub
2426 5183 2709 5255 Agathone
2735 5199 2872 5256 papa
2903 5183 3170 5253 interfuit,
3194 5190 3284 5245 cui
3309 5197 3366 5257 et

1767 5257 2160 5327 subscripsisse
2207 5256 2487 5314 invenitur
2525 5255 2666 5327 apud
2699 5254 3047 5325 Spelmanum
3078 5256 3132 5312 in
3176 5258 3367 5315 tomol

1765 5326 1917 5356 pnnn
1965 5324 2118 5356 o'nl::n
2165 5327 2459 5356 λιιι-Αλκιιιρ
2488 5324 2786 5356 αηπωιιηιιζη
