3964 5356
634 320 743 380 993

634 422 938 491 Nuncillos
965 410 1209 490 admitte,
1238 420 1438 493 placet,
1464 424 1603 491 Quos
1634 422 1804 476 multa
1836 418 2069 488 fatigant

534 542 553 557 ί
636 523 932 593 Instigante
960 517 1066 573 fide
1090 514 1339 587 spatiosa
1367 513 1703 568 incommoda
1730 519 1906 566 terrae.

638 613 910 669 Decernes
935 621 1186 665 sermone
1210 606 1324 677 pio,
1357 603 1486 675 quid
1517 602 1764 657 subditus
1788 599 1946 664 ordo,

636 705 708 760 Et
733 704 860 774 quid
887 714 1116 773 qumque
1144 696 1345 762 colant,
1362 709 1465 750 seu
1500 693 1631 764 quid
1659 692 1832 747 vitare
1857 688 2115 759 iubentur

637 793 917 856 Ecclesue,
941 788 1118 846 scelus
1138 788 1242 843 hoc
1268 792 1426 856 pacto
1449 781 1767 837 vacuabitur
1790 792 1969 835 omne.

710 880 943 935 Allusit:
971 877 1263 947 statimque
1288 888 1475 930 sacras
1499 869 1782 926 Wilfridus
1812 869 1867 923 in
1894 868 2035 924 aedes

639 970 865 1041 Cogitur
890 969 1005 1039 ipse
1033 980 1157 1023 suas
1178 966 1366 1037 jussus
1392 977 1617 1018 narrare
1645 960 1916 1030 querelas.

639 1059 849 1116 Obtulit
875 1071 1191 1128 expressum
1223 1053 1475 1109 Patribus
1506 1051 1741 1121 diploma
1765 1047 2072 1120 legendum,

640 1151 715 1207 Ut
741 1150 930 1221 patriae
949 1163 1107 1204 curas
1133 1144 1313 1201 ovium
1340 1158 1440 1199 ceu
1471 1141 1619 1197 lucra
1648 1140 1862 1209 piarum

641 1238 874 1294 Sedulus
893 1236 1151 1307 obsequio
1180 1231 1512 1298 tractaverit,
1543 1239 1709 1299 utque
1736 1226 1938 1283 dicatas

637 1328 846 1385 Invidia
868 1334 1092 1398 cogente
1118 1326 1265 1382 fores
1288 1324 1655 1395 suspenderit,
1682 1332 1842 1391 atque

642 1419 791 1474 Eheu
818 1418 1133 1490 pontificum
1163 1415 1384 1472 fraudes
1409 1415 1503 1484 qui
1537 1428 1688 1469 more
1715 1424 2011 1482 procorum

644 1509 905 1566 Ornatam
930 1509 1153 1579 proprio
1174 1521 1429 1578 sponsam
1455 1505 1704 1559 invasere
1724 1510 1973 1573 patrono.

643 1599 765 1656 Non
795 1615 896 1671 ego
916 1599 1239 1655 criminibus
1266 1610 1594 1668 quemquam
1617 1594 1856 1664 depravo
1884 1588 2138 1662 peractis.

643 1689 931 1749 Praestolor
953 1688 1209 1761 Hesperia
1232 1687 1324 1759 qui
1339 1686 1571 1760 judicer,
1596 1684 1791 1756 inquit,
1814 1681 1883 1739 ab
1904 1679 2047 1748 aula,

645 1782 839 1839 Omnia
868 1781 1118 1838 versifico
1146 1780 1363 1849 longum
1390 1775 1709 1832 exanthlare
1734 1772 1931 1828 relatu.

714 1872 952 1928 Alterum
975 1870 1267 1941 perhibent
1293 1868 1505 1923 sincera
1534 1862 1756 1919 oracula
1779 1870 1964 1933 partes

644 1962 1049 2034 Expromisisse
1092 1960 1272 2015 virum
1302 1975 1316 2011 :
1344 1972 1570 2027 prorsus
1600 1957 1744 2012 hunc
1769 1969 1890 2010 esse
1914 1950 2224 2024 legendum,

645 2052 813 2122 Cujus
836 2050 1137 2122 apostolico
1162 2048 1456 2104 solidanda:
1481 2048 1677 2102 robore
1701 2045 1868 2110 vires,

647 2139 765 2199 Hoc
789 2141 939 2195 virus
969 2153 1035 2194 ne
1060 2147 1263 2208 serpat,
1292 2144 1348 2192 et
1372 2133 1622 2191 incautos
1648 2134 1924 2190 malesana

644 2230 856 2287 Inﬁciat
881 2243 1065 2295 succo,
1093 2229 1217 2283 dum
1242 2226 1456 2283 Iustum
1483 2226 1743 2297 pessimat
1768 2235 1943 2279 atrox.

645 2320 874 2385 Annuit,
900 2328 956 2374 et
986 2318 1204 2387 scriptis
1238 2316 1498 2389 legalibus
1526 2314 1940 2371 archierarchus
1967 2309 2157 2384 [papa]

647 2410 937 2467 Theodoro
971 2409 1194 2481 regique
1211 2409 1367 2480 jubet
1395 2409 1603 2464 sancita
1630 2407 1826 2462 notari.

650 2498 719 2553 Ni
747 2498 946 2570 pietate
974 2500 1094 2570 pari
1117 2507 1440 2555 conservent
1457 2499 1606 2569 jussa
1638 2496 1907 2569 magistri,

651 2588 864 2646 Iudicio
888 2590 1102 2647 Domini
1125 2598 1348 2645 cunctos
1371 2588 1717 2643 anathemate
1745 2586 1923 2657 plecti,
1974 2645 1988 2659 ,

654 2681 970 2751 Ωιιωῑθηιεε
998 2683 1234 2738 animam
1259 2682 1378 2737 sine
1403 2696 1460 2736 re
1488 2680 1637 2752 (330)
1669 2680 1929 2735 damnare
1956 2679 2121 2733 beati.

652 2797 866 2855 XXVII.
923 2796 1219 2867 Dagoberto
1277 2794 1408 2849 bello
1456 2793 1790 2867 impetitaet
1837 2808 1970 2867 ειεξο
2019 2791 2231 2861 Wilfri-

829 2868 929 2922 dus
957 2863 1029 2922 οὗ
1047 2868 1215 2936 ipsum
1238 2876 1496 2920 seruatum
1522 2863 1751 2917 Convicio
1776 2863 2054 2931 appetitur.

727 2957 827 3013 His
853 2958 928 3013 ita
952 2956 1214 3022 fundatis,
1240 2970 1307 3011 ne
1331 2955 1473 3011 sicut
1492 2962 1738 3026 apostata
1762 2953 1904 3017 vilis,

655 3046 765 3100 Aut
796 3045 977 3117 legum
1003 3044 1262 3114 profugus
1295 3041 1410 3097 sola
1444 3050 1652 3113 quaerat
1681 3040 1908 3110 perdere
1935 3047 2095 3104 nota;

655 3137 947 3194 Limitibus
977 3136 1151 3206 planis
1178 3134 1413 3190 excessit
1435 3133 1629 3187 finibus
1652 3131 1777 3187 illis.

661 3226 851 3282 Uritur
875 3224 1103 3280 infestus
1133 3222 1378 3277 humana:
1398 3220 1566 3291 prolis
1592 3220 1821 3285 amicus,

659 3314 1071 3374 Commaculare
1097 3314 1298 3368 bonum
1330 3310 1651 3381 perquirens
1677 3308 1839 3364 livide
1864 3316 2070 3363 vatium.

657 3409 813 3464 Nam
833 3420 1132 3478 properans
1162 3402 1334 3475 patuli
1370 3403 1497 3457 dum
1528 3409 1773 3456 verreret
1797 3414 2013 3471 aequora
2036 3396 2236 3469 campi,

660 3497 1071 3568 Conglomerata
1100 3493 1213 3550 suis
1234 3491 1421 3546 furunt
1445 3490 1675 3559 collegia
1698 3489 1870 3559 signis

661 3587 857 3654 Noxia,
880 3586 1068 3657 regali,
1101 3599 1199 3639 ceu
1226 3581 1420 3646 fertur,
1448 3580 1714 3651 sanguine
1742 3578 1880 3634 fuso.

662 3677 859 3733 Civiles
884 3676 1083 3733 etenim
1113 3672 1451 3745 Dagobertus
1475 3670 1716 3725 Marchio
1747 3670 1894 3740 (551)
1926 3669 2146 3723 dextras

662 3768 946 3834 Senserat,
977 3774 1033 3821 et
1058 3765 1289 3837 rigidum
1311 3762 1665 3833 capulotenus
1688 3759 1907 3830 inguine
1931 3757 2154 3813 ferrum.

663 3862 857 3918 Praelia
877 3858 1103 3917 vibratis
1129 3860 1401 3914 intentant
1430 3858 1731 3912 comminus
1765 3855 1953 3910 hastis.

664 3953 882 4008 Arduus
904 3964 1132 4007 excusso
1164 3962 1395 4020 quorum
1423 3946 1667 4002 convicia
1698 3943 1804 4001 telo

670 4044 826 4100 Unus
854 4042 1092 4114 pontifici
1124 4038 1268 4095 findo
1295 4039 1375 4094 sic
1396 4038 1589 4108 ingerit
1610 4053 1705 4091 ore
1730 4053 1743 4089 :

666 4133 886 4192 Delator
908 4134 1098 4206 patriae
1124 4130 1392 4202 petulans,
1418 4126 1742 4184 moribunde
1763 4127 1961 4192 viator,

668 4218 873 4281 Gallica
904 4233 959 4279 tu
991 4223 1200 4295 pridem
1233 4220 1440 4275 violasti
1471 4206 1704 4289 sceptra,
1734 4218 1926 4284 relato,

670 4315 775 4384 Qui
801 4316 964 4387 periit
990 4329 1177 4377 caesus,
1205 4327 1364 4382 quem
1390 4311 1511 4382 jure
1538 4325 1786 4380 sequere,
1817 4319 2065 4382 tyranno.

669 4405 757 4460 An
779 4419 999 4474 pravum
1030 4403 1195 4473 gessi,
1221 4414 1404 4472 regem
1432 4400 1560 4456 dum
1592 4398 1729 4454 forte
1757 4399 1983 4455 remisi?

672 4493 871 4566 lnqnit,
900 4502 956 4548 et
989 4502 1115 4563 opto
1144 4491 1255 4563 pati
1285 4490 1525 4563 gaudens
1550 4505 1647 4560 pro
1678 4489 1894 4544 nomine
1923 4487 2145 4543 Christi.

676 4588 797 4644 Mox
826 4584 1126 4640 truculenta
1158 4590 1321 4638 ruunt
1348 4581 1565 4637 hastilia
1593 4599 1604 4633 :
1632 4580 1824 4635 deinde
1846 4580 2089 4635 remissis

672 4677 922 4733 Acclines
950 4674 1189 4748 rogitant
1216 4673 1478 4728 ancilibus
1506 4678 1567 4725 ut
1586 4671 1893 4727 benedicat.

672 4767 1006 4824 Crediderim
1040 4764 1199 4819 rutilo
1226 4761 1452 4832 perculsi
1479 4759 1718 4814 fulminis
1751 4761 1891 4831 igne,

674 4857 833 4924 Quod
857 4854 1031 4924 patuit
1060 4852 1281 4916 mundo,
1319 4849 1448 4903 dum
1473 4840 1662 4904 matris
1687 4849 1841 4903 ﬂuxit
1867 4851 1935 4905 ab
1970 4850 2109 4906 alvo.

675 4965 907 5023 XXVIII.
925 4965 953 5020 1
959 4983 992 5020 n
1006 4963 1254 5048 Angliam
1266 4977 1497 5045 reversus
1510 4960 1708 5018 litteras
1724 4963 1924 5018 exhibet
1938 4962 2256 5041 pontiﬁnas.

746 5077 831 5133 Nil
859 5086 1106 5133 metuens
1133 5088 1264 5146 ergo
1285 5082 1582 5143 pertransit
1606 5074 1851 5143 gramina
1882 5081 2020 5139 tuto,

678 5168 1023 5235 Securasque
1048 5179 1210 5220 cava:
1234 5164 1402 5218 intrat
1423 5159 1689 5217 velociter
1714 5162 1869 5219 alnos
1901 5160 2135 5234 [naves].

749 5258 915 5356 est?)
942 5279 1071 5356 §ine
1096 5292 1274 5356 ausa.

1653 303 2025 365 FRIDEGODI
2058 296 2365 357 MONACHI
2400 294 2831 354 BENEDIC'I‘INI
3067 344 3073 350 .
3698 296 3790 354 won

2239 413 2290 473 Α
2318 409 2599 465 Multivido
2623 408 2849 464 fratrum
2881 416 3005 473 post
3024 407 3146 462 inec
3173 405 3412 461 oramine
3429 398 3601 471 fultus,

2317 500 2614 555 Auctorata
2644 497 2823 554 ferens
2850 495 2995 551 Petri
3020 494 3213 550 vexilla
3232 493 3396 559 beati,

2318 586 2549 658 Regales
2570 586 2723 650 adiit,
2750 586 2885 640 dans
2915 584 3079 639 rectis
3112 583 3328 654 gaudia,
3357 591 3543 653 postes.

2316 675 2742 732 Bullatasoﬂ'ert
2766 676 2979 746 signato
3003 676 3205 731 cortice
3236 674 3468 731 chartas.

2317 764 2614 821 Confestim
2646 766 2819 820 docta:
2847 765 3052 834 pariter
3072 764 3256 819 coiere
3287 774 3527 830 catervae,

2318 856 2458 924 Quid
2488 866 2672 911 narret
2702 856 2978 911 Romanus
3006 871 3165 926 apex,
3198 856 3387 911 audire
3411 869 3613 927 parata.

2316 945 2741 1001 Arehistrateios
2772 945 2919 1017 (352)
2946 944 3082 1001 solio
3108 955 3417 1016 prospectat
3442 947 3507 1002 ab
3533 949 3645 1013 alto,

2317 1033 2414 1090 Jus
2439 1035 2656 1091 crudele
2676 1036 2847 1091 sacris
2874 1051 3038 1091 ausus
3061 1037 3267 1092 dictare
3291 1035 3531 1107 loquelis.

2320 1145 2511 1201 XXIX.
2555 1145 2755 1212 Quibus
2794 1148 3012 1216 spretis,
3052 1147 3163 1218 ipse
3195 1148 3253 1202 in
3292 1164 3543 1203 carcerem
3579 1149 3799 1219 conjicitur.
3894 1146 3895 1219 ἦ

2392 1255 2522 1314 Post
2539 1256 2911 1328 evangelicum
2933 1258 3299 1324 catorthoma,
3328 1267 3450 1328 post
3476 1260 3696 1316 recitata

2320 1344 2481 1401 Sedis
2509 1345 2820 1416 apostolica:
2846 1360 3063 1413 causas,
3090 1346 3310 1416 indigne
3337 1346 3575 1403 ferebant

2322 1439 2567 1511 Oppositi
2587 1439 2804 1510 quidam
2834 1448 3044 1509 raptam
3071 1441 3376 1511 persolvere
3399 1441 3635 1510 praedam.

2324 1527 2670 1600 Urgebantur
2695 1528 2809 1587 acri
2831 1527 3038 1586 furioso
3061 1539 3281 1599 pectore
3305 1531 3415 1586 bile
3441 1548 3455 1584 :

2326 1616 2798 1689 Permulcentque,
2851 1617 3005 1675 nefas
3031 1633 3048 1673 :
3074 1634 3333 1690 perverso
3372 1620 3587 1675 fasmate
3634 1616 3809 1695 [famine]

3636 1723 3767 1762 rorem

2253 1751 2302 1816 Β
2332 1796 2603 1872 Spernere
2626 1800 2963 1874 syngraphas
2991 1797 3209 1858 furtivis
3228 1800 3396 1856 rebus
3419 1707 3706 1870 adepta}:es

2329 1890 2789 1963 Symmystenque
2814 1893 2905 1947 Dei
2936 1892 3174 1962 gaudent
3201 1890 3569 1963 sycbophanta
3592 1890 3745 1946 notari.

2329 1982 2571 2039 Tandem
2602 1992 2810 2040 semoto
2835 1983 3052 2039 Patrem
3080 1995 3288 2040 trusere
3317 1984 3526 2051 locello,

2328 2073 2536 2129 Blanda
2563 2084 2951 2131 retractantem
2979 2075 3125 2146 regis
3152 2076 3421 2146 promissa
3455 2075 3667 2146 superni,

2328 2164 2470 2221 Olim
2499 2166 2590 2235 qui
2616 2166 2772 2232 dixit,
2798 2166 2890 2236 qui
2916 2181 3013 2221 vos
3042 2166 3148 2232 hic,
3179 2181 3266 2221 me
3296 2181 3513 2236 quoque
3538 2166 3730 2236 spernit.

2330 2257 2466 2313 Tum
2499 2259 2681 2332 regina
2712 2260 2893 2331 gravis
2926 2257 3159 2329 hujusce
3186 2257 3504 2314 schismatis
3530 2258 3724 2321 auctrix,

2331 2346 2650 2405 Prtesumsit
2690 2349 2894 2419 prelias
2935 2346 3247 2421 [pretiosas]
3276 2357 3469 2404 sancto
3501 2346 3800 2421 divellerecip

3536 2436 3637 2512 [sas
3653 2435 3776 2507 (355}.

2335 2528 2453 2585 Non
2484 2530 2699 2600 impune
2726 2529 2832 2585 sibi
2860 2538 3065 2586 tantam
3088 2530 3291 2586 sociata
3315 2528 3577 2600 rapinam.

2683 2644 2854 2701 XXX.
2897 2644 3081 2702 Oratio
3119 2644 3283 2715 ipsius
3313 2644 3390 2696 ad
3420 2659 3558 2698 suos.

2404 2737 2548 2809 Ergo
2574 2737 2767 2809 opibus
2794 2737 2958 2794 sociis
2986 2736 3371 2808 pessumdatus
3404 2733 3621 2804 inclytus
3644 2732 3773 2790 heros,

2336 2828 2562 2883 Famina
2591 2828 2823 2885 mirifico
2851 2827 3110 2884 fratribus
3139 2826 3441 2896 depromsit
3468 2825 3535 2880 ab
3560 2837 3656 2878 ore.

2336 2920 2522 2978 Gloria
2550 2921 2740 2986 multa,
2769 2922 3015 2991 loquens,
3056 2918 3224 2974 multo
3249 2916 3525 2989 captanda
3548 2914 3714 2968 labore.

2337 3013 2485 3067 Cana
2511 3012 2733 3067 Patrum
2763 3012 2952 3076 series,
2983 3009 3169 3080 longos
3196 3017 3426 3079 experta
3450 3006 3660 3067 dolores.

2259 3118 2307 3182 ο
2339 3103 2572 3159 Vincere
2601 3101 2924 3173 multiplices
2958 3101 3155 3156 meruit
3180 3100 3446 3156 divinitus
3475 3098 3654 3154 hostes.

2337 3193 2572 3249 Heroum
2595 3194 2876 3250 duodeuus
2905 3198 3039 3264 apex
3063 3193 3316 3265 patiendo
3347 3193 3535 3247 beatas

2340 3283 2732 3354 Sidereumque
2756 3284 2922 3340 decus
2941 3282 3067 3339 Jesu
3096 3283 3375 3339 tribuente
3404 3293 3617 3338 coronas

2338 3375 2584 3447 Excepit,
2623 3376 2852 3431 multum
2883 3376 3098 3431 modico
3128 3376 3377 3429 lucretur
3403 3374 3474 3429 ab
3496 3374 3612 3444 ipso.

2340 3468 2535 3524 Nostra
2570 3468 2699 3524 licet
2718 3467 2908 3523 duram
2941 3468 3223 3538 patiantur
3248 3480 3487 3537 corpora
3513 3472 3697 3526 sortem.

2344 3558 2555 3617 Mentes
2584 3559 2801 3615 triticeo
2826 3557 2981 3614 caelis
3000 3558 3255 3614 indentur
3281 3572 3512 3623 acervo,

2344 3654 2463 3722 Quo
2490 3654 2675 3727 fruges
2705 3656 2899 3710 anima:
2933 3654 3217 3723 capientur
3248 3667 3378 3707 mox
3410 3648 3695 3720 locupletes.

2345 3744 2576 3801 Praemia
2602 3761 2710 3802 non
2737 3754 2975 3816 quaarat,
3006 3745 3059 3799 ni
3091 3759 3185 3815 qui
3214 3742 3505 3799 tolerando
3534 3734 3774 3805 triumphat.

2346 3836 2526 3903 Dixit,
2556 3845 2611 3892 et
2633 3846 2876 3893 actutum
2903 3837 3157 3893 lictorum
3187 3843 3343 3889 torva
3371 3847 3570 3905 vorago

2346 3927 2601 3995 Obstitit,
2629 3937 2684 3984 et
2705 3938 2916 3998 raptum
2942 3926 3230 3982 tenebroso
3263 3925 3443 3980 vinxit
3464 3926 3516 3980 iu
3539 3932 3688 3979 antro.

2506 4038 2697 4095 XXXI.
2738 4037 2806 4093 1η
2836 4054 3044 4092 carcere
3070 4037 3378 4091 illustratur
3407 4035 3522 4090 luce
3544 4047 3738 4104 superla-

2420 4151 2645 4220 Qualem
2679 4162 2760 4217 te,
2787 4159 2995 4221 pastor,
3029 4148 3208 4205 ltetum
3241 4149 3525 4204 tristemve
3548 4140 3740 4201 fatebor?

2356 4244 2641 4299 Lmtabare
2670 4241 2887 4312 quidem
2914 4250 2966 4295 te
2987 4240 3188 4296 Christi
3212 4250 3332 4309 post
3364 4239 3482 4295 fore
3507 4238 3651 4293 risten
3674 4230 3776 4303 (sic);

2346 4334 2547 4389 'Flebas
2574 4333 2773 4388 damna
2804 4331 2983 4402 gregis
3011 4339 3288 4400 pastorum
3312 4331 3542 4386 verbere
3564 4325 3673 4380 laesi.

2277 4461 2331 4520 Β
2358 4426 2493 4481 Actu
2522 4420 2741 4479 caenoso
2769 4423 2894 4478 dum
2927 4422 3212 4492 stringeris
3237 4422 3478 4491 undique
3500 4418 3651 4481 vallo,

2358 4516 2496 4571 Num
2526 4514 2688 4570 solito
2714 4529 2819 4569 non
2845 4513 3063 4584 quivisti
3096 4512 3305 4584 fulgore
3328 4512 3531 4581 potiri?

2358 4606 2638 4662 Exacuere
2670 4604 2814 4659 leves
2848 4602 3051 4658 inimici
3082 4602 3283 4658 frustra
3314 4602 3551 4673 ligones,

2359 4697 2697 4768 Nequiquam
2726 4693 2991 4765 ancipites
3020 4693 3287 4764 inspicant
3314 4694 3499 4749 acrius
3514 4702 3666 4747 enses.

2360 4789 2702 4859 Tempestiva
2729 4787 2824 4843 tibi
2846 4785 3138 4840 funduntur
3163 4784 3365 4839 lumina
3393 4782 3575 4846 ctelis,

2366 4884 2540 4938 lnviso
2566 4890 2824 4953 properat
2848 4888 3105 4935 consueta
3134 4878 3432 4946 porismate
3453 4868 3657 4948 [meatu]
3682 4871 3823 4936 lapis

2363 4972 2599 5043 Pervigil
2625 4970 2880 5026 excubias
2906 4968 3033 5024 Jcsu
3063 4967 3191 5022 dum
3218 4965 3384 5022 solvis
3412 4974 3628 5019 amatas.

2366 5068 2544 5125 Testis
2574 5068 2729 5123 adest
2747 5073 2936 5121 custos
2956 5104 2972 5126 ,
2998 5060 3268 5132 ergastula
3298 5074 3441 5115 saeva
3464 5053 3649 5115 serenis

2362 5160 2664 5232 Inspiciens
2695 5156 2910 5212 radiare
2931 5152 3068 5209 focis
3094 5152 3148 5207 in
3173 5160 3419 5221 tempore
3440 5146 3623 5204 noctis.

2439 5271 2588 5356 ei?)
2628 5264 3109 5356 ἱξεξξὲετεὲειξιξο

3114 5345 3175 5356 ι...
3221 5338 3296 5356 λιιι
3340 5323 3648 5356 Δ-ηιιΙι--ἷηε
3681 5317 3721 5356 ill
