3964 5356
589 367 733 429 ioos
1098 446 1099 449 γ
1603 328 1972 435 rntnecoot
2014 368 2320 434 MONACHI
2361 368 2794 443 BENEDICTINI
3188 406 3191 409 ν
3600 422 3604 426 Α
3681 394 3779 456 toot

583 480 913 538 Multimodis
942 479 1099 539 torsit
1129 454 1335 538 tantum
1369 481 1656 540 furibunda
1700 494 1987 558 patronum
2018 504 2035 547 :

585 574 929 633 Stcva'soror
952 575 1105 649 cujus
1132 576 1413 635 Centwine
1439 581 1588 653 regia
1620 582 1857 655 conjunx

581 664 805 742 Expulit
842 669 1153 728 indemnem
1208 669 1414 728 nullum
1476 683 1689 730 servata
1742 673 2086 751 [servando]

1865 766 2171 841 [pudorem.

581 875 996 951 XXXVlltAd
1041 878 1313 935 Australes
1362 875 1599 951 Saxones
1640 897 1696 937 se
1743 880 1965 951 recipit:
1981 878 2173 951 Regem

648 949 909 1034 Ediltvallt
973 967 1091 1006 cum
1164 952 1276 1009 suis
1345 949 1553 1007 Christo
1603 949 1864 1008 lucretur.
1926 949 2172 1007 Ccenbbia

653 1031 931 1077 εοηειηιὶι.

2204 490 2257 552 Α
2283 480 2644 549 Commissum
2670 494 2915 566 cupiens,
2933 493 3160 570 jamjam
3186 507 3439 571 vergente
3462 511 3656 565 senecta

2270 574 2516 673 ‘Expetiil
2541 602 2799 646 revocare
2828 590 3003 646 virum
3033 598 3121 648 sat
3151 591 3334 666 inepte
3363 596 3635 668 repulsum.

2276 678 2419 752 Ergo
2448 682 2590 763 redit
2621 683 2863 752 humilis,
2891 685 3119 759 implens
3138 698 3334 747 exacta
3361 691 3566 760 prioris.

2276 772 2389 831 Hos
2424 776 2568 859 inter
2596 778 2793 848 pracsul
2817 770 3241 840 Ercbenwaldus
3263 786 3607 845 venerandus.

2274 867 2556 926 Accedunt
2584 872 2724 928 terni
2750 888 2895 928 verte
2924 871 3181 931 funabula
3210 876 3371 947 lueis,

2275 961 2625 1036 Exorsusque
2650 967 2846 1023 dehinc
2874 968 3057 1024 senior
3083 969 3401 1029 Theodorus
3425 970 3577 1031 intit:

650 1137 790 1206 Quid
817 1137 1039 1206 strides,
1066 1138 1309 1211 peritura
1341 1155 1517 1213 seges,
1548 1149 1643 1196 aut
1670 1139 1876 1197 sulfure
1901 1138 2092 1197 averni

575 1228 807 1302 Pcrpete
840 1231 1103 1295 terreris?
1131 1247 1198 1288 en
1225 1242 1514 1305 aspernata
1537 1234 1815 1305 probabis.

576 1320 696 1394 Ipse
724 1323 827 1380 sibi
851 1324 1082 1396 patriam
1113 1326 1310 1397 prtesul
1331 1342 1447 1382 'non
1479 1325 1637 1394 longe
1657 1328 1930 1398 iacentem

575 1417 866 1487 Adquiret,
900 1419 1140 1474 nondum
1172 1420 1356 1476 divino
1382 1434 1603 1477 vomere
1634 1420 1884 1477 scissam.

576 1507 696 1564 Non
718 1508 871 1565 licuit
901 1512 1061 1567 cultis
1086 1513 1427 1570 committere
1455 1515 1666 1570 semina
1699 1514 1885 1570 sulcis.

576 1602 732 1658 Anne
756 1613 914 1659 vacat
935 1598 1126 1660 saltem
1158 1605 1373 1661 steriles
1401 1605 1673 1662 invertere
1701 1606 1922 1679 glebas?

577 1692 696 1750 Non
732 1696 881 1751 timet
911 1696 1160 1752 exsilium
1192 1698 1286 1768 qui
1317 1707 1493 1770 gestat
1522 1708 1742 1770 pectore
1767 1698 2068 1755 Christum.

576 1786 724 1845 Gens
746 1776 910 1861 igitur
937 1790 1209 1861 quaedam,
1242 1792 1545 1863 scopulosis
1571 1793 1740 1849 iiidita
1775 1792 1953 1859 terris,

576 1888 818 1944 Saltibus
849 1888 1089 1956 incultis,
1132 1897 1186 1944 et
1222 1890 1403 1946 densis
1432 1889 1643 1944 consita
1675 1889 1872 1955 dumis,

573 1979 691 2038 Non
721 1976 931 2039 facilem
963 1983 1199 2054 propriis
1229 1983 1435 2037 aditum
1460 1983 1735 2053 prmbebat
1763 1982 1815 2037 in
1843 1980 2025 2037 arvis:

540 2140 549 2147 ο
574 2073 720 2130 Ceus
744 2076 935 2145 ignara
964 2076 1081 2141 Dei,
1107 2075 1413 2131 simulacris
1442 2077 1620 2131 dedita
1649 2076 1823 2131 vanis.

548 2164 728 2222 .Ilanc
757 2166 870 2221 adit
895 2166 1219 2238 intrepidus,
1244 2168 1458 2223 sincero
1489 2168 1741 2238 dogmate
1770 2165 1960 2234 fretus,

546 2242 967 2326 'Adsistensque
992 2255 1137 2322 duci,
1164 2267 1464 2328 pertractat
1494 2258 1676 2312 munia
1704 2257 1949 2313 Christi.’

572 2333 806 2405 Fmdere
836 2349 1163 2420 complacito
1194 2350 1380 2405 statim
1412 2359 1663 2420 captatur
1692 2350 1759 2405 ah
1787 2350 1924 2422 ipso,

571 2438 693 2505 Non
720 2441 837 2496 auri
863 2442 1061 2513 pretio,
1101 2440 1248 2498 ferro
1275 2458 1382 2498 non
1422 2442 1595 2497 hostis
1625 2459 1825 2498 avaro:

572 2520 788 2587 Juravit
816 2542 1003 2604 pactos
1031 2549 1307 2606 nunquam
1336 2534 1635 2590 dissolvere
1665 2536 1858 2591 nodos.

570 2626 712 2683 llinc
734 2627 937 2699 passim
968 2628 1141 2684 sacris
1164 2628 1466 2699 permulcet
1494 2628 1710 2684 corcula
1737 2630 1940 2697 verbis,

568 2719 946 2793 Lucratusque
973 2721 1166 2779 ducem
1191 2720 1442 2788 feliciter,
1471 2732 1634 2795 atque
1657 2722 1921 2798 iugalem,

569 2812 807 2877 Emicuit
832 2816 1028 2873 mediis
1054 2817 1144 2873 fax
1174 2816 1445 2873 indefessa
1474 2818 1732 2874 tenebris.

570 2903 806 2962 Delubra
842 2909 1092 2965 contritis
1119 2917 1350 2980 pereunt
1376 2909 1617 2966 velocius
1642 2910 1774 2965 aris.

570 2997 685 3055 Nec
711 2998 884 3057 doluit
913 3002 1161 3059 madidas
1190 3005 1513 3061 subvertens
1540 3021 1716 3078 augur
1745 3020 1986 3062 acerras.

569 3088 762 3173 Dulcia
790 3091 973 3150 divino
1008 3092 1306 3152 funduntur
1332 3096 1491 3152 mella
1519 3097 1782 3164 canistro,

573 3179 880 3253 Tinguntur
900 3183 1085 3254 plebes
1114 3196 1362 3250 sanctum
1388 3189 1655 3259 baptisma
1683 3199 1949 3262 petentes.

568 3272 689 3333 Rex
717 3289 932 3347 quoque
964 3276 1176 3332 vivifica
1201 3277 1454 3352 perfusus
1480 3280 1678 3336 nobilis
1709 3283 1878 3351 unda,

566 3362 779 3424 Prmdia
805 3369 1038 3443 delegat,
1067 3372 1318 3429 emnobia
1344 3374 1542 3445 praesul
1566 3375 1811 3431 adornat.

568 3457 866 3531 Edilwalcb
893 3463 1151 3535 princeps
1176 3466 1445 3522 vocitatus
1471 3468 1672 3522 dicitur
1697 3468 1822 3535 iste,

566 3542 806 3611 Wilfridi
833 3556 1043 3614 meritis
1071 3559 1163 3628 qui
1185 3560 1339 3614 novit
1363 3559 1552 3616 cadica
1582 3569 1778 3631 tempe.

572 3665 865 3726 XXXVIII.
893 3670 940 3724 A
964 3668 1209 3775 Cedwa‘lg
1236 3673 1292 3775 in
1322 3674 1808 3756 regnum-restituto
1833 3673 2092 3745 excipitur
2109 3672 2163 3730 in
2265 3703 2453 3759 Ardua
2479 3702 2729 3763 Romulei
2759 3711 2941 3761 servet
2963 3709 3236 3775 mamma
3262 3700 3505 3774 vigoris,

1139 3741 1594 3800 Westsax'oniam.

550 3843 553 3847 ’
640 3849 827 3928 Teque
849 3870 1062 3923 canam,
1094 3856 1322 3930 fugitive
1349 3873 1486 3929 puer
1513 3856 1791 3924 Cedvalla,
1823 3857 2036 3927 negatis

565 3942 741 4036 Quem
768 3946 910 4006 fudit
932 3949 1166 4021 sceptris
1194 3959 1485 4007 nemoroso
1504 3949 1712 4007 Ciltena
1732 3947 2160 4022 [Westsaxonia]

1994 4040 2161 4114 [luco.

563 4128 843 4189 Audacem
864 4133 1064 4206 quippe
1088 4131 1343 4190 Wilfrido
1366 4133 1599 4190 subdere
1628 4140 1884 4201 mentem,

564 4222 640 4279 Ut
660 4225 844 4296 quires
875 4228 1163 4283 redhibere
1194 4228 1272 4284 tui
1297 4227 1606 4284 diademata
1639 4228 1816 4300 regni,

563 4312 879 4386 Magnorum
906 4332 1156 4390 quaerens
1178 4321 1408 4376 evadere
1435 4318 1545 4374 fata
1571 4320 1867 4388 malorum;

563 4405 794 4462 Creviisti
823 4410 1052 4478 patiens,
1090 4426 1190 4468 rex
1216 4410 1392 4479 fortis,
1420 4413 1490 4469 ab
1513 4413 1702 4469 exsule
1726 4412 1899 4484 pasci.

562 4494 800 4569 Tempus
824 4508 948 4569 post
971 4502 1239 4559 modicum
1268 4502 1391 4560 fidei
1416 4503 1568 4575 capis
1592 4503 2012 4561 incrementum.

2276 1051 2625 1121 Ptcniteten,
2660 1048 2785 1125 Fili,
2814 1060 2939 1130 quia
2966 1068 3047 1117 tot
3075 1069 3340 1120 tormenta
3366 1065 3569 1121 subisti.

2277 1149 2477 1207 Ultima
2508 1168 2669 1223 porro
2694 1169 2827 1210 meae
2847 1166 3145 1227 properant
3164 1158 3401 1215 conﬁnia
3425 1159 3571 1215 vita:

2276 1241 2356 1297 Tu
2389 1259 2710 1317 quocunque
2736 1247 2898 1305 modo
2926 1248 3147 1320 deliqui,
3176 1243 3395 1321 qureso,
3423 1252 3639 1311 remitte.

2276 1338 2608 1399 Terruerant
2630 1341 2872 1397 animum
2896 1341 3133 1399 Wilfridi
3161 1345 3569 1416 gestarbeatum.

2276 1430 2413 1488 Tum
2440 1432 2592 1489 caelis
2616 1433 2802 1489 oculos
2824 1434 3095 1501 attollens,
3124 1435 3344 1493 brachia
3374 1438 3555 1505 terris,

2274 1524 2501 1581 indulsit
2526 1524 2757 1591 facinus,
2791 1528 2935 1585 sicut
2964 1529 3224 1599 praecepit
3253 1529 3425 1586 Iesus.

2274 1617 2417 1689 Ergo
2442 1617 2556 1673 solo
2582 1619 2757 1685 strati,
2783 1615 3012 1690 poscunt
3045 1621 3393 1677 miseramina
3424 1620 3632 1678 Christi.

2276 1708 2441 1779 Inque
2474 1709 2647 1773 vicem
2679 1710 2854 1781 culpis
2883 1711 3126 1783 perfecto
3158 1713 3324 1769 corde
3351 1713 3601 1789 remimis,

2272 1801 2596 1859 Gaudebant
2622 1802 2877 1874 lacrymis
2900 1804 3081 1861 sobria
3104 1804 3171 1861 de
3200 1805 3378 1862 fronte
3408 1805 3647 1876 profusis.

2530 1915 2643 1972 XL.
2678 1916 2923 1988 Aldfrido
2961 1927 3011 1972 et
3042 1916 3163 1973 aliis
3195 1918 3608 1974 commendatur.

2344 2026 2666 2105 Jam‘fasces
2702 2030 2872 2101 regni,
2900 2028 3013 2099 jam
3044 2030 3261 2102 publica
3290 2040 3506 2102 sceptra
3532 2030 3725 2101 peremti

2276 2123 2882 2181 Sumscrat‘Aldfridus.
2923 2125 3044 2182 Mox
3075 2134 3264 2197 pastor
3309 2127 3673 2198 scripsitcum

2276 2215 2509 2273 Sedibus
2538 2218 2777 2290 abreptis
2801 2218 2954 2274 reddi
2978 2218 3178 2276 debere
3205 2219 3431 2275 beatum

2273 2310 2475 2374 Christi
2507 2311 2769 2367 mathiten
2800 2319 2923 2382 post
2964 2320 3112 2368 tanta
3137 2312 3381 2383 pericula
3422 2327 3631 2369 seunem
3657 2309 3794 2382 (338):

2272 2402 2352 2459 Ne
2374 2403 2651 2475 contingat
2674 2404 2802 2460 huic
2828 2403 3069 2460 moriens
3091 2406 3235 2475 quod
3258 2406 3490 2477 pertulit
3516 2402 3699 2473 Eltfrid,

2273 2493 2377 2561 Qui
2408 2495 2576 2550 voluit
2602 2496 2804 2552 dictum
2831 2495 3038 2566 primus
3066 2495 3303 2565 spoliare
3333 2506 3636 2567 patronum.

2274 2583 2388 2641 Hec
2413 2596 2468 2640 et
2495 2586 2645 2642 idem
2664 2586 2881 2642 cunctis
2908 2588 3094 2643 statim
3119 2586 3367 2659 designat
3402 2587 3593 2644 amicis

2273 2675 2522 2745 AElﬂede,
2542 2693 2666 2750 quae
2691 2678 2933 2750 virgineo
2954 2680 3233 2735 succincta
3268 2681 3484 2750 pudore

2270 2768 2538 2825 l‘ascehat
2560 2770 2760 2827 nitidas
2783 2769 2909 2826 Jesu
2930 2772 3231 2842 prudenter
3254 2771 3474 2830 ovillas.

2271 2862 2464 2934 Tuque
2487 2864 2776 2932 clientela),
2804 2864 3079 2936 princeps,
3118 2880 3332 2924 memor
3356 2875 3481 2924 esto
3509 2865 3701 2938 cupita.

2272 2957 2503 3030 Scripsit
2526 2960 2780 3016 Edilredo
2808 2970 3040 3032 cegnalo
3066 2961 3213 3033 (559)
3242 2969 3428 3018 morte
3453 2961 3645 3031 sopito,

2271 3050 2374 3119 Qui
2403 3052 2610 3117 studuit
2642 3061 2754 3110 toto
2780 3052 3090 3109 Wilfridum
3121 3054 3326 3124 pellere
3357 3053 3580 3111 mundo.

2272 3141 2429 3201 Nunc
2457 3130 2581 3218 age,
2606 3147 2877 3209 communi
2910 3146 2956 3203 si
2983 3147 3137 3203 vivas
3162 3146 3373 3217 optime
3394 3154 3547 3213 voto,

2193 3245 2241 3312 ς
2272 3238 2427 3313 Saepe
2472 3241 2632 3309 meis,
2682 3240 2876 3308 fateor,
2910 3240 3482 3313 parehas-pbronyme
3528 3232 3799 3313 [prudenter]

3645 3326 3797 3403 [dictis-

2187 3394 2193 3405 ί
2269 3424 2389 3483 Jam
2415 3390 2632 3496 quoque
2656 3421 2901 3481 Pastoris
2929 3430 3203 3481 extremos
3227 3422 3396 3480 crede
3424 3390 3658 3495 rogatus;

2252 3519 2343 3583 _Ut
2389 3528 2481 3575 tua
2524 3516 2852 3590 prmeluihus
2894 3516 3129 3588 gliscens
3187 3515 3457 3589 cuprepia
3497 3514 3551 3589 [θ

3553 3504 3797 3580 uallauit]

3587 3599 3797 3707 im

2266 3796 2398 3865 Quae
2423 3804 2663 3877 Statuere
2691 3795 2882 3852 Patres
2912 3794 3059 3850 Petri
3086 3792 3589 3877 vectigalalentes,

2265 3892 2478 3963 Agatho
2502 3872 2827 3962 praecipuus,
2850 3888 3198 3956 Benedictus,
3232 3872 3466 3959 Sergius
3503 3894 3669 3958 atque.

2265 3987 2385 4042 Dux
2405 3986 2568 4041 etiam
2599 3985 2819 4041 monitis
2843 3983 3032 4039 arrisit
3051 3980 3298 4054 protinus
3324 3981 3475 4050 istis,

2266 4078 2489 4135 Summo
2519 4093 2614 4134 ceu
2646 4078 2827 4134 decuit
2852 4092 3077 4134 servans
3104 4078 3156 4133 in
3180 4077 3392 4134 honore
3422 4075 3731 4150 magistrum.

2264 4171 2447 4244 Usque
2480 4172 2580 4228 sub
2610 4180 2909 4228 extremam
2935 4172 3056 4225 vita:
3078 4167 3411 4226 frustrahilis
3438 4167 3642 4226 horam.

2633 4288 2770 4346 XLI.
2801 4288 2880 4344 Ab
2905 4286 3152 4359 Aldfrido
3177 4295 3486 4343 revocatur.

2330 4407 2429 4464 His
2458 4408 2533 4464 ita
2561 4403 2853 4473 consertis,
2884 4401 3165 4459 Aldfridus
3190 4408 3493 4459 stemmata
3523 4396 3664 4469 regni

2260 4498 2379 4557 Non
2414 4501 2646 4561 obscura
2678 4508 2899 4569 gerens,
2931 4493 3136 4552 Christi
3164 4493 3451 4549 revocavit
3478 4490 3742 4548 alumno

559 4586 700 4688 {iam
726 4601 914 4688 vertex
941 4594 1172 4651 tremula
1193 4609 1355 4665 quem
1375 4595 1579 4653 dudum
1610 4595 1820 4673 foverat
1840 4595 1963 4653 ulva
1979 4594 2150 4671 (537),
2177 4619 2235 4688 Β
2259 4590 2523 4648 Certatim
2551 4587 2759 4688 priscas
2788 4585 3032 4688 possedit
3058 4583 3252 4688 deinde

557 4680 816 4747 Prtesulis
840 4685 1044 4744 auxilio
1067 4688 1257 4744 rutilat
1283 4690 1531 4761 cingente
1556 4704 1776 4747 corona.

559 4772 641 4828 Tu
664 4788 880 4847 quoque
908 4778 1218 4850 pontiﬁcem
1245 4779 1413 4836 multa
1441 4781 1631 4838 tellure
1657 4782 1864 4840 ditasti.

555 4863 709 4923 Felix
733 4869 1004 4938 exsilium,
1033 4872 1174 4943 quod
1200 4873 1373 4943 poscit
1394 4882 1633 4945 purpura
1664 4889 1855 4946 regum
1879 4877 1894 4931 l

554 4954 733 5019 immo
757 4960 921 5020 Pater
950 4964 1106 5034 felix,
1135 4967 1291 5024 exsul
1316 4982 1418 5039 pro
1441 4966 1650 5026 fmdere
1677 4968 1860 5042 pacis!

555 5073 800 5137 XXXIX.
861 5077 1084 5152 ngrido
1135 5090 1380 5160 mortuo,
1443 5083 1577 5141 redit
1637 5085 1694 5142 in
1744 5085 1970 5160 gratiam
2030 5102 2149 5145 eum

1202 5153 1495 5211 Theodoro.

624 5240 835 5286 anm-
860 5255 986 5286 Ιιιηιι
1025 5248 1205 5286 uiuunt
1260 5250 1383 5286 auia
1418 5250 1559 5286 halln
1591 5252 1743 5286 niuem
1777 5262 2004 5286 nmine-uin

2256 4685 2539 4743 Pelluntur
2563 4680 2785 4747 moechi,
2814 4680 2974 4736 sedes
3005 4682 3232 4735 vacuata
3258 4683 3498 4746 patrono

2257 4778 2525 4836 Redditur
2556 4792 2572 4831 :
2605 4771 2941 4846 applaudunt
2969 4769 3116 4829 cives
3143 4766 3325 4824 felicia
3348 4764 3556 4821 rantes.

2255 4871 2498 4930 Lucidus
2525 4841 2772 4925 Ewroica
2802 4859 3094 4937 [Ehoraca]
3110 4856 3446 4930 resplenduit
3471 4854 3590 4912 axis
3609 4850 3659 4908 in
3680 4841 3782 4903 aula-

2255 4984 2414 5045 XLll.
2464 4981 2710 5055 Aldfrido
2752 4980 3227 5055 iterum-sexuum,
3263 4984 3457 5028 "me
3492 4964 3703 5039 confugit
3734 4954 3782 5013 σί

2881 5047 3214 5103 Edilredunt.
3246 5096 3251 5103 .

2321 5151 2533 5213 Felices
2560 5146 2742 5224 pepuli
2773 5151 2925 5202 tanto
2950 5150 3176 5215 pastore
3204 5137 3366 5212 potiti
3399 5137 3416 5193 t

2250 5245 2354 5286 νιν
2387 5257 2566 5286 θηηπιη
2599 5244 2795 5286 “imm
2821 5244 3144 5286 manserant
3168 5234 3361 5280 Inch
3399 5231 3598 5286 lustro.
