3964 5356
140 308 271 409 nos
842 384 850 399 η
874 376 906 399 +

1193 361 1285 423 DE
1323 360 1485 419 VITA
1526 359 1588 416 S.
1623 355 1953 417 WII.FRIDI
1991 355 2284 415 EBORAC.

3270 358 3416 425 1006

135 470 246 527 Rex
274 467 472 527 etenim
501 468 711 541 dictas,
740 471 983 547 ligurum
1025 475 1405 550 llignrionum]
1435 473 1713 545 ferrugine
1740 478 1794 536 Α
1818 468 1934 524 Non
1967 466 2201 529 formido
2228 470 2428 539 minas,
2465 471 2660 531 exenia
2688 472 2839 531 nulla
2866 488 3093 547 capesso
3124 494 3145 537 ι,

136 561 392 620 Distendit
418 564 588 620 variis
615 567 833 623 veracia
864 568 1099 625 stamina
1129 567 1314 640 pullis,
1458 566 1709 641 [tinctus,

132 654 455 713 Alternando
483 658 671 726 vices:
699 673 845 719 nunc
871 660 1053 718 Patris
1082 661 1333 719 subditus
1360 660 1487 729 alis,

131 743 279 802 Nunc
304 747 688 805 mendosorum
718 750 950 809 credens
974 750 1203 809 inventa
1226 752 1493 809 virorum.

130 836 194 893 Ni
223 838 392 905 fallor,
428 839 535 897 tida
568 842 808 902 titubans
834 846 1073 911 statione
1096 844 1356 919 carebam
1400 869 1405 875 ·

127 931 223 989 Ast
243 940 395 1004 pater
424 933 702 993 immotam
732 952 983 1009 quaerens
1011 950 1230 997 servare
1254 937 1531 1006 carinam,

127 1023 303 1081 Maluit
331 1025 529 1083 clatum
558 1029 705 1101 regis
732 1030 922 1088 din‘ere
952 1040 1244 1089 tumorem.

125 1114 324 1175 Idcirco
350 1119 537 1187 cessit,
566 1121 846 1194 divisaque
874 1138 1003 1181 rura
1031 1118 1271 1196 reliquit,

124 1207 411 1280 Impatiens
438 1220 683 1269 sanctam
717 1214 891 1271 scindi
923 1230 984 1273 se
1008 1216 1242 1288 prasulc
1268 1230 1538 1283 normam,

122 1298 367 1373 Arvaque
394 1305 705 1363 commissis
737 1308 1020 1378 monachis
1045 1309 1245 1367 collata
1276 1309 1486 1375 revelli,

121 1388 231 1448 Nec
260 1402 500 1453 metuens
528 1398 711 1468 magni
734 1400 991 1470 praeferre
1020 1401 1240 1457 oracula
1267 1400 1436 1458 Petri.

121 1483 240 1543 Mox
266 1485 528 1546 Edilredi
559 1502 813 1563 repetens
847 1491 1041 1549 solium
1079 1494 1388 1562 memorati,

117 1570 384 1653 Acceptus
409 1569 842 1655 colitur-placida
874 1586 976 1642 sub
1004 1601 1134 1659 rege
1164 1586 1366 1656 quiete,

117 1667 348 1740 Explens
372 1672 615 1729 officium
648 1673 815 1730 multa
834 1662 1048 1746 pietate
1073 1691 1390 1748 supernum.

117 1781 293 1842 XLIII.
322 1785 391 1841 In
435 1787 717 1845 concilium
752 1801 987 1858 uocatus,
1027 1802 1245 1863 paratae
1272 1791 1489 1849 terimur
1512 1790 1699 1849 eludit.

185 1896 391 1956 Tantos
413 1909 537 1972 post
562 1902 846 1974 strepitus,
879 1916 1047 1975 quem‘
1075 1922 1183 1962 non
1215 1906 1441 1978 quirere
1470 1908 1702 1965 molesta

112 1988 450 2062 Exsuperare
479 1990 626 2065 fuga,
660 1992 911 2051 nituntur
940 1995 1131 2054 fallere
1163 1998 1377 2054 techna.
1518 2076 1521 2077 ν

111 2079 349 2153 Denique
374 2082 645 2151 collectim
674 2100 906 2142 censura
933 2096 1161 2159 urgente
1188 2088 1365 2144 ducali
1400 2086 1600 2166 [regia]

110 2168 358 2244 Synodus
386 2175 672 2244 astruitur,
708 2177 911 2249 legatio
938 2170 1133 2236 menda
1157 2180 1381 2251 jubetur

107 2260 321 2322 Caelibis
346 2281 628 2324 accessum
660 2267 863 2325 festino
898 2286 1094 2343 cogere
1122 2287 1333 2343 gressu.

105 2353 397 2428 Concurrit
422 2357 618 2415 facilis.
652 2360 877 2416 Fratum
912 2370 1025 2417 tum
1055 2363 1479 2421 saevasimultas

108 2448 355 2523 Undique
381 2454 638 2525 stipatum
670 2454 808 2512 fretis
834 2458 1042 2529 agitare
1070 2458 1327 2529 querelis.

101 2540 349 2624 Machina
379 2560 488 2603 non
514 2546 711 2615 solido,
739 2550 837 2606 sed
862 2565 987 2605 mox
1017 2551 1255 2607 interlita
1282 2552 1412 2608 limo

84 2638 341 2708 Corruit,
369 2642 514 2699 haud
544 2643 757 2715 patiens
784 2652 965 2702 vatem
991 2648 1337 2719 prognostica
1358 2646 1563 2705 fantem

100 2728 304 2789 Lincea
333 2747 567 2806 namque
595 2735 716 2792 viro
743 2735 963 2794 fuerant
989 2739 1303 2795 oculamino
1335 2746 1489 2796 tanto
1515 2741 1555 2796 εἰ

97 2825 277 2884 Immo
299 2830 648 2901 prophetales
679 2832 747 2887 ad
780 2822 884 2890 hoc
912 2838 1196 2904 potaverat
1230 2836 1477 2904 haustus,

96 2917 349 2977 Internos
376 2922 542 2978 etiam
572 2937 679 2995 quo
709 2932 895 2994 posset
920 2938 1148 2981 cernere
1175 2926 1346 2982 nisus.

94 3008 342 3069 Tandem
373 3015 613 3072 vafrinos
640 3016 854 3074 blandis
883 3019 1228 3091 suggestibus
1254 3028 1409 3075 astus

90 3101 458 3178 Increpitans,
491 3108 655 3165 Italas
684 3111 948 3167 suadebat
976 3112 1203 3168 credere
1232 3114 1474 3169 chartas.

88 3197 327 3260 Ethnica
356 3204 452 3260 sed
484 3204 648 3262 nullis
676 3205 873 3262 molliri
904 3202 1070 3262 corda
1099 3202 1307 3279 lagonis
1337 3204 1463 3280 [sic]

87 3290 396 3363 Cedebant,
427 3294 686 3368 virusque
717 3296 907 3370 tegunt
933 3299 1035 3355 sub
1062 3305 1244 3355 mente
1274 3297 1552 3354 necivnm.

86 3428 278 3492 XLIV.
299 3431 427 3491 Non
450 3435 559 3491 vult
586 3446 766 3508 sponte
795 3437 1158 3507 pontiﬁcatum
1174 3437 1441 3494 abdicare.
1463 3436 1686 3492 Romam

653 3508 844 3562 iterum
873 3508 1122 3579 appellat.

163 3609 442 3672 Praeterea
465 3613 684 3687 juvenis
714 3616 882 3674 divini
911 3616 1093 3675 fautor
1121 3619 1359 3686 honesti,
1454 3693 1460 3698 η

84 3707 365 3781 Expertus
390 3724 585 3766 causas
611 3709 666 3765 in
697 3718 946 3767 sanctum
976 3719 1166 3783 aptare
1193 3712 1463 3784 sinistras,

81 3802 381 3871 Accessit,
410 3802 555 3876 regis
581 3802 758 3860 dirum
790 3806 1046 3877 patefecit
1074 3815 1373 3871 amentum,

84 3890 293 3950 Toxica
339 3893 566 3952 letiferae
595 3894 827 3951 volitant
855 3911 962 3967 quo
991 3896 1090 3953 tela
1120 3898 1409 3968 pharetrae.

82 3980 200 4042 Nec
226 3985 433 4043 ctenim
461 3986 653 4057 puduit
677 3987 916 4045 dicacem
944 3988 1132 4046 audire
1163 3989 1398 4055 fidelem,

82 4074 195 4145 Qui
228 4093 361 4135 mox
386 4079 657 4150 exposuit,
686 4079 833 4136 celer
863 4081 1003 4137 intra
1037 4080 1235 4153 palatia
1266 4082 1457 4152 repsit.

81 4166 303 4227 Summi
332 4180 487 4229 stans
517 4172 681 4244 igitur
708 4173 861 4230 ducis
889 4175 1033 4230 inter
1063 4183 1241 4232 castra
1269 4175 1528 4246 perennis

81 4259 306 4336 Excipit
334 4265 654 4322 horrisonas
684 4267 853 4322 illaaso
882 4276 1128 4339 parmate
1157 4269 1371 4336 fundas,

81 4350 196 4410 Nec
224 4356 405 4426 potuit
433 4357 627 4412 validis
652 4358 927 4428 penetrari
959 4359 1103 4430 pelta
1132 4360 1363 4434 sagittis.

81 4443 375 4503 Instabam
399 4448 601 4505 etenim
628 4447 866 4505 violento
897 4450 1099 4509 famine
1124 4460 1372 4524 agentes,

81 4536 152 4593 Se
180 4535 356 4595 Pater
385 4547 451 4597 ut
476 4540 699 4614 proprio
724 4541 888 4600 vellet
915 4544 1243 4617 dispungere
1268 4552 1435 4613 voto,‘

81 4627 483 4705 lndignumque
510 4635 685 4691 sacris
711 4649 772 4693 se
791 4634 1003 4706 iudicet
1029 4651 1151 4695 esse
1177 4638 1454 4711 gerendis.

81 4725 124 4785 υ
154 4727 475 4786 malesuada
502 4728 731 4787 cohors!
765 4743 799 4786 o
826 4727 1010 4788 fraus!
1037 4745 1073 4788 o
1100 4733 1315 4789 sanctio
1339 4732 1580 4793 discors!

81 4819 200 4877 Non
230 4821 347 4879 eris
374 4822 633 4880 immunis
661 4837 857 4896 pmnte,
892 4839 1003 4891 non
1034 4826 1284 4884 criminis
1313 4841 1540 4902 exsors,

81 4912 199 4985 Ipse
229 4915 457 4987 quidem
485 4916 676 4974 solitos
703 4919 904 4990 gaudet
927 4919 1173 4990 perferre
1201 4919 1418 4980 labores
1445 4938 1460 4979 :

81 5004 157 5061 I‘u
189 5005 497 5080 Phlegeton
527 5009 730 5078 subies,
764 5010 1001 5068 Erebum
1030 5028 1332 5088 manesque
1354 5027 1638 5087 pavesces.

81 5094 341 5138 Incioniln
374 5097 481 5138 niic
513 5106 643 5138 lnnn
672 5102 844 5138 unm-ir
876 5116 970 5138 non
1004 5102 1230 5138 Ιηηηηιῖο

1696 2086 1699 2093 .
1803 2046 1952 2114 Quos
1977 2061 2136 2104 sacer
2164 2012 2356 2107 electis
2384 2052 2646 2125 gradibus
2672 2053 2939 2113 formarat
2966 2012 3247 2131 adellrhos,

1812 559 2011 631 Meque
2042 576 2165 618 meo
2194 577 2472 634 nunquam
2502 566 2658 625 vobis
2689 568 3173 627 mucrone-litabo.

1813 649 1943 709 Rrec
1970 652 2136 712 Pater
2158 654 2362 723 oravit,
2395 656 2667 728 plebeium
2685 657 2889 730 jusque
2917 659 3136 719 refellit.

2100 800 2105 803 _
2203 744 2368 805 XLV.
2400 747 2482 803 Ad
2510 746 2823 809 Edilredum
2853 754 3008 811 redit.

1884 838 2128 897 Solvitur
2156 839 2436 899 infandum
2465 841 2595 901 Iesu
2625 846 2873 905 vincente
2901 862 3188 919 coagmen,

1813 931 2129 1005 Enituitque
2153 934 2358 991 bonum
2388 938 2975 1010 praestantisiprtesulis
3000 948 3184 998 omen.

1813 1021 1907 1080 Sic
1932 1023 2199 1081 Edilredi
2227 1026 2413 1084 valvas
2440 1029 2693 1099 repetivit
2722 1031 2957 1099 hiantes,
3000 1054 3004 1060 ·

1811 1117 2191 1189 Explanatque
2217 1119 2342 1177 duci
2372 1121 2598 1181 sceleris
2623 1135 2933 1184 commenta
2967 1128 3208 1201 maligni.

1810 1206 1970 1278 Isque
1997 1209 2399 1280 benignivolatn
2427 1213 2649 1272 ﬁrmans
2680 1217 2734 1271 in
2764 1218 2998 1288 prtcsule
3020 1235 3239 1289 curam,

1815 1298 2002 1357 Edixit
2028 1301 2271 1370 priscum
2300 1303 2454 1360 nullo
2479 1304 2836 1377 feustramine
2864 1310 3047 1369 fmdus

1810 1389 2046 1460 Vellere,
2075 1394 2374 1466 apostolica
2403 1398 2577 1456 donec
2605 1404 2879 1459 remearet
2908 1405 2978 1461 ab
3003 1407 3147 1463 aula.

2263 1490 2448 1548 XLVI.
2482 1493 2704 1552 Romam
2750 1500 2947 1554 revisit.

1878 1578 2082 1639 Verum
2111 1582 2391 1642 discordes
2422 1586 2657 1660 ﬂagrant
2681 1592 2964 1652 ardentius
2996 1597 3110 1654 irae.

1806 1670 1875 1728 Et
1900 1688 2035 1743 quas
2064 1673 2403 1735 Christicolis
2431 1691 2619 1751 pastor
2645 1682 2969 1743 fundaverat
2988 1690 3164 1758 mdes,

1762 1800 1771 1813 ι
1805 1764 2028 1824 Nisibus
2055 1767 2237 1834 ellferis
2263 1786 2629 1832 averruncare
2656 1779 2941 1847 parabant.

1731 1848 1778 1909 B
1807 1858 2071 1917 Extorres
2111 1870 2333 1919 stavunt
2361 1863 2455 1937 [an
2492 1869 2762 1943 statuunt]
2790 1872 2913 1942 agio
2950 1872 3222 1931 incassum
3254 1875 3394 1948 pali.

3208 1966 3395 2042 [nodo,

1801 2139 1998 2230 Dulsos
2024 2147 2227 2201 caenosi
2260 2136 2508 2230 lychinos
2537 2152 2749 2207 audititi
2782 2154 2965 2212 d’cstos
2990 2155 3186 2230 (559⁸).

1800 2234 1874 2289 At
1900 2226 1988 2307 pia
2014 2239 2324 2296 ventilabro
2352 2228 2558 2300 Christi
2589 2247 2857 2302 sententia
2886 2226 3036 2317 justo

1802 2323 2017 2383 Eﬂktvit
2045 2328 2252 2399 paleas,
2283 2333 2458 2404 cocyti
2491 2334 2688 2392 ardore
2716 2340 3060 2408 cremandas,

1802 2416 2160 2494 Condivitque
2186 2424 2380 2481 bonam
2411 2427 2532 2484 οωιί
2562 2444 2657 2499 per
2684 2431 2880 2487 horrea
2906 2431 3138 2505 frugem.

1799 2511 1938 2568 Nam
1966 2524 2119 2585 pater
2148 2516 2265 2588 ipse
2291 2534 2480 2590 greges
2508 2529 2562 2575 et
2586 2521 2747 2577 ovilia
2779 2539 2907 2579 cara
2939 2526 3185 2584 revisens

1696 2587 1703 2657 ί
1799 2602 2046 2677 Ingemit,
2080 2617 2133 2664 et
2162 2587 2415 2681 precibus
2445 2613 2673 2670 Domino
2699 2616 3045 2675 commendat
3072 2620 3303 2681 anhelis.

1798 2699 2209 2774 Aggressusque
2236 2705 2433 2761 dehinc
2462 2706 2692 2764 Romani
2724 2712 2910 2780 pervia
2943 2712 3115 2782 callis,

1798 2787 2107 2859 Ingreditur
2134 2803 2317 2864 partas
2343 2798 2600 2868 opulento
2625 2795 2830 2875 remige
2855 2794 3068 2864 lintres.

1799 2874 2106 2956 Carpebant
2134 2888 2345 2960 placida
2374 2892 2587 2951 libratis
2614 2874 2832 2967 aequora
2862 2899 3030 2973 velis,
3138 2928 3141 2931 π

1796 2976 2011 3051 Figitur
2036 2990 2090 3038 et
2119 2984 2263 3040 notis
2293 2987 2587 3046 vehemens
2617 2988 2876 3048 lautomia
2904 2995 3110 3053 arenis.

1798 3069 2010 3129 Oblitas
2037 3074 2201 3147 igitur
2227 3091 2581 3150 peragrantes
2611 3083 2894 3142 commode
2924 3094 3118 3155 terras,

1797 3162 1992 3222 Divino
2024 3168 2253 3235 comites
2277 3173 2501 3241 putabat
2528 3174 2676 3231 fonte
2708 3175 2915 3234 ﬁdeles.

1696 3224 1765 3299 ιθ
1794 3256 1911 3316 Νοη
1937 3275 2127 3320 errare
2154 3262 2300 3332 licet,
2332 3281 2440 3322 non
2468 3268 2829 3345 manticulare
2856 3287 3085 3331 necesse
3115 3282 3222 3345 est,

1793 3351 1980 3410 Gratia
2011 3371 2147 3425 quos
2180 3357 2317 3412 tanti
2345 3368 2528 3415 servat
2556 3362 2798 3421 ductoris
2824 3365 3029 3434 opima.

1792 3445 1845 3502 Is
1869 3449 2069 3504 etenim
2098 3448 2299 3520 largas,
2329 3453 2576 3529 quamvis
2603 3454 2829 3527 devotus
2855 3466 3057 3530 egeret,

1792 3535 2071 3607 lmpensas
2089 3538 2231 3610 eicis
2261 3539 2619 3616 [liberalibus]
2648 3544 2843 3614 palmis
2866 3542 3130 3605 fundebat
3151 3549 3385 3622 apertis.

1694 3676 1697 3679 ,
1795 3628 2159 3702 Quapropter,
2182 3648 2284 3689 ceu
2310 3635 2603 3703 prmcinuit
2633 3636 2879 3694 Davitica
2911 3639 3139 3711 psaltes,

1699 3770 1704 3775 .
1792 3719 1943 3776 Justa
1976 3722 2219 3779 manebit
2247 3725 2296 3779 ei
2334 3726 2458 3781 vita:
2486 3726 2706 3805 farrago
2733 3730 3026 3804 perennis.)
3394 3717 3405 3777 ί

1793 3810 2156 3883 Transmissis
2186 3815 2403 3870 tandem
2428 3815 2728 3877 Jovialihus
2752 3836 2906 3891 teque
2932 3823 3204 3891 cavernis,
3386 3766 3405 3891 ἲ

1793 3810 2156 3883 Transmissis
2186 3815 2403 3870 tandem
2428 3815 2728 3877 Jovialihus
2752 3836 2906 3891 teque
2932 3823 3204 3891 cavernis,

1792 3898 2014 3958 Macarii
2045 3914 2338 3979 penetrant
2363 3907 2644 3963 rutilantia
2674 3908 2931 3983 dindyma
2957 3906 3126 3980 Petri,

1791 3996 1907 4065 Qua
1940 3998 2209 4056 rcnitehat
2236 4015 2404 4056 ovans
2434 4017 2645 4059 summa
2675 4003 2878 4060 virtute
2901 4004 3160 4063 Joannes.

1790 4090 1998 4148 Aflines
2028 4094 2160 4149 moti
2195 4091 2456 4149 festinant
2487 4094 2636 4165 Euge
2660 4110 2759 4166 per
2788 4097 2999 4155 urbem.

1793 4174 2101 4253 Astipulant
2122 4185 2351 4242 modulis
2377 4195 2560 4243 comto
2586 4189 2888 4255 sistemate,
2926 4205 3085 4250 cerus
3112 4189 3317 4273 [sacer]

1787 4275 2151 4347 IEdituusque
2185 4294 2379 4349 graves
2399 4280 2658 4351 oppandit
2684 4282 2954 4351 agillimus
2982 4285 3147 4342 aedes.

1787 4368 2001 4426 Introiit
2037 4371 2234 4440 praesul
2265 4372 2532 4429 testudine
2562 4371 2731 4432 fultus
2761 4391 2954 4447 opaca,

1787 4458 1889 4526 Qui
1907 4459 2097 4516 tellure
2118 4460 2325 4520 cubans
2343 4477 2482 4518 unca
2498 4461 2790 4537 sull'raginc
2812 4469 2946 4524 suda
2969 4467 3134 4542 [ﬂexo
3147 4468 3385 4555 poplite}

1702 4587 1760 4652 Β
1788 4548 1930 4606 Mille
1957 4550 2061 4621 piis
2088 4549 2314 4608 instillat
2342 4554 2522 4624 aquis,
2553 4556 2607 4612 vi
2636 4556 2871 4630 denique
2899 4570 3089 4652 sancta

1784 4642 1983 4700 Coelica
2010 4660 2345 4703 summorum
2375 4649 2638 4719 reseravit
2663 4650 2901 4708 claustra
2928 4651 3197 4723 polorum.

1779 4736 1980 4795 Indidit
1998 4737 2306 4809 :equisonas
2329 4740 2528 4798 divinis
2552 4744 2777 4800 auribus
2803 4744 2955 4800 odas.

1782 4831 1953 4891 Oratu
1991 4849 2241 4908 surgens,
2268 4835 2628 4894 famulantum
2654 4840 2760 4897 rite
2784 4837 3020 4897 catervis
3112 4862 3117 4867 -

1781 4926 2057 4996 Ambitur,
2087 4928 2369 5001 siccatque
2394 4942 2584 5000 genas,
2619 4932 2851 5005 suspiria
2873 4934 3125 5001 pressat.
3204 4948 3209 4951 ί

1785 5019 1887 5078 Ast
1933 5020 2027 5080 ubi
2074 5020 2438 5098 complacuit,
2484 5037 2642 5082 sacra
2689 5020 3017 5083 archisteria
3076 5017 3387 5092 [mmmam

3134 5106 3393 5138 τοοκ-..ιλιι
