3964 5356
478 171 621 230 ιοοτ
1515 153 1889 218 rarescent
1924 107 2237 216 MoNAcut
2276 136 2713 212 BENEDlCTlNl
3593 146 3711 210 mos

474 279 812 342 Bertbwaldi
853 279 919 336 de
945 286 1094 335 sorte
1120 275 1247 342 ruit,
1288 273 1497 348 puerile
1522 274 1774 331 volumen
2089 275 2142 336 Α
2169 271 2441 328 Seutiscat
2466 270 2626 342 rigidi
2655 277 2900 326 retrusus
2921 267 2974 323 in
3007 265 3116 322 ima
3138 263 3405 322 barathri.

481 377 772 449 Opponens
799 379 951 428 tanto
981 371 1312 442 nequiquam
1336 379 1485 424 certe
1507 367 1762 422 Patrono.
2172 361 2441 434 Quidquid
2469 361 2764 417 neutericis
2801 357 3061 449 confinxit
3087 356 3391 449 apocrypha
3416 352 3590 422 biblis,

478 444 734 525 Ausonia:
770 474 969 522 coeunt
995 463 1193 530 Graiae,
1232 478 1358 519 mox
1392 472 1553 532 atque
1579 459 1762 516 soritae
2171 452 2429 509 Cassetur
2450 451 2645 524 priscis
2670 448 2868 522 legatio
2905 460 3100 503 censeo
3133 444 3317 502 dictis.

485 557 764 616 Vestibulo
787 556 990 614 cursim
1016 556 1320 626 priscorum
1348 554 1484 611 scita
1513 550 1818 609 revolvunt.
2171 543 2302 612 Quis
2336 543 2810 615 duo-quindecies,
2850 541 3019 597 denos
3044 538 3251 610 pariter
3284 549 3498 626 quoque
3531 535 3711 608 quinos,

479 650 737 707 Protinus
760 625 1219 704 admissoimicuit
1245 655 1526 718 syntagma
1563 641 1779 700 berillo.
2170 634 2360 706 Elogio
2388 633 2681 689 archontes
2711 640 2877 702 queat
2902 629 3167 685 infamare
3200 625 3474 698 maligno?

484 740 553 798 Ut
582 738 745 809 jubar
773 739 1006 805 introiit,
1040 738 1252 809 jubaris
1279 753 1378 794 ceu
1403 744 1590 792 nectar
1613 731 1782 805 opimi
2169 724 2267 781 llis
2297 740 2478 781 coram
2516 723 2640 781 fidei
2671 724 2756 780 vir
2779 723 2871 778 hic
2905 720 3186 778 confessus
3222 720 3506 809 honorem,

478 807 712 888 Protulit
734 831 966 887 ellcvum
1002 807 1121 903 (sic)
1154 828 1359 901 liquido
1387 827 1587 884 llavore
1615 823 1862 881 libellum
1965 867 1969 873 .
2169 817 2385 874 Extunc
2406 815 2556 871 vitali
2587 814 2783 870 merito
2808 822 3062 869 craxatus
3087 807 3429 884 [inscriptus]
3455 808 3510 864 in
3537 807 3659 876 alno,

478 923 641 980 Hisce
665 923 1087 979 cbaracterihus.
1115 921 1317 978 Christi
1351 929 1480 976 tunc
1503 917 1678 988 inquit
1698 915 1948 970 alumnus
1977 924 1992 966 :
2169 907 2350 964 Certis
2375 913 2656 976 exspectat
2679 905 2921 962 coelestia
2947 906 3083 960 dona
3109 903 3324 970 diebus,

477 1013 638 1068 Nulla
667 1013 860 1070 damus
893 1012 1104 1084 patriae,
1135 1011 1336 1077 fateor,
1369 1008 1592 1066 discidia
1623 1016 1845 1063 nostrae.
2171 997 2244 1054 Ut
2265 1013 2323 1055 re
2350 999 2638 1075 percipiat,
2667 998 2812 1074 quod
2833 1012 2930 1068 spe
2951 997 3222 1068 patienter
3252 1003 3308 1051 et
3328 1002 3499 1066 optat.

477 1100 600 1158 Non
629 1117 807 1174 reges,
847 1117 954 1158 non
979 1101 1227 1158 tristatas
1258 1100 1428 1172 (540),
1455 1112 1711 1171 regumve
1733 1097 1982 1163 clientes,
2169 1089 2308 1147 Huic
2336 1092 2430 1162 qui
2459 1091 2731 1158 dissentit,
2759 1090 2942 1157 nimis,
2975 1091 3216 1160 inquam,
3257 1102 3482 1159 prorsus
3511 1087 3686 1158 ineptit.

477 1196 670 1252 Matris
709 1196 776 1252 ad
805 1196 1020 1252 eximiae
1046 1195 1309 1267 gremium
1338 1209 1665 1251 concurrere
1694 1191 1886 1266 gratis.
2048 1231 2050 1234 -
2170 1179 2514 1267 (Sequenfia.
2552 1196 2685 1267 ﬂag:
2837 1176 3686 1267 '"ﬁfgdfféAqoﬂléffifi‘dffl'fj

477 1247 1659 1394 suggest“.{g‘i’isis'iigri‘j;;.sese;'
1695 1247 1761 1346 υ,
2035 1313 2040 1328 ..
2180 1247 2191 1253 ‘
2238 1247 2504 1394 fgL-".9335?
2549 1247 2877 1305 Cottom'ana:
2911 1249 3231 1304 bibliotheca:
3273 1248 3524 1319 supplevit
3556 1247 3707 1301 Habil-

2263 1339 2434 1377 omus.

477 1377 598 1484 ἔθη
624 1381 804 1484 ίξηξηδ
836 1395 990 1484 03"9’
1015 1380 1170 1484 νοέήδ
1197 1380 1525 1484 Ρηθθεηίιθ
1549 1393 1734 1445 nam”
1833 1478 1844 1484 _
2241 1413 2368 1469 Haec
2388 1377 2576 1469 eadem
2605 1411 2775 1468 sacris
2797 1412 3079 1484 jusserunt
3113 1409 3300 1466 indere
3321 1409 3501 1477 libris,

478 1467 832 1577 iuraodedere‘
851 1473 1041 1577 Patres
1068 1473 1934 1577 Romanum‘stelnm?fegcmes'
2170 1467 2330 1561 Morel
2350 1467 3000 1577 cleantco(342)'solitis
3031 1502 3233 1559 bullata
3265 1501 3482 1574 sigillis,

479 1558 660 1620 Testis
686 1564 838 1621 adest
865 1564 1024 1634 hujus
1051 1575 1253 1622 sancta:
1276 1563 1541 1636 periergia
1572 1565 1738 1631 sedis,

476 1653 607 1710 llaec
635 1655 761 1725 quia
786 1671 894 1710 non
919 1655 1120 1726 sprevi,
1150 1672 1276 1710 nam
1299 1671 1399 1711 nec
1425 1655 1731 1726 spernenda
1753 1650 1956 1724 putavi.

477 1745 700 1804 Collatis
728 1747 879 1804 carui
909 1748 1120 1804 crebris
1155 1747 1693 1820 populatibus'agris.

2177 1596 2412 1669 [legibus
2439 1607 2496 1654 et
2524 1596 2671 1653 clero
2704 1598 3008 1663 mittentes,
3044 1607 3206 1668 atque
3236 1595 3473 1668 popello,

2176 1686 2246 1744 Ut
2269 1688 2531 1743 dirimant
2553 1687 2663 1744 odii
2693 1688 2934 1745 crudelia
2956 1687 3135 1758 iurgia
3159 1687 3349 1758 prisci.

657 1779 700 1849 ξ,
728 1779 879 1804 ωιυι
909 1779 1907 1853 ῥιῠυιξέὲιυγξιωυγιῖυέ,ῗξ¹ᾲ¹έζυωιη
2171 1780 2239 1837 Ει
2265 1779 2449 1836 dixere
2477 1780 2623 1836 Patri
2655 1789 2777 1853 post
2805 1781 2989 1837 oscula
3014 1781 3209 1837 ΐτοηιίε
3239 1795 3497 1852 aquom:

580 1837 784 1947 quinte
997 1837 1235 1947 ετεγξξετ
1263 1836 1578 1947 lympham
1609 1842 1932 1940 ξεξιιιξιιιιιινν
2169 1835 2444 1929 sum...
2469 1835 2980 1946 .ed...‘g.'..;j.‘.u.
3007 1835 3201 1947 Wa
3230 1835 3458 1941 τεῑιειξιεξ

794 1938 1821 2042 Eur???“
2171 1966 2357 2026 Terris
2379 1977 2540 2040 atque
2570 1969 2708 2042 polis
2731 1967 2860 2026 Jesu
2891 1969 3234 2025 cleronomus
3272 1965 3497 2042 [haeres]
3522 1973 3643 2025 esto.

479 2017 768 2117 ijectare
795 2028 1020 2117 queunt,
1044 2031 1227 2117 vestro
1255 2019 1528 2117 lustrabor
1552 2020 1619 2076 ab
1647 2035 1788 2117 ore..-
1888 2111 1900 2117 _
1941 2110 1954 2117 _
2180 2017 2206 2023 “
2223 2017 2267 2025 “
2284 2017 2355 2026 ’“⁷
2379 2017 2540 2040 “”“¹““
2570 2017 2706 2042 ¹”“’”

478 2110 599 2167 Non
633 2126 734 2183 ego
759 2112 1093 2183 pompisonis
1117 2112 1223 2166 adii
1254 2112 1487 2182 pretiosa
1511 2111 1710 2183 lupatis
1740 2109 1955 2185 [frenis]

478 2201 702 2272 Mtenia,
733 2217 835 2260 nec
863 2204 1018 2275 gilvis
1051 2203 1332 2279 phalerato
1353 2211 1615 2261 stromate
1643 2204 1857 2260 mannis
1887 2201 2066 2274 (equis

1647 2284 1998 2358 [tolutaribus
2046 2296 2063 2338 :

474 2361 788 2434 ProsequOr
810 2371 867 2419 at
903 2365 1078 2421 nudus
1108 2365 1236 2421 nudi
1264 2364 1489 2437 vestigia
1517 2363 1686 2421 Petri.

2240 2151 2481 2209 Devictis
2510 2152 2674 2225 igitur
2702 2151 2824 2210 falsi
2848 2153 3114 2210 latoribus
3141 2162 3292 2211 astus
3313 2195 3328 2223 ,

2168 2241 2398 2314 Pignere
2423 2255 2734 2300 sanctorum
2767 2245 2936 2301 multa
2956 2260 3170 2317 quoque
3198 2246 3350 2319 glore
3381 2253 3643 2312 venustus,

2169 2337 2380 2394 Deserit
2409 2338 2677 2396 Ausonias
2711 2339 2899 2396 multis
2919 2340 3309 2396 comitantibus
3335 2355 3485 2398 oras.
3528 2362 3530 2364 τ

474 2429 780 2510 Posteritas
803 2454 1012 2510 sancite
1039 2455 1236 2526 quibus
1261 2429 1521 2512 subsistat
1550 2455 1723 2512 amica

2167 2429 2500 2502 Alpinosque
2524 2431 2680 2501 petit,
2714 2447 2826 2503 quo
2857 2430 3060 2488 Celtica
3093 2440 3338 2503 permeet
3360 2447 3511 2486 arva.

476 2541 734 2616 Legibus,
761 2553 818 2601 et
845 2517 1248 2616 priscas'nolite
1281 2547 1540 2604 revellere
1570 2549 1809 2604 chartas.
2166 2517 2490 2616 ξηειρΐίθηε
2516 2531 2670 2578 ηοῑοε
2691 2522 3018 2616 pedetentim
3043 2520 3465 2616 trausitflanqs
3495 2517 3627 2590 (343)
3651 2532 3666 2574 :

549 2611 874 2708 Qbstipuere
904 2637 1021 2709 (sic)
1056 2636 1248 2694 Patres
1287 2639 1404 2694 haec
1444 2639 1525 2694 sic
1555 2638 1676 2695 fore
1707 2636 1873 2712 [esse]
1912 2654 2062 2696 com-

2006 2654 2062 2694 ._
2168 2611 2411 2677 Tandem
2445 2623 2665 2685 pacatos
2695 2615 2909 2670 devenit
2944 2615 3010 2670 ad
3041 2627 3210 2684 usque
3241 2613 3571 2670 Sicambros.

1670 2703 2060 2792 [εἶιίιιίεξεεηιοε,
2241 2703 2380 2761 Hinc
2405 2715 2634 2762 vexatur
2659 2705 2771 2762 acri
2800 2721 2898 2777 per
2919 2705 3134 2788 singula
3155 2721 3235 2762 me

2241 2703 2380 2761 Hinc
2405 2715 2634 2762 vexatur
2659 2705 2771 2762 acri
2800 2721 2898 2777 per
2919 2705 3134 2788 singula
3155 2704 3404 2762 membra
3435 2715 3642 2761 veterno
3667 2719 3680 2758 :

475 2791 594 2855 Hac
624 2795 813 2854 dixere
849 2796 1024 2869 pharo
1053 2797 1237 2855 mundi
1267 2799 1415 2857 rudis
1435 2800 1572 2857 arsit
1600 2791 1778 2874 origo,
2167 2795 2279 2854 Nec
2305 2797 2493 2868 quibat
2516 2806 2688 2854 metas
2709 2798 2938 2869 pedibus
2969 2807 3187 2854 tranare
3212 2797 3454 2868 cupitas.

473 2889 686 2948 Babula
715 2906 818 2947 nec
846 2890 1021 2947 deerit
1046 2907 1154 2962 quo
1183 2907 1337 2949 mens
1365 2893 1675 2950 veneranda
1701 2893 1899 2951 nitebit
2166 2887 2366 2944 Feri-llr
2390 2903 2532 2960 equo
2559 2889 2792 2960 primum
2818 2906 2834 2956 ;
2868 2897 2989 2961 P05!
3013 2889 3131 2946 hinc
3158 2889 3464 2961 gestamine
3504 2887 3715 2953 ἴηιωωι

474 2980 633 3038 Talia
659 2981 893 3038 labentis
917 2981 1200 3051 patiuntur
1223 2999 1489 3055 spargana
1515 2985 1642 3040 vitae
2092 3008 2140 3075 ο
2171 2981 2408 3039 Vocibus
2441 2992 2497 3039 et
2521 2991 2634 3038 toto
2659 2992 2938 3053 pastorum
2961 2982 3124 3040 corde
3158 2982 3478 3051 dolentum;

473 3071 717 3135 Emula,
753 3087 854 3127 nec
883 3073 1063 3127 tardat
1088 3075 1250 3145 spiris
1277 3076 1487 3145 agitare
1525 3076 1776 3148 malignis
2107 3071 2139 3075 “
2171 3073 2544 3146 Muratamque
2567 3076 2771 3131 vehunt
2798 3075 3052 3132 dilectum
3086 3075 3301 3145 pondus
3337 3075 3410 3131 ad
3440 3075 3614 3132 urbem

473 3163 634 3221 Actio
658 3178 948 3235 pravorum
972 3165 1140 3220 vitam
1166 3181 1454 3238 moresque
1475 3169 1791 3240 proborum.
2169 3167 2554 3225 Semianimem
2587 3169 2798 3226 insueto
2820 3175 3153 3240 componunt
3175 3167 3358 3225 debite
3391 3177 3560 3224 stratu
3585 3184 3595 3219 :

474 3257 858 3329 Conquirenda
890 3267 1072 3314 tamen
1103 3259 1327 3325 huiusce
1363 3261 1600 3334 refragia
1631 3269 1814 3318 sectae.
2165 3259 2516 3331 Perculsiquc
2543 3269 2710 3328 metu,
2735 3261 2992 3332 quidnam
3019 3260 3296 3332 contingat
3324 3260 3380 3315 in
3405 3267 3527 3315 actu

472 3346 803 3418 thuamvis
816 3347 1667 3424 odiisproscriptusphysiculatis
1680 3353 2062 3428 [naturalibus]
2165 3352 2497 3423 Exspectare
2530 3351 2744 3417 timent,
2769 3352 2960 3407 mortis
2992 3351 3282 3407 formidine
3305 3351 3504 3422 pressi.

473 3437 733 3496 Protinus
757 3441 1003 3508 arbitrio,
1038 3442 1310 3512 Wilfride,
1341 3447 1560 3517 piabere
1583 3457 1790 3506 nostro.
2166 3443 2395 3501 Octonis
2415 3443 2616 3519 etenim
2639 3442 2721 3498 bis
2747 3441 2886 3498 forte
2914 3451 3217 3513 quaterque
3243 3441 3454 3512 vigenis

473 3531 590 3590 Nec
612 3533 1034 3604 Romana=prius
1061 3535 1183 3592 falsi
1217 3537 1432 3607 pilotria
1461 3534 1578 3611 (sic)
1605 3549 1772 3598 testes
2166 3537 2432 3595 Decubuit
2457 3536 2626 3601 horis,
2655 3545 2842 3608 pastus
2868 3535 3188 3607 fraglamine
3221 3535 3423 3590 mentis

471 3624 773 3693 Excedent,
795 3627 971 3698 justas
1002 3628 1174 3684 donec
1211 3645 1307 3700 pro
1335 3632 1562 3688 crimine
1587 3647 1776 3703 ptBnas
2164 3627 2424 3699 Corporis
2449 3635 2543 3683 aut
2566 3627 2726 3695 escis,
2760 3637 2853 3682 aut
2881 3625 3119 3696 qualibet
3148 3633 3267 3681 arte
3294 3622 3540 3694 liquoris.

473 3715 607 3774 lure
640 3716 812 3783 luant,
837 3718 1160 3790 discantque
1189 3721 1308 3776 viro
1335 3721 1549 3779 deferre
1575 3725 1826 3794 probato.
2235 3721 2461 3777 Demum
2493 3736 2614 3777 cum
2641 3721 2813 3791 quinti
2840 3720 3110 3792 spirarunt
3138 3718 3343 3774 lumina
3370 3715 3502 3774 solis
3523 3756 3539 3784 ,

471 3805 583 3865 Iste
605 3808 824 3878 quidem
854 3809 1038 3864 Latias
1062 3811 1191 3866 olim
1225 3811 1459 3869 lallando
1489 3815 1740 3885 papillas,
2166 3815 2399 3871 Mittitur
2426 3829 2457 3870 e
2482 3829 2696 3871 summo
2724 3813 2894 3886 (dictu
2927 3811 3231 3876 mirabile!)
3260 3810 3401 3868 cmlo

472 3898 634 3957 Pavit
657 3899 1011 3958 Christicolas
1041 3903 1212 3960 multo
1240 3904 1463 3962 dulcore
1497 3917 1764 3964 catervas.
2163 3908 2450 3964 Archanus
2481 3905 2728 3970 Michael,
2757 3905 2927 3964 nitido
2954 3903 3265 3976 lampahilis
3293 3917 3422 3970 ore;

546 3993 785 4051 Oravere
815 3993 1043 4052 Patres:
1073 4005 1304 4052 testatur
1342 4006 1398 4052 et
1433 3999 1550 4069 ipse
1577 3999 1813 4058 Joannes
1848 4003 2057 4076 (papa),
2164 4000 2335 4070 Quem
2364 3999 2527 4054 Pater
2555 3999 2862 4065 intendens,
2894 4011 2998 4054 non
3029 4006 3087 4052 ut
3114 3995 3384 4051 fantasma
3423 3989 3673 4064 repellens.

471 4085 606 4144 Habe
631 4087 856 4144 dicens:
888 4086 1045 4144 Nullo
1070 4089 1335 4145 morietur
1359 4089 1607 4161 lampada
1636 4091 1821 4165 fungo.
2165 4091 2276 4149 Ceu
2308 4091 2565 4149 stilbonta
2597 4087 3044 4163 [Splendentem],
3096 4102 3294 4143 novum
3343 4085 3550 4146 lumen,
3576 4092 3702 4135 vene-

471 4176 690 4234 lnsidiaa
712 4188 928 4236 veteres
958 4180 1296 4236 dormiscant
1322 4181 1474 4237 ocius
1493 4197 1701 4241 omnes.
3295 4175 3471 4251 [ratur
3490 4174 3699 4232 amicum-

471 4269 758 4343 Desipiunt
786 4272 1006 4328 hebetes
1033 4274 1225 4330 tetrico
1250 4288 1484 4330 maerore
1512 4275 1774 4333 furentes.
2166 4275 2384 4347 Surgito
2408 4273 2671 4339 concivis,
2702 4273 2876 4330 nostri
2908 4287 3013 4329 non
3043 4271 3223 4343 portio
3260 4271 3387 4326 vilis
3417 4285 3433 4325 :

455 4358 789 4422 iWilfridum
811 4359 1068 4416 damnare
1097 4361 1281 4418 nefas:
1306 4363 1422 4433 qui,
1448 4364 1607 4420 sicuti
1639 4365 1824 4435 torris,
2085 4374 2140 4436 ι)
2165 4368 2233 4425 Ει
2257 4369 2377 4424 licei
2409 4367 2694 4424 astricolas
2719 4368 2862 4423 inter
2890 4379 3179 4422 numerere
3200 4360 3474 4429 catervas,

469 4451 709 4524 Ereptus
736 4465 933 4521 magno
961 4461 1142 4507 manet
1165 4453 1537 4513 inoombustus
1563 4456 1632 4512 ab
1655 4457 1801 4527 igne.
2164 4461 2361 4532 luquit,
2392 4462 2460 4518 ab
2485 4461 2691 4518 orbatis
2719 4461 2832 4533 jam
2869 4473 3012 4515 nunc
3032 4456 3373 4514 revocaberis
3399 4455 3564 4529 agnis.

457 4540 549 4610 ΔιΙι
571 4549 759 4611 petrus
787 4540 1011 4605 Christi,
1045 4541 1126 4597 sic
1147 4541 1237 4597 hic
1257 4544 1480 4615 vestigia
1518 4545 1666 4602 Petri

2162 4553 2456 4625 Postquam
2483 4553 2566 4610 bis
2586 4553 2731 4610 binis
2761 4551 2958 4608 fratres
2984 4549 3304 4607 solidaveris
3326 4549 3482 4604 annis
3509 4563 3521 4608 :

468 4631 727 4700 Percolit,
759 4633 1026 4704 aequoreis
1053 4648 1330 4704 nunquam
1361 4635 1668 4695 timefactus
1695 4640 1748 4696 in
1781 4642 1984 4713 undis;
2163 4647 2299 4704 Cum
2325 4646 2572 4704 mercede
2599 4646 2742 4703 bona
2777 4654 2942 4702 temet
2967 4645 3233 4701 revocabo
3257 4683 3273 4712 ,
3303 4644 3398 4699 sed
3425 4640 3558 4696 iusta

468 4723 778 4798 Degeneres
813 4723 998 4796 pepuli
1023 4724 1152 4794 quid
1173 4725 1398 4795 prodest
1427 4726 1562 4784 velle
1593 4727 1781 4786 beari?
2161 4738 2552 4795 Christotochae
2582 4739 2770 4809 dignas
2795 4736 2936 4792 aedes
2969 4734 3238 4791 fabricare
3274 4733 3492 4788 Marias:

466 4814 656 4873 Virtus
683 4816 729 4872 si
756 4831 862 4886 qua
888 4815 1084 4888 placet,
1112 4816 1304 4888 patriis
1326 4818 1608 4890 pepulistis
1632 4823 1702 4878 ab
1737 4824 1868 4882 oris.
2161 4826 2329 4901 Cujus
2350 4843 2535 4885 amore
2561 4828 2655 4884 tibi
2686 4815 3038 4884 cumulantur
3057 4826 3260 4884 certius
3285 4827 3430 4883 anni.

465 4905 552 4962 En
582 4908 804 4963 rutilum
835 4909 1040 4979 liquido
1070 4927 1296 4968 summa:
1321 4915 1540 4972 virtutis
1568 4917 1778 4988 agalma
1807 4920 1978 4993 (541).
2159 4917 2320 4977 Novit
2352 4920 2479 4992 quid
2505 4919 2685 4986 Petro,
2719 4919 2864 4975 Petri
2889 4919 3018 4990 quid
3057 4919 3220 4976 solvis
3246 4917 3494 4989 adelpho.

466 4995 597 5052 Sint
623 5006 741 5053 rata
778 5015 900 5070 qua:
929 5004 1127 5070 sanxit,
1157 5020 1266 5060 non
1292 5007 1407 5063 haec
1426 5007 1674 5066 obliteret
1700 5027 1930 5083 usquam
2231 5015 2502 5072 Continuo
2542 5022 2760 5070 sanctos
2785 5013 2955 5069 subiit
2973 5013 3129 5084 vigor
3155 5011 3362 5083 integer
3385 5017 3560 5064 artus:

465 5087 580 5179 ﬁ“?
600 5090 798 5161 regalis
820 5106 982 5163 apex,
1005 5104 1100 5151 aut
1121 5098 1522 5158 ecclesiasticus
1541 5102 1692 5158 ordo.
2161 5106 2481 5179 Angelicum
2509 5120 2758 5177 superam
2785 5119 2983 5160 numen
3007 5101 3308 5159 recucurrit
3335 5100 3400 5157 ad
3422 5098 3639 5154 aethram.

464 5174 761 5268 Eobﬁiscum
790 5183 986 5254 sapiat,
1013 5188 1104 5256 qui
1130 5189 1334 5247 Christi
1363 5192 1614 5264 stigmata
1637 5205 1834 5267 gestat,
2161 5174 2437 5268 Surgitur,
2469 5205 2525 5253 et
2552 5174 2734 5252 tristes
2765 5202 3094 5252 renovantur
3117 5194 3272 5263 digne
3299 5189 3522 5248 sodales.

467 5261 552 5356 Ec
573 5267 742 5328 ferale
769 5273 936 5331 chaos
967 5276 1386 5352 evitandamque
1413 5261 1698 5356 mephitim
1819 5261 1829 5266 ’

2160 5288 2206 5347 0
2233 5261 2463 5356 delesse,
2493 5306 2659 5356 sagax
2682 5297 2839 5346 curat
2861 5303 3021 5356 quem
3052 5261 3237 5342 caelica
3269 5285 3427 5356 pinax
3453 5297 3467 5332 :
