3964 5356
132 456 263 512 1009

129 575 194 629 Et
220 572 346 644 quia
373 573 596 646 pellacis
631 574 811 631 vitasti
848 575 1040 647 gaudia
1074 573 1276 640 saecli,“

129 668 259 726 Cum
288 683 516 726 numero
545 669 670 726 vitae
691 670 937 725 meruisti
969 667 1190 740 przemia
1220 682 1464 750 summm.

197 876 396 935 Oceani
424 878 658 935 tumidas
681 879 881 934 exhinc
916 877 1180 934 remeavit
1204 877 1272 932 ad
1302 877 1498 943 undas,

126 967 366 1040 Gurgitis
389 976 444 1024 et
461 969 602 1025 vasti
626 968 939 1044 circumﬂua
968 978 1118 1040 terga
1148 968 1426 1040 repressit.

127 1059 317 1115 Cantia
345 1060 668 1130 complacito
697 1056 990 1132 patuerunt
1017 1061 1174 1117 litora
1207 1068 1405 1117 rastro.

127 1149 293 1208 Jussit
330 1153 686 1224 apostolicum
713 1153 1058 1210 Berthwaldo
1094 1153 1236 1210 ferre
1275 1150 1538 1216 libellum,

130 1243 387 1316 Suscipit,
421 1256 481 1302 ut
507 1247 688 1302 decuit
715 1264 729 1312 ;
757 1247 934 1303 Patris
963 1256 1232 1319 przecepta
1261 1245 1488 1317 peregit.

126 1338 265 1394 llinc
289 1338 398 1395 divi
431 1338 522 1412 [[.,
545 1338 721 1413 divus]
747 1341 930 1410 petiit,
961 1355 1124 1412 supra
1155 1355 1316 1410 quem
1352 1351 1505 1394 musa
1536 1333 1715 1392 revol-

126 1429 305 1487 Lzetus
334 1430 572 1486 Edilredi
602 1431 812 1504 petulas
841 1431 1094 1488 fidentius
1125 1431 1298 1486 aulas.
1591 1426 1715 1501 [vit,

124 1521 221 1580 Cui
249 1522 440 1582 retulit
458 1523 656 1581 cessim
681 1541 694 1580 :
720 1522 969 1580 laetantur
991 1534 1048 1581 et
1065 1523 1224 1579 ambo
1250 1521 1514 1579 vicissim.

892 1634 954 1691 L.

189 1728 578 1802 Appi-Operans
601 1744 752 1802 ergo,
785 1728 948 1786 laesus
973 1728 1323 1786 cunctamine
1345 1727 1516 1792 nullo,

121 1821 374 1880 Aldfrido
402 1825 516 1896 regi
546 1823 746 1881 direxit
769 1823 983 1895 epistile
1006 1821 1340 1896 [epistolam]
1371 1821 1540 1878 Petri.

119 1913 378 1972 lllicitum
403 1919 604 1988 sapuit,
632 1934 740 1975 non
770 1915 876 1972 hoc
894 1925 979 1974 sat
1000 1916 1146 1988 juste
1173 1915 1378 1987 recepit

119 2006 359 2065 Protulit
384 2011 639 2083 ambages
657 2052 672 2076 ,
701 2010 844 2066 sicut
869 2007 1049 2064 fecere
1074 2008 1288 2079 priores
1311 2026 1326 2062 :

117 2101 319 2160 Nolens
352 2103 574 2160 directis
597 2119 924 2160 veneramen
949 2101 1096 2159 ferre
1118 2101 1368 2174 loquelis.

119 2194 393 2263 Quocirca
423 2198 679 2254 meritum
713 2197 836 2253 tulit
861 2197 1152 2252 immature
1178 2192 1466 2265 periclum.

120 2283 366 2350 Ultrices
402 2287 603 2343 etenim
633 2287 844 2359 patiens
872 2287 926 2343 in
958 2299 1186 2356 corpore
1215 2297 1426 2356 poenas,

117 2376 362 2435 Cernere
388 2378 632 2434 collibuit
652 2420 668 2445 ,
691 2394 854 2451 quem
883 2378 1085 2435 dudum
1117 2377 1377 2447 languide
1407 2373 1612 2447 sprevit
1631 2388 1646 2405 ο

117 2469 402 2542 Multaque
432 2471 730 2541 conjiciens
755 2471 912 2538 obiit,
940 2471 1080 2529 male
1108 2481 1259 2544 gesta
1289 2483 1583 2526 recensens

118 2560 384 2619 Testibus
409 2563 668 2619 adhibitis
693 2578 753 2620 se
784 2563 1011 2620 reddere
1036 2562 1174 2619 velle
1205 2561 1438 2634 negatis,

119 2654 180 2714 Si
206 2655 430 2713 Domini
457 2655 720 2712 auxilium
751 2657 876 2712 vitae
903 2657 1060 2712 daret
1085 2654 1507 2712 accumulatum.

189 2747 450 2819 Suscepit
470 2764 670 2804 vacuas
689 2747 916 2804 lEdwilf
938 2748 1152 2804 virosus
1173 2747 1440 2814 habenas,

116 2841 177 2900 In
207 2849 462 2898 sanctum
489 2840 659 2897 furias
681 2855 942 2897 exercens
972 2841 1358 2897 immoderatas
1382 2857 1397 2895 :

117 2931 290 3010 Inque
319 2935 475 2994 brevi
509 2937 696 3009 periit,
727 2937 967 2994 violento
995 2936 1114 2996 cive
1138 2934 1408 3009 repulsus.

880 3051 970 3107 ιι.

191 3143 265 3201 Ut
293 3144 488 3217 patria:
515 3159 701 3200 curam
730 3153 1010 3217 susceptet
1039 3143 1144 3200 rite
1170 3141 1454 3213 tuendam,

116 3237 296 3294 Filius
325 3237 531 3293 ascitur
558 3236 829 3292 Alhdfridi
856 3252 1000 3308 saepe
1033 3237 1212 3293 relati.

118 3330 224 3398 Qui
258 3331 528 3402 gravitate
548 3331 736 3402 proba,
773 3329 1010 3386 Wilfridi
1040 3331 1292 3388 subditus
1315 3329 1433 3400 ala,

117 3423 329 3480 Dilexit
363 3424 613 3490 nimium,
649 3426 774 3496 quia
799 3433 1026 3481 noverat
1056 3440 1177 3481 esse
1203 3425 1464 3490 beatum;

113 3516 170 3572 ls
194 3514 365 3586 jussit
392 3516 595 3586 proprii
625 3526 890 3586 quantum
917 3526 1066 3572 tenet
1091 3517 1270 3572 orbita
1294 3517 1445 3586 regni
1471 3530 1487 3581 ;

117 3607 192 3662 Et
220 3606 408 3661 coiere
458 3606 640 3672 simul,
672 3607 1015 3662 Berlhwaldo
1045 3605 1168 3676 jure
1208 3607 1421 3661 calante
1450 3603 1725 3679 [vocante]

113 3696 283 3753 Tunc
321 3697 500 3753 Patris
529 3697 765 3768 alloquio
797 3715 892 3752 rex
923 3699 1154 3763 censuit,
1183 3698 1362 3753 omnis
1389 3705 1444 3751 et
1468 3697 1627 3766 ordo,

115 3789 368 3849 Servent
396 3799 454 3846 ut
485 3790 692 3865 pariter
719 3789 960 3847 Wilfridi
993 3789 1183 3865 dogma
1215 3799 1504 3847 vereutcr:
1534 3820 1537 3824 ι

114 3887 289 3949 Pacis
311 3899 367 3945 et
394 3887 712 3961 Angligenae
742 3886 1030 3943 firmantur
1053 3885 1257 3944 fmdere
1281 3895 1488 3958 gentes.

875 3999 982 4056 ιιι.

192 4094 282 4156 Ex
308 4093 436 4154 hinc
459 4095 784 4155 convaluere
809 4095 972 4152 nimis
989 4094 1305 4152 diorismata
1329 4089 1719 4168 [definitiones]

1532 4183 1723 4261 [fortis

109 4277 396 4346 Athletae,
441 4288 783 4352 pereuntque
822 4279 952 4335 mali
997 4278 1333 4350 sophismata
1378 4277 1547 4343 civis;
1644 4329 1650 4334 .

108 4372 403 4431 Germinis
429 4372 620 4447 hydrei
651 4372 866 4434 penitus
898 4381 1116 4428 tenuata
1146 4371 1375 4426 cicatrix
1401 4387 1415 4438 ;

106 4463 365 4526 Additur
405 4473 569 4538 atque
609 4464 769 4521 bonis
797 4463 971 4522 virtus
1012 4463 1312 4536 apodictica
1357 4463 1719 4534 (demonstra-

1303 4555 1459 4629 [tiva)
1497 4554 1715 4611 victrix.

107 4654 243 4726 Ipse
269 4665 367 4723 per
399 4650 648 4722 obliquas
668 4658 856 4720 pastor
880 4649 1133 4721 gradiens
1160 4647 1430 4719 regiones,

109 4745 193 4802 Ut
217 4749 399 4798 mater
420 4740 626 4797 dociles
652 4740 902 4796 doctrino
927 4739 1065 4796 lacte
1094 4736 1290 4794 refovit
1317 4754 1332 4803 ;

115 4834 193 4892 Ut
219 4839 381 4902 pater
403 4831 624 4903 ignaros
657 4830 839 4886 sobria
873 4829 1184 4886 succensuit
1216 4825 1565 4901 [increpavit]
1605 4825 1690 4886 ira

105 4925 199 4983 Ad
223 4923 364 4979 lucis
393 4924 626 4993 patriam
655 4930 882 4978 cunctos
912 4921 1187 4978 metaliter
1215 4920 1462 4977 hortans.

105 5014 404 5073 Prmscivit
439 5028 602 5082 porro
632 5011 911 5068 Michaelis
938 5013 1127 5069 adesse
1152 5012 1426 5084 profatum
1451 5028 1466 5066 :

105 5103 462 5177 Optabatquc
493 5117 712 5175 gravem
748 5102 1069 5160 Silicernius
1097 5103 1285 5161 adfore
1319 5111 1566 5159 mortem.

102 5198 360 5260 Corruit.
391 5203 448 5252 et
472 5195 687 5251 subitus
708 5195 970 5260 perclusit
998 5195 1237 5254 limmata
1267 5194 1534 5260 [consilia]
1557 5214 1730 5260 mn.._

1234 450 1322 505 DE
1364 446 1521 505 VITA
1555 443 1613 502 S.
1653 443 1972 500 WlLFRlDl
2011 443 2321 503 EBORAC.’

1730 569 1784 631 Α
1807 566 2091 625 Fratribus
2118 578 2172 626 at
2196 571 2418 640 plaudas
2441 572 2570 630 Jesu
2603 541 2972 632 recinentibus
2990 575 3146 645 odas,

1751 3297 1870 3400 Cc

3246 451 3388 512 1010

1814 658 2091 726 Substitit,
2121 669 2177 717 et
2205 661 2327 720 laeta
2356 679 2539 723 sosnes
2569 668 2908 738 perfunditur
2938 684 3089 728 aura.
3148 722 3153 727 .

1827 751 1829 753 ‘
2321 829 2330 835 _
2537 759 2664 816 Llll.

1884 847 2160 904 llaclenus
2188 849 2486 906 excolicum
2521 862 2723 924 quanto
2754 855 2950 911 sudore
2976 855 3256 914 sacellum"

1813 937 2024 996 Emerit
2051 941 2273 1011 exposui
2298 958 2313 1007 ;
2344 957 2602 998 numnam
2632 945 2890 1001 miracula
2919 947 3117 1018 quibo?

1815 1033 2002 1088 Ennea
2030 1033 2178 1105 (544)
2210 1035 2256 1091 si
2282 1035 2475 1092 melico
2503 1036 2695 1093 chelim
2725 1040 2856 1095 mihi
2883 1042 3126 1098 carmine
3158 1051 3404 1116 tangant,

1819 1127 2190 1202 Septenasque
2227 1128 2411 1203 jugem
2459 1129 2774 1206 [geminem]
2823 1133 3012 1192 ciclico
3063 1135 3285 1193 dulcore
3314 1153 3406 1192 so-

3049 1228 3225 1302 nores
3255 1229 3406 1304 (διδ)

1817 1317 1925 1374 Aut
1951 1318 2054 1375 sim
2077 1320 2408 1392 magniloqui
2439 1321 2642 1379 multus
2670 1331 2908 1379 sectator
2935 1323 3190 1389 Homeri;

1818 1410 1937 1467 Non
1966 1411 2126 1482 plane
2148 1411 2424 1469 absolvam
2451 1432 2465 1468 :
2501 1414 2659 1470 dictis
2683 1413 2795 1484 jam
2825 1415 2958 1472 cedo
2989 1414 3333 1486 quihusdam.

1890 1502 2050 1570 Quos
2066 1503 2266 1558 etenim
2305 1505 2513 1559 daemon
2543 1504 2732 1561 rabida
2762 1505 3080 1576 possederat
3104 1503 3185 1560 ira
3209 1543 3228 1575 ,

1818 1593 2018 1649 Effusis
2046 1594 2300 1665 precibus
2331 1593 2458 1650 fidei
2482 1594 2685 1650 virtute
2716 1594 2976 1652 resolvit:

1819 1688 1888 1744 Et
1915 1687 2069 1757 queis
2097 1687 2346 1743 debilitas
2367 1697 2518 1743 artus
2542 1687 2860 1745 devinxerat
2890 1697 3006 1744 atra
3031 1705 3048 1758 ;

1821 1779 1931 1834 Aut
1957 1778 2115 1834 oculo
2142 1765 2432 1845 frustrans,
2457 1788 2549 1834 aut
2580 1779 2776 1852 linguae
2809 1795 3086 1838 murmure
3109 1782 3412 1855 damnans;

1823 1871 1932 1927 Aut
1961 1887 2179 1946 gressus
2207 1873 2520 1944 prohibens,
2551 1885 2643 1931 aut
2689 1885 2935 1932 reumate
2980 1884 3205 1948 pectora
3249 1877 3418 1934 strin-

1823 1962 1892 2018 Et
1917 1977 2079 2019 sensu
2105 1957 2341 2031 demtos,
2367 1971 2423 2020 et
2456 1965 2630 2022 morbi
2660 1966 2782 2023 tabe
2815 1980 3071 2039 peraesos.
3219 1966 3414 2044 [gens;

1827 2056 1899 2114 Ut
1941 2057 2111 2116 frater
2144 2073 2404 2132 congrex,
2429 2060 2716 2129 scelerum,
2743 2061 2883 2120 sicut
2914 2070 3099 2134 patet,
3122 2061 3263 2119 oti‘ex
3287 2063 3416 2133 (im-

3125 2152 3417 2228 [peditor),

1823 2238 2162 2296 Circumfusa
2182 2255 2368 2297 means
2379 2241 2538 2299 docet
2557 2244 2774 2315 agmina
2796 2245 3266 2314 Christicolarum,

1823 2327 2038 2386 Vivifici
2070 2340 2208 2387 tetra
2244 2332 2474 2404 plastica
2507 2333 2599 2390 dat
2635 2336 2966 2392 theoremata
2991 2336 3164 2402 verbi,

1823 2419 2050 2478 Noviter
2102 2423 2435 2496 increpitans
2463 2425 2676 2498 pigrum
2706 2429 2870 2484 decus
2893 2427 3259 2484 Archiliorum
3298 2426 3421 2502 [tri-

1895 2514 2021 2571 Haec
2047 2515 2122 2570 ita
2149 2516 2352 2573 sollerti
2385 2517 2692 2588 perfecerat
2718 2518 2958 2590 undique
2983 2534 3137 2575 cura.
3173 2517 3415 2595 [bunos].

1825 2605 2012 2663 Sensit
2032 2607 2396 2680 olympiadam
2429 2608 2578 2680 (546)
2608 2610 2810 2666 dudum
2837 2609 3046 2666 finirier
3068 2617 3309 2679 auctam,
3399 2627 3402 2630 λ

1823 2698 1894 2755 Ει
1918 2697 2379 2772 metamorphosin
2419 2703 2675 2775 praesagit
2712 2705 2901 2762 adesse
2938 2705 3198 2777 cupitam.

1823 2793 1936 2851 Nec
1957 2796 2135 2852 minus
2163 2795 2276 2867 ipse
2304 2807 2483 2853 tamen
2511 2798 2760 2856 refovens
2789 2799 3108 2857 normaliter
3131 2814 3343 2858 omnes.

1824 2885 2130 2942 Ethralem
2169 2887 2335 2942 vitam
2371 2896 2601 2944 testatur
2622 2887 2747 2958 jure
2777 2891 3130 2962 sequendam.

1827 2975 1967 3043 Quid
2005 2977 2172 3032 tricor
2198 2977 2393 3034 dictis?
2420 2979 2636 3035 dabitur
2661 2995 2806 3036 nunc
2841 2981 2927 3037 his
2957 2996 3174 3054 quoque
3199 2962 3342 3040 ﬁnis.

1825 3063 2002 3124 Credo
2030 3067 2248 3140 quidem
2279 3070 2496 3142 scriptis
2522 3089 2534 3126 :
2567 3081 2625 3126 ut
2651 3087 2818 3140 mors,
2851 3069 3068 3129 dilectio
3094 3069 3274 3130 fortis.

2554 3161 2687 3219 LIV.

1898 3251 2092 3310 Crebis
2119 3268 2250 3327 ergo
2280 3255 2458 3310 virum
2487 3254 2730 3312 febribus
2759 3255 3061 3327 pulsatibus
3085 3255 3313 3327 almum,
3409 3299 3430 3314 ..

1873 3356 2178 3402 oncurrunt
2207 3345 2459 3402 monachi
2487 3345 2748 3401 virtutum
2780 3362 3004 3403 munere
3032 3346 3198 3415 macti
3222 3365 3238 3403 :

1826 3435 2057 3507 Agmine
2083 3444 2358 3505 pastorem
2389 3443 2597 3490 tantum
2624 3435 2847 3491 cinxere
2876 3436 3118 3507 globoso.
3310 3508 3314 3513 ι

1826 3525 1924 3582 His
1952 3527 2027 3581 ita
2055 3535 2377 3597 consaeptus,
2408 3536 2572 3598 caput
2610 3526 2823 3590 extulit,
2856 3536 3018 3600 atque
3045 3527 3122 3584 ita
3145 3528 3322 3586 dixit:

1825 3617 2059 3674 Pullulet
2093 3619 2150 3673 in
2179 3618 2332 3674 vobis
2359 3619 2524 3674 divini
2556 3618 2728 3691 gratia
2752 3619 2914 3675 roris.

1827 3712 1938 3769 Vos
1967 3713 2241 3784 equidem,
2273 3711 2488 3778 fratres,
2519 3711 2727 3782 pridem
2755 3709 3023 3767 revocatis
3057 3719 3297 3767 euntem.

1827 3802 2044 3860 Parcite
2068 3804 2204 3874 jam,
2235 3817 2442 3873 quaeso,
2469 3816 2724 3872 superum
2743 3798 2859 3870 jam
2888 3801 3152 3857 scandere
3190 3817 3421 3875 regnum

1827 3894 1912 3952 Me
1933 3894 2112 3965 juvat,
2140 3904 2194 3950 et
2218 3894 2395 3966 fragili
2435 3891 2725 3965 praejudieo
2751 3908 2916 3949 carne
2951 3891 3168 3949 resolvi.

1825 3986 1947 4044 Non
1971 3988 2123 4044 vobis
2151 3987 2290 4042 ultra
2320 3985 2496 4042 forma
2525 3984 2826 4056 conjungar
2848 3985 2902 4040 in
2931 3985 3060 4047 ista.

1825 4079 2009 4137 Donec
2036 4082 2336 4136 mundanas
2365 4078 2586 4134 turbent
2612 4076 2879 4134 elementa
2905 4077 3180 4133 tenebras.

1829 4174 2046 4232 Visibus
2077 4184 2133 4230 et
2157 4173 2369 4230 Domini
2399 4187 2638 4244 prtesens
2668 4171 2739 4226 sit
2765 4170 3017 4228 machina
3044 4171 3254 4230 mundi.

1827 4267 2152 4340 Muscipulos
2184 4267 2358 4322 nostis
2382 4279 2519 4336 quos
2546 4264 2714 4320 obicit.
2739 4263 2964 4319 aemulus
3006 4262 3197 4330 hostis,

1825 4359 2061 4414 lllicibus
2088 4371 2338 4430 qurerens
2360 4355 2573 4411 animus
2601 4353 2796 4409 vitiare
2825 4351 3034 4425 flguris.

1823 4453 2029 4526 Ingerit
2056 4453 2293 4507 incestos
2315 4449 2533 4505 lascivis
2562 4448 2762 4520 spebus
2788 4461 3025 4503 amores.

1826 4545 1980 4602 Tunc
2002 4544 2186 4603 oculos
2221 4542 2423 4615 pulcris
2444 4556 2614 4598 vanos
2644 4539 2820 4597 illudit
2853 4539 3024 4606 idaeis,

1746 4664 1794 4732 ο
1827 4637 2001 4693 Aures
2022 4648 2076 4690 et
2095 4633 2310 4690 blandis
2339 4632 2612 4704 demulget
2635 4631 2835 4702 sepius
2857 4615 3198 4732 arpis:(5.47).

1830 4729 1901 4788 Ut
1925 4728 2168 4784 fraudem
2198 4729 2412 4793 doceat,
2443 4725 2752 4796 largissima
2781 4724 2931 4778 lucra
2958 4721 3251 4778 ministrat.

1826 4823 1954 4882 llaec
1984 4821 2170 4878 monui
2199 4835 2433 4892 semper,
2466 4819 2584 4875 haec
2605 4818 2760 4875 vobis
2786 4817 2900 4887 ipse
2928 4813 3242 4885 frequenter

1829 4913 2089 4989 Opposui,
2115 4914 2284 4990 nolite
2308 4925 2488 4967 moras
2513 4907 2716 4965 inferre
2745 4903 3018 4978 migranti.

1835 5009 2068 5079 Urgeor,
2098 5021 2133 5062 ο
2161 5005 2445 5074 defungar,
2473 5008 2550 5068 et,
2579 5015 2612 5055 o
2643 4999 2861 5064 fratres,
2891 4993 3129 5066 vigilate,

1839 5110 1948 5180 Pyr
1973 5100 2230 5172 Flegeton
2255 5095 2402 5173 (⁵548)
2429 5094 2604 5150 calida
2625 5110 2695 5152 ne
2721 5109 2817 5150 vos
2839 5088 3139 5180 absorbent
3157 5091 3336 5150 unda,

1917 5200 2040 5259 Haec
2067 5196 2186 5260 ait.
2211 5206 2266 5256 et
2285 5194 2432 5251 durae
2453 5191 2753 5247 constravit
2777 5182 3021 5243 membra
3053 5179 3256 5250 quieti.
