3964 5356
538 431 671 492 1015

1777 421 2059 479 JOANNIS
2095 419 2298 478 PAPE
2336 419 2427 476 XII

3659 427 3768 484 1016

537 549 706 610 nostri
728 547 973 622 corporis
1003 548 1307 605 membrum
1329 544 1706 602 tribulationcs
1725 551 1821 599 aut
1843 540 2125 599 molestias
2150 541 2200 602 Α
2228 537 2470 609 ejusdem
2522 536 2627 594 loci
2675 536 2940 610 regularis
2972 537 3186 595 abbatis
3211 537 3308 595 ﬁat
3332 539 3684 611 pet-missione.
3723 545 3766 606 Si

535 645 642 719 pati
675 645 875 716 injuste
900 641 1233 706 noverimus,
1274 639 1387 696 sive
1424 637 1620 695 litteris
1655 636 1772 692 sive
1814 634 1920 691 alio
1948 633 2124 705 quoli-

532 736 622 794 bet
639 735 800 792 modo
829 734 1210 804 compatimnr,
1228 740 1283 788 et
1308 731 1493 788 dolore
1520 735 1902 801 gravamur,et
1926 727 2122 798 quibus

530 841 818 900 possumus
863 841 970 881 una
1009 825 1289 881 vobiscum
1338 822 1622 879 conatibus
1671 821 1880 877 illorum
1909 819 2122 876 insidiis

529 924 693 989 atque
719 915 1103 989 iniquitatibus
1143 913 1440 986 apostolica
1467 911 1791 969 auctoritate
1815 911 2118 966 obviamus.

528 1009 830 1066 Hortamur
879 1010 1098 1066 interim
1140 1007 1540 1064 fraternitatem
1571 1013 1806 1060 vestram
1841 1012 1902 1059 ut
1931 1012 2122 1059 contra

525 1115 624 1157 eos
653 1101 747 1172 qui
787 1109 1140 1157 contumaces
1186 1107 1242 1154 et
1272 1097 1455 1168 inique
1498 1096 1682 1152 vivere
1710 1095 1918 1160 volunt,
1949 1103 2002 1151 et
2033 1109 2121 1150 ec-

525 1191 724 1248 clesias
753 1191 968 1248 Domini
1011 1192 1296 1246 devastarc
1341 1195 1620 1259 satagunt,
1667 1185 1975 1256 nostrisque
2016 1184 2123 1255 piis

523 1283 814 1353 praeceptis
843 1289 900 1337 et
926 1281 1122 1337 vestris
1151 1279 1371 1336 monitis
1397 1277 1620 1335 obedire
1643 1275 1914 1332 noluerint
1933 1316 1947 1342 ,
1972 1273 2120 1329 omni

525 1371 731 1428 virtute
767 1372 1026 1428 resistere
1065 1371 1360 1438 curemini,
1391 1379 1445 1426 et
1486 1369 1555 1425 ad
1587 1369 1739 1440 pacis
1779 1376 1942 1438 atque
1977 1365 2122 1421 veri-

525 1462 654 1518 tatis
683 1472 740 1518 et
763 1462 988 1531 justitite
1023 1464 1166 1518 viam
1211 1463 1516 1527 deducatis,
1543 1477 1634 1528 ne,
1680 1468 1960 1516 crassante
1997 1458 2118 1514 illo-

533 1567 650 1607 rum
679 1552 905 1619 malitia,
925 1568 1048 1609 reos
1063 1553 1203 1623 apud
1227 1553 1433 1624 justum
1459 1551 1696 1622 judicem
1737 1552 2077 1607 inveniamus
2103 1569 2116 1605 :

521 1651 662 1713 quos
694 1657 825 1699 vero
877 1644 931 1700 in
979 1645 1138 1702 malis
1165 1645 1375 1701 actibus
1419 1660 1740 1716 permanere
1792 1643 2121 1715 cognoscitis

517 1742 578 1790 et
602 1732 828 1792 minime
858 1735 1062 1792 reflecti
1102 1736 1442 1806 jussionibus
1484 1739 1684 1794 vestris
1725 1737 2022 1804 voluerint,
2053 1738 2120 1794 ad

517 1825 666 1882 hanc
687 1835 930 1884 nostram
954 1831 1310 1900 apostolicam
1336 1829 1544 1895 sedem,
1577 1831 1716 1886 sicut
1742 1828 1964 1900 antiqua
1987 1843 2118 1884 con-

517 1920 753 1977 suetudo
800 1922 924 1989 fuit,
971 1923 1204 1996 dirigite,
1257 1933 1464 1980 etcum
1507 1923 1589 1978 eis
1631 1931 1843 1978 vestros
1871 1922 2118 1979 credulos
2151 1906 2194 1966 Β

516 2009 727 2076 ﬁdeles,
769 2014 861 2082 qui
907 2015 1064 2070 nobis
1107 2015 1323 2071 illorum
1354 2030 1568 2082 causas,
1599 2025 1654 2070 et
1679 2016 1859 2070 omnia
1896 2031 2016 2084 quae
2064 2015 2119 2070 in

515 2101 816 2160 Galliarum
843 2113 1005 2176 atque
1031 2105 1336 2162 Germaniae
1362 2107 1606 2178 partibus
1633 2116 1868 2177 aguntur
1888 2106 2121 2162 ﬁdeliter

521 2203 689 2266 atque
736 2195 1112 2253 ordinabiiiter
1162 2199 1444 2265 intimate;
1497 2199 1753 2270 quoniam
1809 2200 1910 2255 hoc
1965 2198 2120 2254 nobis

516 2286 668 2342 cordi
701 2295 787 2343 est
830 2297 886 2343 et
926 2305 1122 2361 magno
1148 2291 1401 2361 cupimus
1447 2291 1740 2358 desiderio,
1769 2300 1827 2348 ut
1871 2291 2120 2348 ecclesiis

517 2379 775 2436 omnibus
821 2389 878 2436 et
907 2391 1106 2438 cuncto
1158 2381 1469 2440 Christiano
1500 2383 1697 2455 populo
1727 2399 1834 2454 pax
1859 2392 1914 2439 et
1943 2383 2121 2438 honor

518 2470 815 2543 unicuique
859 2474 1115 2546 proprius
1155 2486 1410 2542 maneat,
1459 2484 1514 2531 et
1560 2476 1826 2532 malorum
1874 2476 2116 2531 omnium

517 2566 772 2636 vestigia,
817 2568 864 2625 si
897 2583 1005 2642 qua
1051 2571 1317 2631 hactenus
1365 2571 1613 2639 fuerant,
1646 2570 1887 2630 funditus
1934 2584 2117 2629 remo-

517 2667 654 2710 vean
663 2663 772 2713 tur.

1290 2774 1354 2832 11.

517 2895 737 2942 δοωωε
771 2899 921 2943 ΡΔΡΕ
960 2901 1036 2943 Ill
1067 2903 1412 2944 PRIVILEGIUI
1438 2903 1539 2944 PRO
1575 2901 1915 2945 NONASTERIO
1940 2901 1984 2944 S.
2012 2901 2115 2942 ως

1057 2974 1165 3016 RIE
1195 2975 1608 3016 ﬂUMOLARIENSl.

1141 3073 1318 3146 (Anno
1342 3073 1490 3147 956.)

835 3184 1059 3263 [MabilL
1088 3187 1243 3255 Acta,
1271 3189 1407 3244 Scec.
1433 3205 1495 3256 li,
1531 3205 1586 3261 p.
1620 3190 1807 3267 1025.]

589 3299 827 3358 Joannes
860 3302 1147 3372 episcopus
1173 3317 1367 3359 servus
1414 3319 1695 3359 servorum
1725 3306 1844 3371 Dei,
1890 3320 2116 3362 venera-

461 3415 464 3420 ·
521 3393 619 3452 bili
663 3395 845 3452 abbati
874 3394 1128 3452 Beansno
1157 3397 1329 3452 beata:
1360 3397 1453 3452 Dei
1482 3383 1764 3469 genitricis
1796 3396 1977 3453 Mariae
2005 3401 2119 3454 vir-

520 3489 667 3561 ginis
694 3488 973 3558 Ecclesiae,
1009 3497 1064 3548 et
1088 3504 1187 3563 per
1224 3504 1345 3548 eam
1397 3501 1604 3549 cunctae
1632 3492 2034 3566 congregationi
2061 3492 2116 3551 in

518 3592 864 3657 perpetuum.

596 3674 655 3732 Si
699 3677 862 3748 justis
905 3677 1259 3751 petitionibus
1301 3679 1636 3750 praestabiles
1672 3681 1884 3754 piorum
1933 3697 2118 3738 assen-

518 3783 644 3830 sum
671 3769 972 3840 pra-bemus
994 3812 1008 3836 ,
1057 3770 1322 3827 voluntati
1354 3772 1566 3829 Domini
1600 3789 1701 3830 nos
1731 3775 1965 3831 militare
1991 3790 2114 3830 cre-

519 3859 720 3917 dimus.
768 3861 909 3932 Ergo
944 3871 1132 3918 notum
1173 3863 1246 3919 sit
1288 3865 1557 3922 universis
1599 3866 1880 3924 catholica:
1923 3868 2116 3925 matris

517 3948 780 4007 Ecclesim
824 3951 949 4008 ﬁliis
978 3961 1087 4008 tam
1127 3957 1487 4025 praesentibus
1516 3974 1677 4029 quam
1728 3957 1944 4026 futuris,
1971 3958 2116 4031 quod

517 4039 672 4096 misit
717 4039 784 4096 ad
824 4056 925 4097 nos
965 4041 1107 4100 illius
1155 4054 1377 4112 noster,
1427 4047 1676 4118 gloriosae
1720 4048 1917 4106 indolis
1956 4065 2113 4121 puer,

518 4129 734 4210 scilicet
782 4129 1097 4201 Lotharius,
1155 4151 1250 4192 rex
1298 4137 1673 4206 Francorum,
1727 4141 2114 4211 paternitatem

518 4233 766 4282 nostram
811 4225 1091 4285 humiliter
1129 4231 1447 4300 obsecrans,
1495 4243 1557 4289 ut
1589 4236 1878 4305 quamdam
1921 4236 2114 4293 cellam

519 4314 578 4372 in
611 4330 748 4388 pago
795 4321 1212 4378 veromandensi
1245 4324 1425 4392 sitam,
1479 4325 1531 4380 in
1575 4325 1780 4382 honore
1816 4327 1989 4384 beata:
2019 4327 2113 4384 Dei

520 4408 802 4479 genitricis
827 4412 1054 4484 virginis
1084 4414 1267 4473 Mariae
1304 4426 1360 4473 et
1395 4428 1596 4476 sanctze
1627 4420 1979 4491 Hunegundis
2002 4421 2112 4477 vir-

521 4498 666 4568 ginis
690 4510 1080 4570 constructam,
1100 4509 1442 4565 auctoritatis
1463 4511 1716 4582 praesidio
1745 4512 2108 4568 muniremus:

523 4604 687 4659 quam
713 4595 1128 4664 suggerentibus
1152 4599 1382 4668 genitori
1411 4617 1509 4657 suo
1535 4601 1829 4671 Ludovico,
1861 4603 2114 4660 videlicet

523 4679 640 4752 regi
679 4683 880 4739 comite
912 4685 1227 4755 Adalberto,
1251 4697 1308 4744 et
1333 4690 1526 4747 idoneo
1553 4692 1686 4748 satis
1708 4693 1826 4749 viro
1848 4694 2111 4762 Gilberto,

521 4773 619 4844 qui
648 4777 896 4832 eamdem
923 4778 1247 4837 abbatiolam
1271 4781 1394 4852 jure
1421 4783 1670 4840 beneﬁcii
1693 4785 2022 4855 possidebat,
2047 4788 2116 4844 ad

522 4879 699 4923 sacrae
749 4869 1029 4942 religionis
1063 4865 1428 4932 venertibilem
1467 4876 1672 4934 cultum
1703 4879 1914 4951 erigere
1952 4895 2118 4936 conao

522 4965 637 5027 tur,
683 4970 848 5032 atque
896 4967 1058 5037 regite
1106 4970 1389 5038 potestatis
1441 4981 1709 5043 praecepto
1761 4973 2119 5030 corroborare

522 5051 738 5107 nititur.
773 5053 940 5121 Cuius
986 5060 1232 5128 petitioni
1283 5063 1720 5134 congaudentes,
1762 5064 2118 5122 ecclesiastici

522 5143 730 5215 vigoris
784 5161 1004 5202 manum
1053 5152 1345 5220 exerimus,
1393 5163 1450 5209 et
1487 5168 1552 5208 ex
1600 5170 1665 5210 ea
1706 5172 1812 5226 qua
1857 5155 2117 5213 fulcimur

526 5233 822 5301 apostolica
854 5240 1180 5295 auctoritate
1207 5244 1552 5314 praecipimus
1576 5285 1590 5311 ,
1623 5252 1683 5300 ut
1710 5246 1992 5315 praefatam
2023 5247 2117 5302 ab-

525 5321 726 5356 "nl:nm
777 5343 933 5356 nan-nn
963 5345 1109 5356 ..ιρι-.-
1152 5349 1196 5356 -.-
1236 5351 1299 5356 -_-
1317 5336 1565 5356 ---1-.-ξ--..-

2226 632 2350 704 quis
2378 647 2507 689 vero
2547 647 2650 704 pro
2705 635 2807 689 hac
2851 633 3198 706 adipiscenda
3227 636 3508 706 pecuniam
3534 639 3612 695 vel
3634 633 3781 712 quon

2223 724 2355 781 libet
2383 741 2578 782 munus
2608 726 2746 797 regi,
2773 734 2866 781 aut
2901 726 3126 782 cuilibet
3165 728 3394 799 principi
3443 729 3652 796 dederit,
3681 735 3770 793 sive

2222 817 2581 888 promiserit,
2630 816 3033 874 subinferendzc
3085 818 3449 876 maledictioni
3492 822 3766 894 subjacebit.

2225 906 2310 964 Sit
2361 908 2528 977 igitur
2571 907 2748 964 eidem
2797 909 2950 965 cellae
2998 909 3168 966 abbas
3224 912 3522 968 secundum
3570 915 3769 986 regulam

2224 999 2397 1056 sancti
2453 999 2731 1056 Benedicti
2780 1001 3129 1069 constitutus,
3180 1010 3236 1058 et
3281 1004 3530 1060 monachi
3573 1007 3768 1078 regulari

2224 1089 2554 1146 districtioni
2605 1090 2869 1162 subjecti,
2895 1107 3033 1163 quos
3061 1092 3126 1147 de
3170 1092 3334 1148 rebus
3383 1093 3614 1163 ejusdem
3653 1095 3770 1154 cella

2224 1181 2450 1252 aliquod
2476 1182 2820 1254 dispendium
2860 1183 3071 1254 perpeti
3102 1199 3224 1238 cum
3253 1184 3403 1239 omni
3444 1185 3658 1255 imperio
3673 1202 3770 1258 pro-

2223 1273 2494 1330 hibemus.
2539 1273 2649 1330 Res
2687 1289 2818 1330 vero
2847 1273 3090 1346 ejusdem
3133 1274 3381 1332 ecclesiae
3403 1286 3529 1332 sunt
3557 1276 3769 1334 Humola-

2224 1367 2335 1423 rias
2378 1367 2526 1433 villa,
2576 1368 2629 1424 in
2660 1383 2767 1440 qua
2809 1369 2998 1425 eadem
3044 1368 3176 1425 cella
3207 1377 3522 1425 constructa
3551 1379 3651 1436 est,
3673 1387 3768 1429 cunt

2222 1458 2602 1514 mansionibus
2651 1459 2861 1515 cunctis
2905 1459 2973 1515 ad
3004 1474 3062 1516 se
3107 1461 3548 1530 pertinentibus;
3583 1461 3769 1521 Met-ulti-

2222 1551 2392 1607 curtis
2441 1567 2564 1609 cum
2614 1553 2934 1624 adjacentiis
3000 1556 3115 1610 suis
3156 1573 3170 1609 :
3241 1555 3636 1614 Eudoldicurtis
3675 1576 3769 1617 cum

2221 1644 2558 1715 appendieiis
2585 1646 2730 1712 suis;
2768 1645 3095 1702 Caviniacus
3128 1662 3250 1704 cum
3279 1650 3494 1706 mansis
3523 1652 3586 1706 ad
3606 1667 3655 1708 se
3677 1669 3770 1723 per-

2222 1737 2519 1794 tinentibus
2545 1756 2559 1804 ;
2587 1738 2641 1794 in
2665 1740 2790 1794 villa
2813 1756 2932 1811 qua:
2951 1739 3158 1797 dicitur
3183 1742 3361 1798 Frisia
3409 1759 3573 1815 super
3595 1745 3769 1803 ﬂuvium

2222 1827 2479 1885 Somnam
2519 1846 2594 1887 xu
2627 1832 2826 1898 mansi,
2856 1847 2992 1904 quos
3035 1848 3134 1902 pro
3173 1836 3565 1892 commoditate
3587 1837 3770 1908 piscium

2223 1921 2397 1977 eidem
2431 1922 2678 1978 ecclesia:
2704 1924 3095 1995 perpetualiter
3125 1926 3330 1983 habere
3352 1926 3538 1982 liceat.
3568 1927 3677 1983 llaec
3699 1929 3772 1984 ita-

2221 2029 2327 2084 que
2367 2023 2422 2070 et
2449 2015 2494 2070 si
2524 2031 2628 2086 qua
2653 2016 2756 2072 alia
2788 2017 3018 2074 ecclesia
3049 2018 3224 2075 eidem
3266 2021 3503 2076 Domino
3526 2022 3773 2092 opitulante

2221 2104 2506 2174 acquirere
2555 2105 2654 2160 sibi
2685 2107 2942 2176 potuerit,
2991 2109 3291 2179 apostolica
3321 2109 3466 2167 fulta
3497 2113 3773 2169 auctoritate

2220 2192 2448 2250 licenter
2475 2204 2530 2250 et
2552 2195 2671 2252 sine
2698 2195 2877 2268 aliqua
2901 2199 3333 2257 contradictione
3358 2203 3669 2272 possidebit,
3689 2213 3770 2260 etc.

2221 2282 2498 2355 Scriptum
2547 2301 2646 2356 per
2687 2302 2906 2342 manum
2937 2288 3173 2356 Leonis,
3214 2292 3355 2346 sacri
3401 2293 3587 2348 scrinii
3612 2305 3773 2350 sanctae

2218 2376 2364 2433 sedis
2409 2378 2725 2448 apostolicae
2772 2380 2825 2434 in
2873 2395 3061 2438 mense
3095 2381 3215 2437 Jan.
3248 2397 3348 2452 pro
3381 2383 3572 2440 indict.
3597 2385 3775 2442 H.01-

2219 2475 2334 2522 tum
2361 2483 2415 2522 tv
2449 2467 2592 2524 Non.
2622 2467 2770 2535 Jan.,
2799 2485 2898 2541 per
2924 2487 3143 2527 manum
3182 2472 3407 2543 Georgii
3449 2477 3656 2532 secundi
3679 2478 3771 2548 epi-

2218 2560 2367 2632 scopi
2418 2571 2620 2618 sanctae
2671 2565 2820 2620 sedis
2882 2566 3231 2636 apostolicae,
3284 2583 3437 2623 anno
3487 2569 3774 2642 primo,Do-

2217 2651 2366 2707 mino
2396 2655 2653 2725 propitio,
2685 2655 3037 2726 pontificatus
3063 2658 3248 2716 domni
3277 2657 3512 2718 Joannis
3541 2659 3597 2718 S.
3643 2659 3694 2716 P.
3734 2670 3774 2718 et

2218 2745 2546 2804 universalis
2581 2764 2758 2821 papae.

2963 2843 3050 2900 Ill.

2219 2951 2372 3026 (552)
2409 2969 2629 3014 ιοΑΜιιε
2678 2974 2826 3014 mm
2866 2976 2942 3017 xu
2995 2975 3260 3018 EPISTOLL
3314 2978 3385 3018 an
3444 2974 3773 3020 senescenti!

2642 3044 2934 3088 EPISCOPUI
2993 3048 3384 3091 VIBDUNENSEII.

2824 3141 3003 3214 (Anno
3053 3143 3177 3200 956.

2141 3277 2188 3342 ρ
2220 3251 2530 3309 Monasterii
2558 3251 2621 3310 S.
2669 3252 2848 3310 Vitom‘
2878 3255 3151 3342 privilegia
3194 3266 3243 3313 et
3288 3260 3642 3331 possessiones
3677 3274 3774 3313 m-

2911 3326 3112 3396 ﬁrmat.

2219 3439 2398 3514 [Apud
2418 3442 2481 3499 D.
2504 3441 2733 3510 Calmet,
2757 3441 2900 3499 Hist.
2925 3443 2990 3500 de
3010 3443 3286 3514 Lorraine,
3312 3444 3570 3516 Preuves,
3589 3464 3637 3519 ρ.
3657 3441 3773 3516 369.]

2286 3575 2520 3634 Joannes
2555 3579 2864 3651 episcopus,
2908 3595 3098 3637 servus
3137 3595 3424 3638 servorum
3464 3583 3580 3649 Dei,
3609 3583 3775 3638 Bem-

2217 3683 2355 3725 csno
2403 3669 2562 3726 fratri
2601 3680 2790 3728 nostro
2834 3670 3187 3728 Virduuensis
3227 3671 3492 3731 Ecclesiae
3547 3674 3774 3748 episcopi).

2217 3774 2340 3816 cum
2364 3762 2617 3818 omnibus
2643 3763 2751 3820 sibi
2779 3778 2811 3819 a
2842 3762 2950 3820 Deo
2973 3764 3299 3833 commissis,
3327 3766 3582 3824 bravium
3603 3775 3774 3824 atem

2217 3854 2692 3911 remunerationis.

2284 3944 2549 4002 Convenit
2575 3947 2871 4019 apostolico
2899 3949 3256 4006 moderamini
3289 3950 3380 4022 pia
3417 3951 3668 4023 religione
3690 3947 3776 4021 poi

2214 4036 2450 4095 lentibus
2492 4038 2750 4096 benevola
2794 4040 3064 4098 charitate
3105 4041 3292 4097 favere
3319 4083 3336 4108 ,
3378 4051 3439 4098 et
3485 4041 3772 4115 poscentium

2215 4129 2414 4185 animis
2459 4129 2632 4186 alacri
2671 4131 2960 4188 devotione
3001 4148 3282 4190 assensum
3320 4135 3590 4206 praebere.
3618 4131 3774 4189 Exboc

2213 4219 2358 4275 enim
2383 4219 2723 4289 potissimum
2744 4225 3026 4292 praemium
3048 4223 3185 4279 lucri
3209 4239 3241 4279 a
3271 4225 3562 4280 conditore
3581 4222 3770 4278 omnium

2214 4309 2441 4366 Domino
2493 4309 2610 4367 sine
2661 4310 2824 4368 dubio
2874 4315 3345 4384 promerebimur,
3400 4316 3449 4372 si
3496 4311 3772 4372 venerabilia

2214 4413 2524 4460 sanctorum
2553 4404 2671 4462 loca
2697 4414 3002 4477 opportune
3027 4407 3275 4464 ordinata
3300 4409 3369 4465 ad
3395 4409 3662 4465 meliorem
3690 4405 3774 4460 fue-

2215 4498 2326 4554 rint
2353 4506 2554 4554 statum
2579 4507 2762 4556 nostra
2792 4501 3117 4556 auctoritate
3145 4501 3429 4572 perducta.
3488 4502 3650 4573 igitur
3677 4509 3774 4569 (ιηο-

2218 4591 2363 4646 niam
2389 4599 2464 4657 te,
2490 4591 2658 4648 frater
2682 4592 3022 4658 cbarissime,
3057 4593 3198 4648 inter
3230 4602 3428 4650 caetera
3459 4602 3651 4650 sancta:
3675 4603 3774 4644 conv

2220 4682 2547 4738 versationis
2570 4683 2831 4739 exercitia
2865 4684 3229 4756 comperimus
3259 4683 3403 4755 quod
3430 4682 3773 4740 monasterium

2222 4775 2278 4831 in
2316 4785 2407 4831 tuo
2435 4777 2707 4849 episcopio
2737 4777 2894 4850 juxta
2931 4777 3206 4833 civitatem
3236 4775 3491 4844 Virduni,
3521 4779 3572 4833 in
3593 4771 3773 4832 ecclesia

2225 4868 2478 4927 videlicet
2515 4871 2658 4926 beati
2687 4870 2832 4926 Petri
2843 4871 2980 4943 ,[pro
3005 4885 3190 4926 amore
3222 4870 3321 4926 Dei
3350 4869 3717 4930 construxisse,
3735 4864 3773 4916 in

2225 4977 2332 5035 qua
2377 4963 2725 5035 requiescunt
2770 4978 3000 5034 corpora
3048 4973 3362 5019 sanctorum
3404 4963 3770 5018 confessorem.

2229 5063 2393 5126 atque
2415 5053 2653 5126 praefatae
2685 5055 2928 5111 ecclesia:
2965 5065 3166 5112 sancta:
3192 5055 3380 5112 Marize
3411 5053 3670 5126 quondam
3692 5044 3773 5116 cpi;

2225 5161 2511 5218 scoporum
2546 5145 2746 5212 Vitoni,
2783 5145 3112 5214 Pulchronii,
3146 5146 3487 5204 Possessoris
3516 5155 3663 5215 atque
3687 5137 3774 5193 Fir-

2225 5239 2384 5305 mini,
2411 5249 2466 5296 ct
2505 5239 2572 5294 de
2604 5239 2767 5296 rebus
2815 5249 2921 5296 tute
2964 5241 3201 5297 ecclesiae
3241 5240 3474 5312 provida
3511 5234 3775 5294 considera-

2227 5333 2370 5356 .2---
2402 5333 2706 5356 ---ι.ι-----,-
2764 5341 2814 5356 ...
2849 5333 2890 5356 ..ε
2930 5333 3132 5356 -----.-ι..
3168 5332 3260 5356 m2:
3295 5331 3546 5356 o..-l--:...
3588 5337 3681 5356 ...ιη
3714 5320 3774 5356 δί.
