3964 5356
997 321 1059 332 οων-
1085 325 1100 328 η

81 405 212 464 1017

1206 414 1560 472 EPISTOLrE
1600 415 1686 474 ET
1703 476 1707 478 _
1727 417 2144 476 PRlVlLEGIA.

3189 423 3330 482 1018

79 519 248 577 solatii
281 517 546 594 refugium
581 525 682 581 sub
719 525 902 583 liabitu
961 527 1235 600 religionis
1281 531 1384 586 sibi
1437 529 1646 587 inveni-
1673 533 1725 594 Α
1751 533 1976 589 dissimo
2018 544 2072 591 et
2105 535 2444 593 sanctissimo
2477 536 2802 596 LANDOLPHO
2827 544 3028 595 sanctae
3051 535 3336 596 Benevene

78 621 215 681 rent,
255 622 310 670 et
337 613 563 671 Domino
590 618 976 689 tranquillitate
1013 621 1193 691 quieta
1224 621 1354 678 inibi
1378 622 1648 679 falnuleu-

77 716 162 760 tur
209 720 223 759 :
276 705 490 762 noverit
553 708 792 764 omnium
849 710 1086 768 ﬁdelium
1149 721 1259 768 tam
1304 715 1652 786 prmsentium

73 810 230 866 quam
273 793 575 853 futurorum
624 799 905 867 industria,
947 817 1044 858 nos
1078 803 1221 858 idem
1263 804 1651 861 monasterium

75 896 163 946 tua
206 891 546 950 ordinatione
591 905 987 964 constructum,
1031 913 1154 955 cum
1197 902 1448 958 omnibus
1493 902 1654 958 rebus

75 981 442 1054 regalibusque
469 988 752 1059 przeceptis
775 996 866 1044 tuo
887 991 1134 1048 consultu
1165 993 1266 1050 sibi
1310 994 1552 1060 sancitis,
1597 995 1653 1051 in

74 1082 326 1129 mternum
355 1074 492 1131 velle
520 1091 838 1148 permanere
862 1081 1263 1151 inconvulsum;
1306 1085 1513 1142 scilicet
1549 1086 1653 1142 vil-

75 1162 176 1218 lam
217 1179 381 1236 supra
417 1165 714 1237 Scantiam,
747 1187 870 1228 cum
910 1175 1023 1230 suis
1060 1177 1426 1246 pertinentiis;
1473 1178 1655 1234 Flavi-

76 1254 306 1326 niacum,
333 1274 457 1316 cum
491 1262 601 1317 suis
625 1263 925 1335 adjunctis;
957 1266 1226 1324 abbatiam
1255 1272 1425 1326 sancti
1455 1271 1657 1327 Aman-

76 1345 153 1411 tii,
181 1362 300 1403 cum
330 1349 590 1421 quidquid
620 1353 687 1408 ad
717 1369 836 1410 eam
867 1357 1121 1426 pertinet.
1166 1360 1248 1417 Ad
1293 1361 1655 1430 Nova-Villa,

76 1437 336 1494 eum‘suis
366 1437 529 1508 locis;
566 1441 633 1497 ad
667 1441 957 1502 Mantiouis
1001 1457 1230 1517 curtem,
1275 1462 1540 1522 quantum
1586 1452 1656 1508 ad

73 1539 165 1581 vos
197 1529 505 1598 pertinent;
546 1531 851 1600 Parridum,
894 1550 1018 1592 cum
1061 1539 1175 1594 suis
1204 1541 1548 1612 adjacentiis;
1591 1544 1658 1599 de

74 1617 511 1680 Marculﬁ-Curte
553 1625 836 1683 ecclesiam
854 1671 870 1694 ,
895 1645 1015 1685 cum
1045 1631 1158 1687 suis
1183 1633 1528 1704 adjacentiis;
1557 1634 1657 1689 Ar«

73 1708 440 1779 bordi-Villa,
490 1730 610 1771 cum
652 1717 766 1774 suis
805 1721 1173 1790 pertinentiis;
1205 1723 1660 1782 Castonis-Curte

74 1802 312 1871 ecclesia,
357 1821 479 1861 cum
527 1807 613 1864 bis
650 1824 769 1880 quae
808 1811 876 1866 ad
920 1826 1039 1868 eam
1077 1814 1381 1884 pertinent;
1426 1816 1658 1872 ecclesia

1753 635 1894 684 tante
1919 628 2174 686 Ecclesiae
2222 630 2515 703 episcopo,
2571 632 2781 702 tuisque
2828 628 3232 688 successoribus
3277 628 3335 686 in

1751 731 2089 792 perpetuum.
2205 710 2208 714 ’

1824 813 1958 869 Cum
1987 829 2211 872 summa}
2238 822 2293 870 et
2339 815 2650 886 apostolicae
2693 815 2974 888 dignitatis
3003 826 3137 885 apex
3163 812 3218 869 in
3249 810 3331 868 di-

1754 906 1864 962 vini
1893 907 2168 978 profectus
2212 908 2388 963 nitore
2425 909 2772 978 dignoscatur
2801 907 3156 980 praefulgere,
3191 904 3337 962 etin

1754 1001 2072 1056 exercendis
2094 1001 2190 1057 Dei
2216 1000 2464 1058 laudibus
2489 1001 2602 1058 suis
2626 1002 2923 1072 impensius
2948 1001 3163 1056 studeat
3189 996 3338 1054 labo-

1755 1096 1832 1152 ris
1873 1096 2132 1152 exhibere
2179 1105 2455 1152 certamen
2481 1137 2498 1162 ,
2536 1096 2607 1151 ob
2633 1096 2739 1153 hoc
2765 1094 2944 1151 debita
2970 1108 3071 1150 nos
3095 1090 3340 1161 ejusdem

1756 1185 2064 1256 apostolica:
2113 1186 2399 1257 pastoralis
2442 1185 2704 1257 compulit
2767 1182 3144 1242 sollicitudinis
3186 1195 3337 1247 cura,

1757 1295 1984 1352 quasque
2010 1281 2078 1337 ad
2104 1281 2456 1338 stabilitatem
2484 1281 2696 1350 piorum
2721 1279 2963 1334 locorum
2992 1273 3342 1348 promulgare

1757 1382 1813 1433 et
1833 1373 2141 1446 apostolicae
2170 1373 2527 1430 institutionis
2551 1387 2780 1429 censura
2805 1370 3152 1428 confirmare.
3175 1367 3344 1438 igitur

1758 1449 1890 1536 quia
1909 1465 2191 1536 postulasti
2217 1482 2246 1520 a
2276 1465 2432 1521 nobis
2469 1473 2736 1535 quatenus
2777 1470 2966 1519 sancta
3006 1460 3344 1517 Beneventa-

1760 1559 1944 1614 nensis
1969 1558 2232 1624 Ecclesia,
2265 1557 2373 1622 cui,
2403 1557 2513 1613 Deo
2557 1555 2794 1620 favente,
2821 1568 3015 1626 praess,
3045 1548 3344 1624 privilegiis

1761 1657 1963 1705 sancta:
2009 1649 2153 1705 sedis
2200 1646 2511 1718 apostolicae
2561 1646 2933 1711 decoraretur,
2987 1651 3043 1698 et
3092 1641 3346 1712 antiquos

1764 1740 2022 1795 terminos
2044 1739 2219 1794 eidem
2249 1751 2540 1794 concessas
2587 1736 2655 1792 ab
2680 1733 3115 1791 antecessoribus
3143 1731 3347 1786 nostris

1764 1827 2108 1898 pontiﬁcibus
2153 1826 2620 1890 conﬁrmaremus,
2663 1825 2768 1895 piis
2815 1824 2922 1879 tuis
2951 1821 3233 1878 desideriis
3261 1818 3347 1875 fa-

75 1894 142 1984 de
169 1894 413 1984 hlarleio,
455 1913 581 1954 cum
608 1901 720 1956 suis
741 1902 1092 1973 adjacentiis;
1121 1906 1350 1962 ecclesia
1371 1908 1436 1963 de
1455 1908 1660 1965 Amon-

1771 1894 1951 1974 ventes
1975 1959 1991 1984 ,
2040 1918 2142 1973 bac
2191 1925 2376 1972 nostra
2413 1894 2739 1970 auctoritate
2767 1914 2820 1968 id
2848 1911 2992 1984 quod
3035 1909 3349 1980 exposcitur

70 1983 352 2055 xei-Villa,
386 2002 510 2045 cum
540 1990 656 2048 suis
691 1993 1026 2063 adjacentiis,
1055 2010 1177 2050 cum
1205 1999 1383 2065 terris,
1407 2009 1462 2054 et
1487 1999 1660 2055 vineis

1771 1983 1983 2068 effectui
1997 2011 2383 2080 mancipamus.
2407 2008 2766 2066 Concedimus
2788 1983 2883 2062 tibi
2905 2013 3121 2074 tumque
3144 2008 3348 2057 sanctas

69 2086 122 2135 et
146 2078 492 2146 molendinis,
517 2097 639 2138 cum
666 2085 836 2140 servis
872 2095 927 2142 et
956 2088 1194 2156 ancillis;
1231 2089 1446 2146 abbatia
1488 2090 1658 2158 Petri,

70 2175 122 2222 et
148 2169 382 2226 ecclesia
407 2170 474 2227 de
503 2171 719 2240 Maroa;
745 2175 811 2230 ad
831 2173 1110 2232 Limaeum
1135 2179 1390 2250 quidquid
1415 2181 1482 2234 ad
1510 2180 1658 2236 illum

69 2262 233 2320 locum
257 2262 582 2336 pertinent;
626 2266 694 2321 ad
723 2266 1057 2324 Nova-Villa
1097 2270 1150 2325 in
1192 2271 1446 2327 Barrcnsi
1493 2274 1662 2328 comi-

70 2363 192 2422 tatu,
217 2358 490 2428 quidquid
519 2359 747 2430 pertinet
771 2361 837 2415 ad
867 2375 988 2416 cum
1021 2362 1214 2418 locum.
1261 2364 1387 2421 Haec
1407 2367 1663 2436 praedicta

69 2448 182 2505 loca
230 2452 457 2519 omnia,
510 2466 632 2508 cum
678 2454 927 2510 omnibus
973 2455 1085 2510 suis
1123 2457 1446 2525 generaliter
1503 2469 1666 2528 atque

69 2541 376 2614 specialiter
404 2545 767 2614 pertinentiis,
811 2555 863 2600 et
911 2547 1169 2618 quidquid
1209 2549 1320 2603 Deo
1367 2549 1666 2620 epitulante

69 2642 180 2691 voto
211 2635 465 2693 ﬁdelium
501 2638 626 2699 huic
663 2641 994 2694 monasterio
1041 2655 1356 2695 concessum
1395 2641 1580 2706 fuerit,
1613 2642 1665 2696 iu

69 2723 238 2783 futuro
275 2736 532 2798 tempore
563 2744 658 2798 per
695 2729 797 2785 hoc
825 2738 1068 2786 nostrum
1108 2731 1462 2802 apostolicum
1501 2733 1668 2802 privi-

69 2811 252 2890 legium
296 2821 630 2891 merenniter
676 2820 1092 2887 conﬁrmamus;
1145 2830 1254 2878 tam
1311 2822 1460 2878 vobis
1504 2839 1664 2894 quam

69 2913 255 2969 vestris
289 2913 730 2980 successoribus,
766 2923 819 2968 et
859 2915 1083 2984 insuper
1112 2916 1214 2971 hoc
1245 2925 1446 2973 nostra:
1483 2925 1668 2971 aucto-

75 3006 247 3064 ritatis
266 3006 553 3078 privilegio
575 3021 697 3063 esse
716 3008 1149 3073 corroboratum,
1177 3017 1453 3078 quatenus
1476 3009 1666 3064 eadem

77 3095 432 3152 Virdunensis
455 3095 698 3152 Ecclesia
716 3137 730 3162 ,
757 3112 876 3166 quae
899 3099 1157 3153 hactenus
1184 3098 1250 3152 de
1280 3097 1405 3152 ﬁliis
1435 3099 1502 3153 ab
1538 3097 1668 3168 ipsis

78 3186 315 3246 infantiae
357 3187 678 3245 rudimentis
721 3189 775 3243 in
823 3189 1030 3260 gremio
1078 3205 1177 3246 suo
1214 3190 1492 3260 expositis,
1539 3189 1668 3244 dum

1761 2102 2224 2161 Beneventanensi
2265 2101 2519 2157 Ecclesiae
2545 2111 2880 2170 qmecunque
2905 2093 3148 2165 legaliter
3175 2099 3229 2146 et
3255 2105 3351 2145 ra-

1764 2193 2091 2250 tionabiliter
2138 2193 2361 2262 antiquo
2420 2189 2544 2259 jure
2603 2198 2844 2259 tempore
2891 2183 3351 2256 praedecessorum

1765 2295 1979 2342 tuorum
2005 2285 2121 2341 visa
2147 2293 2230 2339 est
2259 2282 2555 2354 possidere,
2581 2279 2634 2334 id
2661 2288 2745 2334 est
2769 2278 3044 2341 Bivinum,
3067 2273 3350 2340 Asculum,

1764 2375 2022 2432 Larinum
2051 2415 2065 2440 ,
2103 2374 2384 2444 Sipontum
2431 2381 2488 2426 et
2533 2368 2818 2425 ecclesiam
2861 2364 2919 2421 S.
2954 2361 3236 2420 Michaelis
3263 2377 3354 2416 aro

1767 2469 2011 2541 changeli
2062 2469 2116 2523 in
2165 2475 2348 2523 monte
2393 2464 2664 2535 Gargano,
2691 2475 2815 2517 cum
2864 2457 3116 2514 omnibus
3162 2468 3353 2511 eorum

1767 2559 2128 2631 pertinentiis,
2155 2567 2210 2614 et
2237 2555 2419 2612 omnia
2448 2553 2649 2624 praedia
2680 2566 2802 2607 cum
2833 2548 3099 2612 ecclesiis,
3133 2542 3354 2601 familiis

1767 2656 2050 2722 utriusque
2097 2665 2298 2715 sexus,
2349 2656 2403 2703 et
2441 2646 2633 2701 massis
2660 2685 2674 2710 ,
2726 2651 3028 2712 cunctaque
3077 2637 3219 2705 infra
3249 2644 3354 2691 tua:

1768 2745 2040 2816 parocliia:
2065 2742 2179 2796 loca
2207 2738 2426 2794 ditionis
2455 2737 2691 2806 antiqua:
2724 2743 2828 2788 ture
2857 2729 3104 2802 religioni
3135 2740 3352 2813 succes-

1769 2830 2091 2908 SOribusque
2114 2831 2234 2888 'tuis
2281 2830 2627 2888 concedimus
2656 2824 3000 2888 dominanda,
3031 2832 3086 2877 et
3114 2817 3358 2908 legaliter

1769 2925 1933 3002 atque
1957 2907 2218 2984 canonice
2245 2920 2579 2994 disponenda
2619 2933 2742 2974 cum
2770 2913 3021 2971 omnibus
3048 2910 3159 2967 suis
3183 2907 3358 3002 perti-

1772 2997 1993 3086 nentiis,
2027 3020 2141 3074 sive
2184 3016 2294 3072 sint
2335 3013 2607 3076 civitates,
2648 3023 2741 3063 seu
2773 3015 3108 3077 quaecunque
3138 2997 3360 3055 castella

1771 3127 2025 3186 possessa
2063 3111 2262 3166 dudum
2315 3107 2382 3161 ab
2433 3099 2870 3158 antecessoribus
2918 3094 3025 3151 tuis
3068 3089 3356 3186 episcopis.

1775 3180 2071 3266 liensentes
2117 3200 2384 3273 siquidem
2433 3197 2654 3266 insuper
2684 3189 2978 3264 apostolica
3006 3197 3235 3242 censura
3261 3180 3361 3273 sub

79 3281 146 3335 ad
197 3289 426 3352 externa
479 3280 806 3336 monasteria
852 3280 1248 3363 confugiebant,
1299 3281 1668 3348 fraudabatur,
1699 3271 1745 3335 C
1777 3299 1943 3358 divini
1971 3296 2162 3368 iudicii
2185 3271 2575 3349 ﬁmeslaiione
2604 3293 2660 3342 et
2685 3282 2901 3347 validis,
2937 3288 3098 3348 atque
3128 3272 3364 3330 atrocio-

78 3372 274 3429 abhinc
306 3380 362 3427 et
381 3371 638 3443 deinceps
663 3372 716 3427 in
761 3361 1003 3427 membro
1031 3372 1135 3429 sibi
1155 3375 1417 3445 subjecto,
1445 3374 1672 3430 consilio

77 3464 160 3519 sui
189 3463 446 3534 episcopi,
479 3471 640 3533 atque
664 3463 1000 3533 providentia
1022 3465 1238 3532 gloriosi
1260 3465 1470 3520 abbatis
1498 3465 1671 3519 Hum-

76 3554 243 3617 berti,
277 3552 343 3605 de
364 3566 551 3606 eorum
580 3560 767 3606 sancta
797 3554 1208 3607 conversatione
1243 3554 1531 3609 sublimata
1562 3554 1676 3626 glo-

78 3643 271 3703 rietur.
311 3642 368 3697 Si
398 3657 504 3713 qua
529 3653 710 3698 autem
737 3644 1024 3698 temerario
1052 3658 1208 3710 ausu,
1244 3660 1438 3716 magna
1481 3661 1676 3717 parva-

76 3750 186 3808 que
216 3749 469 3808 persona,
499 3735 760 3806 cujusque
796 3735 1003 3791 ordinis
1029 3745 1122 3790 aut
1141 3737 1459 3807 potestatis,
1485 3745 1676 3794 contra

79 3826 224 3883 banc
249 3834 490 3882 nostram
524 3825 876 3897 apostolicam
909 3827 1320 3898 praeceptionem
1350 3829 1502 3883 adire
1538 3843 1679 3899 prae-

79 3916 377 3988 Sunipscrit
399 3957 415 3984 ,
444 3916 580 3974 sciat
608 3931 666 3973 se
694 3917 1018 3974 auctoritate
1045 3918 1187 3973 beati
1225 3917 1372 3974 Petri
1405 3918 1680 3989 apostolo-

79 4004 202 4064 rum
232 4007 496 4088 principis
532 4009 1080 4077 excommunicatum,
1112 4018 1275 4081 atque
1319 4011 1681 4066 anathematis

78 4100 301 4157 vinculo
349 4116 469 4158 esse
511 4101 849 4168 innodatum,
893 4110 948 4158 et
992 4118 1023 4160 a
1069 4119 1235 4175 regno
1278 4103 1374 4160 Dei
1421 4104 1678 4172 alienum,

75 4188 206 4253 cum
237 4194 602 4266 omnibusque
629 4195 808 4265 impiis
841 4204 1045 4251 aeterno
1080 4195 1332 4252 incendio
1359 4207 1522 4269 atque
1560 4212 1684 4269 sup.

77 4287 245 4361 plicio
267 4288 706 4344 condemnatum.
748 4287 850 4355 Qui
898 4303 1025 4343 vero
1072 4289 1394 4344 observator
1413 4289 1684 4344 exstiterit

79 4381 247 4450 hujus
280 4381 452 4435 nostri
485 4380 757 4450 praecepti,
791 4380 1020 4450 gratiam
1050 4387 1214 4450 atque
1251 4381 1682 4436 misericordiam

80 4461 366 4541 vitamque
406 4479 660 4526 aeternam
687 4487 718 4526 a
749 4470 1258 4527 misericordissimo
1299 4471 1527 4527 Domino
1575 4472 1685 4528 Deo

80 4556 277 4622 nostro
307 4562 565 4634 consequi
592 4570 882 4618 mereatur.

157 4658 433 4729 Scriptum
458 4672 555 4729 per
580 4672 771 4714 manus
795 4656 993 4714 Leonis
1021 4656 1273 4713 scrinarii
1305 4666 1508 4713 sanctae
1539 4656 1685 4713 sedis

85 4749 420 4823 apostolicaz,
449 4749 502 4805 in
529 4763 712 4805 mense
739 4748 994 4805 Januario
1016 4765 1113 4820 per
1141 4749 1491 4806 indictionem
1519 4764 1688 4819 quar-

1712 4623 1764 4685 D

1777 3391 1928 3449 ribus
1959 3367 2323 3444 anathematis
2364 3377 2836 3436 interdictionibus
2861 3414 2877 3439 ,
2922 3378 2984 3426 ut
3032 3367 3213 3424 nullus
3256 3379 3362 3420 un-

1768 3475 1939 3558 quam
1983 3481 2211 3549 alicujus
2257 3475 2535 3546 dignitatis
2580 3477 2848 3541 potestate
2891 3463 3152 3536 praeditus
3197 3459 3363 3514 homo

1777 3581 2092 3649 praesumat,
2120 3572 2234 3627 sive
2277 3568 2348 3624 sit
2394 3565 2484 3621 illa
2511 3577 2728 3633 magna,
2757 3559 2872 3615 sive
2898 3571 3064 3628 parva
3108 3563 3363 3649 persona,

1781 3642 1878 3726 aut
1905 3668 2149 3730 Griecus,
2183 3663 2237 3718 in
2267 3660 2524 3732 praedicta
2567 3666 2660 3711 tua
2687 3653 2746 3709 S.
2776 3643 3236 3707 Beneventanensi
3264 3642 3364 3698 Ec-

1782 3760 1944 3817 clesia
1971 3758 2210 3827 aliquam
2235 3753 2340 3808 vim
2367 3749 2565 3811 facere,
2584 3744 2669 3801 vel
2683 3744 2748 3799 de
2772 3742 2857 3798 his
2879 3754 2999 3810 qua:
3021 3737 3072 3792 ei
3093 3732 3366 3827 pertinere

1780 3853 2039 3908 videntur
2066 3821 2465 3918 quoquomodo
2510 3839 2760 3902 auferre,
2790 3841 2885 3890 aut
2914 3830 3179 3918 alienare,
3203 3822 3286 3918 vel
3315 3821 3367 3878 ei

1783 3916 2118 4003 imminuere
2158 3936 2442 4000 terminos,
2474 3933 2568 3989 sed
2602 3944 2702 3985 nec
2745 3923 3044 3998 quamlibet
3077 3916 3366 3980 malitiam,

1785 4046 1878 4092 aut
1899 4034 2127 4104 jacturae
2156 4025 2458 4084 molestiam
2498 4022 2550 4076 in
2581 4018 2769 4074 eadem
2815 4012 3018 4072 inferre
3043 4015 3368 4108 quocunque

1777 4090 2051 4197 tempore,
2081 4136 2182 4178 nec
2208 4116 2424 4174 licentia
2455 4114 2548 4178 sit,
2592 4118 2652 4165 ut
2696 4107 2902 4162 dictum
2945 4108 3028 4158 est
3054 4115 3123 4154 ex
3151 4097 3256 4164 eis,
3281 4090 3370 4149 vel
3414 4165 3416 4170 ι

1786 4218 2035 4276 omnibus
2063 4213 2236 4268 eidem
2286 4203 2681 4281 pertinentibus
2729 4197 2980 4267 cuiquam
3011 4202 3220 4281 magna:
3246 4199 3372 4281 par:

1783 4273 1972 4380 visque
2001 4315 2247 4376 persona:
2288 4273 2530 4362 auferre,
2569 4301 2629 4348 ut
2678 4287 2926 4380 profecto
2955 4273 3374 4380 j‘uxta_idnquod

1785 4418 1817 4458 a
1847 4367 2018 4457 nobis
2047 4405 2307 4453 statutum
2353 4400 2457 4455 est,
2488 4387 2675 4444 eadem
2715 4375 3079 4458 venerabilem
3107 4370 3166 4428 S.
3203 4367 3376 4424 Bene-

1787 4489 2135 4548 ventanensis
2175 4483 2416 4542 Ecclesia
2470 4465 2777 4550 apostOlicis
2821 4465 3129 4528 constitutis
3155 4503 3171 4531 ,
3214 4469 3375 4532 atque

1790 4582 2086 4658 privilegiis
2107 4578 2410 4635 consistens
2443 4559 2656 4636 ornata,
2685 4569 3004 4624 inconcusse
3039 4559 3221 4658 dotata

1782 4642 2030 4741 ,rnaneat.
2059 4673 2118 4730 Si
2145 4672 2266 4744 quis
2293 4677 2473 4743 autem
2521 4663 2686 4737 (quod
2715 4675 2823 4717 non
2850 4649 3122 4748 optamus)

1794 4735 1926 4827 ausu
1954 4769 2071 4824 ιιωο
2097 4735 2218 4836 quin
2242 4778 2272 4818 a
2298 4735 2549 4817 nobis'ad
2577 4755 2789 4810 laudem
2837 4745 2932 4804 Dei
2958 4757 3057 4816 pro
3083 4735 3382 4836 stabilitate

88 4854 203 4903 tam
239 4844 528 4900 decimam.
569 4842 715 4898 Bene
742 4842 938 4898 valete.
979 4840 1173 4897 Datum
1216 4858 1250 4898 v
1295 4842 1418 4897 ldus
1446 4840 1689 4898 Januarii
1787 4863 1901 4936 iam
1931 4863 2088 4920 diem
2115 4826 2374 4914 Ecclesiae
2400 4850 2795 4923 Beneventanaa
2819 4845 3021 4936 statuta
3046 4839 3185 4936 sunt
3212 4826 3386 4936 refra-

90 4953 186 5009 per
212 4951 435 4991 manum
467 4933 681 4989 Martini
718 4935 954 5006 episc0pi
977 4942 1032 4989 ct
1059 4944 1261 4991 sancta:
1289 4932 1433 4989 sedis
1474 4941 1692 5004 aposto-
1787 4922 1946 5030 μηδ’
1979 4959 2075 5009 θυι
2116 4951 2171 5006 in
2202 4958 2478 5023 quoquam
2509 4936 2834 5011 transgredi,
2883 4928 2998 5030 Sive
3043 4922 3265 5028 (iuncus
3291 4922 3385 5030 sit:

91 5029 207 5111 liene
230 5025 648 5096 bibliotliecarii,
681 5040 824 5081 anno
855 5025 1203 5098 pontiﬁcatus
1233 5023 1436 5082 domini
1465 5023 1694 5082 Joannis
1795 5015 1893 5109 ξω
1933 5015 2254 5120 ξιυίεωημιὲ
2303 5015 2442 5095 alter
2490 5037 2651 5092 homo
2681 5032 2772 5105 qui
2821 5017 3241 5120 dominationem
3298 5015 3394 5067 aut

94 5106 288 5177 summi
325 5115 597 5190 pontiﬁcis
629 5124 684 5170 et
718 5115 1038 5173 universalis
1085 5115 1386 5174 duodecimi
1434 5129 1587 5187 papte
1629 5117 1686 5205 in
1791 5103 2082 5216 ᾖξίέηείυω
2109 5103 2318 5192 bibere
2348 5125 2602 5190 voluerit,
2630 5103 2730 5194 per
2775 5134 2835 5176 se
3163 5103 3398 5216 alterum

353 5211 455 5232 ξ.-ΑΑ
482 5207 604 5232 ΑΑσ³Α
633 5207 774 5232 ιιλαιε
805 5209 944 5232 hac“!
978 5209 1198 5232 Ακλλιαιξ
1230 5208 1418 5232 --.κίε-ειη

3065 5197 3182 5232 cina
3209 5192 3404 5232 vni-In—

1507 5223 1679 5232 ἰιι-...ιιι

2748 5230 2756 5231 ,
2795 5201 3033 5232 --.Jnc=:c
