3964 5356
462 165 603 227 1019

1767 163 1884 221 1οΑ
1895 164 2051 221 N.\‘lS
2088 163 2291 222 ΡΑΡῶ
2335 166 2427 224 ΧΠ

3605 172 3733 233 ιω

463 281 531 337 ad
561 278 763 337 cultum
794 278 888 337 Dei
938 279 1234 353 respiciens
1256 324 1272 349 ,
1317 279 1709 337 benedictionis
1754 281 1983 353 gratiam
2011 297 2041 336 a
2071 282 2122 343 A
2148 279 2306 336 dente
2333 280 2522 337 eodem
2566 295 2777 339 summo
2822 282 3079 355 pontillce
3119 282 3175 339 in
3222 283 3414 349 eodem
3442 287 3735 347 venerabili

465 374 973 431 misericondlssimo
1016 373 1250 431 Domino
1297 373 1407 428 Deo
1455 383 1640 428 nostro
1687 373 2051 443 multipliciter

463 472 868 534 corisequatur,
915 473 971 521 et
1004 464 1129 527 vita:
1172 472 1399 521 ceterum
1441 464 1714 536 particeps
1757 462 1892 520 efﬁci
1938 478 2052 520 me-

466 569 556 611 rea
566 562 675 611 llﬂ'.

536 648 814 721 Scriptum
841 665 941 721 per
981 665 1200 707 manum
1244 649 1443 709 Leonis
1487 650 1758 706 scriniarii
1803 647 1861 706 S.
1889 648 1956 704 R.
1985 647 2049 705 E.

466 741 520 797 iu
549 757 735 801 mense
757 743 1039 801 Decembri
1069 744 1252 800 indict.
1286 760 1375 800 xv.
1403 741 1547 799 Bene
1573 744 1767 799 valete.
1888 728 1891 731 λ

549 836 671 893 Dat.
704 851 841 892 xvnt
889 834 1011 891 Kal.
1038 834 1285 892 Januarii
1332 850 1429 907 per
1473 850 1691 891 manum
1719 833 1913 889 Marini
1943 832 2057 905 epi-

469 932 661 1005 scopi,
708 939 769 986 et
811 943 1037 986 summa
1083 927 1230 985 sedis
1273 929 1582 1001 apostolicae
1630 927 2054 994 bibliothecarii,

470 1023 700 1082 Domine
723 1020 961 1094 prepltlo
1011 1019 1357 1090 pontiﬁcatus
1403 1019 1602 1075 domini
1636 1020 1805 1075 nostri
1834 1017 2059 1075 Joannis

469 1112 665 1169 summi
690 1108 963 1183 pontiﬁcis
988 1116 1044 1163 et
1072 1108 1391 1171 universalis
1419 1109 1512 1164 Xll
1541 1124 1695 1181 papae
1726 1109 1777 1164 in
1809 1108 2058 1165 sacratis-

470 1204 609 1260 sima
636 1218 699 1260 se
721 1203 789 1259 de
809 1202 953 1259 beati
980 1202 1125 1259 Petri
1151 1201 1379 1274 apostoli
1410 1217 1461 1257 ιι
1482 1243 1497 1271 ,
1546 1215 1732 1259 mense
1771 1209 1827 1256 et
1871 1200 2057 1272 indict.

472 1296 840 1370 suprascripta
866 1310 937 1352 xv
967 1294 1137 1368 (555).

1238 1383 1308 1442 γ.

470 1476 691 1557 JOANNIS‘
734 1512 812 1557 ιιι
861 1510 1122 1556 EPISTOLA
1176 1511 1245 1550 AD
1291 1511 1563 1557 HE‘NRICUM
1607 1510 2063 1555 ARCHIEPISCOPUX

1077 1582 1468 1628 TRBVIRENSEI.

832 1657 1248 1730 Fragmentum.
1267 1689 1340 1699 --
1360 1658 1538 1730 (Anno
1557 1658 1709 1731 957.)

891 1750 985 1806 Illi
1013 1750 1163 1822 pallii
1191 1766 1345 1805 usum
1373 1753 1633 1808 concedit.
1710 1756 1713 1761 ’

475 1838 659 1918 [Apud
702 1839 967 1905 Gunther.
1000 1838 1134 1897 Cod.
1178 1838 1396 1913 diplom.
1421 1839 1834 1898 Rhein-Mosen.
1856 1838 2067 1917 1,127.]

545 1956 779 2013 Joannes
809 1955 1111 2027 episcopus,
1142 1969 1330 2010 servus
1360 1968 1640 2011 servorum
1667 1957 1778 2023 Dei,
1817 1971 2070 2013 reveren~

479 2046 691 2105 tlssimo
721 2056 777 2102 et
824 2045 1147 2102 charissima
1199 2043 1351 2100 fratri
1384 2045 1622 2101 ENRlCllO
1650 2054 1851 2103 sancta:
1881 2045 2069 2127 Trevlf

478 2140 654 2197 tensis
698 2138 956 2205 Ecclesia:
1016 2138 1427 2209 archiepiscopo
1482 2140 1608 2195 vitm
1665 2149 1770 2195 tute
1835 2148 2071 2196 tantum-

478 2231 706 2287 modo...
740 2230 930 2286 Datum
960 2230 1134 2302 pridie
1165 2230 1245 2285 ld.
1271 2229 1433 2287 Febr.
1468 2247 1568 2302 per
1599 2249 1818 2290 manum
1845 2233 2072 2290 Joannis

480 2321 877 2379 bibliotltecarli
908 2333 1108 2378 sanctm
1135 2322 1281 2376 sedis
1309 2324 1618 2394 apostolicae
1643 2336 1782 2381 anno
1813 2326 1920 2381 Deo
1947 2341 2075 2398 pro-

479 2412 616 2483 pitio
646 2414 999 2483 pontificatus
1025 2414 1208 2469 domnl
1238 2412 1462 2471 Joannis
1492 2418 1686 2472 summi
1719 2417 1994 2489 pontiﬁcis
2019 2423 2074 2475 et

481 2507 808 2565 universalis
855 2508 950 2565 ΧΗ
999 2520 1191 2585 papae,
1241 2515 1293 2569 in
1345 2514 1712 2571 Sthl‘aliSsillltl
1759 2514 1885 2570 sedc
1930 2512 2075 2569 beati

483 2595 633 2657 Petri
692 2603 920 2674 apostoli
1173 2608 1371 2664 domno
1420 2607 1778 2679 piissimo.....
1836 2607 2077 2679 Augusto

486 2686 686 2750 Ottone
734 2707 768 2751 a
813 2694 925 2751 Deo
971 2707 1264 2765 coronato,
1314 2714 1508 2771 magno
1556 2699 1883 2770 imperatore
1937 2713 2078 2775 anno

484 2785 686 2860 primo,
713 2785 768 2843 in
798 2804 985 2847 mense
1020 2791 1340 2862 Februario,
1374 2792 1670 2850 indictione
1700 2808 1750 2849 v.

1233 2906 1321 2966 VI.

968 3038 1138 3079 BBEVE
1171 3038 1617 3083 RECOBDA'I‘IONII.

489 3107 735 3188 Qualiter
754 3111 991 3188 Joannes
1016 3113 1134 3175 XII
1163 3132 1300 3187 papa
1324 3114 1689 3188 subiacens”,
1710 3117 1800 3188 qui
1822 3116 2080 3188 refracta—

563 3184 631 3260 r_:ii
652 3193 801 3240 erant
827 3185 1001 3240 abbati
1028 3184 1336 3260 monasterii
1362 3184 1892 3260 Sublacensis,'eique
1912 3186 2079 3260 multo

492 3322 497 3335 π
542 3250 697 3309 .boaa
716 3265 1057 3328 occuparant,
1095 3257 1335 3330 repressit
1364 3266 1411 3314 et
1448 3260 1622 3314 omnia
1662 3250 2083 3315 restituerecoe-

561 3326 656 3383 ρει.
684 3338 824 3382 anno
854 3325 980 3383 958.
1640 3345 1647 3351 ‘

560 3338 656 3397 git,
684 3338 824 3382 anno
854 3338 980 3383 958.
1640 3345 1647 3351 ‘

711 3419 888 3497 [Apud
921 3419 1206 3488 Muramrl,
1237 3422 1413 3494 Antiq.
1443 3421 1569 3477 Ital.
1598 3421 1686 3495 Vl,
1714 3419 1866 3495 205.]

560 3508 723 3568 Anno
769 3511 1018 3585 (fortasse
1047 3513 1222 3583 tertio)
1273 3513 1456 3568 donmi
1503 3511 1728 3569 Joannis
1774 3526 1928 3585 papae
1963 3511 2080 3580 XII,

490 3618 681 3685 mense
725 3605 908 3673 Malo,
973 3606 1161 3663 indict.
1220 3607 1415 3678 prima.
1466 3606 1599 3674 Quia
1644 3621 1796 3663 mens
1845 3608 2082 3663 humana

493 3711 712 3769 semper
763 3698 821 3754 in
869 3698 1146 3756 laboribus
1191 3713 1313 3755 esse
1359 3700 1732 3770 dignoscitur,
1771 3709 1827 3756 et
1871 3700 2083 3757 animus

491 3789 919 3863 uniuscujusque
948 3808 1046 3864 pro
1073 3792 1304 3848 diversis
1325 3792 1474 3849 curis
1504 3808 1597 3849 seu
1629 3793 2083 3850 sollicitudinibus

490 3876 600 3937 huc
642 3887 805 3951 atque
833 3880 960 3937 illuc
1002 3883 1248 3955 vagando
1280 3883 1558 3951 discurrit,
1600 3900 1700 3940 nec
1734 3885 1873 3941 valet
1902 3882 2083 3941 omnia

492 3966 767 4042 esplicare
791 3984 1060 4038 sermone,
1092 3986 1194 4029 nec
1225 3971 1404 4030 futura
1436 3983 1633 4031 tenere
1662 3974 1953 4030 memoria:
2004 3973 2085 4029 id-

493 4060 640 4118 circo
667 4062 762 4125 Dei
792 4073 922 4121 nutu
954 4081 984 4121 a
1009 4066 1450 4138 prudentissimis
1477 4067 1608 4124 viris
1635 4067 1906 4139 ingenium
1934 4067 2084 4124 litte-

494 4165 679 4209 rarum
707 4165 981 4226 repertum
1009 4167 1113 4224 est,
1147 4167 1206 4214 ut
1243 4159 1388 4230 quod
1422 4167 1602 4215 mente
1630 4161 1863 4215 retinere
1896 4159 2085 4230 nequi-

494 4257 638 4309 mus,
676 4243 876 4302 litteris
928 4256 1234 4304 exaremus.
1287 4248 1579 4321 Propterea
1631 4265 1732 4323 ego
1771 4249 1881 4307 Leo
1918 4250 2085 4308 abbas

491 4334 669 4391 sancti
696 4335 971 4391 Benedicti
1015 4337 1380 4407 Su‘blacensis,
1414 4340 1647 4411 qualiter
1677 4342 1904 4398 domnus
1944 4356 2084 4414 papa

493 4422 550 4481 in
581 4433 770 4480 nostro
796 4426 1128 4483 monasterio
1154 4443 1313 4485 causa
1344 4431 1613 4486 orationis
1630 4433 1888 4498 venisset,
1916 4433 2080 4489 recla-

495 4515 762 4571 mavimus
806 4531 972 4592 super
1000 4517 1252 4574 omnibus
1294 4520 1347 4573 in
1387 4522 1698 4593 supradicto
1735 4521 1968 4578 Sublaco
1995 4538 2086 4579 ca»

490 4593 673 4673 'stello,
694 4608 840 4689 etin
870 4610 1073 4669 nostris
1103 4607 1224 4667 aliis
1248 4610 1495 4682 partibus
1524 4614 1987 4670 commorantibus
2015 4614 2084 4689 de

497 4698 682 4761 multis
734 4702 1207 4777 persecutionibus
1252 4717 1348 4760 seu
1406 4701 1787 4760 adiit-tionibus
1838 4721 1975 4776 quas
2027 4706 2084 4761 in

497 4802 686 4854 nostro
712 4796 1046 4854 monasterio
1083 4795 1301 4852 assidue
1350 4795 1782 4852 committebant.
1820 4797 1971 4853 Unde
1999 4812 2088 4853 re-

498 4882 659 4961 pente
681 4886 912 4945 domnus
934 4903 1070 4959 papa
1094 4888 1293 4961 pietate
1324 4899 1502 4944 motus
1525 4904 1588 4944 ac
1614 4882 1982 4946 misericordia
2014 4890 2081 4947 de

496 4977 691 5037 nollem
719 4979 1018 5039 venerabili
1049 4980 1187 5049 loco,
1220 4991 1277 5038 et
1303 4980 1371 5037 de
1406 4990 1601 5036 cuncta
1628 4992 1811 5037 nostra
1843 4983 2080 5039 fraterna

502 5071 921 5141 congregatione
946 5074 1231 5132 condolerc
1257 5076 1438 5145 carpit,
1473 5074 1648 5146 deque
1678 5077 1840 5131 tantis
1871 5075 2084 5145 injuriis

497 5163 642 5232 quas
661 5166 805 5234 passi
838 5182 1023 5224 sumus
1049 5184 1079 5224 a
1124 5169 1335 5234 diebus,
1374 5169 1427 5223 in
1458 5169 1655 5239 quibus
1691 5170 1847 5223 bona:
1877 5183 2083 5225 memo-

498 5253 598 5340 τίω
627 5258 855 5317 domnus
878 5260 1158 5318 Albericus
1179 5262 1313 5319 obiit
1342 5262 1408 5318 de
1440 5263 1540 5319 bac
1566 5261 1695 5317 vita.
1748 5258 1903 5315 Tunc
1948 5261 2086 5319 resi-

2150 371 2478 428 monasterlo
2519 388 2640 437 cum
2686 373 3083 429 venerabilibus
3123 373 3434 446 episcopis,
3490 375 3738 433 videlicet

2150 465 2390 522 Marinus
2429 465 2859 523 Polimartiensis
2887 466 3159 533 Ecclesiae,
3205 477 3259 522 et
3290 466 3740 527 bibliotltecarins

2152 571 2355 618 sanctae
2413 561 2559 617 sedis
2611 561 2958 632 apostolicae,
3009 560 3401 618 Constantinus
3456 562 3744 633 episcopus

2151 653 2466 710 Portucusis
2490 695 2505 719 ,
2555 652 2793 709 Joannes
2838 652 3059 709 humilis
3104 653 3394 724 episcopus
3419 660 3632 709 sancta
3659 651 3748 731 Τίέ

2153 745 2383 802 burtintc
2411 745 2664 802 Ecclesim
2692 786 2706 812 ,
2746 761 2841 807 seu
2876 744 3237 800 Romanorum
3259 745 3540 816 judicibus
3578 743 3747 825 Georg

2157 838 2275 911 gius
2313 838 2719 895 secundicerius
2764 847 2966 894 sanctte
3016 837 3274 893 Romamn
3319 836 3606 902 Ecclesiae,
3640 835 3747 893 Leo

2156 930 2630 1001 protoscriuiarius
2663 940 2865 988 sanctae
2895 927 3039 984 sedis
3065 927 3378 999 apostolicae
3412 936 3473 982 et
3510 926 3603 981 alii
3634 926 3748 997 plu-

2158 1020 2302 1076 rimi.
2333 1020 2399 1076 Et
2423 1020 2501 1075 sic
2523 1021 2777 1091 praecepit
2800 1032 2858 1075 ut
2906 1034 3094 1075 omnes
3122 1019 3419 1075 adversarii
3445 1026 3575 1073 ante
3594 1034 3748 1075 suain

2158 1114 2503 1185 prcesentiam
2529 1113 2796 1169 venirent.
2830 1111 2929 1181 Qui
2957 1112 3084 1166 dum
3114 1121 3239 1168 ante
3265 1111 3529 1167 domnum
3555 1124 3749 1181 papam

2129 1191 2267 1261 Iuna
2305 1206 2586 1262 nobiscum
2616 1203 2863 1260 venirent
2887 1245 2904 1270 ,
2950 1202 3171 1259 coerciti
3224 1209 3353 1259 sunt
3396 1200 3661 1267 nimium;
3698 1208 3752 1255 et

2164 1302 2292 1361 fecit
2327 1310 2386 1355 ut
2415 1300 2595 1357 omnia
2623 1300 2765 1355 bona
2799 1306 2853 1353 et
2897 1296 3096 1352 casalia
3140 1304 3195 1352 et
3234 1293 3488 1359 fundata,
3526 1308 3647 1363 qua
3680 1292 3753 1353 ibi

2164 1392 2472 1464 singulatim
2523 1397 2892 1446 memorantur
2919 1429 2934 1454 ,
2986 1378 3322 1444 monasterio
3376 1383 3750 1439 redderentur.

2166 1481 2233 1539 Et
2263 1482 2519 1555 prtecepit
2543 1480 2726 1537 abbati
2779 1486 2837 1534 ut
2886 1478 2951 1534 dc
2987 1478 3090 1534 boc
3118 1476 3335 1547 negotio
3364 1476 3539 1531 breve
3574 1487 3750 1529 recor-

2171 1575 2403 1633 dationis
2450 1572 2673 1639 faciens,
2716 1588 2747 1628 a
2777 1570 3100 1644 supradiCtis
3134 1569 3270 1627 viris
3318 1577 3375 1624 et
3421 1568 3546 1623 aliis
3582 1563 3755 1637 dignis

2092 1654 2300 1729 Bviris
2338 1664 2680 1723 subscribere
2733 1663 2801 1719 ad
2864 1662 2941 1720 rei
2998 1660 3386 1735 sempiternam
3438 1655 3755 1719 memoriam

2168 1758 2393 1815 faceret.

2176 1836 2181 1841 ‘
2322 1852 2327 1857 ο
2902 1820 3012 1879 VII.

2276 1957 2444 2001 BULLA
2477 1918 2692 1997 JOANNlS
2730 1954 2876 1994 ΡΑΡΑΞ
2917 1953 2991 1993 ΧΠ
3033 1951 3099 1992 ΑΙ)
3139 1948 3349 1993 ιεοεειι
3386 1945 3657 1990 ΔΒΕΔΤΕΙ.

2774 2054 2958 2125 (Auno
3002 2049 3153 2121 958.)

2244 2147 2610 2206 Subblacensis
2651 2143 2959 2203 monasterii
2987 2143 3121 2198 bona
3150 2151 3197 2197 et
3212 2141 3346 2213 jura
3386 2138 3693 2208 conﬁrmat.
3784 2142 3789 2145 '

2394 2234 2570 2338 [apud
2591 2259 2880 2329 Murateri,
2902 2257 3079 2329 Antig.
3111 2255 3242 2313 Ital.
3272 2255 3340 2311 v.
3361 2251 3521 2322 tot].

2243 2396 2473 2454 Joannes
2516 2394 2819 2468 epise0pus,
2868 2372 3055 2447 servus
3106 2401 3389 2445 servorum
3448 2383 3573 2449 Dei,
3604 2380 3776 2469 Leuat

2176 2490 2471 2549 venerabili
2512 2489 2830 2560 presbytero
2858 2500 2922 2540 ac
2948 2481 3213 2538 monacho
3249 2489 3417 2551 atque
3455 2475 3649 2531 abbati
3688 2488 3778 2529 ve-

2178 2583 2436 2642 nerabilis
2451 2580 2763 2636 monasterii
2788 2575 2956 2632 sancti
2985 2571 3260 2629 Benedicti
3292 2579 3350 2626 et
3372 2576 3583 2623 sanctae
3605 2564 3780 2620 Seba.

2178 2677 2403 2743 lasticac,
2438 2673 2580 2746 quod
2635 2671 2851 2742 ponitur
2899 2669 2952 2723 in
3015 2664 3270 2730 Sublaco,
3325 2668 3631 2729 sancteque
3672 2668 3780 2712 sua

2181 2764 2608 2841 congregationi,
2657 2759 3169 2831 succcssoribusquc
3226 2755 3432 2814 vestris
3476 2753 3535 2810 in
3589 2763 3781 2824 ρει-ρετ

2211 2879 2355 2920 unm.
2534 2914 2539 2919 .

2211 2879 2355 2920 unm.
2534 2914 2539 2919 .

2187 2874 2203 2923 1
2257 2958 2392 3015 Cum
2438 2955 2540 3028 pice
2571 2946 2899 3009 desiderium
2951 2943 3243 3002 voluntatis
3284 2949 3342 2997 et
3372 2938 3668 3019 laudandae

2107 3021 2153 3086 ρ
2182 3021 2687 3112 votionis‘intemid
2719 3040 3029 3116 apostolicis
3069 3039 3179 3094 sint
3219 3051 3442 3108 semper
3469 3033 3541 3089 de
3574 3032 3660 3089 bis
3693 3027 3781 3100 ad-

2176 3142 2451 3217 juvandis,
2488 3153 2722 3213 quorum
2748 3142 2849 3217 est
2884 3129 3186 3189 sollicitudo
3244 3123 3584 3217 adjuvanda,
3614 3132 3676 3177 ut

2181 3211 2565 3311 quaclegaliter
2591 3211 2872 3303 geruntur,
2909 3222 3165 3296 mQuitate
3212 3229 3271 3276 et
3309 3216 3587 3311 ﬁrmitate
3608 3211 3778 3311 φιλεῖς

2182 3302 2351 3395 stant,
2377 3302 2440 3381 et
2467 3321 2613 3379 nulla
2646 3321 2864 3375 valeant
2915 3313 3283 3386 rel'ragalione
3321 3308 3670 3384 perturbari,
3693 3302 3779 3364 sed

2184 3406 2545 3494 irrelragabili
2572 3414 2696 3488 jure
2740 3424 2903 3485 atque
2954 3409 3280 3468 auctoritate
3312 3406 3561 3461 debeant
3585 3414 3778 3474 pem

2181 3510 2446 3582 nere;ob
2489 3510 2593 3566 hoc
2642 3503 2955 3579 apostolicis
3002 3496 3365 3575 promulgatis
3410 3494 3777 3565 sanctionibus

2180 3600 2400 3681 propria
2432 3600 2747 3671 unicuique,
2792 3612 2911 3668 qua:
2936 3592 3130 3651 rationi
3160 3595 3487 3681 suppetunt,
3512 3585 3601 3642 fas
3626 3582 3778 3654 exigit

2180 3686 2501 3771 possidenda
2557 3689 2892 3749 conﬁrmari.
2953 3687 3019 3745 Et
3067 3684 3209 3769 ideo,
3262 3679 3533 3771 quoniam
3579 3683 3778 3771 constet

2183 3766 2526 3847 sanctitatem
2555 3793 2792 3840 vestram
2816 3779 3047 3853 plurima
3093 3766 3419 3833 sanctorum
3452 3770 3578 3829 loca
3601 3766 3774 3839 at:un

2184 3880 2341 3945 sisse,
2368 3888 2422 3935 et
2445 3886 2639 3934 cuncta
2675 3876 2729 3933 in
2777 3874 2984 3931 honore
3006 3879 3060 3926 et
3087 3867 3347 3932 utilitate,
3389 3864 3677 3935 vestrique
3698 3873 3777 3913 ve-

2183 3968 2447 4027 nerabilis
2479 3964 2792 4023 monasterii
2816 3958 2942 4034 jure
2975 3971 3031 4017 et
3067 3959 3272 4033 ditione
3300 3957 3617 4029 pertinere,
3638 3948 3773 4014 etdb

2182 4060 2369 4117 verSos
2400 4074 2559 4131 agros
2591 4073 2698 4112 una
2728 4040 2851 4113 cum
2888 4051 3129 4110 castellis
3164 4059 3219 4105 et
3234 4045 3776 4121 possessionibuset

2185 4149 2508 4206 famulorum
2539 4146 2906 4210 multitudine,
2925 4140 3181 4199 videmini
3205 4140 3444 4206 habere;
3464 4153 3590 4210 qua:
3610 4131 3773 4192 omnia

2185 4242 2286 4298 sub
2316 4250 2420 4295 tua:
2450 4237 2773 4297 reverentim
2818 4234 3043 4300 ditione,
3073 4240 3391 4302 sanctasque
3414 4237 3526 4283 tua:
3560 4237 3773 4297 congre-

2190 4333 2444 4405 gationis,
2488 4344 2972 4399 successorumque
2999 4334 3308 4383 vestrorum
3359 4336 3652 4379 servorum
3687 4318 3775 4372 llo-

2118 4385 2165 4453 D
2191 4427 2344 4493 mini,
2375 4426 2427 4481 in
2458 4432 2774 4495 perpetuum
2805 4421 2996 4477 eadem
3038 4419 3153 4474 loca
3182 4414 3526 4473 venerabilia
3550 4423 3606 4468 et
3631 4421 3775 4495 agros

2191 4530 2285 4571 seu
2316 4493 2525 4571 massas
2555 4493 2609 4566 ct
2655 4508 3048 4581 possessiones,
3073 4518 3195 4569 cum
3225 4502 3487 4559 omnibus
3511 4493 3776 4571 originali-

2190 4606 2292 4663 bus
2316 4604 2539 4662 famulis
2584 4603 2782 4679 ibidem
2814 4599 3180 4664 manentibus,
3216 4611 3343 4655 cum
3374 4594 3590 4651 colonis
3612 4601 3665 4646 et
3691 4604 3772 4645 re-

2193 4698 2443 4765 lbnabus,
2468 4696 2550 4754 vel
2569 4696 2839 4751 universis
2864 4693 2991 4749 inibi
3025 4691 3451 4763 pertinentibus,
3479 4683 3770 4759 apostolica

2192 4789 2339 4847 sedis
2391 4788 2690 4861 privilegiis
2742 4785 3039 4859 poposcitis
3098 4781 3416 4838 conﬁrmari
3473 4775 3769 4834 detinenda.

2194 4885 2415 4942 Scilicet
2440 4881 2720 4939 castellum
2754 4881 2811 4936 in
2840 4879 3127 4951 integrum,
3160 4874 3305 4945 quod
3334 4885 3564 4929 vocatur
3589 4868 3773 4925 Subla-

2193 4956 2292 5045 co,
2312 4980 2427 5034 sive
2452 4976 2649 5048 quibus
2675 4973 2795 5029 aliis
2823 4961 3097 5028 vocabulis
3129 4977 3501 5038 nuncupatur,
3532 4981 3637 5019 una
3659 4977 3771 5017 cum

2190 5071 2444 5127 omnibus
2486 5067 2703 5129 linibus,
2735 5063 2996 5127 terminis,
3031 5058 3409 5128 limitibusqne
3430 5056 3569 5119 suis,
3602 5051 3772 5115 terris,

2193 5161 2357 5228 casis,
2389 5152 2587 5223 vinciet,
2643 5154 2874 5224 campis,
2920 5151 3107 5224 pratis,
3146 5148 3388 5219 pascuis,
3420 5146 3590 5208 silvis,
3649 5141 3779 5198 sulc-

2195 5254 2316 5321 ctis,
2342 5250 2631 5321 arboribus
2666 5243 2966 5320 pomiferis,
2999 5240 3293 5299 fructiferis
3320 5239 3524 5295 diversi
3550 5234 3775 5310 generis,
