3964 5356
117 151 226 211 1021

113 365 236 430 linis,
265 366 504 436 attiguis,
533 368 823 439 adjunetis,
842 372 1318 449 adiacentibusque
1365 383 1500 450 suis,
1531 385 1645 440 cul-

112 464 203 512 tum
230 465 279 511 et
305 457 587 525 incultum,
617 477 842 519 vacuum
898 475 953 522 ct
1005 467 1244 538 plenum,
1271 488 1376 530 una
1405 491 1528 533 cum
1563 493 1655 534 co-

107 550 226 606 .onis
257 560 307 606 et
328 553 626 612 colonabus
645 557 930 630 utriusque
949 576 1110 619 sexus
1134 564 1210 621 illi
1232 569 1650 639 pertinentibus,

105 642 341 712 simulque
384 659 507 703 cunt
560 646 897 718 glaudaticis,
948 654 1263 724 lierbaticis,
1301 659 1385 714 vel
1414 662 1654 732 qualibet

103 734 188 787 alia
213 735 438 802 (latione,
470 752 590 807 quae
633 739 701 795 ad
732 743 939 797 castelli
983 745 1073 812 jus
1097 743 1355 818 pertinet,
1380 761 1435 808 et
1456 763 1652 812 nostrae

101 832 279 879 sancta:
321 824 580 882 Romamn
626 828 882 887 Ecclesia:
907 835 1082 895 ζεοιίιί
1144 850 1270 896 sunt
1317 844 1648 911 persolvere.

97 914 209 969 lllud
236 917 378 974 vobis
404 917 636 989 pleniter
661 935 783 977 cum
823 927 1074 984 omnibus
1101 930 1216 987 suis
1261 932 1461 1004 ubique
1484 937 1651 1005 perti-

96 1008 273 1063 nentiis
293 1017 345 1066 ct
400 1011 720 1081 adjacentiis
760 1021 1154 1088 perpetualiter
1177 1026 1245 1080 ad
1274 1041 1432 1083 usum
1455 1036 1510 1083 et
1539 1030 1648 1085 uti-

93 1096 277 1153 litatem
299 1103 469 1158 sancti
494 1102 770 1162 Benedicti
795 1110 1028 1166 cmnobii
1045 1114 1453 1183 conﬁrmamus,
1471 1130 1527 1176 et
1555 1136 1648 1178 ro-

90 1188 382 1249 borabiliter
434 1196 736 1273 stabilimus
790 1202 1134 1262 detinendum
1187 1210 1304 1265 sine
1344 1212 1525 1283 aliqua
1553 1216 1647 1271 da-

89 1281 240 1350 tione,
272 1299 372 1339 una
405 1301 526 1345 cum
552 1287 796 1359 ﬂumine,
847 1295 986 1351 sicut
1011 1298 1203 1370 incipit
1227 1316 1258 1355 a
1286 1281 1451 1360 Petra
1477 1306 1648 1377 impe:

86 1376 268 1431 ratoris
298 1386 442 1434 recte
477 1380 528 1435 in
551 1391 716 1453 ponte
738 1383 1014 1445 Tcrraneo
1035 1405 1132 1460 per
1150 1408 1318 1451 venas
1346 1376 1645 1458 incedendo

84 1480 239 1536 usque
265 1467 316 1523 in
356 1468 551 1538 lacum,
600 1475 693 1544 qui
742 1486 827 1533 est
871 1480 971 1536 sub
1000 1481 1118 1552 ipso
1159 1488 1489 1545 monasterio
1518 1505 1643 1547 cum

82 1557 351 1628 aquimolis
377 1561 513 1628 suis,
541 1572 596 1619 ct
625 1565 819 1623 deinde
852 1579 1000 1627 recte
1031 1572 1089 1628 in
1121 1573 1355 1632 Silicella
1382 1587 1438 1634 ct
1499 1579 1644 1637 Sali-

1193 162 1551 226 EPISTOLIE
1592 170 1679 227 ET
1718 170 2145 229 PRIVILEGIA.’

794 228 817 250 ἣ
932 230 938 237 .

113 272 285 343 puteis,
312 260 569 342 fontibus,
591 262 724 333 rivis
761 267 899 348 aque
926 283 1186 351 perennis
1236 286 1445 343 aedilicii
1479 289 1656 359 parie-
1684 296 1733 355 Α
1759 292 2079 360 Bulturella,
2107 303 2161 350 et
2186 302 2330 354 recte
2349 311 2448 371 per
2470 307 2657 358 sancta
2680 277 2858 358 Maria
2891 301 3252 363 descendente
3289 307 3343 368 in

1692 425 1704 456 η
1763 383 2013 441 Piscano.
2045 384 2258 441 Etcum
2289 390 2540 446 omnibus
2563 392 2630 445 ad
2655 394 3077 465 suprascriptam
3107 411 3342 457 massam

1758 475 1817 531 in
1841 477 2107 549 integrum
2148 480 2560 549 pertinentibus.
2607 483 2781 539 Simili
2812 464 2969 542 modo
2996 486 3219 544 fundum
3241 489 3317 548 Ca

1762 567 1966 626 liscano
1992 571 2045 625 in
2071 571 2339 642 integrum
2370 589 2490 629 cum
2518 576 2746 632 ecclesia
2783 578 2956 634 sancti
2994 578 3163 638 Petri.

1700 660 1723 710 ξ’
1760 666 1781 723 ῖς
1830 662 2047 720 Necnon
2092 667 2479 722 monasterium
2526 679 2728 726 sanctae
2778 672 3029 732 Barbarae
3070 685 3125 732 et
3169 677 3340 736 sancti

3204 184 3344 253 1029

1757 754 2030 812 Anastasii
2086 773 2208 814 cum
2259 761 2550 818 corticellis
2577 765 2798 831 duabus,
2830 783 2936 824 una
2991 761 3120 825 ante
3158 786 3238 839 se,
3288 782 3340 833 et

1758 848 1862 904 alia
1888 858 2009 919 post
2041 866 2120 917 se,
2152 867 2273 907 cum
2294 855 2435 910 casis
2455 864 2510 910 ct
2535 854 2711 912 fundis
2733 868 2892 930 atque
2917 862 3185 919 casalibus
3205 865 3340 936 suis,

1757 954 1881 995 eum
1918 941 2170 997 omnibus
2191 943 2257 997 ad
2288 959 2382 999 cas
2410 946 2463 1000 in
2516 947 2781 1020 integrum
2807 952 3221 1021 pertinentibus,
3250 971 3341 1027 po.-

1758 1030 1921 1086 situm
1949 1030 2090 1088 intra
2117 1033 2335 1089 civitate
2368 1034 2682 1107 Tiburtina;
2718 1050 2877 1113 atque
2907 1044 3249 1104 medietatem
3272 1045 3340 1105 de

1755 1122 1982 1180 ecclesia
2022 1134 2223 1181 sanctae
2247 1126 2429 1182 Mariae
2460 1129 2529 1185 ibi
2562 1130 2615 1185 in
2664 1132 2810 1203 ipso,
2829 1150 2951 1191 cum
2980 1137 3146 1204 casis,
3166 1137 3340 1215 vincis

1753 1224 1807 1269 et
1842 1216 2004 1272 terris
2035 1224 2088 1273 ct
2112 1218 2361 1275 omnibus
2398 1222 2742 1291 pertinentiis
2787 1226 2900 1282 suis
2928 1235 3076 1284 trans
3101 1227 3339 1289 Tiberim

1747 1304 1900 1374 juxta
1922 1316 2139 1377 pontem
2168 1309 2549 1380 Marmorcum,
2604 1323 2765 1386 atque
2792 1315 3063 1373 clusuram
3098 1334 3260 1391 super
3278 1336 3342 1379 se

1753 1396 1807 1452 in
1833 1397 2100 1469 integrum
2149 1400 2214 1455 de
2244 1401 2422 1467 vinea,
2446 1418 2564 1473 qua:
2594 1405 2895 1476 appellatur
2922 1406 3069 1463 Valle
3114 1408 3340 1481 Arccse,

1752 1495 1807 1543 et
1827 1489 2095 1544 clusuram
2128 1507 2289 1562 super
2314 1508 2373 1550 se
2397 1495 2450 1549 in
2482 1496 2749 1569 integrum
2778 1499 3071 1571 vineatam,
3094 1516 3218 1558 cum
3251 1518 3343 1561 ar-

1750 1580 1976 1637 boribus
2001 1582 2286 1639 olivarum.
2316 1584 2384 1640 Et
2411 1588 2695 1644 ecclesiam
2728 1592 2902 1647 sancti
2932 1582 3257 1660 Sebastiani,
3284 1603 3342 1659 et

80 1659 207 1715 ceto,
235 1660 286 1735 et
313 1667 413 1724 per
466 1653 664 1722 locum,
699 1658 787 1715 ubi
823 1660 1047 1719 Mandra
1077 1675 1320 1736 vocatur,
1343 1686 1465 1727 eum
1492 1676 1648 1744 aqui-
1750 1674 2018 1730 modicam
2043 1676 2257 1732 vineam
2289 1688 2413 1733 ante
2462 1696 2521 1736 se
2570 1697 2690 1737 cum
2734 1684 2951 1755 oliveto,
2980 1696 3141 1758 atque
3163 1666 3342 1751 clusa;

78 1742 224 1798 molis
248 1744 443 1801 ibidem
486 1747 834 1819 habentibus,
866 1764 922 1810 et
944 1756 1138 1816 deinde
1181 1776 1279 1832 per
1310 1774 1529 1833 pontem
1544 1742 1647 1825 ξιο-
1706 1742 1709 1743 ν
1750 1780 1865 1819 ram
1896 1765 1963 1821 de
1988 1766 2167 1833 Vinea.
2217 1782 2337 1839 quae
2364 1771 2584 1840 POIlillll'
2611 1773 2800 1830 SUblUS
2826 1742 3098 1846 βοείθτιιίτι
3145 1776 3343 1838 Tibur-

75 1832 380 1890 scendentes
424 1834 477 1891 in
505 1848 696 1896 sancto
728 1842 959 1914 Angelo,
993 1848 1124 1904 item
1157 1850 1209 1906 in
1241 1832 1431 1911 sancto
1458 1856 1644 1928 Petro,
1748 1856 1861 1912 tina
1908 1856 2068 1927 juxta
2113 1832 2282 1926 silice,
2317 1863 2408 1932 qui
2441 1875 2664 1921 vocatur
2694 1832 2968 1937 Quadrati.
3001 1870 3126 1928 Pari
3176 1875 3340 1935 modo

71 1931 116 1977 et
143 1923 333 1979 deinde
389 1926 444 1982 in
493 1939 653 1999 prata
712 1933 777 1988 de
816 1933 1010 2003 Ajano.
1070 1938 1333 1999 Similiter
1383 1955 1442 2002 et
1484 1949 1646 2007 aliam
1748 1950 2055 2007 clausuram
2084 1953 2140 2008 in
2170 1954 2438 2025 integrum
2465 1962 2629 2029 super
2656 1976 2715 2017 se
2738 1962 2803 2017 de
2831 1963 3017 2031 vinea,
3041 1981 3161 2036 quae
3178 1981 3342 2024 voca-

69 2029 288 2084 δίιιιοω.
323 2032 443 2089 quae
480 2018 628 2077 Cona
674 2035 923 2093 vocat-ur,
969 2030 1075 2087 sita
1099 2031 1154 2088 in
1181 2034 1298 2104 ipso
1321 2034 1565 2110 ﬂumine,
1591 2050 1649 2101 et
1748 2049 1837 2097 tur
1857 2042 1991 2099 Ortu
2022 2042 2235 2116 Magno.
2269 2045 2518 2103 Fundum
2552 2049 2867 2122 Casaperta,
2905 2055 3246 2113 clusurcllam
3276 2058 3343 2139 de

69 2106 252 2139 ιιιιῖηιιη
294 2109 345 2139 ἕ..
398 2126 535 2139 ..ι-...ι
623 2130 736 2139 ...-....
768 2117 969 2139 n|__,_-o_
1013 2123 1046 2139 ιι
1077 2129 1085 2139 .
1257 2137 1263 2139 _
1782 2132 1795 2139 -

67 2106 253 2165 deinde
294 2109 347 2164 in
396 2126 560 2184 aqua,
619 2130 739 2185 qua:
766 2117 1085 2181 Flumicello'
1115 2137 1360 2197 vocatur,
1387 2147 1494 2189 una
1520 2106 1647 2192 cum

60 2200 312 2271 Augusti,
348 2213 403 2259 et
433 2206 636 2264 Bulliea
667 2218 829 2280 atque
876 2212 1111 2283 Timida,
1141 2233 1330 2277 omnes
1355 2222 1646 2284 decurren-

61 2298 136 2347 tes
173 2294 223 2348 in
254 2298 567 2367 supradicto
603 2298 790 2371 ﬂuvio,
827 2291 883 2360 et
914 2322 1086 2379 nstrae
1125 2311 1182 2366 in
1211 2315 1488 2379 territorio
1513 2334 1643 2376 san-

55 2383 125 2439 cti
150 2382 397 2454 Cosmzc;
429 2404 554 2444 cum
606 2392 742 2463 ripis
786 2404 842 2450 et
884 2397 1056 2471 plagis
1075 2404 1646 2479 omnibusprzenomi-

52 2475 194 2533 natis
212 2477 280 2534 ab
322 2486 551 2551 utraque
595 2494 749 2553 parte
793 2487 849 2542 in
892 2492 1160 2562 integrum
1207 2475 1640 2573 pertinentibus;

51 2581 171 2623 cum
201 2572 453 2629 omnibus
491 2574 597 2631 loci
642 2578 814 2651 ipsius
851 2587 1030 2656 aquis,
1073 2592 1163 2647 ubi
1205 2596 1462 2664 aquimoli
1511 2572 1641 2656 facti

51 2672 194 2731 sunt,
225 2674 280 2720 et
308 2666 490 2728 facere
514 2674 734 2742 poterit,
759 2677 874 2734 sive
902 2682 1211 2759 ubicunque
1241 2690 1420 2760 pisces
1445 2708 1642 2766 capere

51 2759 290 2826 potuerit
339 2760 392 2818 in
424 2763 551 2821 totis
602 2767 759 2838 aquis
808 2775 1157 2843 supradictis.
1190 2759 1408 2838 Necnon
1436 2759 1528 2841 et-
1551 2801 1645 2843 ec-

51 2850 268 2912 clesiam
302 2866 506 2913 sanctae
546 2858 849 2919 Felicitatis
883 2867 1002 2925 sine
1029 2869 1209 2942 aliqua
1240 2874 1460 2933 datione
1489 2881 1647 2937 vobis

51 2948 351 3023 vestrisque
399 2955 808 3013 successoribus
857 2963 1246 3032 perpetualiter
1291 2971 1641 3029 concedimus

51 3036 390 3099 letinendam
415 3043 470 3100 in
498 3061 655 3102 usum
682 3057 737 3105 et
766 3050 1026 3113 salarium
1056 3060 1429 3130 suprascripto
1455 3072 1639 3123 vestro

51 3133 341 3191 renerabili
389 3140 740 3196 monasterio.
788 3141 915 3199 Pari
955 3147 1192 3205 modoet
1229 3165 1488 3222 massam,
1520 3170 1644 3226 qua:

51 3234 270 3282 vocatur
288 3226 643 3298 Lubenzana,
666 3240 721 3289 et
739 3233 1112 3295 lntermarana
1140 3240 1196 3296 in
1212 3241 1483 3314 integrum
1514 3260 1647 3302 cum.

51 3314 220 3375 'undis
242 3328 301 3374 et
331 3321 638 3390 canalibus,
679 3331 733 3378 et
753 3326 1007 3383 omnibus
1035 3330 1315 3388 casalibus
1339 3333 1471 3396 suis,
1507 3336 1631 3390 ubi-

51 3422 261 3479 :unque
310 3409 379 3464 ad
424 3410 601 3482 ipsam
629 3428 870 3475 massam
910 3419 1348 3486 pertinentibus:
1392 3422 1645 3480 videlicet

51 3496 272 3554 nudum
324 3497 660 3571 Canterano,
708 3512 765 3559 et
817 3504 1451 3580 Marano,Seminarum,
1479 3523 1647 3585 atque

51 3589 283 3659 lricula,
312 3601 370 3650 et
393 3592 608 3661 Arsula,
636 3594 1038 3667 Bulsinianum,
1068 3601 1470 3672 Toecanellum,
1487 3605 1647 3663 Μαι-ε

52 3681 324 3750 atellam,
356 3682 598 3742 fundum
623 3685 940 3756 Paternum,
973 3690 1201 3751 fundum
1224 3695 1489 3767 Aprunio,
1516 3697 1645 3755 fun-

51 3772 166 3828 lum
196 3772 514 3847 Arpellum,
560 3775 785 3837 fundum
835 3778 1082 3852 Lenanu,
1120 3783 1346 3843 luridum
1395 3787 1639 3857 Tessinc,

54 3876 252 3926 rentes
276 3869 377 3941 qui
422 3878 693 3927 vocantur
717 3870 955 3941 Gemini,
982 3875 1376 3937 descendentes
1402 3879 1459 3937 in
1491 3879 1649 3938 Tret-

51 3975 175 4029 mo,
216 3970 413 4025 monte
465 3962 761 4031 Gordiano,
807 3965 1033 4025 fundum
1075 3969 1242 4029 Sassa
1288 3981 1345 4030 et
1389 3972 1528 4031 colle
1572 3974 1647 4032 de

51 4053 285 4126 'errari,
320 4065 381 4116 et
403 4058 870 4128 monasterellum,
898 4070 955 4118 et
980 4061 1147 4119 alium
1170 4066 1640 4135 monasterellum,

51 4149 296 4217 'iscano,
349 4159 408 4205 et
460 4147 741 4208 Coloniam
774 4149 930 4221 juxta
960 4163 1215 4211 sanetum
1245 4155 1524 4215 Valerium
1572 4173 1642 4216 ex

51 4238 254 4297 uoltus
297 4239 593 4308 lateribus,
642 4249 699 4298 et
733 4241 1085 4302 medietatem
1112 4245 1180 4302 de
1218 4246 1379 4317 ibice;
1411 4246 1643 4305 tundunt

51 4328 306 4395 liniano,
354 4328 582 4386 fundum
631 4331 965 4403 Castaniola,
1014 4346 1070 4395 et
1094 4336 1412 4408 Lorilliano,
1444 4350 1638 4398 sancta

51 4422 253 4492 ecilia,
288 4421 519 4483 fundum
546 4425 910 4495 Boberauum,
965 4429 1193 4488 fundum
1227 4434 1374 4504 quod
1413 4442 1641 4491 vocatur

51 4515 199 4584 'alle,
239 4510 636 4594 cum'eccjesia
671 4521 848 4577 sancti
899 4521 1215 4591 Elcutlierii,
1243 4524 1469 4583 fundum
1493 4526 1640 4600 quod

51 4600 725 4681 ocatur'Capramolente
755 4628 879 4668 cum
918 4614 1152 4673 ecclesia
1191 4617 1367 4674 sancti
1407 4616 1640 4675 Anasta-

57 4698 74 4753 i
99 4714 116 4765 ;
160 4713 441 4768 massam,
473 4716 595 4773 quae
621 4712 849 4759 vocatur
876 4703 1199 4778 Ampolloni,
1250 4726 1374 4768 cum
1402 4713 1636 4771 ecclesia

51 4792 197 4848 meti
228 4790 496 4860 Martini;
540 4792 766 4852 fundum
797 4796 1120 4870 Paternum,
1151 4805 1297 4875 quod
1333 4807 1638 4879 appellatur

51 4884 312 4952 entima,
342 4885 571 4943 fundum
604 4888 877 4957 Bruvano,
904 4891 1132 4951 fundum
1166 4896 1639 4972 Sancti-Pampbia

51 5016 59 5038 ,
89 4974 350 5034 fundum
375 4977 612 5045 Dauieli,
645 4979 872 5039 fundum
902 4984 1200 5058 Merulam,
1242 4990 1464 5048 fundum
1506 4988 1647 5050 Pacé

51 5084 181 5137 uno,
214 5070 457 5131 fundum
503 5072 831 5144 To'speliano
877 5092 1000 5136 cum
1031 5079 1263 5142 ecclesia
1286 5091 1492 5139 sanctae
1516 5082 1641 5141 lla-

51 5174 103 5217 ae
131 5172 199 5220 et
227 5169 416 5225 sancti
466 5167 762 5240 Lucentii;
798 5170 1023 5232 fundum
1064 5181 1239 5237 sancti
1263 5177 1432 5236 tllrici
1462 5176 1637 5244 Hun-

51 5268 133 5309 im
163 5255 377 5332 Cispa;
434 5259 667 5320 fundum
717 5264 948 5323 Romani
1005 5285 1131 5329 cum
1172 5270 1409 5332 ecclesia
1457 5274 1641 5331 sancti

1668 4392 1718 4452 D

1744 2132 1923 2201 vinea,
1952 2149 2075 2205 quae
2106 2145 2332 2192 vocatur
2356 2138 2587 2207 Asorbo,
2618 2143 2922 2213 portionem
2955 2146 3008 2199 in
3041 2145 3205 2204 Prato
3231 2132 3345 2206 ma;

1739 2224 1883 2295 jore,
1904 2240 2012 2295 quo
2037 2224 2140 2281 fuit
2165 2227 2230 2283 de
2256 2227 2423 2284 Calvo
2446 2232 2702 2303 episcopo
2725 2238 2738 2300 ζ
2768 2234 2994 2290 fundum
3017 2232 3341 2303 Staﬁlanum

1743 2315 1801 2371 in
1850 2316 2145 2399 integrum,
2181 2316 2405 2375 fundum
2437 2321 2774 2379 Romaniano
2802 2325 2855 2381 in
2892 2326 3185 2399 integrum,
3218 2327 3343 2389 fun-

1742 2407 1870 2463 dum
1919 2394 2148 2465 Patclini
2199 2410 2252 2465 in
2283 2412 2572 2484 integrum,
2627 2394 3078 2476 funduurOzat-io
3118 2421 3170 2477 in
3201 2420 3342 2487 intee

1742 2513 1920 2569 grum,
1946 2499 2169 2555 fundum
2206 2500 2468 2573 Criptule,
2520 2504 2739 2561 fundum
2765 2507 2956 2576 Panzi,
2989 2509 3214 2566 fumium
3246 2511 3341 2567 lii-

1742 2590 1871 2657 ruti,
1892 2589 2116 2646 fundum
2159 2592 2476 2665 Agnaniole,
2537 2597 2761 2654 fundum
2814 2598 3186 2669 Macrouiano,
3221 2601 3341 2659 fun-

1741 2679 1867 2734 dum
1925 2681 2277 2751 Semissano,
2333 2686 2554 2743 fundum
2633 2688 2967 2759 Paternum,
3030 2690 3341 2767 Vallelonga

1739 2770 1966 2829 fundum
2024 2784 2228 2832 sanctae
2272 2776 2455 2833 Mariae
2517 2780 2571 2834 in
2609 2779 2837 2848 Pcsile,‘
2875 2781 3105 2838 fundum
3154 2783 3338 2843 Dona-

1738 2865 1899 2934 belli,
1945 2866 2171 2924 fundum
2245 2869 2516 2938 Factoro,
2574 2871 2798 2929 fundum
2858 2874 3009 2930 Lucu
3041 2916 3057 2942 ,
3108 2876 3340 2934 fundum

1741 2958 2073 3016 Catacumbn
2120 2977 2246 3017 cum
2316 2963 2547 3019 ecclesia
2618 2966 2791 3035 sancti
2837 2967 3155 3035 Laurentii,
3210 2967 3339 3026 fun-

1744 3049 1874 3105 dum
1906 3048 2025 3105 Afri
2053 3066 2175 3106 cum
2210 3054 2618 3123 prae-nominatis
2644 3054 2827 3112 fundis
2852 3057 2905 3129 in
2930 3057 3197 3133 integrum
3219 3072 3339 3115 om-

1744 3142 1905 3197 nibus
1928 3134 2119 3213 positis
2135 3143 2409 3200 tcrritorio
2430 3143 2753 3202 Prenestino
2775 3155 2830 3203 et
2855 3146 3179 3217 Tuburtino.
3205 3148 3365 3207 ltem'

1743 3231 2016 3289 clusuram
2045 3235 2112 3289 de
2141 3236 2323 3301 vinea,
2354 3251 2476 3306 qua:
2505 3247 2735 3295 vocatur
2761 3239 3080 3308 Ancarano,
3115 3242 3170 3297 in
3198 3241 3339 3301 inte-

1744 3340 1903 3394 grum
1949 3341 2075 3381 cum
2123 3327 2412 3383 arboribus
2458 3329 2874 3400 suprascriptis;
2929 3340 3130 3388 terram
3166 3341 3224 3389 et
3258 3332 3344 3391 vi-

1743 3429 1902 3472 ncam
1931 3432 2055 3489 quae
2082 3417 2382 3489 appellatur
2409 3417 2835 3491 Pentuma,quae
2858 3419 2960 3477 fuit
2989 3422 3055 3479 de
3076 3422 3339 3481 'fetualdo

1743 3506 2100 3578 presbytero;
2140 3509 2315 3579 petias
2346 3509 2480 3565 duas
2523 3511 2589 3565 de
2619 3510 2779 3566 vinea
2819 3511 3162 3581 adpsanctum
3192 3511 3340 3570 Lau—

1746 3595 1984 3651 rentium
2015 3597 2071 3653 in
2101 3598 2313 3654 duobus
2347 3597 2482 3654 locis
2513 3615 2529 3653 :
2559 3596 2798 3671 itemque
2845 3600 3073 3659 fundum
3116 3602 3339 3662 Porcla-

1745 3687 1931 3745 nieum
1962 3687 2018 3743 in
2049 3688 2319 3761 integrum
2354 3705 2477 3746 cum
2503 3692 2758 3749 omnibus
2802 3694 2917 3750 suis
2957 3694 3334 3767 pertinentiis;

1745 3777 1971 3836 fundum
1999 3778 2262 3846 Otorano,
2293 3780 2529 3838 fundum.
2564 3783 2867 3849 Arcerano,
2910 3784 3135 3843 fundum
3172 3787 3334 3847 Pala-

1745 3885 1901 3937 sano,
1936 3869 2161 3926 fundum
2198 3871 2470 3938 Cesuline,
2518 3874 2741 3932 fundum
2789 3876 3052 3948 Olebano,
3108 3877 3336 3940 fundum

1744 3960 2118 4033 Campelione,
2142 3963 2373 4019 fundum
2399 3962 2572 4034 Ojano
2599 3975 2656 4023 et
2683 3966 2903 4036 Priano,
2933 3967 3156 4043 fundum
3177 3970 3338 4029 Cam-

1748 4068 1993 4120 merano,
2021 4053 2247 4111 fundum
2275 4054 2713 4126 Collemundum,
2734 4058 3004 4129 Catilano,
3036 4059 3334 4134 Cocubalo,

1743 4147 2060 4218 Pacurano;
2113 4151 2401 4208 ecclesiam
2443 4155 2619 4211 sancti
2666 4156 2857 4228 Angeli
2905 4172 3028 4215 cum
3083 4148 3339 4221 omnibus

1744 4243 1858 4299 suis
1886 4244 2252 4315 pertinentiis,
2285 4246 2522 4317 positam
2562 4249 2615 4304 in
2658 4251 2936 4309 territorio
2965 4242 3339 4339 Ferentinello

1744 4337 1989 4403 minore;
2022 4338 2204 4392 omnia
2239 4338 2516 4396 territorio
2552 4340 2911 4414 Campanino.
2943 4345 3144 4403 Verum
3170 4337 3337 4413 etiam

1744 4428 1974 4485 fundum
1996 4428 2329 4486 Faleoniano
2356 4445 2483 4486 cum
2500 4432 2731 4490 ecclesia
2763 4436 2939 4492 sancti
2962 4434 3190 4509 Nicolai,
3212 4435 3338 4494 fun-

1744 4520 1873 4577 dum
1899 4520 2228 4577 Fontiniano
2256 4529 2311 4578 et
2338 4520 2488 4578 Colle
2516 4524 2586 4581 de
2613 4524 2843 4593 Morelti,
2878 4526 3099 4583 fundum
3124 4518 3343 4611 Tucca-1

1745 4613 1974 4681 nellum,
2004 4613 2230 4671 fundum
2258 4615 2449 4686 Capla,
2476 4616 2699 4673 fundum
2727 4618 2922 4684 Orare,
2955 4617 3178 4675 fundum
3206 4619 3340 4689 Gra-

1744 4706 1978 4773 tuliano,
2007 4704 2234 4764 fundum
2261 4707 2563 4775 Cerviano,
2596 4708 2822 4767 fundum
2850 4708 3162 4778 Labezano,
3212 4710 3339 4779 fun-

1742 4802 1872 4858 dum
1894 4800 2185 4868 Casanico,
2218 4801 2448 4859 fundum
2486 4801 2718 4859 Domum
2750 4818 2877 4860 cum
2903 4800 3137 4871 ecclesia
3167 4796 3346 4863 sancti

1742 4893 1924 4961 Petri;
1957 4893 2186 4951 fundum
2208 4894 2436 4958 Ponzia,
2465 4892 2689 4951 fundum
2710 4895 3090 4952 Pozzorosano
3117 4909 3247 4955 cum
3270 4899 3354 4956 vi—

1744 5000 1846 5044 nea
1874 4984 2127 5041 clausura
2152 5000 2321 5061 super
2348 4998 2440 5051 se,
2468 5000 2591 5056 quae
2619 4988 2843 5057 ponitur
2874 4984 3029 5055 juxta
3056 4982 3359 5054 Caranico,

1743 5085 1800 5135 et
1831 5076 2037 5134 Vallem
2089 5080 2401 5138 modiorum
2440 5086 2678 5150 quatuor
2716 5095 2840 5139 cum
2889 5074 3217 5137 Castanieto
3265 5091 3367 5141 suo

1738 5170 1893 5244 juxta
1921 5176 2175 5226 sanetum
2225 5174 2472 5234 Petrum,
2504 5185 2627 5227 cum
2672 5173 2854 5235 ten-is,
2902 5166 3185 5226 vincis.et
3225 5170 3372 5230 casis

1746 5277 1909 5338 atque
1938 5265 2093 5323 silvis
2117 5281 2222 5339 per
2251 5271 2469 5356 diversa
2498 5264 2641 5334 loca,
2667 5264 2949 5325 territorio
2970 5260 3256 5356 Aqnilano
3278 5279 3379 5339 po-
