3964 5356
417 2576 420 2578 γ
504 2516 757 2572 omnibus
798 2516 911 2572 suis
957 2515 1276 2587 adjacentiis
1305 2514 1391 2570 vel
1425 2513 1804 2586 pertinentiis,
1853 2512 1994 2568 sicut
2042 2511 2096 2566 in

470 291 609 351 1025
936 270 938 272 ’
981 270 1027 290 ““
1784 289 2062 348 JOANNIS
2099 289 2300 345 Parit;
2343 290 2430 346 xu
2779 331 2785 337 .
3116 285 3124 293 ‘
3605 290 3735 349 mat

473 416 567 458 seu
596 408 650 458 et
677 399 949 457 clnsuram
979 400 1046 459 de
1077 399 1233 458 vinea
1262 401 1316 457 in
1357 401 1651 474 integrum,
1684 418 1804 474 qua:
1832 403 2053 473 ponitur
2079 406 2130 468 Α
2157 402 2548 459 Barbilianum.
2611 405 2807 462 Verum
2858 407 3024 462 etiam
3069 405 3297 461 fundum
3361 404 3419 460 in
3477 403 3736 474 integrum

474 493 529 548 in
562 491 726 547 fundo
757 491 1055 548 Cerasano.
1089 491 1309 549 Necnon
1344 493 1560 548 casinas
1582 494 1716 549 duas
1741 495 1808 549 ad
1837 503 2058 563 pontem
2161 495 2329 551 Sesto
2361 512 2483 551 cum
2515 505 2672 567 prato
2721 513 2818 552 suo
2850 497 3008 567 juxta
3056 497 3232 552 rivum
3262 497 3409 550 inter
3436 493 3652 559 afﬁnes,
3677 495 3739 550 ab

477 583 762 651 Salarum;
807 586 1111 655 portionem
1141 585 1207 642 de
1238 585 1408 640 Palmi
1435 601 1557 641 cum
1588 586 1748 642 terris
1773 594 1828 641 et
1862 585 2056 641 hortis.
2161 604 2270 644 uno
2293 587 2464 644 latere
2487 589 2572 643 via
2596 605 2716 659 qua:
2741 590 2917 660 pergit
2936 589 3002 644 ad
3044 597 3264 660 pontem
3291 587 3585 651 Adenona,
3611 595 3664 639 et
3684 586 3742 640 ab

478 671 641 732 Prata
673 673 956 743 duojuxta
1005 675 1222 731 Portam
1265 674 1552 745 Majorem;
1586 676 1858 733 casalinas
1905 677 2059 744 duas,
2165 680 2272 736 alio
2316 680 2485 736 latere
2527 681 2614 735 via
2656 681 2909 750 publica,
2956 689 3012 736 et
3039 679 3084 735 si
3115 679 3206 750 qui
3238 677 3330 732 alii
3374 676 3571 732 aﬁines
3607 685 3743 730 sunt.

477 783 641 823 unam
684 767 738 822 in
786 767 1004 836 Pedica,
1032 785 1150 840 qua:
1176 779 1403 826 vocatur
1430 770 1789 839 Burdunaria,
1821 781 1876 826 et
1902 771 2064 828 aliam
2165 773 2358 830 Omnia
2385 773 2584 829 vestris
2614 773 2716 843 piis
2746 773 2902 838 locis,
2927 780 2981 828 et
3003 779 3206 828 sanctze
3234 779 3442 826 nostra:
3473 771 3745 832 Romana,

482 858 538 918 in
566 858 770 931 Campo
808 860 1030 934 Majore.
1061 861 1186 917 Pari
1237 863 1397 919 modo
1428 864 1684 920 domoras
1709 864 1762 920 in
1796 865 2066 935 integrum
2167 867 2275 932 cui,
2308 864 2535 922 Domino
2558 875 2798 930 auclore,
2824 865 3180 928 descrvimus,
3204 862 3488 926 Ecclesiae,
3509 861 3749 916 inclinati

481 967 608 1010 cum
647 953 814 1008 cortis
845 964 900 1009 et
929 954 1124 1021 hortis,
1175 964 1232 1010 et
1282 954 1513 1010 ecclesia
1549 956 1725 1010 sancti
1773 954 2064 1022 Theodori,
2167 955 2424 1027 precibus
2454 956 2674 1021 vestris,
2728 970 2824 1027 per
2852 953 3012 1024 hujus
3039 952 3324 1024 apostolici
3351 951 3628 1023 privilegii
3673 966 3751 1006 se-

483 1043 692 1116 positas
744 1043 886 1098 infra
915 1045 1190 1100 civitatem
1229 1045 1414 1100 Roma:
1442 1044 1597 1113 juxta
1648 1045 1808 1100 Porta
1843 1043 2066 1114 Majore,
2171 1047 2306 1102 riem
2337 1047 2704 1117 suprascripta
2731 1046 2912 1100 omnia
2945 1045 3244 1100 immobilia
3273 1043 3391 1098 loca
3421 1057 3549 1097 cum
3589 1041 3757 1096 omni-

485 1133 648 1189 sicuti
672 1131 891 1189 fuerunt
913 1134 978 1188 de
1002 1133 1162 1189 Floro
1192 1135 1467 1206 episcopo.
1505 1133 1770 1189 Similiter
1796 1135 2068 1201 domoras,
2171 1139 2273 1194 bus
2310 1154 2496 1194 eorum
2525 1138 2891 1208 pertinentiis,
2921 1147 2979 1192 ut
3005 1152 3167 1207 supra
3199 1135 3422 1206 legitur,
3451 1149 3480 1187 a
3509 1134 3758 1204 praesenti

487 1237 609 1295 quae
634 1222 855 1280 fuerunt
881 1224 946 1278 de
969 1223 1178 1280 Joanne
1203 1234 1258 1280 et
1285 1224 1560 1295 Stephano
1592 1225 1659 1281 de
1687 1225 1907 1295 Griphi,
1946 1239 2071 1280 cum
2174 1227 2350 1298 prima
2389 1227 2680 1282 indictione
2715 1236 2772 1281 et
2820 1227 2871 1280 in
2900 1234 3224 1296 perpetuum
3254 1225 3410 1280 vobis
3459 1224 3761 1291 vestrisque

489 1326 642 1371 certe
661 1323 717 1371 et
745 1315 964 1388 pergule
985 1324 1039 1372 et
1061 1315 1274 1371 hortulo
1293 1316 1449 1388 juxta
1485 1317 1736 1372 Formam
1770 1316 2072 1372 Claudiam.
2175 1319 2582 1374 successoribus
2615 1317 2962 1372 concedimus
2991 1325 3045 1372 et
3079 1311 3478 1372 conﬁrmamus
3524 1314 3763 1369 detinen-

489 1404 560 1462 Et
591 1404 806 1460 vineam
849 1405 1178 1462 clusuratam
1219 1405 1273 1461 in
1308 1405 1577 1478 integrum
1625 1422 1746 1462 cum
1788 1406 2090 1466 arboribus,
2179 1412 2304 1468 dum
2337 1412 2387 1465 in
2419 1426 2575 1466 usum
2604 1419 2660 1465 et
2697 1409 2986 1464 utilitatem
3015 1409 3185 1480 ipsius
3213 1407 3551 1464 venerabilis
3584 1420 3765 1461 umna-

489 1497 792 1571 pomil'eris,
818 1514 938 1553 cum
963 1499 1151 1568 criptis
1173 1499 1325 1570 juxta
1361 1499 1529 1564 viam,
1561 1515 1681 1569 quae
1711 1500 1859 1554 ducit
1889 1499 1956 1553 ad
1984 1497 2076 1553 Je—
2179 1503 2352 1558 sterii.
2381 1501 2458 1558 lta
2485 1510 2687 1568 tamen,
2715 1510 2774 1556 ut
2799 1500 3131 1571 quotidianis
3155 1499 3352 1555 diebus
3381 1497 3695 1554 sacerdotes
3715 1504 3766 1552 et

491 1591 748 1648 rusalem.
793 1590 969 1646 Simili
1002 1591 1162 1647 modo
1189 1592 1408 1646 domum
1453 1591 1506 1646 in
1548 1591 1758 1662 integro
1780 1607 1902 1646 cum
1927 1599 2082 1646 corte
2181 1594 2431 1651 monachi
2464 1593 2634 1664 ipsius
2666 1593 2979 1648 monasterii
3030 1608 3129 1664 pro
3168 1592 3414 1648 remedio
3439 1591 3643 1646 anima
3678 1605 3768 1644 no-

490 1692 548 1740 et
583 1681 798 1738 hortulo
828 1691 883 1738 et
909 1684 1084 1750 vinea,
1119 1692 1174 1738 et
1203 1699 1326 1739 cum
1356 1683 1608 1738 omnibus
1645 1683 1712 1736 ad
1760 1698 1879 1738 eam
1909 1681 2076 1752 pcrti-
2184 1698 2329 1755 sum,
2360 1697 2780 1759 nostrorumque
2807 1701 3185 1742 successorum
3225 1683 3472 1740 clament
3503 1683 3558 1737 in
3589 1681 3769 1736 eadem

493 1777 771 1842 nentibus,
804 1775 1032 1848 positam
1079 1776 1264 1832 Romae
1309 1775 1548 1848 Regione
1595 1773 1857 1847 Septima,
1892 1774 2080 1845 inqua
2110 1760 2416 1839 Becclesia
2462 1791 2681 1837 centum
2726 1779 2892 1851 Hyrie
2933 1779 3127 1835 eleison
3175 1785 3233 1832 et
3306 1784 3532 1832 centum
3579 1773 3775 1828 Christe

497 1872 657 1928 domo
685 1881 772 1926 est
797 1870 1024 1926 ecclesia
1055 1869 1230 1925 sancti
1262 1868 1392 1924 Viti.
1419 1866 1636 1923 Necnon
1658 1876 1714 1923 et
1742 1868 1954 1922 vineam
1986 1882 2083 1922 seu
2186 1874 2400 1938 ειείσοη,
2428 1881 2483 1928 ει
2519 1872 2828 1929 sacerdotes
2855 1886 3040 1927 sacras
3074 1869 3387 1924 oblationes
3410 1868 3466 1922 in
3493 1866 3779 1921 missarum

497 1973 700 2021 terram
723 1959 879 2031 juxta
909 1961 1231 2018 Jerusalem.
1269 1961 1402 2017 Itan
1437 1960 1710 2016 clusuram
1753 1961 1818 2016 de
1847 1960 2003 2015 vinea
2030 1959 2086 2014 in

2196 1965 2468 2023 solemniis
2499 1965 2675 2021 tribus
2716 1965 2928 2020 vicibus
2974 1978 3072 2034 per
3115 1961 3365 2033 singulas
3414 1957 3784 2014 hebdomadas

499 2053 772 2126 integrum
807 2054 861 2109 ἰιι
884 2053 1093 2111 Albano
1123 2055 1176 2110 in
1203 2053 1368 2108 fundo
1396 2052 1632 2118 Zizinni,
1651 2053 1824 2124 petias
1850 2067 1976 2118 SOI;
2007 2060 2090 2106 at-
2188 2075 2287 2131 pro
2315 2059 2655 2116 absolutione
2695 2067 2895 2114 nostra;
2935 2057 3152 2120 animm,
3196 2062 3632 2120 nostrorumque
3667 2065 3785 2104 suc-

499 2162 607 2218 que
631 2147 852 2203 domum
883 2149 936 2204 in
972 2148 1242 2218 integrum
1271 2162 1395 2203 cum
1418 2145 1658 2212 hortulo,
1680 2147 1914 2218 positum
1931 2143 2089 2215 juxta

2196 2170 2472 2213 cessorum
2501 2153 2820 2224 pontiﬁcum
2855 2149 3213 2221 omnipotenti
3248 2149 3362 2203 Deo
3387 2145 3650 2201 oﬂ'erant.
3672 2142 3789 2197 Sta-

501 2251 748 2298 εοηοιυῐῐι
809 2241 1123 2300 Manilium.
1186 2239 1451 2298 Simililel‘
1497 2239 1718 2296 domum
1763 2254 1887 2295 cum
1937 2247 2090 2294 εοΐιθ
2193 2255 2409 2303 tuentes
2439 2244 2739 2316 apostolica
2771 2257 3025 2306 censura,
3068 2241 3167 2295 sub
3205 2238 3378 2295 divini
3402 2236 3603 2307 judicii
3645 2234 3791 2288 obte-

501 2347 622 2406 qna:
653 2332 870 2404 ponitur
893 2332 947 2388 in
977 2331 1195 2388 Sibura.

2194 2341 2484 2398 stationem
2516 2348 2570 2394 et
2598 2335 2961 2392 anathematis
2991 2331 3365 2395 interdictum,
3395 2339 3458 2383 ut
3485 2326 3671 2382 nullus
3691 2340 3790 2378 un-

574 2425 702 2480 Pari
755 2426 916 2481 modo
967 2435 1022 2481 et
1066 2425 1456 2482 monasterium
1502 2423 1678 2479 sancti
1712 2421 1925 2478 Erasmi
1967 2435 2093 2477 cum

2196 2450 2358 2506 quam
2397 2441 2709 2490 nostrorum
2756 2441 3132 2507 successorum
3178 2422 3533 2494 pontiﬁcum,
3570 2417 3658 2473 vel
3696 2415 3793 2470 alia

2198 2525 2453 2598 quaelibet
2475 2537 2669 2595 magna
2696 2535 2972 2593 parvaque
2997 2531 3228 2589 persona
3254 2514 3462 2568 audeat
3486 2511 3577 2566 vel
3600 2523 3799 2579 praesu-

504 2621 692 2669 vestro
719 2611 1031 2667 continetur
1067 2620 1340 2682 praecepto
1367 2625 1382 2664 :
1415 2609 1728 2681 pariterque
1762 2607 1937 2678 petias
1966 2606 2093 2662 duas

2198 2628 2314 2674 mat
2332 2619 2398 2673 de
2424 2616 2676 2674 omnibus
2697 2609 3081 2683 suprascriptis
3110 2605 3491 2662 immobilibus
3514 2601 3655 2656 locis
3676 2613 3794 2654 cum

507 2706 577 2763 de
602 2706 760 2761 vinea
793 2705 985 2773 lnosti,
1013 2720 1122 2761 una
1150 2706 1367 2776 quidem
1399 2706 1454 2760 in
1479 2705 1649 2760 fundo
1680 2703 1872 2767 Mauri,
1903 2713 1958 2759 et
1993 2701 2093 2756 alia

2201 2709 2454 2767 omnibus
2477 2706 2695 2762 illorum
2721 2700 3069 2774 pertinentiis
3094 2705 3149 2753 et
3175 2694 3530 2767 adjacentiis,
3555 2702 3617 2745 ut
3641 2703 3796 2760 supra

510 2799 565 2856 in
599 2799 958 2856 Calabriceto.
1000 2799 1268 2856 Similiter
1298 2808 1514 2872 pratum
1559 2798 1766 2854 cultum
1804 2805 1857 2853 et
1889 2794 2104 2852 assolu-
2201 2803 2422 2874 legitur,
2460 2808 2651 2856 contra
2691 2797 2796 2853 hoc
2828 2803 3073 2851 nostrum
3097 2785 3409 2862 pontiﬁcale
3448 2781 3797 2874 privilegium

513 2899 627 2946 tum
659 2889 822 2948 l‘undo
852 2893 1132 2962 Aguzanu.
1155 2890 1286 2959 Qua:
1311 2889 1681 2962 suprascripta
1707 2905 1830 2946 cum
1852 2887 2104 2945 omnibus
2203 2873 2366 2968 agere
2395 2893 2481 2948 vel
2507 2892 2743 2948 alienare
2773 2897 2869 2944 aut
2896 2885 3112 2941 auferre
3137 2888 3471 2954 prtesumat;
3499 2876 3601 2932 sed
3631 2873 3800 2968 potius

515 2980 714 3050 fundis,
746 2997 842 3038 seu
865 2983 1156 3050 casalibus,
1189 2983 1406 3050 massis,
1435 2983 1703 3048 ecclesiis,
1729 2981 2103 3046 monasteriis,
2207 2962 2422 3044 ﬁrmum
2449 2995 2612 3056 atque
2641 2980 2833 3038 stabile
2861 2976 3136 3050 perpetuis
3175 2988 3239 3028 ac
3270 2968 3537 3043 perennis
3561 2962 3803 3036 tempori-

516 3073 764 3127 domibus
786 3113 801 3138 ,
833 3073 1030 3139 hortis,
1062 3074 1257 3138 vineis,
1289 3073 1463 3130 servis
1488 3115 1503 3140 ,
1536 3082 1591 3129 et
1619 3072 1853 3139 ancillis,
1896 3070 2105 3128 colonis
2131 3120 2176 3147 η
2209 3083 2330 3147 bus,
2364 3081 2436 3134 ira
2468 3087 2527 3134 ut
2557 3092 2589 3131 ει
2615 3075 2770 3130 nobis
2795 3080 2996 3129 statuta
3037 3075 3185 3132 sunt,
3211 3063 3574 3120 decernimus
3605 3070 3803 3129 perm-

519 3173 573 3220 et
604 3163 922 3230 colonabns,
951 3164 1266 3222 ﬂuminibus
1287 3175 1344 3222 et
1363 3164 1670 3236 aquimolis,
1697 3165 1969 3235 piscariis,
1999 3163 2106 3219 sic-
2130 3120 2178 3184 Ο
2208 3120 2463 3230 mnuum.
2498 3168 2558 3224 Si
2588 3167 2710 3238 quis
2738 3174 2920 3220 autem
2950 3161 3116 3232 (quod
3153 3173 3265 3212 non
3305 3154 3600 3224 οριειῐιιιιε)
3630 3156 3805 3206 εοηιη

519 3265 580 3311 ιιι
611 3271 774 3328 supra
806 3257 1022 3329 legitur,
1055 3255 1138 3312 vel
1167 3257 1330 3314 etiam
1381 3257 1436 3312 in
1485 3255 1608 3312 aliis
1635 3255 1879 3328 partibus
1913 3254 1998 3310 vel
2029 3254 2093 3310 ci-

2209 3267 2314 3323 hoc
2339 3271 2584 3319 nostrum
2619 3255 2973 3329 apostolicum
3003 3247 3349 3322 privilegium
3386 3249 3699 3314 temptator
3725 3251 3808 3291 ex-

523 3350 804 3416 vitatibus,
847 3349 1158 3421 ubicunque
1186 3359 1430 3406 vestrum
1473 3348 1788 3405 venerabile
1835 3355 2108 3405 monaste-
2211 3356 2438 3421 stiterit,
2498 3361 2556 3409 et
2600 3352 2654 3406 in
2698 3359 2970 3420 quoquam
3003 3339 3300 3403 contraire,
3330 3344 3388 3393 et
3439 3341 3810 3403 transgressor

526 3443 665 3500 rium
714 3451 899 3498 tenere
947 3450 1004 3498 et
1047 3442 1326 3514 possidere
1372 3442 1588 3498 videtur
1615 3457 1715 3514 per
1751 3442 2112 3513 quodcunque
2211 3465 2336 3508 esse
2364 3445 2616 3514 voluerit,
2645 3443 2784 3498 sciat
2816 3454 2874 3495 se
2902 3434 3225 3492 auctoritate
3261 3428 3359 3483 Dei
3400 3421 3807 3514 omnipotentis,

527 3536 945 3612 ὶηείνυῐηθηίυιη
963 3511 1296 3599 εδίίνῑπυῐην
1319 3543 1428 3590 lam
1449 3549 1548 3606 Ρθτ
1560 3511 1814 3604 Ρίωεθρϋῑί
1837 3511 2110 3604 ρθείηειίηιι
2213 3553 2271 3601 et
2296 3539 2509 3597 Domini
2538 3511 2731 3600 nostri,
2760 3529 3125 3604 apostolorum
3148 3520 3437 3612 principis,
3462 3517 3647 3582 Petri,
3671 3511 3809 3612 cuius

530 3608 624 3684 έθυ
661 3625 930 3698 privilegii
960 3625 1116 3706 jura.
1143 3639 1355 3682 ηϐοηοιὶ
1386 3605 1484 3696 De?
1522 3624 1979 3680 οοιιιηιυιθῑίοιιεε
2019 3638 2115 3679 seu
2217 3635 2346 3692 licet
2389 3627 2668 3691 immeriti,
2701 3621 2913 3679 Domini
2955 3628 3137 3675 tamen
3187 3610 3536 3684 dignatione,
3586 3605 3810 3679 gerimus

530 3719 877 3785 donationes,
919 3726 974 3773 et
1043 3719 1225 3774 omnia
1284 3733 1404 3788 quae
1453 3717 1638 3773 ﬁdeles
1688 3717 1982 3775 Christiani
2024 3732 2116 3774 ve-
2217 3727 2385 3787 vices,
2441 3717 2808 3776 anathematis
2838 3711 3056 3768 vinculo
3092 3707 3437 3768 innodatum,
3482 3713 3544 3757 et
3585 3715 3619 3754 a
3661 3710 3812 3770 regno

531 3823 658 3873 stra:
680 3823 882 3871 sancta:
907 3813 1311 3885 congregationi
1342 3828 1440 3884 pro
1466 3827 1690 3868 suorum
1713 3812 1868 3868 venia
1894 3812 2120 3868 delicto-
2221 3816 2319 3872 Dei
2348 3813 2606 3869 alienum.
2638 3808 2742 3877 Qui
2777 3819 2906 3860 vero
2949 3804 3040 3874 pio
3083 3799 3282 3856 intuitu
3323 3809 3495 3852 verus
3545 3800 3732 3885 custos
3759 3796 3812 3885 ει

531 3923 656 3965 rum
686 3881 1046 3972 donaverunt,
1068 3881 1154 3962 vel
1182 3881 1542 3976 undecunque
1577 3905 1837 3962 chartulis
1871 3913 1981 3960 tam
2023 3919 2120 3960 ve-
2221 3910 2540 3968 observator
2558 3896 3005 3966 exstiterithujus
3019 3893 3192 3951 nostri
3215 3887 3513 3982 apostolici
3535 3881 3808 3982 privilegii,

535 3999 695 4057 tustis
723 3983 994 4070 quamque
1040 3997 1204 4053 etiam
1255 3997 1410 4054 novis
1459 3997 1512 4053 in
1565 4005 1749 4053 vestro
1788 3997 2122 4053 monasterio
2223 3999 2437 4057 meritis
2463 4007 2627 4066 atque
2657 3990 2910 4064 precibus
2930 3985 3077 4043 beati
3098 3981 3247 4040 Petri
3276 3976 3664 4070 apostolorum
3687 3976 3811 4070 prin-

536 4067 1048 4168 habere—videmini,
1082 4089 1466 4146 roborabiliter
1492 4089 1644 4145 vobis
1671 4090 1974 4160 vestrisque
1995 4105 2121 4145 suc—
2226 4090 2386 4162 cipis,
2408 4096 2465 4144 et
2491 4084 2665 4142 sancti
2693 4077 2972 4137 Benedicti
3003 4077 3056 4131 in
3077 4070 3336 4168 aethereis
3357 4067 3588 4168 arcibus
3607 4067 3811 4165 praelii:

539 4182 846 4239 ccssoribus
878 4162 978 4254 per
1015 4182 1117 4238 hoc
1138 4192 1380 4238 nostrum
1408 4183 1762 4253 apostolicum
1794 4191 2124 4254 praeceptum
2227 4160 2295 4240 ac
2329 4175 2724 4238 benedictionis
2755 4170 2988 4246 gratiam
3013 4176 3178 4238 atque
3210 4160 3655 4254 misericordiam
3684 4172 3715 4210 a
3738 4160 3815 4223 jn-

542 4252 932 4331 conﬁrmamus
957 4273 1310 4332 detinendum
1335 4252 1721 4346 perpetualiter
1751 4252 1914 4346 atque
1939 4252 2128 4346 peren-
2229 4282 2314 4330 sto
2352 4270 2537 4342 judice
2577 4265 2805 4322 Domino
2853 4261 2963 4317 Deo
3007 4263 3217 4322 nostro,
3246 4252 3536 4322 vitamque
3572 4256 3814 4305 atellam

543 4366 710 4424 nitor.
741 4364 1126 4421 Verumtamen
1158 4365 1548 4422 conﬁrmamus
1575 4365 1731 4422 vobis
1752 4365 1934 4421 casale
1959 4379 2126 4422 unum
2232 4366 2493 4439 consequi
2531 4373 2824 4421 mereatur.

545 4460 601 4518 in
633 4460 923 4554 integrum,
955 4459 1125 4554 quodﬁ
1143 4469 1438 4554 vocatur...
1486 4460 1642 4554 juxta
1686 4460 1949 4554 Quartum
2005 4474 2126 4554 cum
2154 4481 2209 4544 ι)
2306 4483 2584 4554 Scripwm
2615 4494 2712 4551 per
2740 4489 2961 4533 manum
2987 4469 3212 4533 Leonis,
3244 4465 3530 4524 scriniarii
3553 4473 3608 4520 et
3637 4459 3816 4517 notarii

546 4562 706 4628 prato
737 4567 836 4609 suo
865 4551 1010 4608 inter
1043 4549 1248 4617 aﬁines,
1281 4567 1312 4606 a
1341 4552 1519 4622 primo
1554 4551 1724 4607 latere
1750 4549 1953 4616 casale,
1983 4549 2128 4621 quod
2234 4549 2689 4632 εθηοωςδυηηίικ
2716 4567 2862 4624 sedis
2902 4560 3213 4635 θροειοιίοω
3243 4557 3302 4615 in
3333 4570 3527 4613 mense
3561 4553 3719 4620 mia,
3748 4553 3816 4606 in-

547 4656 776 4704 vocatur
804 4645 1195 4712 Barbiliannm,
1227 4653 1283 4700 et
1311 4646 1378 4700 ab
1408 4644 1515 4700 alio
1545 4645 1714 4700 latere
1763 4644 1989 4700 fundum
2017 4643 2132 4699 Mu-
2235 4666 2471 4725 dictione
2508 4676 2670 4734 supra
2689 4658 2803 4730 iam
2832 4657 2975 4713 dicta
3004 4652 3198 4725 prima.

549 4736 1000 4835 uitularsalien-te
1025 4735 1094 4792 ab
1123 4735 1238 4808 ipso
1264 4743 1420 4808 prato
1443 4751 1540 4807 per
1565 4735 1931 4835 limites-suos
1959 4749 2134 4805 usque
2315 4788 2374 4835 ᾗ
2416 4779 2563 4835 Bene
2589 4774 2734 4832 valet

553 4777 1000 4849 ...μη-...ωυ-υ-έον
1025 4777 1094 4792 ww
1123 4777 1237 4808 -r-
1265 4777 1419 4808 ιη’-’ν
1444 4777 1532 4807 ιιν⁵
1565 4777 1766 4791 ’ω’-*νυ
1803 4777 1931 4790 ·’“ν·’
1963 4777 2134 4805 “’““¹““’
2315 4788 2374 4849 >3
2416 4779 2563 4835 Bene
2589 4777 2784 4832 valete.
2837 4777 2897 4837 νΙ(

553 4830 620 4885 ad
649 4838 885 4901 parietes
915 4830 1188 4897 desertas,
1240 4845 1359 4900 quae
1396 4838 1524 4886 sunt
1564 4829 1706 4884 ultra
1760 4827 2049 4896 Formam,
2080 4837 2138 4885 et
2845 4905 2855 4906 ί
2900 4904 2928 4906 η
3353 4895 3404 4906 __
3478 4894 3491 4906 ,
3540 4895 3554 4906 ,

553 4895 786 4974 exeunte
817 4919 870 4974 in
901 4919 987 4974 via
1018 4895 1276 4986 Publica,
1316 4926 1372 4974 et
1415 4934 1445 4973 a
1499 4921 1657 4975 tertio
1692 4918 1864 4977 latere
1905 4919 2136 4992 ipsavia
2314 4915 2511 4972 Datum
2544 4926 2598 4966 v1
2619 4951 2634 4973 .
2659 4908 2779 4965 idus
2809 4904 2933 4962 Maii
2964 4917 3061 4976 per
3101 4913 3322 4992 manum
3353 4895 3589 4992 Marini.

555 5007 812 5076 Publica;
843 5025 873 5065 a
905 5020 1100 5082 quarto
1129 4981 1298 5067 latere
1331 5011 1576 5078 fundum,
1603 5013 1747 5082 quod
1775 4981 2003 5070 vocatur
2031 5012 2136 5068 De-
2244 5000 2675 5063 Polimartiensis
2717 4995 2977 5054 Ecclesia:
3028 4989 3268 5064 episcopi
3326 4995 3384 5042 et
3440 4981 3825 5082 bibliothecarii

559 5103 754 5171 corita,
778 5117 916 5175 aqua
938 5104 1297 5161 descendente
1324 5120 1419 5177 per
1444 5103 1641 5162 limites
1668 5119 1794 5160 suos
1823 5105 1878 5160 in
1909 5103 2140 5160 formam
2249 5116 2474 5159 summa:
2503 5097 2651 5154 sedis
2676 5091 3010 5166 apostolica,
3034 5101 3177 5144 anno
3215 5083 3330 5138 Deo
3350 5079 3594 5177 prepitio
3618 5071 3822 5175 pontiﬁ-

560 5193 737 5264 Jovia,
761 5203 815 5251 et
841 5205 1077 5252 exeunte
1099 5212 1197 5267 per
1218 5197 1474 5262 formam,
1505 5203 1561 5250 et
1599 5203 1905 5250 revertente
1947 5209 2043 5265 per
2081 5195 2143 5251 li-
2250 5205 2404 5252 catus
2438 5189 2652 5249 Domini
2680 5185 2848 5243 nostri
2878 5182 3101 5239 Joannis
3123 5177 3320 5235 summi
3343 5170 3628 5267 pontiﬁcis
3648 5170 3830 5267 etuni:

565 5259 753 5356 mitem
801 5287 956 5356 juxta
1001 5259 1199 5356 aqu-am
1242 5301 1414 5356 usque
1445 5259 1511 5340 ad
1557 5283 1876 5356 prmdictum
1919 5259 2145 5341 fundum
2252 5285 2480 5344 versalis
2505 5282 2555 5339 Χ
2585 5279 2733 5353 (554)
2790 5278 2951 5349 Papae
2997 5275 3053 5331 in
3096 5267 3468 5328 sacratissima
3519 5259 3652 5320 sede
3683 5259 3832 5356 beati
