3964 5356
564 348 703 408 1027

1902 322 2187 396 JOAM’IS
2222 337 2422 397 raras
2459 338 2553 398 xu

3694 351 3817 412 {[328

560 469 808 528 faventes
846 465 950 527 hac
980 471 1170 522 nostra
1198 461 1523 520 auctoritate
1557 461 1609 519 id
1649 459 1791 531 quod
1834 459 2145 532 exposeitur
2172 452 2220 514 Α
2249 442 2474 526 popula,
2518 442 2593 513 in
2654 455 2823 515 Gallia
2845 496 2861 528 ,
2932 456 3223 516 Germania
3249 498 3265 529 ,
3330 459 3567 517 Bavaria
3628 465 3816 521 consti-

559 561 772 620 et‘fcetui
802 560 1193 631 mancipamus.
1224 557 1290 613 Et
1319 556 1440 612 ideo
1467 570 1684 613 omnem
1724 553 2008 626 cujuslibet
2042 554 2145 610 Ec-

557 652 739 709 clesiae
778 649 1116 707 sacerdotem
1150 649 1202 705 in
1245 648 1472 722 prmfato
1513 646 1842 704 monasterio
1884 644 2144 701 ditionem

557 741 856 813 quamlibet
897 740 1102 797 habere
1144 748 1238 796 aut
1289 738 1673 796 auctoritatem
1714 745 1913 808 praeter
1958 736 2143 793 sedem

555 816 903 906 apostolicam
929 833 1312 906 (prohibemus,
1340 833 1415 889 ita
1464 841 1525 889 ut
1562 832 1666 888 nisi
1698 834 1768 887 ab
1794 828 1992 889 abbate
2027 846 2145 888 mo-

553 926 781 985 nasterii
808 925 975 983 fuerit
1016 926 1296 993 invitatus,
1341 940 1443 980 nec
1482 925 1770 981 missarum
1812 923 2012 980 ibidem
2049 938 2142 980 δοσ-

552 1017 888 1075 lemnitatem
908 1018 1178 1091 quispiam
1200 1026 1493 1089 praesumat
1515 1017 1735 1074 omnino
1762 1016 2058 1082 celebrare,
2083 1023 2144 1075 ut

550 1110 795 1185 profecto
819 1112 975 1185 juxta
1023 1112 1081 1168 id
1132 1111 1279 1182 quod
1313 1109 1614 1180 subjectum
1668 1109 1975 1181 apostolica
2023 1105 2140 1166 sedi

550 1204 810 1277 firmitate
838 1203 1108 1277 privilegii
1135 1203 1384 1260 consistit
1407 1204 1728 1259 inconcusse
1747 1202 1989 1259 dotatum
2010 1217 2139 1272 per-

547 1306 768 1355 maneat
790 1296 927 1353 locis
951 1304 1005 1352 et
1037 1297 1230 1363 rebus,
1261 1304 1370 1351 tam
1399 1296 1480 1351 eis
1508 1311 1644 1368 quas
1694 1296 1955 1352 rnodcrno
1998 1303 2138 1351 tem-

547 1407 680 1464 pore
708 1401 856 1448 tenet
881 1391 967 1448 vel
999 1392 1268 1463 possidet,
1295 1406 1458 1465 quam
1480 1406 1619 1461 quas
1656 1389 1854 1445 futuris
1885 1388 2140 1459 tempori-

546 1480 649 1538 bus
696 1483 751 1538 in
791 1483 918 1554 jura
965 1483 1135 1555 ipsius
1201 1480 1531 1537 venerabilis
1577 1480 1895 1537 monasterii
1952 1479 2137 1535 divina

544 1570 723 1643 pietas
750 1588 947 1646 augere
975 1572 1207 1630 voluerit
1230 1588 1299 1629 ex
1327 1572 1484 1630 donis
1508 1581 1563 1628 et
1594 1571 1960 1627 oblationibus
1992 1570 2138 1626 deciu-

543 1666 758 1738 misque
805 1667 1044 1723 fidelium
1092 1667 1297 1738 absque
1342 1666 1502 1723 ullius
1554 1681 1801 1737 persona:
1860 1665 2135 1721 contradi-

540 1760 721 1817 ctione
772 1759 1026 1816 firmitate
1062 1770 1321 1832 perpetua
1371 1760 1700 1832 perfruatur.
1740 1760 2133 1817 Constituimus

541 1866 755 1924 quoque
780 1869 878 1924 per
898 1852 1060 1923 huius
1083 1855 1288 1910 decreti
1313 1854 1485 1909 nostri
1524 1854 1777 1925 paginam
1814 1863 1873 1909 ut
1907 1853 2136 1924 quiernt-

2250 551 2306 600 tu
2314 543 2400 602 tis.
2636 590 2641 597 ς
2846 584 2851 590 ι
2886 584 2889 587 -
3844 570 3852 599 ι

2317 640 2540 709 Quoties
2576 641 2643 699 ad
2676 643 2976 715 profectum
3018 660 3172 703 nova:
3198 644 3665 713 Christianitatis,
3700 602 3853 704 con-f

2247 733 2510 792 cessionis
2536 736 2916 809 firmitatisque
2936 738 3334 819 privilegium'a
3368 747 3562 796 sancta
3591 738 3821 798 Romana

2244 822 2510 893 Ecclesia,
2542 827 2631 884 cui
2677 827 2788 885 Deo
2832 837 3051 886 auctore
3102 830 3459 899 deservimus,
3499 832 3822 902 exposcitur,

2245 916 2406 991 toties
2450 918 2599 974 omni
2657 919 2932 1009 diligentia
2988 922 3243 1003 omnique
3308 939 3499 980 amore
3570 923 3825 997 impertiri

2243 1025 2422 1083 operte
2453 1014 2687 1083 pretium
2723 1015 3008 1081 duximus;
3039 1031 3108 1073 ne
3137 1017 3280 1089 quod
3305 1032 3432 1088 erga
3454 1018 3548 1088 pia
3568 1017 3824 1074 desideria

2240 1107 2565 1177 propensius
2605 1108 2840 1179 impendi
2880 1104 3174 1179 convenit,
3224 1109 3403 1168 callidi
3430 1111 3610 1167 hostis
3638 1110 3827 1167 invidia

2240 1197 2312 1255 ob
2349 1201 2609 1256 desidiam
2644 1201 3017 1259 indeficienter
3043 1204 3328 1275 subripiat.
3360 1204 3516 1259 Totis
3541 1219 3676 1275 ergo
3703 1203 3824 1259 viri-

2239 1290 2374 1358 bus,
2402 1294 2709 1351 cbarissimi
2739 1294 2954 1364 fratres,
2978 1280 3298 1353 certandum
3335 1306 3441 1363 est,
3473 1305 3538 1352 ut
3572 1297 3827 1354 Christia-

2239 1384 2499 1452 nitatem,
2540 1401 2703 1457 quam
2752 1386 2895 1445 Deus
2941 1388 3281 1458 omnipotens
3324 1404 3426 1460 per
3471 1398 3670 1445 servos
3712 1405 3827 1445 suos

2238 1477 2448 1535 caelesti
2481 1486 2681 1550 tropteo
2709 1480 2949 1550 quotidie
2974 1476 3218 1537 extendit
3247 1489 3304 1538 et
3344 1479 3625 1553 provehit,
3650 1489 3827 1536 nostro

2237 1586 2453 1645 quoque
2490 1589 2589 1645 per
2641 1589 2764 1630 eum
2810 1572 3097 1644 adiutorio,
3135 1572 3189 1628 in
3233 1572 3424 1628 eodem
3474 1565 3743 1628 solidetur
3781 1581 3829 1627 et

2238 1654 2474 1719 maneat.
2515 1662 2669 1719 Nunc
2727 1680 2856 1719 vero
2896 1663 2989 1719 Dei
3044 1674 3305 1737 operante
3361 1662 3665 1719 clementia
3715 1661 3827 1717 cha-

2239 1756 2490 1813 rissimus
2524 1763 2578 1813 et
2607 1755 3094 1811 Christianissimus
3138 1753 3281 1810 filius
3325 1763 3520 1810 noster
3565 1751 3719 1819 Otto,
3747 1751 3828 1810 de-

2243 1849 2400 1905 victis
2452 1848 2699 1903 barbaris
2737 1846 3020 1917 gentibus,
3065 1846 3335 1902 Avaribus
3365 1846 3582 1902 scilicet
3615 1845 3828 1915 aliisque

540 1958 647 2014 que
673 1943 960 2015 cujuslibet
989 1944 1245 2001 Ecclesia:
1272 1945 1469 2015 prtesul
1498 1944 1582 2000 vel
1608 1961 1931 2017 qtmcunque
1961 1944 2138 2015 digni-,-
2237 1944 2667 2016 quamplurimis,
2697 1952 2756 1998 ut
2782 1935 2849 1998 ad
2890 1940 3258 1997 defensionem
3288 1948 3498 1996 sancta:
3533 1938 3631 1994 Dei
3655 1928 3831 1993 Ecde-

540 2042 651 2091 tate
677 2050 913 2106 persona
956 2034 1100 2090 hanc
1150 2036 1322 2091 nostri
1379 2036 1643 2108 privilegii
1675 2038 1919 2093 chartam
1969 2053 2131 2109 quam
2234 2037 2328 2093 sia:
2371 2034 2776 2106 triumphalem,
2809 2031 3046 2089 victoria:
3079 2031 3290 2102 imperii
3319 2029 3544 2085 culmen
3565 2069 3583 2095 ,
3616 2043 3719 2100 per
3745 2042 3833 2084 nos

536 2128 863 2183 auctoritate
888 2129 1148 2199 principis
1172 2130 1539 2200 apostolorum
1564 2132 1840 2188 firmamus
1866 2140 2133 2187 temerare
2235 2144 2264 2183 a
2294 2129 2454 2184 beato
2475 2125 2636 2183 Petro
2664 2124 3028 2196 apostolorum
3057 2123 3304 2196 principe
3340 2122 3659 2193 susciperet
3688 2134 3834 2176 coro-

536 2211 860 2288 tentavcrit,
889 2224 1178 2279 anathema
1223 2223 1327 2287 sit,
1367 2233 1424 2278 et
1469 2224 1603 2280 iram
1642 2226 1735 2281 Dei
1789 2227 2071 2281 incurrens
2099 2239 2130 2281 a
2231 2237 2390 2295 nam;
2417 2236 2682 2277 summam
2714 2229 2769 2276 et
2804 2216 3184 2284 univcrsalcm,
3217 2218 3302 2274 cui
3334 2216 3448 2272 Deo
3478 2216 3834 2287 pnesidcmus

534 2320 680 2371 cmtu
707 2313 950 2369 omnimn
978 2324 1289 2370 sanctorum
1320 2316 1556 2371 extorris
1578 2318 1777 2373 existat
1798 2360 1814 2386 ,
1849 2327 1905 2375 et
1927 2318 2128 2374 nihilo—
2230 2323 2474 2379 auctore,
2503 2313 2636 2368 adiit
2670 2313 2851 2369 sedem
2883 2329 2895 2365 :
2935 2327 3095 2383 quem
3137 2318 3366 2381 paterno
3412 2307 3625 2363 affectu
3672 2306 3836 2364 susci-

2226 2408 2481 2487 pientes,
2523 2406 2594 2463 ob
2638 2406 3010 2463 defensionem
3060 2396 3403 2461 sancueDei
3456 2402 3729 2458 Ecclesia:
3784 2399 3835 2458 in

2233 2499 2617 2571 imperatorem
2648 2515 2772 2556 cum
2802 2499 2944 2555 beati
2969 2496 3112 2553 Petri
3142 2495 3535 2553 benedictione
3558 2495 3832 2550 unanimus.

2223 2592 2467 2664 Cumque
2498 2592 2552 2647 in
2596 2590 2825 2647 ecclesia
2866 2588 3011 2645 beati
3072 2588 3218 2644 Petri
3266 2587 3504 2658 apostoli
3558 2587 3631 2643 de
3694 2595 3835 2642 statu

2222 2694 2279 2745 Ct
2325 2684 2591 2756 regimine
2646 2683 2811 2738 totius
2859 2680 3288 2738 Christianitatis
3339 2688 3693 2747 tractantes,
3722 2694 3833 2751 qua:

2221 2780 2375 2855 utilia
2420 2787 2569 2846 sunt,
2620 2778 2826 2835 utiliter
2876 2777 3171 2833 secundum
3222 2774 3395 2830 Deum
3437 2782 3833 2842 tractarentur,

2222 2866 2479 2947 praefatus
2518 2872 2792 2946 piissimus
2847 2871 3138 2943 imperator
3183 2868 3341 2933 Otto.
3389 2867 3639 2939 qualiter
3686 2868 3833 2925 Sch-

532 2405 714 2461 minus
743 2404 965 2475 praefati
998 2407 1313 2463 monasterii
1362 2408 1594 2480 dignitas
1644 2426 1673 2464 a
1727 2412 1883 2468 nobis
1921 2411 2126 2469 indulta

530 2498 922 2568 perpetualiter
946 2498 1203 2556 inviolata
1252 2510 1569 2571 permaneat
1612 2502 1906 2573 apostolica
1931 2512 2122 2560 aucto-

530 2589 695 2647 ritate
720 2589 971 2647 subnixa.

602 2680 874 2753 Scriptum
909 2701 1007 2756 per
1056 2702 1274 2743 manum
1323 2686 1539 2755 Leonis,
1575 2688 1934 2745 secundieerii
1974 2688 2117 2746 sedis

532 2774 861 2844 apostolicae,
906 2776 961 2832 in
995 2794 1179 2834 mense
1214 2778 1557 2848 Decembr-io,
1589 2782 1880 2837 indictione
1908 2782 2127 2854 quinta.

602 2866 796 2922 Datum
826 2866 896 2923 ιν
941 2868 1064 2926 ldus
1112 2872 1426 2929 Decembris
1476 2888 1574 2944 per
1615 2890 1837 2930 manum
1892 2873 2119 2930 Joannis

526 2958 769 3035 episcopi
802 2967 867 3017 et,
905 2961 1299 3019 bibliothecarii
1350 2977 1552 3022 sancta:
1594 2966 1739 3024 sedis
1776 2969 2116 3041 apostolica},

527 3066 671 3106 anno
696 3051 810 3108 Deo
831 3055 1065 3125 prepitio
1089 3057 1435 3127 pontificatus
1461 3060 1642 3115 domni
1671 3060 1896 3117 Joannis
1920 3063 2117 3119 summi

2212 2983 2350 3035 vos,
2409 2982 2546 3038 quos
2598 2965 2714 3037 ipse
2753 2962 2980 3029 devicit,
3024 2962 3077 3017 in
3131 2960 3407 3017 catholica
3459 2961 3574 3016 fide
3624 2952 3832 3017 naviter

2221 3059 2575 3123 fundaverat,
2610 3063 2808 3111 nostrae
2857 3052 3089 3109 innotuit
3122 3052 3442 3123 paternitati
3468 3091 3486 3117 ,
3531 3052 3829 3123 deprecans

524 3144 801 3216 pontificis
847 3156 904 3201 et
932 3148 1254 3206 universalis
1300 3167 1451 3222 pap;e
1479 3170 1585 3221 ιιι,
1638 3155 1690 3209 in
1745 3155 2115 3212 sacratissima
2149 3175 2194 3242 ρ
2226 3162 2280 3211 et
2324 3152 2523 3208 obnixe
2566 3148 2862 3222 postulans,
2896 3161 2966 3203 ne
3011 3161 3162 3212 oves,
3194 3160 3335 3216 quas
3370 3144 3493 3215 ipse
3531 3141 3590 3200 in
3621 3145 3826 3202 Christo

526 3233 657 3290 sede
681 3236 823 3292 beati
853 3236 999 3294 Petri
1026 3242 1286 3312 apostoli,
1328 3244 1383 3298 in
1431 3260 1615 3301 mense
1643 3254 1796 3304 sexto
1826 3248 2123 3307 indictione
2156 3233 2193 3242 ’
2226 3246 2577 3318 acquisierat,
2608 3242 2678 3299 ob
2707 3239 2943 3312 pastoris
2970 3237 3331 3295 defectionem
3361 3237 3586 3308 antiqui
3613 3252 3826 3309 semen-

525 3326 737 3399 quinta.

1281 3428 1370 3487 XI.

519 3542 735 3598 JOANNIS
769 3555 916 3599 pars:
946 3558 1023 3600 ιιι
1060 3559 1403 3604 rmvmcwn
1442 3564 1542 3607 uno
1580 3565 1829 3609 ECCLESIA
1856 3568 2117 3614 saucun-

548 3638 551 3639 ⁷
1235 3636 1408 3678 GENS!-

1151 3736 1328 3810 (Anno
1356 3739 1501 3812 962.)

520 3838 775 3930 Ecclesia:
804 3844 1204 3930 Salzourgerists
1229 3856 1498 3930 privilegia
1525 3868 1572 3914 et
1607 3862 1960 3930 possessiones
1990 3880 2114 3918 cou-

592 3916 797 4003 ῥίψαι.
840 3916 1126 4003 .Frider'ico
1168 3916 1579 4003 ar'clricpiscoirq
1603 3916 1857 4003 parum»,
1890 3916 2112 4003 petente

594 3984 784 4069 Qltone
833 3992 1169 4069 imperatore,
1217 3984 1502 4052 concedit.'
1532 3984 1823 4057 némldabi

590 4057 950 4142 (doctumque
991 4057 1455 4142 archiepiscopum,
1487 4071 1590 4124 nisi
1638 4057 2112 4142 in’ocuraresacro

589 4129 841 4200 desistat,
864 4129 1398 4191 'auatlreuuitizat'um
1433 4129 1499 4193 iri
1541 4129 1834 4198 derz'untial.

521 4229 899 4368 fbpqgrzsaec.
931 4263 1007 4329 xtl
1034 4248 1086 4304 in
1117 4251 1385 4328 tabulario
1412 4251 1834 4313 Vindobouensi.
1859 4290 1928 4299 —
1954 4259 2109 4333 Apud

698 4315 1026 4368 letumavern
1062 4318 1266 4368 Nachr-
1298 4339 1349 4368 ν-
1393 4323 1505 4368 In»-
1538 4326 1776 4368 Ληιιηηη
1846 4330 1951 4368 om:
1979 4331 2003 4368 τ

698 4315 1026 4391 leiutnayern
1061 4318 1272 4378 Nachr.
1298 4339 1349 4378 v.
1387 4323 1506 4380 Ine.
1532 4326 1806 4400 Archang,
1846 4330 2003 4406 208.]

590 4427 646 4484 Si
682 4434 1020 4490 sacerdotum
1037 4477 1053 4503 ,
1084 4448 1189 4495 etc.

2224 3340 2294 3398 tis
2320 3339 2560 3395 versutia
2593 3337 2984 3394 dominaretur.
3037 3332 3118 3388 Ad
3171 3333 3319 3388 hanc
3373 3332 3572 3403 itaque
3621 3332 3824 3405 petitio.

2221 3426 2344 3491 nem
2362 3446 2664 3499 ascensum,
2684 3428 2880 3486 fratres
2903 3426 3228 3489 cbarissimi.
3257 3426 3461 3482 merito
3475 3427 3819 3497 prabuimus,

2223 3524 2375 3581 Totis
2406 3540 2537 3596 ergo
2587 3521 2832 3578 medullis
2876 3521 3084 3587 cordis,
3130 3528 3297 3590 prout
3339 3518 3576 3590 dignum
3620 3528 3723 3586 est,
3764 3524 3821 3572 ut

2221 3616 2431 3673 novella
2481 3616 2598 3671 hmc
2654 3612 2918 3684 plantatio
2971 3625 3135 3681 super
3186 3611 3456 3666 verticem
3510 3610 3718 3667 montis
3765 3610 3816 3666 in

2218 3720 2394 3781 petra,
2415 3722 2534 3779 quae
2559 3705 2807 3762 Christus
2820 3713 2923 3767 est,
2953 3704 3227 3768 fundetur,
3259 3703 3659 3759 intendamus:
3681 3702 3817 3759 dabit

2164 3828 2165 3831 η
2218 3802 2366 3857 vires
2393 3800 2483 3872 qui
2518 3799 2789 3854 nemiuem
2826 3796 2943 3852 vult
2967 3795 3164 3865 perire.
3208 3794 3380 3868 Cujus
3410 3805 3694 3852 annuente
3716 3794 3817 3850 cle—

2224 3894 2427 3950 mentia
2472 3891 2743 3953 volumus,
2801 3897 2853 3946 et
2902 3903 2998 3960 per
3048 3888 3187 3943 hanc
3235 3886 3513 3959 privilegii
3573 3887 3813 3959 paginam

2211 3985 2483 4056 iubemus,
2535 3990 2594 4038 ut
2646 3980 3104 4051 Magdaburgensc
3134 3976 3535 4035 monasterium
3574 3978 3632 4033 in
3658 3993 3813 4049 regno

2220 4080 2497 4137 Saxonum
2554 4076 2705 4144 iuxta
2761 4074 2937 4130 Albim
2991 4082 3409 4137 constructum,
3457 4072 3608 4144 quod
3646 4069 3811 4143 pra-li-

2217 4176 2377 4231 batus
2406 4169 2782 4228 sanctissimus
2812 4167 3106 4237 imperator
3140 4164 3211 4220 ob
3250 4179 3450 4219 novam
3495 4164 3806 4220 Christiani-

2219 4274 2383 4321 tatem
2413 4261 2737 4327 construxit,
2768 4259 2893 4329 quia
2920 4254 3152 4312 vicinius
3188 4255 3243 4310 id
3282 4254 3534 4311 locorum
3565 4256 3807 4327 potius

2215 4367 2335 4427 est,
2372 4358 2425 4414 in
2468 4352 2981 4427 archicpiseopalem
3025 4347 3394 4405 transferatur
3433 4352 3657 4416 sedem,
3694 4364 3809 4421 qu:

2212 4470 2312 4526 per
2348 4450 2593 4509 subditos
2635 4444 3004 4516 sulfragaueos
3047 4451 3216 4499 totum
3247 4439 3345 4498 Dei
3372 4457 3602 4514 gregem
3631 4457 3801 4514 regem

589 4520 722 4618 Data
747 4526 979 4618 vnldus
1029 4531 1308 4591 Februarii
1339 4550 1435 4609 per
1464 4553 1683 4596 manum
1726 4541 1977 4613 Andreae,
2025 4559 2117 4602 ar-
2136 4546 2193 4611 D
2214 4520 2273 4604 et
2307 4545 2612 4618 gubernare
2643 4538 2845 4595 valeat.
2875 4535 3133 4593 Volumus
3163 4543 3219 4592 et
3246 4550 3346 4606 per
3375 4536 3520 4591 hanc.
3552 4534 3797 4608 privilegii

517 4611 647 4669 carii
671 4617 877 4675 sanctis
902 4620 1045 4678 sedis
1070 4628 1378 4695 apostolicae
1397 4670 1412 4697 ,
1449 4641 1556 4687 etc.

1254 4744 1368 4802 XII.

514 4853 771 4943 ΒΡΙΞῈἸἏ
805 4863 1021 4943 IDA‘NNIS
1057 4871 1203 4915 ΡΔΡιΕ
1241 4876 1317 4916 ΧΠ
1363 4877 1432 4918 ΔΙ)
1480 4881 1954 4943 Αηειιιενιείιοροε,
1985 4890 2102 4933 EPI-

586 4933 799 5005 SCQPOS,
844 4938 1112 4993 ADBATES,
1153 4947 1362 4989 CLERUM
1419 4953 1491 4993 ΕΤ
1553 4957 1799 4999 [ιορυιωί
1858 4933 2066 5005 ϐΛίιῙΑΞ

585 5002 869 5048 causam
907 5013 977 5053 ετ
1015 4989 1278 5071 “enim,
1420 4989 1484 4993 ”“
1556 4989 1799 4999 ”“”’“
1860 4989 2101 5020 “”““⁶““⁸¹⁴⁹

1121 5095 1324 5160 ,(Αηηο
1347 5100 1494 5160 962.)

2211 4638 2464 4713 paginam
2504 4630 2756 4704 iubemus
2782 4670 2797 4698 ,
2825 4636 2885 4685 ut
2923 4627 3338 4700 Mersburgeuse
3380 4631 3792 4695 monasterium,

2211 4733 2355 4805 quod
2384 4731 2498 4803 ipse
2529 4726 2804 4800 piissimus
2831 4718 3146 4793 imperator,
3176 4720 3305 4792 quia
3332 4721 3551 4794 Ungros
3572 4732 3793 4794 prostra~

2211 4814 2328 4891 vit,
2356 4822 2599 4878 futurum
2647 4816 2757 4873 Deo
2787 4814 3029 4880 devovit,
3060 4811 3115 4867 in
3152 4813 3519 4884 episcopalem
3551 4815 3793 4870 evehatur

2210 4920 2393 4978 sedem
2418 4957 2435 4985 ,
2469 4931 2591 4987 quae
2616 4910 3095 4985 Magcdaburgensl
3137 4906 3211 4966 sit
3247 4911 3469 4966 subdita
3508 4910 3655 4978 sedi;
3679 4910 3785 4981 quia

2212 5021 2293 5071 tot
2330 5020 2519 5086 gentes
2562 5007 2664 5065 sub
2706 5021 2816 5061 uno
2852 5013 3071 5078 pastore
3115 5002 3228 5073 regi
3271 5002 3503 5060 minime
3558 5010 3783 5075 possum.

2208 5106 2470 5160 Volumus
2497 5113 2550 5160 et
2568 5117 2668 5160 per
2704 5110 2903 5158 nostrae
2928 5095 3268 5155 auctoritatis
3292 5096 3638 5160 privilegium
3672 5112 3791 5152 cen-
