3964 5356
62 82 93 139 1
108 81 243 139 0‘29

1280 90 1638 151 EPISTOLA‘J
1677 95 1765 152 ET
1805 96 2220 158 PRIVlLEGlA.

3254 122 3400 182 1030

57 194 480 297 praecipimus,
531 203 590 285 ut
635 198 1058 275 Moguntiensis,
1108 203 1485 276 Trevcrensis,
1534 208 1693 266 Colo-
1723 219 2025 279 AFILACTO
2090 213 2383 274 venerabili
2438 226 2779 281 monaster...
2835 236 2890 285 et
2942 224 3185 305 Dionysii
3234 245 3398 308 atque

57 285 352 359 mensis,
414 282 896 368 Salteburgensis,
956 297 1473 373 Hammaburgensis
1524 303 1700 359 arclti-

57 382 382 453 praesules,
432 385 947 462 Magedaburgensis
977 394 1291 450 monasterii
1330 394 1384 451 in
1431 396 1701 469 archiepi-

57 475 398 547 scopalem,
421 485 475 535 et
504 478 935 556 Mersburgensis
966 483 1375 543 translationem
1403 488 1457 544 in
1490 489 1699 561 episco-

57 563 273 633 palem
332 568 515 625 sedem
587 571 752 629 totius
828 575 1008 632 cordis
1059 578 1408 652 corporisque
1494 581 1698 639 viribus

57 655 454 715 consentanei
492 660 745 723 fautores
786 667 1104 735 persistant.
1166 668 1300 725 Cum
1369 686 1499 731 vero
1552 674 1696 732 Deus

57 749 440 820 numipotens
474 769 573 826 per
612 766 971 826 praetaxatum
1011 774 1230 818 servum
1260 777 1418 819 suum
1454 763 1697 824 invictis-

57 836 290 896 simum
320 841 728 915 imperatorem,
756 862 1020 921 suumque
1052 849 1221 907 ﬁlium
1252 868 1456 926 regem,
1479 868 1694 914 succes-

57 934 357 1004 soresque
408 950 595 992 eorum
626 979 642 1004 ,
694 938 932 996 vicinam
993 941 1287 999 Slavorum
1353 955 1567 1017 gentem
1624 948 1694 1005 ad

57 1017 298 1079 cultum
348 1025 671 1084 Christianae
738 1031 861 1087 ﬁdei
933 1033 1279 1106 perduxerit,
1335 1051 1434 1107 per
1490 1054 1583 1096 eos
1635 1039 1689 1095 in

57 1117 545 1176 convenientibus
595 1120 730 1178 locis
775 1125 1073 1183 secundum
1115 1128 1540 1198 oportunitatem
1573 1132 1688 1203 cpi-

57 1218 345 1280 scopatus
392 1213 687 1280 constitui,
734 1223 791 1270 et
828 1215 1007 1271 eidem
1058 1232 1157 1288 per
1194 1232 1519 1275 consensum
1552 1235 1691 1290 pra:-

57 1300 389 1370 dictorum,
439 1313 496 1360 et
555 1306 1004 1378 areltiprtesulum
1058 1324 1550 1381 successurumque
1596 1326 1689 1367 eo-

57 1400 247 1460 rum,
310 1395 379 1449 ab
438 1397 847 1469 archiepiscopo
906 1397 1355 1474 Magdaburgcnsi
1405 1404 1687 1475 episcopos

57 1476 396 1540 consecrari
428 1485 674 1543 volumus
704 1487 1092 1561 suﬁ'raganeos.
1121 1491 1229 1547 Sed
1261 1500 1439 1547 tamen
1470 1494 1514 1548 si
1550 1509 1689 1564 pra:-

1803 304 2079 399 pontiﬁcis
2105 304 2366 378 Sylvestri
2398 311 2488 381 qui
2531 315 2836 386 appellatur
2881 319 3012 377 Cata
3037 304 3192 381 Pauli
3219 304 3397 399 quem

1803 397 1924 454 dam
1956 414 2107 470 papae
2144 404 2660 480 successoribusque
2705 410 2813 469 tuis
2854 412 3140 476 abbatibus
3169 397 3396 495 inﬁpcr-

1800 497 2043 560 petuum.

1869 578 2135 639 Convenit
2156 586 2462 657 apostolico
2490 590 2848 653 moderamini
2877 596 2964 671 pia
2990 599 3254 675 religione
3279 600 3395 678 pol-

1797 671 2034 732 lentibus
2080 676 2339 763 benevola
2387 686 2762 756 compaSsioue
2793 671 3119 751 succurrere
3162 705 3218 751 et
3264 671 3393 768 pos-

1797 766 1940 821 centi
1966 767 2132 824 animi
2164 770 2328 828 alacri
2355 774 2641 834 devotione
2680 779 2942 852 impertiri
2974 766 3279 844 assensum.
3311 789 3391 845 Ex‘

1795 856 1899 914 hoc
1924 860 2263 929 potissimum
2288 866 2571 937 praemium
2599 871 2741 941 apud
2772 875 3105 935 conditorem
3142 881 3389 937 omniunt‘

1794 950 2023 1010 Domino
2058 956 2270 1013 veniam
2313 974 2690 1030 promeremur
2736 965 2851 1024 sive
2898 972 3232 1029 venerabilia
3264 973 3383 1033 loca

1793 1051 2107 1099 sanctorum
2150 1048 2396 1104 ordinata
2436 1051 2505 1107 ad
2552 1054 2833 1112 meliorem
2876 1056 3080 1117 fuerint
3118 1063 3238 1119 sine
3284 1060 3387 1121 du?

1791 1132 1881 1190 bio
1931 1145 2130 1191 statum
2190 1139 2472 1209 perducta.
2512 1142 2685 1216 Igitur
2719 1148 2846 1218 quia
2911 1159 3001 1207 tua
3052 1152 3384 1227 religiositas

1791 1228 2114 1298 apostolatui
2143 1231 2424 1289 humiliter
2653 1249 2922 1310 quatenus
2957 1244 3383 1306 concederemus

1789 1325 1845 1372 et
1870 1318 2318 1380 eonﬁrmaremus
2340 1326 2493 1382 vobis
2512 1332 2964 1399 praenominatum
2990 1338 3385 1403 monasterium

1788 1422 1911 1466 cum
1941 1411 2199 1472 Ecclesiis
2235 1418 2489 1475 erunibus
2528 1423 2643 1479 suis
2674 1424 2920 1485 aediﬁciis
2961 1438 3017 1485 et
3042 1431 3386 1502 pertinentiis

1789 1517 1912 1559 cum
1953 1505 2093 1562 infra
2116 1524 2194 1576 se,
2248 1526 2520 1583 quamque
2557 1511 2722 1571 etiam
2773 1519 2920 1576 circa
2976 1536 3056 1590 se,
3113 1523 3384 1596 simulque

57 1573 185 1630 fati
220 1572 314 1630 ﬁlii
340 1578 772 1651 nostri‘piissimi
796 1583 1162 1653 imperatoris,
1186 1584 1378 1654 suique
1406 1584 1497 1639 ﬁlii
1518 1586 1683 1656 tequi-
1712 1601 1760 1661 Β
1788 1606 2026 1653 montem
2060 1598 2113 1654 in
2146 1572 2357 1673 integro
2397 1572 2487 1674 qni
2535 1572 2831 1678 appella“;-
2856 1572 3101 1684 Auguslo
3129 1628 3253 1670 cum
3278 1572 3377 1672 ἔο-

57 1670 206 1724 voci
235 1670 375 1743 regis
397 1688 741 1730 successores
769 1691 959 1733 eorum
991 1685 1197 1733 statuta
1228 1678 1480 1751 frangere
1509 1690 1686 1737 tenta-

57 1761 264 1817 verint
284 1804 299 1828 ,
327 1775 421 1820 aut
462 1767 844 1836 praedictarum
874 1770 1228 1826 ecclesiarum
1259 1780 1688 1844 ceterarumque

57 1856 344 1927 praesules
380 1874 830 1932 successoresque
862 1878 1048 1919 eorum
1094 1863 1577 1937 Magedaburgensi
1599 1882 1687 1922 ar-

57 1946 431 2019 chiepiscopo
473 1949 693 2021 suisque
740 1953 1184 2020 successoribus,
1220 1969 1523 2025 eorumque
1575 1955 1685 2011 suf-

57 2039 358 2112 fraganeis
397 2053 453 2099 et
506 2059 693 2101 eorum
743 2046 1187 2113 successoribus,
1222 2047 1500 2120 adjutores
1552 2064 1683 2105 con-

57 2133 434 2206 sentaneique
503 2150 610 2191 non
684 2135 917 2206 fuerint,
986 2139 1350 2195 anathematis
1416 2128 1681 2198 mucrone

57 2220 370 2291 feriantur,
430 2239 462 2279 a
518 2241 842 2298 summoque
898 2228 1228 2285 retributore
1278 2229 1681 2287 damnationem

57 2313 198 2370 sine
234 2313 342 2372 fine
378 2314 668 2388 recipiant.
711 2317 1066 2390 Omnipotens
1118 2319 1302 2391 itaque
1344 2320 1486 2377 Deus
1531 2337 1681 2378 sere-

57 2404 306 2462 nissimo
356 2407 673 2478 imperatori
728 2408 945 2476 Ottoni,
974 2418 1207 2482 suoque
1237 2419 1366 2466 nato
1400 2412 1678 2483 tequivoco

57 2495 593 2569 rcgispiritualibus
656 2499 784 2556 ﬁliis
859 2502 1064 2557 nostris
1128 2501 1422 2573 longaevam
1475 2504 1678 2561 tribuat

57 2591 285 2658 vitam;
330 2603 599 2664 quatenus
629 2593 682 2649 in
715 2594 817 2651 hoc
845 2595 1042 2652 saeculo
1075 2595 1366 2667 tranquille
1411 2595 1674 2667 viventes,

57 2673 124 2739 in
154 2682 339 2741 futuro
366 2685 831 2743 innnarcessibilis
853 2687 1038 2759 gloria:
1073 2689 1377 2759 percipiant
1411 2688 1670 2761 palmam.

57 2770 350 2849 Scriptum
379 2795 477 2851 per
505 2796 723 2835 manum
761 2780 957 2836 Leonis
980 2782 1269 2861 ‘scriniarii
1301 2792 1501 2840 sancta:
1526 2784 1672 2841 sedis

57 2871 384 2943 apostolica:
414 2872 467 2926 in
502 2885 686 2928 mense
710 2871 1031 2940 Februario,
1062 2873 1248 2929 indict.
1280 2872 1489 2929 5..Data
1518 2892 1558 2931 tt
1591 2875 1665 2932 ld.

1788 1681 1952 1744 cl'csia
1984 1692 2157 1748 sancti
2186 1693 2381 1765 Angeli
2420 1697 2474 1751 in
2507 1700 2793 1756 cacumine
2844 1681 3014 1774 ipsius
3042 1706 3241 1770 montis
3270 1722 3380 1766 una

1786 1794 1909 1837 eum
1939 1782 2109 1839 vineis
2139 1795 2195 1840 et
2229 1787 2391 1867 terris
2443 1788 2590 1846 circa
2619 1794 2868 1850 eumdem
2897 1805 3157 1866 montem,
3196 1807 3252 1856 et
3277 1815 3378 1857 ec-

1786 1864 1949 1930 clesia
2004 1878 2175 1932 sancti
2233 1864 2436 1936 Nicelai
2492 1882 2702 1953 integra
2767 1901 2891 1941 cum
2950 1891 3202 1946 omnibus
3266 1891 3383 1950 suis

1782 1966 2162 2037 pertinentiis,
2232 1970 2389 2026 sicuti
2441 1972 2667 2031 inferius
2728 1976 2914 2035 afﬁnes
2992 1980 3259 2055 signatur,
3307 1984 3379 2042 ab

1782 2060 1891 2112 uno
1945 2057 2117 2114 latere
2162 2060 2249 2114 via
2308 2061 2523 2133 publica
2568 2079 2689 2135 quae
2739 2066 2893 2123 ducis
2921 2070 3022 2124 sub
3072 2087 3265 2129 arcora
3324 2081 3382 2131 et

1782 2144 1953 2205 forma
1985 2151 2076 2222 qui
2129 2154 2433 2224 appellatur
2474 2157 2708 2229 virginis,
2741 2167 2796 2216 et
2839 2176 2869 2216 a
2914 2163 3154 2220 secundo
3199 2163 3375 2224 latere

1781 2243 1896 2316 ipsa
1961 2245 2134 2303 forma
2196 2248 2390 2322 virgini
2444 2257 2500 2306 et
2557 2261 2743 2308 monte
2796 2254 2886 2325 qui
2939 2256 3139 2312 dicitur
3184 2254 3378 2329 Pinei,

1776 2343 1890 2390 eta
1937 2336 2100 2393 tertio
2153 2336 2324 2395 latere
2368 2354 2554 2397 muros
2599 2342 2838 2400 civitatis
2888 2343 3073 2402 Romae
3119 2355 3172 2403 et
3220 2356 3380 2419 porta

1778 2429 1949 2485 sancti
1975 2429 2270 2499 Valentini,
2303 2439 2358 2487 et
2406 2447 2436 2487 a
2472 2440 2668 2503 quarto
2716 2432 2885 2491 latere
2916 2435 3060 2493 dicto
3109 2453 3267 2495 muro
3297 2439 3376 2495 is-

1778 2504 1883 2576 tius
1908 2520 2143 2578 civitatis
2188 2531 2467 2578 remeante
2494 2539 2664 2598 usque
2712 2526 2766 2581 in
2817 2526 3098 2585 Posterula
3151 2530 3374 2602 antiqua

1776 2626 1897 2682 qum
1920 2611 2051 2691 olim
2078 2614 2565 2686 cognominabatur
2593 2604 3068 2691 sanctzeAgatlue;
3106 2628 3161 2678 et
3187 2622 3274 2676 via
3301 2622 3371 2678 ab

1774 2700 1893 2773 ipsa
1921 2688 2203 2759 Postcrula
2229 2719 2350 2776 quae
2398 2707 2572 2779 pergit
2619 2706 2775 2779 juxta
2822 2688 2985 2780 supra
3034 2710 3240 2783 scripta
3285 2726 3379 2768 ee-

1775 2793 1940 2850 clcsia
1971 2804 2026 2851 et
2049 2796 2135 2851 via
2165 2796 2379 2868 publica
2414 2799 2709 2870 quaa.ducit
2736 2800 2837 2856 sub
2858 2814 3049 2859 arcora
3081 2801 3189 2858 sita
3218 2817 3371 2859 nam-

1722 2904 1725 2907 ·
1775 2901 1882 2958 que
1939 2886 2111 2944 Roma
2170 2888 2342 2961 Regio
2371 2891 2580 2961 quinta.
2630 2893 2875 2964 itemque
2922 2902 2979 2951 et
3029 2902 3182 2950 trans
3228 2910 3372 2968 pra:-

57 2960 359 3022 F‘ebrua‘rii
407 2970 509 3037 per
558 2979 776 3021 manum
826 2965 1045 3038 Georgii
1085 2965 1445 3024 secundicerii
1472 2970 1744 3035 sanctaeC
1777 2978 1919 3036 dicta
1968 2980 2139 3038 forma
2192 2960 2452 3040 etiterrae
2502 2999 2625 3041 cmn
2671 2985 2918 3043 aediﬁciis
2963 3002 3152 3044 earum
3209 2988 3374 3046 sicuti

57 3055 215 3112 tedis
264 3055 621 3126 apostolicae,
678 3071 819 3112 anno
878 3056 990 3112 Deo
1038 3057 1272 3129 propitio
1323 3057 1671 3128 pontiﬁcatus

57 3147 252 3204 lomni
283 3146 510 3203 Joannis
535 3146 729 3202 summi
756 3147 1026 3217 pontiﬁcis
1060 3158 1115 3204 et
1157 3149 1481 3206 universalis
1520 3166 1671 3222 papae

57 3252 168 3302 'n,
222 3236 442 3306 imperii
491 3236 672 3291 domui
712 3238 944 3306 piissimi
980 3237 1211 3307 Augusti
1250 3237 1466 3295 Ottonis
1496 3255 1526 3293 a
1557 3240 1669 3297 Deo

1771 3259 2047 3329 magni....

1774 3073 1964 3129 eadem
2010 3074 2400 3131 monasterium
2446 3075 2695 3142 detinere
2742 3077 2998 3135 videntur
3048 3094 3171 3135 cum
3225 3089 3372 3136 terra

1773 3166 1931 3223 infra.
1962 3182 2021 3223 se
2065 3168 2371 3225 Archiones
2417 3170 2607 3226 subtus
2654 3171 2813 3227 vinea
2864 3173 2931 3228 de
2977 3172 3204 3229 Joannis
3240 3172 3372 3231 olim

2124 3260 2474 3330 episcOpi.....
2541 3261 2852 3333 lterumque
2910 3262 3175 3320 Columna
3250 3280 3372 3322 ma-

58 3328 315 3383 :01'0113li
365 3328 546 3399 ωειεηὶ
585 3326 929 3399 imperatoris
983 3344 1127 3387 anno
1180 3332 1235 3399 1,
1270 3333 1326 3387 ill
1372 3347 1557 3398 mense
1612 3341 1669 3388 οἱ
1764 3326 1889 3415 jore
1936 3326 2241 3404 marmorea
2301 3326 2355 3404 in
2404 3349 2613 3420 integra
2673 3367 2793 3422 qua:
2846 3351 3044 3408 dicitur
3094 3351 3370 3410 Antonino

57 3417 369 3474 "dictione
400 3418 695 3491 prtedietis.

796 3512 933 3571 Xlll.

57 3640 323 3683 ιιηετοιΑ
370 3641 589 3687 ιοΔΝΝιε
633 3643 781 3686 ΡᾹΡΞ
805 3646 882 3687 XII
906 3645 974 3686 AD
995 3646 1265 3690 HENRICUJK
1290 3648 1664 3693 TREVJBENSSM

631 3717 1107 3760 ARCHIEPISCOPUM.

426 3817 830 3893 Fragmentum.
859 3849 931 3860 -—
947 3820 1126 3893 (Anno
1151 3819 1300 3894 962.)

350 3931 443 3988 Illi
493 3949 645 3989 usum
686 3933 837 4004 pallii
879 3934 1068 3989 iterum
1117 3935 1372 3991 concedit.

57 4044 547 4119 _ApudGunther.,
567 4045 698 4101 Cod.
728 4046 946 4117 diplom.
967 4045 1416 4102 Πήρη-Μυκη.
1444 4046 1486 4115 l,
1510 4045 1657 4122 l27.]

122 4158 372 4215 Joannes
406 4174 595 4216 servus
644 4174 922 4215 servorum
955 4159 1087 4227 Dei,
1119 4159 1441 4216 cliarissimo
1471 4175 1535 4216 ac
1572 4177 1661 4216 rc-

57 4250 447 4310 rerentissimo
511 4250 756 4307 HENRICO
805 4260 1006 4308 sanetae
1062 4249 1372 4307 Trevirensi
1403 4251 1658 4309 Ecclesiae

1769 3438 1979 3510 sculpta
2029 3449 2087 3495 ut
2129 3441 2346 3496 videtur
2393 3456 2514 3498 esse
2568 3456 2666 3513 per
2714 3442 2899 3499 omnia
2958 3458 3085 3499 cum
3135 3444 3369 3501 ecclesia

1768 3531 1944 3587 sancti
1988 3532 2221 3587 Andreae
2250 3532 2317 3588 ad
2363 3533 2558 3604 pedes,
2588 3540 2643 3589 et
2692 3542 2834 3589 terra
2879 3533 2937 3590 in
2985 3535 3217 3592 circuitu
3265 3551 3367 3594 suo

1766 3616 1924 3677 sicuti
1955 3621 2190 3693 undique
2217 3639 2247 3677 a
2274 3622 2494 3679 Publica
2530 3624 2617 3680 via
2647 3624 2981 3682 circumdata
3023 3639 3147 3683 esse
3174 3626 3366 3683 viden-

1767 3724 1853 3770 tur
1881 3714 2020 3770 infra
2051 3715 2193 3772 banc
2238 3715 2515 3772 civitatem
2560 3717 2789 3774 Romam
2836 3727 3173 3776 constructa.
3202 3720 3365 3777 item-

1764 3823 1869 3879 que
1899 3817 1954 3864 et
1983 3808 2102 3865 duce
2124 3808 2369 3866 ecclesiae
2409 3825 2517 3865 una
2547 3810 2753 3883 majore
2781 3819 2839 3869 et
2865 3811 2970 3868 alia
3002 3813 3214 3870 minore
3240 3826 3363 3885 qua:

1763 3900 1962 3956 dicitur
2010 3909 2196 3957 sancta
2247 3899 2455 3967 Maria,
2506 3918 2741 3974 namque
2794 3904 2912 3960 sitae
2965 3910 3092 3960 ante
3142 3913 3363 3976 portam

1763 4006 1927 4063 supra
1967 3992 2155 4063 scripti
2188 3995 2540 4062 monasterii;
2572 4003 2625 4051 et
2651 3994 2881 4052 ecclesia
2912 3997 3089 4053 sancti
3118 3994 3365 4070 llypoliti

1761 4098 1884 4139 cum
1932 4098 2028 4139 sua
2074 4082 2402 4154 pertinentia
2457 4100 2577 4155 qua:
2623 4093 2707 4142 est
2751 4084 2886 4146 foris
2943 4102 3108 4158 supra
3157 4087 3361 4160 scripta

1761 4173 1935 4230 forma
1966 4189 2091 4230 cum
2121 4173 2349 4230 ecclesia
2380 4176 2553 4232 sancti
2590 4175 2865 4233 Anastasii
2899 4192 3021 4234 cum
3047 4187 3210 4251 puteo
3236 4190 3363 4254 post.

1758 4283 1820 4335 se
1862 4284 1985 4325 cum
2016 4283 2111 4324 sua
2138 4268 2491 4340 pertinentia;
2524 4277 2581 4325 et
2630 4269 2860 4328 ecclesia
2910 4273 3087 4330 sancti
3114 4275 3352 4344 Stepha-

57 4342 518 4414 srcliicpiscopo,
573 4342 763 4399 diebus
807 4343 931 4405 vittc
993 4351 1098 4400 tute
1152 4345 1644 4401 tantummodo.....

1777 4360 1810 4415 ii
1843 4360 1935 4431 qui
1965 4337 2165 4415 dicitur
2193 4374 2223 4413 a
2245 4359 2487 4432 Campo;
2519 4368 2577 4416 et
2612 4361 2843 4420 ecclesia
2901 4376 3105 4423 sancue
3171 4363 3356 4423 Mariae

57 4436 257 4491 Datum
293 4451 347 4492 vt
379 4435 503 4492 ldus
532 4435 652 4491 Jan.
683 4451 781 4508 per
810 4451 1028 4491 manum
1073 4435 1272 4493 Leonis
1306 4435 1655 4521 nomencula-_

57 4528 199 4583 toris
225 4538 429 4586 sancta:
483 4530 628 4585 sedis
682 4529 1011 4600 apostolicae,
1042 4545 1203 4597 anno,
1235 4531 1346 4587 Deo
1392 4531 1649 4603 propitio,

57 4619 406 4691 potitiﬁcatus
434 4620 618 4678 domui
643 4618 866 4678 Joannis
894 4622 1091 4679 summi
1131 4621 1407 4694 pontiﬁcis
1437 4630 1492 4677 et
1531 4622 1653 4678 uni-

58 4708 285 4766 \‘ersalis
314 4727 391 4769 xu
436 4726 590 4783 papa:
634 4711 688 4767 in
726 4712 1080 4785 sacritissima
1132 4713 1261 4769 sede
1308 4711 1450 4769 beati
1503 4711 1650 4768 Petri

66 4801 285 4868 apostoli
301 4804 563 4870 secundo,
583 4802 636 4858 in
659 4818 844 4859 mense
865 4803 1146 4874 Januario,
1164 4814 1219 4861 et
1241 4803 1537 4863 indictione
1558 4818 1648 4873 xv,

66 4900 194 4941 anno
225 4888 625 4957 incarnationis
654 4893 867 4951 Domini
893 4897 1018 4954 957.

272 4994 283 5001 ’
781 5002 926 5069 XIV.

94 5099 283 5168 δολκκιε
352 5113 507 5161 ΡΑΡΕ
560 5115 636 5157 XII
694 5114 1042 5164 PRIVILEGIUM
1100 5123 1201 5165 PRO
1270 5121 1612 5166 MONASTERIO

74 5234 79 5239 ,
118 5169 166 5209 ⁵³·
213 5180 498 5240 smmum
530 5186 600 5227 ετ
639 5185 867 5231 ntonvsu
901 5195 970 5235 ετ
1007 5196 1292 5240 vavssrm
1332 5194 1568 5237 nonaxo.

661 5262 841 5336 (Anno
870 5264 1022 5343 962.)

1756 4466 1879 4527 qua:
1904 4452 1995 4509 ubi
2019 4452 2220 4508 dicitur
2245 4453 2543 4523 Arciones;
2577 4463 2631 4512 et
2670 4456 2901 4514 ecclesia
2930 4457 3104 4513 sancti
3133 4452 3360 4514 Joannis

1755 4560 1876 4618 quae
1905 4545 2124 4616 ponitur
2154 4544 2210 4601 in
2238 4542 2407 4602 Pinea
2433 4562 2557 4603 cum
2589 4563 2688 4605 sua
2730 4549 3078 4621 pertinentia.
3133 4546 3356 4606 Necnon

1756 4637 2145 4697 conﬁrmamus
2172 4640 2330 4697 vobis
2356 4642 2747 4700 monasterium
2780 4643 2835 4701 in
2884 4642 3158 4715 integrum
3186 4641 3361 4701 sancti

1685 4775 1690 4781 η
1758 4733 2029 4791 Valentini
2057 4750 2181 4790 cum
2219 4735 2471 4793 omnibus
2506 4736 2619 4792 suis
2652 4738 2903 4796 aediﬁciis
2942 4743 2998 4791 et
3041 4734 3364 4807 adjacentiis

1754 4827 1869 4886 suis
1912 4827 2112 4898 ubique
2158 4827 2399 4898 rejacere
2444 4827 2660 4885 videtur
2707 4834 2828 4908 ejus
2870 4826 3218 4902 pertinentiis
3261 4825 3371 4884 sita

1754 4922 1888 4980 foris
1916 4931 2073 4995 porta
2116 4919 2249 4979 item
2280 4936 2401 4993 qua:
2446 4921 2646 4979 dicitur
2673 4926 2863 4987 sancti
2914 4918 3194 4977 Valentini
3233 4912 3373 4992 juris

1752 5031 1917 5087 supra
1963 5012 2157 5083 scripti
2207 5012 2535 5072 venerabilis
2581 5012 2945 5080 monasterii.
2974 5006 3174 5099 Verum
3216 5008 3379 5099 etiam
3464 5092 3469 5093 γ

1751 5116 1809 5165 et
1861 5104 2255 5164 conﬁrmamus
2283 5101 2434 5160 vobis
2474 5102 2700 5177 pontem
2761 5104 3005 5169 Mitt-ium
3032 5099 3083 5153 in
3114 5098 3383 5172 integrum

1750 5216 1874 5260 cum
1888 5216 1977 5257 om
1987 5197 2274 5271 nibusejus
2291 5198 2535 5268 ingressu
2551 5206 2605 5252 et
2619 5210 2886 5270 egressu,
2902 5192 3179 5251 dationem
3196 5190 3280 5248 vel
3295 5188 3390 5246 tri.

1751 5293 1961 5351 butum.
1984 5288 2104 5345 Pari
2123 5291 2287 5349 modo
2303 5296 2357 5345 et
2373 5295 2573 5344 terram
2589 5286 3061 5356 sementariciam
3074 5282 3237 5343 sitam
3260 5279 3395 5338 foris
