3964 5356
521 163 651 223 ιοδι
1847 155 2132 218 JOANNIS
2166 157 2369 220 PAPE
2407 159 2498 219 Xll
2716 155 2719 157 ’
3673 173 3804 237 103g

518 279 708 337 eadem
733 285 875 335 terra
919 264 1239 335 extenderet
1278 289 1449 349 usque
1495 273 1550 332 in
1577 272 1797 332 ﬂuvium
1840 276 2103 343 Tiberim;
2134 277 2184 339 Λ
2212 275 2463 348 tibusque
2499 276 2614 333 suis
2650 278 2948 350 montibus,
2985 279 3250 355 planitiis,
3292 287 3496 359 puteis,
3546 289 3803 368 fontibus,

514 381 575 429 et
602 387 632 428 a
661 371 897 428 secundo
946 369 1117 427 latere
1149 369 1326 442 ipsum
1355 367 1578 425 ﬂuvium
1615 376 1671 424 et
1699 383 1731 424 a
1757 368 1918 425 tertio
1942 368 2114 425 latere
2215 369 2420 426 cultum
2466 379 2525 428 et
2566 372 2849 443 incultum,
2874 377 3233 451 omnibusque
3257 382 3327 438 ad
3353 397 3479 440 eum
3529 367 3803 457 pertinent?

516 465 608 523 via
634 466 849 539 publica
873 481 993 538 quae
1017 467 1167 524 ducit
1192 475 1249 523 et
1292 465 1502 522 reducit
1545 466 1612 523 ad
1638 476 1885 523 sanctum
1919 467 2113 523 Valen-
2213 463 2361 567 tibus
2385 464 2550 567 situm
2575 465 2801 523 foris....
2822 468 2895 567 ab
2919 468 3037 541 ipso
3059 482 3224 567 ponte
3269 474 3391 548 plus
3414 477 3604 567 minus
3625 482 3798 542 unius.

519 559 714 627 tinum,
743 568 798 616 et
820 575 852 616 a
879 569 1075 632 quarto
1118 559 1381 617 latere....
1424 559 1564 633 juris
1606 569 1809 617 sanctae
1850 560 2111 617 Romamn
2212 556 2359 614 Inter
2380 558 2566 617 amnes
2593 561 2661 617 ab
2687 577 2797 618 uno
2822 562 2994 622 latere
3025 566 3203 623 casale
3226 570 3371 640 quod
3400 569 3507 627 fuit
3531 566 3803 646 quondam

515 647 792 707 Ecclesiae.
824 650 885 707 ln
911 660 1097 708 monte
1124 660 1181 709 et
1221 651 1327 707 alia
1368 659 1515 707 terra
1559 650 1938 707 sementaricia
1970 658 2109 722 lcum
2210 648 2355 707 Rose
2383 653 2789 724 superinstante
2814 664 2871 711 et
2901 673 2933 713 a
2983 659 3221 716 secundo
3262 660 3436 720 latere
3460 666 3680 736 pariete
3713 684 3805 725 an-

514 741 779 800 ortalibus
837 743 951 801 suis
1001 743 1056 801 in
1106 744 1356 817 ingressu
1402 758 1523 801 cum
1574 743 1825 800 omnibus
1873 743 1941 799 ad
1981 758 2107 799 eum
2213 742 2385 814 liqua,
2413 753 2470 801 et
2499 755 2644 802 terra
2681 756 2803 819 quas
2828 748 2957 806 olim
3002 749 3105 806 fuit
3147 752 3420 824 quondam
3456 756 3701 815 Azzonis
3723 776 3806 817 sa-

513 834 875 906 pertinentem
923 835 1086 908 posit.
1134 836 1211 892 lbi
1265 836 1381 908 ipso
1437 852 1599 892 manu
1653 835 1877 893 dextera
1916 845 2107 894 euntes
2213 835 2354 891 cella
2381 836 2476 892 ﬁlii
2503 838 2594 909 qui
2644 840 3030 914 nuncdetinet
3069 843 3254 917 Elpizo
3288 847 3456 904 nobili
3504 850 3649 917 viro,
3673 861 3730 908 et
3774 868 3835 927 a7

514 926 585 984 ad
649 936 897 993 sanctum
948 927 1291 986 Valentinum
1341 945 1462 986 cum
1520 945 1649 985 arco
1709 928 1915 1001 majore
1965 930 2103 986 infra

514 1017 702 1077 eadem
735 1029 879 1077 terra
929 1037 1048 1093 qua:
1077 1022 1381 1093 appellatur
1412 1022 1773 1078 Passaranum
1822 1031 1877 1078 et
1922 1032 2102 1079 ortum

510 1110 740 1184 piscium
770 1111 824 1167 in
856 1111 1125 1184 integrum
1160 1112 1301 1169 inter
1329 1111 1516 1169 aﬂines
1543 1129 1570 1168 a
1597 1114 1774 1185 primo
1794 1113 1966 1169 latere
1985 1112 2103 1184 jam

513 1202 658 1263 dicta
707 1203 794 1259 via
825 1202 1069 1271 Publica,
1100 1213 1155 1261 et
1181 1221 1210 1260 a
1238 1205 1478 1262 secundo
1502 1204 1670 1261 latere
1695 1206 1915 1261 fontana
1947 1222 2105 1291 aqua;

508 1293 649 1352 vivae
713 1297 1071 1354 communalis
1120 1297 1260 1353 inter
1302 1313 1463 1368 supra
1513 1299 1772 1370 scriptum
1821 1310 2107 1381 monasteg

511 1384 652 1442 rium
689 1395 745 1444 et
770 1387 1090 1459 Gregorium
1133 1386 1477 1445 Mansonario
1503 1389 1705 1447 schola:
1736 1389 2097 1446 confessionis

517 1477 661 1536 beati
692 1477 1119 1550 Petriapostoli,
1168 1488 1223 1534 et
1252 1480 1448 1536 exinde
1477 1490 1625 1537 recte
1655 1482 1885 1538 ducente
1925 1497 2096 1554 usque

508 1569 563 1629 in
590 1581 752 1643 caput
781 1572 849 1628 de
891 1571 1099 1643 pariete
1128 1573 1348 1644 antiqua
1372 1613 1388 1640 ,
1419 1582 1475 1629 et
1501 1589 1530 1628 a
1561 1574 1722 1630 tertio
1749 1574 1916 1631 latere
1948 1584 2092 1631 terra

2209 927 2370 983 tertio
2413 927 2585 985 latere
2627 938 2774 987 terra
2826 931 3088 1005 Stephani
3134 935 3200 992 de
3245 937 3592 996 Teodoro....
3633 936 3840 1019 laterei

2206 1027 2395 1089 crypta
2423 1035 2546 1090 qua:
2578 1021 2773 1078 dicitur
2801 1021 3184 1095 Serpentarico
3226 1043 3351 1083 cum
3398 1030 3505 1086 alia
3542 1040 3693 1089 terra
3714 1050 3805 1090 va—
3835 1033 3842 1039 ’

2206 1118 2365 1165 cante
2381 1110 2537 1181 juxta
2581 1127 2642 1169 se
2679 1111 2821 1193 juris
2844 1117 3160 1173 monasterii
3197 1119 3373 1176 sancti
3400 1121 3532 1178 Viti.
3560 1122 3804 1198 Namque

2202 1208 2258 1255 et
2282 1201 2389 1258 alia
2426 1210 2569 1260 terra
2618 1205 2916 1264 sationales
2958 1209 3132 1280 petias
3158 1210 3293 1267 duas
3335 1213 3392 1267 in
3442 1214 3691 1287 integras
3730 1218 3802 1275 ibi

2202 1290 2320 1364 ipso
2340 1293 2544 1364 positas
2560 1294 2715 1367 juxta
2742 1297 2916 1370 ipsum
2939 1300 3121 1357 casale
3163 1317 3330 1374 supra
3362 1306 3574 1376 scripta
3611 1319 3799 1381 crypta

2200 1383 2268 1439 de
2306 1384 2409 1441 ista
2453 1395 2606 1456 parte
2645 1389 2816 1460 ipsius
2848 1401 3052 1464 cryptae
3083 1393 3226 1465 juris
3265 1399 3588 1455 monasterii
3628 1397 3803 1458 sancti

2198 1470 2329 1529 Viti.
2377 1474 2500 1531 Pari
2541 1478 2702 1535 modo
2762 1489 2818 1537 et
2861 1480 3086 1539 foris....
3128 1483 3456 1543 Nument....
3521 1490 3704 1548 casale
3746 1493 3802 1550 in

2198 1571 2469 1644 integrum
2499 1575 2644 1647 quod
2674 1577 2975 1648 appellatur
3018 1579 3265 1653 Lampati
3293 1598 3420 1639 cum
3443 1586 3706 1643 omnibus
3734 1586 3799 1644 ad

505 1664 574 1721 de
600 1642 905 1721 venerabili
925 1642 1274 1722 monasterio
1303 1666 1477 1721 sancti
1504 1666 1702 1722 Ciriaci
1745 1668 1836 1737 qui
1879 1668 2101 1736 ponitur
2129 1642 2174 1703 Β
2202 1678 2326 1719 eum
2381 1666 2801 1736 pertinentibus.
2847 1669 2971 1726 Pari
3013 1672 3171 1728 modo
3211 1674 3611 1733 conﬁrmamus
3655 1678 3794 1735 vobis

503 1752 591 1810 via
618 1752 753 1810 Lata
779 1762 833 1811 et
856 1762 1003 1812 recte
1030 1770 1126 1826 per
1150 1754 1319 1811 limite
1346 1756 1574 1813 ducente
1605 1755 1725 1827 (sic)
1749 1772 1963 1812 sursum
2003 1773 2103 1829 per

501 1840 730 1901 Planum
764 1845 973 1911 Montis
1019 1847 1112 1917 qui
1150 1846 1347 1902 dicitur
1392 1846 1676 1904 Bossetulo
1705 1854 1760 1903 et
1788 1849 1899 1905 exit
1932 1848 1984 1905 in
2011 1850 2099 1907 via

501 1936 805 1996 Flaminea.
857 1937 1062 2011 Nempe
1108 1950 1165 1995 et
1195 1940 1580 1998 conﬁrmamus
1626 1942 1781 2000 vobis
1831 1943 2012 2000 casale
2041 1943 2095 1999 in

504 2028 773 2102 integrum
806 2030 921 2102 qui,
953 2030 1155 2087 dicitur
1174 2029 1363 2089 Girulo
1390 2049 1511 2090 cum
1544 2034 1775 2092 diversis
1810 2037 2098 2096 arboribus

505 2118 633 2183 suis,
664 2135 786 2175 cum
822 2120 1070 2177 omnibus
1093 2120 1159 2176 ad
1182 2138 1303 2178 eum
1334 2124 1757 2195 pertinentibus,
1782 2127 1921 2184 sicut
1941 2130 2096 2187 vobis

502 2224 601 2283 per
639 2210 1035 2282 scripturarum
1068 2213 1264 2268 seriem
1313 2215 1589 2285 pertinere
1614 2216 1830 2274 videtur
1857 2220 2095 2290 positum

500 2299 635 2360 foris
657 2312 867 2375 portam
895 2304 1070 2360 sancti
1099 2305 1367 2362 Valentini
1396 2308 1651 2367 milliario
1675 2311 1743 2367 ab
1764 2312 1899 2369 urbe
1922 2312 2093 2370 Roma

497 2397 618 2469 plus
648 2396 828 2477 minus
856 2398 1015 2454 unius
1042 2398 1183 2455 inter
1222 2399 1411 2457 alﬁnes
1442 2404 1511 2460 ab
1538 2419 1647 2461 uno
1675 2404 1845 2463 latere
1873 2406 1958 2463 via
1988 2423 2094 2479 pu-

496 2484 637 2545 blica
666 2504 788 2567 qua:
814 2498 900 2547 est
920 2488 1073 2547 silice
1099 2491 1323 2563 antiqua
1373 2494 1466 2565 qui
1507 2495 1785 2552 descendit
1830 2514 2002 2571 usque
2037 2500 2093 2556 in

497 2578 898 2653 Sanguinaria,
941 2590 996 2638 et
1038 2598 1068 2639 a
1118 2583 1357 2641 secundo
1397 2584 1568 2642 latere
1611 2586 1883 2645 Formello
1937 2606 2093 2662 aquae

492 2669 632 2728 viva:
664 2672 758 2743 qui
784 2672 898 2728 exit
931 2676 1032 2729 sub
1061 2681 1246 2731 monte
1284 2675 1443 2733 istius
1468 2676 1657 2734 Girulo
1697 2694 1790 2735 seu
1822 2689 1978 2751 prato
2022 2681 2092 2739 de

494 2778 657 2835 supra
689 2764 896 2836 scripto
925 2774 1115 2823 sancto
1144 2765 1383 2836 Ciriaco,
1408 2786 1438 2826 a
1468 2771 1627 2828 tertio
1674 2789 1895 2830 mou....
1918 2775 2088 2845 praed.

495 2853 884 2914 Monasterium
911 2859 1089 2915 sancti
1116 2858 1408 2930 Valentini,
1429 2878 1520 2920 seu
1548 2874 1687 2921 terra
1710 2869 2088 2926 sementaricia

485 2948 628 3020 juris
671 2951 838 3008 vestri
898 2954 1215 3010 monasterii
1278 2972 1441 3029 quam
1523 2958 1768 3017 detinent
1844 2944 2088 3021 haeredes

492 3041 721 3098 Romani
767 3059 798 3099 a
843 3059 1037 3117 campo
1067 3045 1260 3104 Martio
1310 3064 1342 3105 a
1386 3058 1581 3121 quarto
1622 3051 1813 3111 latere.
1847 3054 2087 3128 itemque

492 3131 877 3190 conﬁrmamus
921 3135 1301 3193 vobiscasale
1353 3155 1520 3195 unum
1562 3141 1617 3196 in
1663 3142 1933 3216 integrum
1995 3148 2090 3218 qui

492 3222 792 3294 appellatur
844 3223 1083 3297 Pelajolo
1129 3243 1253 3284 cum
1304 3230 1466 3287 terris
1513 3231 1627 3289 suis
1681 3235 2040 3296 sationalibus
2068 3282 2083 3308 ,

444 3338 457 3351 ε
489 3316 716 3388 campis,
743 3318 939 3389 pratis,
977 3320 1224 3392 pascuis,
1256 3332 1427 3379 mont.
1476 3325 1530 3381 in
1579 3342 1687 3399 quo
1732 3338 1816 3386 est
1856 3320 2087 3391 ecclesia

490 3407 665 3463 sancti
697 3408 961 3480 Sylvestri
992 3410 1045 3466 in
1078 3412 1311 3470 desertis
1338 3414 1526 3485 'posita
1546 3459 1561 3484 ,
1591 3427 1791 3477 etcum
1831 3425 2086 3483 omnibus

490 3500 818 3572 generaliter
835 3501 905 3558 ad
930 3518 1056 3559 eum
1083 3512 1137 3560 et
1158 3504 1213 3559 in
1236 3506 1449 3578 integro
1477 3511 1901 3582 pertinentibus,
1924 3516 2084 3574 sicuti

487 3591 617 3651 olim
649 3592 702 3648 in
729 3608 892 3665 supra
922 3595 1126 3667 scripto
1151 3600 1447 3656 venerabili
1488 3607 1821 3664 monasterio
1858 3609 1912 3665 in
1936 3625 2085 3668 com-

488 3686 847 3757 mutationem
865 3688 1011 3746 dedit
1025 3704 1124 3761 per
1150 3697 1589 3754 commutationis
1605 3699 1905 3759 chartulam
1928 3705 2085 3761 Albe-

486 3774 635 3833 ricus
668 3777 940 3848 quondam
984 3778 1353 3838 Romanorum
1398 3795 1617 3843 senator
1657 3790 1711 3844 in
1751 3806 1858 3862 qua
1891 3803 1947 3849 et
1991 3796 2082 3853 ille

487 3880 613 3925 cum
644 3867 758 3923 suis
780 3867 1125 3925 fratribus...
1160 3872 1409 3929 manibus
1451 3877 1912 3951 subscripserunt,
1933 3885 2082 3944 vide-

485 3957 616 4016 licet
643 3958 994 4027 Constantius
1023 3960 1218 4020 nobilis
1258 3965 1364 4032 vir,
1393 3965 1616 4038 Sergius
1654 3983 1854 4031 sancta:
1901 3977 2079 4050 Nepe-

486 4050 621 4107 sina:
650 4051 904 4109 Ecclesiae
947 4053 1252 4126 episcopus,
1291 4071 1414 4113 cum
1460 4058 1622 4117 Berta
1666 4073 1724 4120 et
1766 4065 1870 4123 alia
1917 4068 2089 4135 Berta,

486 4148 710 4212 propter
738 4142 931 4207 vallem
963 4145 1285 4202 sanctiViti
1328 4164 1488 4219 quem
1537 4151 1590 4207 in
1632 4157 1927 4213 venerabili
1961 4176 2080 4218 mo-

486 4234 727 4291 nasterio
746 4234 849 4292 fuit
870 4237 1030 4308 posit.
1069 4234 1204 4296 foris
1223 4250 1434 4311 portam
1461 4241 1727 4303 Salariam
1752 4249 2075 4311 milliaria...

489 4322 655 4380 tertio
703 4324 859 4395 juxta
907 4326 1128 4385 ﬂuvium
1170 4328 1384 4389 Tiberis
1432 4333 1576 4391 inter
1618 4336 1803 4397 aﬂlnes
1850 4343 1919 4399 ab
1964 4360 2072 4403 uno

485 4415 660 4474 latere
689 4416 915 4473 fundum
965 4420 1225 4494 Gorgini,
1249 4432 1304 4480 et
1342 4441 1371 4480 a
1413 4431 1650 4497 secundo
1697 4429 1868 4490 latere
1907 4436 2084 4507 ipsum

483 4501 708 4564 ﬂuvium
739 4504 951 4565 Tiberis
977 4524 1073 4565 seu
1122 4520 1264 4568 terra
1294 4514 1384 4570 ubi
1415 4532 1561 4573 nunc
1584 4529 1711 4575 sunt
1751 4501 2082 4586 vinem-cum

483 4609 644 4672 prato
674 4616 773 4660 suo
796 4602 866 4671 de
894 4602 1190 4661 venerabili
1215 4609 1546 4679 monasterio
1572 4614 1746 4670 sancti
1771 4615 1960 4675 Bazilii
1985 4622 2076 4679 sit.

483 4689 541 4748 in
571 4691 730 4749 Scala
760 4702 1102 4752 mortuorum
1131 4711 1255 4752 cum
1273 4694 1379 4752 alia
1408 4707 1574 4755 terra.
1603 4702 1739 4760 Item
1769 4721 1890 4763 cum
1920 4721 2079 4781 prato

484 4795 584 4840 suo
615 4780 683 4839 de
708 4785 1003 4854 venerabili
1029 4789 1361 4846 monasterio
1385 4800 1678 4850 sanctas...
1718 4780 2071 4860 terramcum

478 4883 641 4947 prato
669 4890 767 4932 suo
793 4878 860 4934 de
887 4877 1152 4952 Gregorio
1177 4898 1208 4938 a
1231 4882 1377 4955 Capo
1406 4883 1619 4955 Marzo;
1649 4904 1679 4944 a
1708 4892 1867 4949 tertio
1897 4894 2070 4953 latere

479 4963 705 5024 fundum
730 4968 800 5025 ad
823 4972 1063 5043 quinque
1086 4974 1385 5044 columnas,
1415 4980 1576 5051 etqui
1601 4980 1800 5039 dicitur
1822 4985 2067 5056 Molario,

479 5067 536 5114 et
563 5073 594 5112 a
623 5069 817 5131 quarto
849 5060 1019 5119 latere
1061 5065 1226 5122 etiam
1255 5068 1642 5129 conﬁrmamus
1694 5076 1875 5133 casale
1906 5078 1957 5134 in
1986 5079 2070 5134 in-

483 5154 692 5220 tegrum
719 5151 811 5222 qui
838 5152 1037 5210 dicitur
1070 5156 1348 5215 Gallorum
1385 5169 1440 5216 et
1478 5161 1774 5221 Balleolum
1801 5177 1855 5224 et
1878 5168 2067 5226 Pacia-

482 5254 612 5297 num
639 5243 752 5299 sive
777 5246 973 5316 quibus
1011 5249 1131 5315 aliis
1172 5256 1450 5312 vocabulis
1496 5257 1833 5316 vocabantur
1873 5272 1968 5317 aut
2001 5263 2071 5320 ab

483 5333 687 5356 ’.μζ-ξ..-
734 5333 789 5356 ιι.-
804 5350 855 5356 Α..

2203 1753 2383 1810 casale
2426 1772 2534 1812 uno
2557 1756 2611 1814 in
2654 1758 2871 1830 integro
2923 1762 3069 1832 quod
3125 1764 3329 1821 dicitur
3382 1766 3676 1839 Aguziano
3713 1770 3797 1842 qui

2199 1843 2420 1914 ponitur
2472 1846 2606 1905 foris
2646 1860 2866 1921 pontem
2925 1850 3098 1909 Matra
3124 1896 3139 1921 ,
3179 1866 3449 1928 praeterea
3502 1868 3562 1916 et
3601 1861 3801 1919 conﬁr-

2200 1950 2414 1993 mamus
2470 1939 2624 1996 vobis
2667 1940 2896 1999 fundora
2955 1953 3067 2003 tres
3108 1946 3163 2002 in
3205 1947 3418 2023 integro
3475 1967 3655 2009 unum
3711 1956 3805 2027 qui

2200 2027 2400 2085 dicitur
2454 2040 2619 2101 ponte
2660 2032 2729 2088 de
2768 2032 2923 2091 Nono
2963 2037 3029 2091 ab
3071 2037 3212 2094 intra
3249 2038 3388 2110 gipso
3446 2052 3620 2113 ponte
3680 2060 3803 2102 cum

2198 2121 2430 2180 diversis
2452 2125 2613 2181 terris
2636 2126 2992 2185 sationalibus
3013 2129 3300 2188 arboribus
3318 2131 3434 2190 suis
3456 2133 3579 2192 sive
3598 2146 3807 2210 crypta

2199 2217 2467 2275 arenariis
2504 2235 2627 2276 cum
2669 2221 2957 2293 parietinis
3000 2222 3235 2281 desertis
3263 2223 3459 2285 Sinino
3497 2244 3674 2300 opere
3712 2247 3808 2289 co-

2198 2321 2421 2383 Opertte,
2464 2312 2671 2369 cultum
2714 2323 2770 2371 et
2811 2314 3073 2372 incultum
3101 2358 3117 2385 ,
3171 2326 3228 2374 et
3267 2333 3391 2375 cum
3436 2321 3699 2379 omnibus
3732 2322 3805 2381 ad

2197 2416 2323 2459 eum
2349 2403 2750 2474 pertinentibus
2771 2407 2936 2477 posit.
2980 2417 3145 2480 ponte
3182 2398 3345 2481 supra
3387 2414 3585 2487 script.
3632 2415 3804 2474 Joan-

2196 2493 2282 2551 nis
2312 2534 2329 2562 ,
2387 2494 2479 2565 qui
2520 2496 2718 2553 dicitur
2758 2498 2844 2554 via
2896 2498 3089 2557 Latina
3139 2512 3484 2576 nuncupatur
3543 2508 3806 2569 milliaria

2194 2585 2264 2642 ab
2305 2586 2440 2644 urbe
2496 2587 2682 2645 Romae
2720 2589 2840 2661 plus
2879 2591 3060 2650 minus
3117 2609 3284 2653 nono.
3341 2594 3493 2654 Inter
3533 2597 3726 2658 aﬂ‘ines
3764 2617 3805 2659 ει

2191 2675 2371 2747 primo
2431 2676 2603 2735 latere
2663 2695 2825 2751 supra
2886 2685 3090 2755 scripta
3143 2683 3322 2742 forma
3364 2691 3803 2759 aquaeductionis

2192 2782 2314 2838 qua:
2375 2770 2576 2827 dicitur
2633 2772 2859 2831 Claudia
2918 2784 2975 2832 et
3031 2778 3198 2849 praad.
3241 2790 3410 2852 ponte
3457 2784 3556 2854 qui
3601 2786 3802 2845 dicitur

2194 2855 2385 2927 Nono;
2430 2869 2487 2917 et
2527 2877 2559 2918 a
2606 2865 2844 2922 secundo
2877 2865 3049 2925 latere
3081 2867 3194 2939 jam
3217 2872 3446 2942 praefata
3489 2875 3673 2935 forma
3703 2879 3800 2953 qui

2191 2947 2394 3008 dicitur
2432 2952 2904 3025 Ebeberatorium,
2943 2968 3001 3015 et
3037 2975 3068 3016 a
3112 2962 3276 3020 tertio
3317 2963 3493 3025 latere
3533 2979 3696 3029 certe
3721 2947 3799 3030 ile

2194 3037 2438 3111 Morene,
2484 3052 2540 3100 et
2577 3061 2608 3100 a
2652 3055 2846 3117 quarto
2892 3047 3062 3107 latere
3086 3049 3258 3109 limite
3280 3054 3376 3125 qui
3413 3056 3625 3119 dicitur
3646 3057 3795 3131 justa

2193 3141 2404 3205 crypta,
2432 3135 2524 3206 qui
2552 3134 2755 3193 dicitur
2794 3139 3049 3198 Ardenda
3087 3140 3230 3214 juris
3278 3158 3489 3206 sanctae
3533 3149 3795 3211 Romana

2190 3224 2465 3284 Ecclesiae.
2493 3228 2736 3302 Itemque
2761 3240 2816 3289 et
2850 3232 3017 3290 alium
3053 3232 3279 3294 fundum
3313 3240 3409 3311 qui
3456 3242 3672 3301 dicitur
3695 3245 3795 3305 Do-

2196 3318 2472 3376 minicalia
2509 3320 2564 3375 in
2591 3336 2698 3392 quo
2725 3330 2811 3380 est
2853 3324 3081 3382 ecclesia
3109 3327 3327 3386 deserta
3354 3345 3485 3388 cum
3534 3334 3715 3393 hortis
3742 3346 3796 3394 et

2188 3414 2470 3484 parietinis
2500 3416 2635 3484 suis,
2666 3417 2872 3475 cultum
2913 3429 2970 3477 et
3013 3420 3310 3493 incultum,
3333 3428 3711 3503 omnibusque
3726 3432 3790 3489 ad

2186 3518 2309 3562 eum
2338 3508 2735 3578 pertinentibus
2780 3512 2945 3569 situm
2994 3529 3157 3586 supra
3207 3517 3411 3591 scripta
3461 3521 3557 3578 via
3604 3520 3790 3581 Latina

2180 3595 2571 3672 juxta'ipsum
2632 3604 3080 3674 praenominatum
3152 3604 3387 3665 fundum
3444 3612 3546 3683 qui
3600 3614 3789 3671 dicitur

2185 3698 2351 3761 ponte
2392 3694 2460 3749 de
2501 3693 2675 3750 Nono.
2743 3694 2892 3752 lnter
2946 3695 3133 3754 aﬂines
3178 3700 3249 3756 ab
3308 3716 3419 3758 uno
3483 3702 3665 3762 latere
3709 3706 3787 3779 ip-

2184 3798 2304 3840 sum
2369 3784 2594 3842 fundum
2633 3795 2689 3844 et
2739 3804 2769 3843 a
2798 3790 3036 3847 secundo
3099 3789 3273 3849 latere
3311 3794 3431 3851 rivo
3472 3809 3605 3855 cum
3654 3813 3784 3872 aqua

2183 3874 2425 3931 decurrit
2447 3878 2538 3949 qui
2568 3878 2869 3950 appellatur
2896 3880 3115 3954 Papati,
3150 3891 3209 3940 et
3245 3899 3278 3941 a
3319 3887 3487 3944 tertio
3511 3888 3686 3947 latere
3704 3891 3782 3946 via

2181 3965 2397 4038 publica
2425 3983 2547 4024 cum
2577 3970 2731 4027 silice
2759 3972 2979 4044 antiqua
3008 3982 3066 4031 et
3112 3989 3144 4030 a
3177 3984 3378 4047 quarto
3407 3976 3593 4039 latere
3619 3981 3781 4039 forma

2182 4058 2386 4128 majore
2414 4072 2469 4118 et
2493 4062 2717 4119 fundum
2753 4066 2845 4135 qui
2878 4065 3183 4138 appellatur
3221 4079 3437 4140 septem
3474 4072 3640 4131 Vassi
3666 4089 3775 4130 cun

2181 4152 2420 4224 ejusdem
2443 4154 2797 4224 pertinentia,
2827 4157 2993 4214 etiam
3017 4166 3072 4215 et
3097 4157 3326 4217 fundum
3357 4161 3532 4220 alium
3567 4166 3626 4221 in
3654 4166 3778 4247 iatee

2177 4258 2331 4315 grum
2354 4245 2445 4317 qui
2470 4256 2761 4304 vocatur...
2800 4263 2899 4306 nos
2911 4265 3035 4307 cum
3056 4250 3286 4310 diversis
3314 4253 3452 4312 locis
3464 4265 3521 4313 et
3549 4258 3775 4315 vocatur

2094 4369 2149 4431 Β
2175 4339 2267 4404 lis,
2290 4338 2693 4395 videlicetvalle
2708 4339 3022 4410 Manciaria,
3045 4358 3173 4400 casa
3205 4344 3774 4420 pretiosa,monteqli

2188 4431 2388 4488 dicitur
2416 4430 2637 4489 Paulelli
2665 4443 2720 4490 et
2749 4450 2940 4507 campo
2964 4436 3055 4508 qui
3086 4436 3288 4495 dicitur
3312 4440 3669 4510 Albanensis,
3693 4438 3773 4497 vel

2185 4524 2230 4580 si
2260 4524 2382 4596 quis
2430 4536 2811 4599 nuncupantur
2856 4545 2979 4587 cum
3022 4532 3185 4590 terris
3216 4542 3276 4589 et
3308 4536 3624 4595 sationibus
3646 4536 3769 4595 suis.

2186 4616 2349 4675 Silvis
2372 4626 2430 4675 et
2454 4619 2686 4676 diversis
2706 4621 2995 4681 arboribus
3034 4625 3170 4693 suis,
3200 4616 3771 4697 aquimolis'molenti-

2180 4708 2319 4778 bus,
2365 4710 2480 4767 sive
2524 4710 2809 4768 ecclesiam
2866 4713 3136 4772 desertam
3180 4731 3307 4788 qua:
3354 4718 3561 4776 dicitur
3600 4720 3769 4778 sancti

2179 4801 2326 4860 Petri
2353 4805 2583 4877 positam
2623 4805 2736 4877 jam
2776 4808 2845 4865 de
2868 4808 2955 4866 via
3007 4808 3201 4868 Latina
3244 4811 3509 4871 milliaria
3542 4815 3617 4871 ab
3640 4814 3768 4871 urbe

2174 4894 2349 4953 Roma
2374 4898 2493 4969 plus
2515 4900 2699 4975 minus,
2720 4901 2926 4967 decem,
2957 4904 3027 4960 ab
3046 4918 3155 4961 uno
3180 4903 3356 4962 latere
3378 4914 3528 4964 terra
3558 4921 3768 4964 sem

2174 4988 2367 5046 taricia
2392 4988 2482 5045 ubi
2518 4990 2646 5045 olim
2677 4987 2898 5070 fuerunt
2924 5001 3083 5066 prata
3106 4994 3197 5065 qui
3226 5006 3499 5053 vocantur
3530 4996 3705 5061 Pauli,
3732 5010 3767 5051 a

2172 5081 2410 5138 secundo
2467 5081 2638 5140 latere
2697 5083 2923 5142 fundum
2968 5085 3254 5154 Civitella,
3287 5102 3320 5143 a
3382 5088 3546 5146 tertio
3594 5089 3768 5145 latere

2170 5170 2260 5227 via
2307 5171 2525 5231 Publica
2552 5246 2555 5249 _
2582 5175 2675 5247 qui
2713 5175 2991 5234 descendit
3032 5178 3125 5235 ubi
3175 5178 3378 5236 dicitur
3410 5180 3551 5238 cella
3590 5180 3767 5238 sancti

2172 5260 2367 5330 Petri,
2399 5274 2453 5321 et
2503 5281 2532 5321 a
2582 5275 2778 5339 quarto
2824 5269 2993 5325 latere
3042 5268 3328 5327 ecclesiam
3372 5271 3595 5329 deserta
3645 5286 3768 5344 qua
