3964 5356
517 383 655 439 1055

1788 367 2069 427 JOANNIS
2109 368 2308 427 ΡΑΡᾹΞ
2350 368 2438 428 XII

3667 378 3687 431 l
3703 375 3796 432 05-5

520 511 623 551 non
649 502 702 548 et
729 489 1112 548 conﬁrmamus
1147 485 1296 541 vobis
1320 499 1382 540 ea
1427 499 1546 554 qua:
1576 498 1672 554 per
1702 481 2091 552 scripturarum
2123 483 2170 542 Α
2201 485 2478 548 nodatum,
2506 495 2666 554 atque
2691 500 2720 538 a
2751 500 2916 557 regno
2961 483 3054 541 Dei
3081 486 3312 542 alienum
3340 497 3396 544 et
3428 504 3553 543 cum
3593 489 3795 545 diabolo

514 589 709 644 seriem
737 583 976 655 ejusdem
1009 578 1322 637 monasterii
1345 576 1457 647 jam
1489 578 1543 632 d.
1579 576 1852 632 territorio
1881 576 1949 630 ab
1975 574 2102 629 Alto

512 677 785 750 quondam
813 677 1012 729 Amaro
1033 671 1187 727 vobis
1223 669 1502 742 pertinuit.
1536 667 1778 739 itemque
1809 666 2098 722 conﬁrma-

511 786 633 825 mus
653 766 833 824 casale
861 767 915 820 in
940 765 1208 835 integrum
1239 762 1329 832 qui
1352 769 1578 816 vocatur
1603 758 1952 823 Paccianum,
1977 771 2100 811 cum

509 859 761 915 Omnibus
791 857 857 911 ad
888 871 1007 912 eam
1041 852 1453 925 pertinentibus,
1485 850 1642 922 posit.
1679 847 1953 904 territorio
1993 845 2099 901 Su-

511 949 671 1013 trino,
715 963 808 1002 seu
854 945 986 1000 cella
1017 943 1192 998 sancti
1221 941 1436 1012 Georgii
1481 955 1601 995 cum
1632 939 1699 993 ad
1730 953 1789 994 se
1826 937 2099 1008 pertinen-

513 1041 653 1096 tibus
700 1040 753 1094 in
802 1037 1170 1109 suprascripto
1215 1035 1488 1091 territorio
1527 1032 1769 1088 Sutrino.
1818 1028 2098 1098 Simulque

508 1140 563 1185 et
590 1145 780 1186 omnes
804 1145 890 1185 res
923 1127 1312 1184 conﬁrmamus
1340 1125 1491 1180 vobis
1527 1124 1616 1194 qui
1638 1121 1727 1192 jus
1755 1130 1810 1177 et
1831 1120 2095 1175 rationem

516 1221 872 1292 suprascripti
902 1219 1068 1276 vestri
1099 1217 1410 1274 monasterii
1441 1216 1674 1288 pertinet
1699 1215 1754 1270 in
1798 1223 1910 1270 toto
1939 1212 2097 1268 terri-

509 1314 649 1369 torio
693 1313 1033 1377 Collinense,
1079 1320 1134 1366 et
1184 1310 1238 1365 in
1283 1309 1401 1365 loco
1439 1308 1529 1378 qui
1582 1315 1806 1363 vocatur
1850 1304 2014 1360 Vallis
2041 1314 2096 1360 et

506 1405 816 1470 Tintorissi,
849 1404 902 1459 in
951 1412 1132 1458 monte
1181 1401 1274 1472 qui
1323 1408 1547 1456 vocatur
1578 1398 1646 1454 de
1669 1399 1832 1464 Area,
1879 1397 1993 1453 sive
2041 1397 2093 1452 in

505 1505 696 1551 sancto
715 1495 954 1550 Cassano
979 1501 1033 1549 et.
1061 1493 1112 1547 in
1143 1491 1327 1557 Curte,
1349 1499 1512 1560 atque
1538 1489 1591 1544 in
1612 1487 1943 1552 Baccaricio,
1969 1501 2092 1542 cum

503 1587 676 1642 vineis
696 1596 752 1642 et
779 1588 940 1641 terris
967 1583 1343 1647 sationalibus,
1393 1581 1543 1637 silvis
1574 1596 1696 1634 eum
1726 1588 1961 1649 pantano
1993 1593 2094 1635 suo

503 1677 729 1746 majore,
760 1692 882 1732 cum
922 1676 1066 1731 casis
1095 1683 1151 1730 et
1192 1673 1398 1729 colonis
1428 1683 1483 1727 et
1519 1670 1814 1727 colonabus
1841 1670 1953 1724 suis
1975 1669 2092 1724 ubi-

501 1785 607 1838 que
632 1767 1097 1823 commorantibus
1144 1765 1211 1819 ad
1257 1764 1434 1835 ipsum
1481 1765 1646 1836 przed.
1695 1771 1937 1818 vestrum
1977 1775 2092 1816 mo-

2205 582 2262 627 et
2300 571 2415 641 ejus
2453 574 2809 629 atrocissimis
2857 576 3086 644 pompis,
3124 577 3237 630 sive
3285 594 3408 631 cum
3451 576 3599 631 Juda
3639 579 3791 632 tradi-

2207 675 2324 719 tore
2342 663 2467 720 Jesu
2496 664 2697 720 Christi
2730 665 2782 720 in
2815 673 3075 720 aeternum
3104 667 3226 738 igne
3251 679 3684 735 eoncrematum,
3727 671 3794 724 si-

2205 754 2421 824 tuulque
2473 763 2528 808 et
2577 756 2832 826 voragine
2891 763 3233 827 tartareoque
3297 758 3462 813 cbaos
3522 759 3797 814 demersus

2202 861 2324 900 cum
2355 845 2534 915 impiis
2555 845 2829 901 deﬁciant.
2866 845 2970 914 Qui
3007 863 3132 903 vero
3164 849 3252 918 pio
3294 850 3492 904 intuitu
3548 851 3794 905 custodes

2201 945 2257 992 et
2307 935 2641 1000 obedientes,
2689 947 2852 1006 atque
2899 937 3278 994 observatores
3323 937 3488 1008 hujus
3528 939 3791 1008 salutiferi

2201 1029 2454 1099 praecepti
2488 1028 2916 1084 conﬁrmationis
2950 1040 3145 1086 nostra:
3182 1007 3418 1096 steterit,
3459 1007 3793 1088 benedictio—

2200 1136 2320 1175 nem
2343 1129 2396 1174 et
2415 1121 2640 1189 gratiam
2663 1120 2897 1177 emlestis
2920 1103 3305 1185 rétributionis,
3330 1132 3644 1195 retentaque
3670 1141 3794 1195 gau-

2199 1211 2284 1265 dia
2310 1213 2407 1265 sub
2432 1210 2581 1280 justo
2599 1211 2781 1281 judice
2805 1210 3030 1268 Domino
3056 1211 3164 1267 Deo
3192 1225 3376 1268 nostro
3399 1217 3661 1285 consequi
3685 1233 3791 1271 mc-

2200 1317 2404 1362 reatur.

2268 1419 2541 1490 Scriptum
2597 1435 2696 1490 per
2741 1436 2960 1476 manum
3022 1421 3218 1476 Leonis
3266 1422 3541 1476 scriniarii
3596 1434 3790 1478 sancte

2197 1512 2453 1567 [initiante
2476 1511 2729 1568 Ecclesia:
2757 1513 2808 1567 in
2841 1528 3024 1568 mense
3053 1513 3254 1579 Martii,
3294 1523 3349 1568 et
3382 1516 3572 1568 iudict.
3615 1532 3790 1584 supra-

2195 1601 2397 1670 scripta
2438 1601 2644 1671 quinta.
2703 1601 2848 1656 Bene
2889 1601 3082 1656 valete.
3143 1601 3184 1673 -ι-
3231 1602 3428 1658 Datum
3476 1614 3673 1658 octavo
3711 1605 3790 1658 die

2195 1690 2369 1746 Martii
2398 1705 2494 1762 per
2520 1708 2709 1748 manus
2745 1690 2969 1748 Joannis
3014 1693 3253 1765 episcopi
3300 1704 3356 1750 et
3396 1695 3785 1750 bibliothecam

2194 1792 2396 1837 sancta:
2426 1780 2570 1838 sedis
2597 1781 2925 1852 apostolicae,
2954 1799 3094 1838 anno
3117 1783 3226 1838 Deo
3253 1783 3490 1854 propitio
3521 1785 3782 1854 pontiﬁca-

500 1859 797 1913 "as‘cri‘m'
821 1857 1182 1928 pertineme'“
1207 1854 1388 1910 omni"
1436 1852 1790 1924 suprascrip"
1844 1849 2092 1944 immom'
2122 1857 2168 1917 Β
2199 1884 2282 1928 tus
2308 1873 2489 1928 domui
2513 1849 2682 1928 nostri
2709 1873 2932 1929 Joannis
2973 1875 3167 1930 summi
3193 1849 3468 1944 pontiﬁcis
3501 1849 3557 1928 et
3585 1876 3783 1930 univer-

500 1953 628 2006 lium
649 1953 888 2007 locorum
898 1949 1040 2020 juris
1056 1959 1255 2004 sanctae
1273 1957 1469 2002 nostra:
1495 1945 1751 2000 Romana:
1773 1943 2026 2000 Eeelesim
2038 1952 2094 1998 et

499 2043 852 2114 suprascript.
872 2041 1258 2096 monasterium
1274 2038 1357 2093 vel
1372 2037 1596 2092 aliorum
1624 2037 1833 2106 piorum
1851 2035 2090 2090 locorutn

499 2135 871 2205 cujuscunque
922 2132 1181 2186 existunt.
1231 2128 1478 2183 lnclinati
1531 2127 1783 2198 precibus
1803 2126 2087 2182 vestris....

499 2242 696 2282 suce...
728 2225 1014 2279 animabus
1036 2221 1425 2278 intercessione
1447 2236 1543 2290 pro
1576 2217 1871 2274 inviolabili
1895 2217 2091 2273 contir-

498 2317 734 2372 matione
755 2325 808 2372 et
831 2315 1123 2371 stabilitate
1148 2314 1458 2369 monasterii
1483 2311 1972 2382 suprascripti,per
1989 2309 2090 2364 hu-

491 2406 582 2476 jus
597 2410 650 2464 in
671 2418 986 2481 perpetuum
1004 2415 1331 2478 praeceptum
1348 2405 1544 2462 seriem
1560 2404 2093 2474 suprascriptaemas-

498 2522 571 2560 sa:
595 2506 646 2560 in
680 2504 886 2575 integre
911 2503 1000 2574 qui
1026 2511 1251 2557 vocatur
1274 2499 1500 2564 Ortana,
1517 2513 1638 2553 cum
1664 2497 1836 2552 vineis
1861 2511 1955 2550 seu
1984 2504 2092 2549 ter-

497 2598 594 2661 ris,
618 2594 875 2651 caSalinis
909 2604 1068 2664 atque
1109 2591 1419 2662 aquimolis,
1467 2597 1522 2644 et
1561 2586 1834 2643 universis
1861 2584 2087 2650 colonis,

496 2688 806 2752 colonabus,
834 2688 988 2751 ﬁliis,
1021 2687 1229 2741 ﬁliabus
1271 2699 1456 2739 eorum
1483 2682 1680 2737 ibidem
1708 2678 2091 2744 residentibus,

496 2798 617 2837 cum
653 2780 881 2836 ecclesia
912 2780 1122 2848 integra
1170 2775 1343 2831 sancti
1391 2772 1665 2829 Juvenalis
1702 2770 1856 2840 juxta
1902 2769 2090 2824 eadem

495 2874 681 2943 posit.,
723 2887 823 2926 nec
867 2886 972 2925 non
1004 2877 1058 2924 et
1086 2867 1477 2940 przenominato
1518 2862 1751 2918 Paterno
1791 2862 1844 2916 in
1881 2862 2092 2936 integro

495 2970 551 3016 et
580 2977 702 3016 cum
731 2959 983 3014 onmibus
1017 2959 1082 3012 ad
1113 2972 1234 3011 eum
1263 2953 1607 3026 pertinentiis
1645 2960 1704 3007 ut
1739 2949 1986 3021 superius
2015 2948 2091 3004 le-

493 3061 693 3124 guntur
722 3068 750 3106 a
782 3050 1033 3122 praesenti
1057 3049 1246 3119 quinta
1274 3047 1384 3102 ind.
1423 3045 1476 3100 in
1507 3053 1848 3116 perpetuum.
1886 3041 2092 3096 Conce-

493 3144 672 3198 dimus
695 3151 857 3211 atque
894 3139 1280 3195 conﬁrmamus
1308 3137 1481 3200 vobis,
1519 3145 1702 3191 vestro
1727 3133 2091 3205 suprascripto

497 3232 823 3286 monasterio
864 3228 1178 3284 inconvulse
1218 3225 1566 3282 detinendam
1602 3239 1762 3280 omne
1801 3223 1943 3293 quod
1985 3238 2088 3291 qua
2116 3217 2166 3283 ο

496 3323 699 3392 imliget
724 3318 1096 3375 melioratione
1120 3331 1213 3372 seu
1247 3314 1560 3370 defensioue
1594 3311 1962 3368 indifferenter
1995 3327 2090 3366 vos

494 3415 611 3470 sine
650 3412 812 3467 dubio
852 3418 1204 3481 procurantes
1241 3407 1505 3464 eﬂiciatur
1530 3421 1592 3461 ea
1622 3421 1844 3478 prorsus
1879 3403 2088 3460 ratione

493 3518 554 3563 ut
594 3523 692 3562 nec
736 3505 954 3562 licentia
999 3504 1069 3559 sit
1113 3502 1308 3572 cuique
1346 3500 1527 3556 comiti
1573 3507 1665 3554 aut
1700 3497 1962 3563 castaldo,
2006 3495 2088 3549 vel

492 3599 611 3653 aliae
645 3595 865 3653 cuilibet
885 3609 1092 3666 magna:
1116 3605 1402 3663 parvmque
1432 3605 1678 3662 persome
1700 3590 1766 3646 de
1787 3587 2090 3659 suprascri-

489 3703 598 3760 pta:
631 3704 820 3744 massae
848 3698 941 3742 aut
979 3685 1232 3742 Ecclesiae
1269 3684 1592 3755 pertinente,
1631 3681 1717 3737 vel
1755 3681 1821 3737 de
1869 3679 2088 3736 familiis

491 3784 688 3839 ibidem
734 3779 1128 3851 pertinentibus
1179 3777 1262 3832 vel
1313 3775 1672 3832 residentibus
1712 3775 1767 3828 in
1816 3787 2086 3844 quoquam

489 3877 793 3931 diminuare
833 3872 916 3928 vel
959 3871 1200 3926 alienare
1248 3869 1331 3924 vel
1375 3867 1554 3939 aliqua
1609 3866 1853 3922 chartula
1898 3875 2085 3921 contra

491 3968 680 4022 eodem
718 3979 842 4019 ven.
883 3963 1276 4018 monasterium
1323 3959 1641 4031 litigandum
1689 3959 2084 4023 demonstrare,

490 4057 728 4128 alioquin
770 4055 814 4110 si
861 4053 1127 4125 quispiam
1169 4061 1354 4107 nostro
1383 4049 1651 4122 subgessit
1679 4046 2001 4120 apostolatui
2035 4056 2089 4101 et

490 4149 557 4202 de
584 4146 746 4216 pl‘ll’d.
783 4159 972 4200 massae
1005 4143 1296 4221 pertinent.
1329 4149 1423 4196 attt
1445 4142 1512 4197 de
1534 4139 1886 4211 suprascript.
1913 4138 2086 4194 eccle-

488 4239 582 4293 sia:
608 4245 935 4307 praeceptum
968 4251 998 4289 a
1028 4234 1182 4290 nobis
1228 4233 1431 4288 factum
1483 4243 1668 4288 contra
1713 4231 1854 4286 idem
1900 4247 2087 4284 mona-

490 4329 714 4383 sterium
736 4343 834 4399 per
858 4342 983 4383 eum
1011 4325 1225 4397 litigare
1256 4324 1504 4390 voluerit,
1534 4325 1746 4379 inanem
1772 4333 1826 4378 et
1855 4339 2082 4378 vacuum

491 4423 719 4477 facimus
766 4435 1083 4492 permanere
1123 4433 1295 4489 eoque
1343 4418 1538 4489 injuste
1575 4426 1630 4472 et
1674 4426 1860 4472 contra
1913 4416 2082 4487 legem

489 4523 828 4570 contractum
874 4522 972 4566 est.
1027 4513 1338 4568 Statuentes
1379 4509 1672 4581 apostolica
1715 4523 1942 4565 censura
1984 4506 2085 4563 sub

486 4609 671 4663 divino
685 4605 893 4676 judicio
913 4605 1030 4675 (sic)
1055 4607 1412 4664 obtestatione
1433 4605 1755 4662 auctoritate
1779 4603 1920 4660 beati
1938 4601 2082 4659 Petri
2111 4591 2161 4653 Β

487 4699 747 4770 principis
775 4697 1135 4753 anathematis
1174 4696 1517 4753 interdictum
1561 4704 1619 4751 ut
1662 4694 1790 4751 nulli
1843 4710 2089 4768 unquam.

490 4803 800 4849 nostrorum
850 4805 1191 4847 successores
1254 4788 1371 4859 (sic)
1421 4788 1734 4858 pontilicum
1763 4828 1776 4852 ,
1823 4786 1906 4840 vel
1963 4785 2083 4839 aliae

487 4886 708 4946 cuilibet
731 4893 789 4940 ul
810 4900 966 4956 posse
1008 4883 1234 4938 relatum
1259 4888 1362 4945 est,
1394 4895 1706 4951 magnmque
1743 4880 1986 4948 persona:
2028 4877 2078 4928 in

489 4976 618 5046 ipsae
648 4975 1048 5046 praenominatze
1089 4987 1280 5026 massa:
1325 4986 1418 5026 seu
1463 4969 1705 5024 ecclesia:
1746 4977 1840 5022 aut
1885 4968 2076 5031 vineis,

491 5067 675 5130 terris,
709 5067 790 5121 vel
833 5065 1012 5121 omnia
1057 5064 1175 5134 ejus
1213 5064 1534 5133 pertinentia
1588 5061 1762 5131 aliqua
1812 5059 1930 5130 (sic)
1974 5059 2079 5111 vim

491 5156 672 5212 facere
699 5158 912 5220 audeat,
938 5172 996 5212 se
1021 5157 1202 5226 potius
1237 5167 1327 5210 aut
1353 5157 1569 5224 propria
1619 5155 1852 5210 utilitate
1896 5163 1952 5208 et
1983 5168 2083 5207 usu

493 5249 536 5266 ³η
584 5245 785 5266 __,,--D,.,
818 5263 859 5266 ,_-
897 5247 1184 5266 ,---.,.,..-,s!
1249 5263 1272 5266 γ,
1335 5264 1341 5265 κ
1368 5261 1408 5266 --
1451 5247 1829 5266 --,-a-.sa_n'-,s-
1889 5252 1935 5266 ,ι
1988 5243 2053 5266 ..ἳξ

513 5263 536 5266 κ,
584 5245 785 5266 _,,--D,-.
818 5263 859 5266 κ.-
897 5262 974 5266 κ---

2194 1966 2322 2022 salis
2344 1965 2646 2021 duodecimi
2677 1981 2829 2037 papa:
2855 1967 2907 2020 in
2933 1966 3305 2022 sacratissima
3326 1967 3457 2021 sede
3480 1967 3629 2021 beati
3658 1967 3789 2020 l'etri

2193 2055 2419 2126 apostoli
2445 2056 2694 2126 septimo.

2265 2161 2375 2230 Ego
2405 2159 2620 2214 Cirinus
2648 2167 2847 2214 sancta:
2875 2158 3134 2214 Romana:
3164 2158 3428 2215 Ecclesia:
3455 2158 3796 2220 scrinia-ius,

2193 2251 2332 2306 sicut
2364 2251 2536 2306 inveni
2576 2252 2628 2304 itt
2670 2251 2966 2305 earticineo
2992 2249 3272 2321 privilegio
3304 2249 3539 2304 Joannis
3560 2249 3796 2319 episcopi

2195 2341 2330 2396 nihil
2357 2341 2528 2396 minui
2563 2342 2643 2396 vel
2687 2341 2894 2408 addidi,
2941 2341 3014 2396 ita
3055 2341 3245 2411 scripsi
3274 2350 3330 2396 et
3358 2340 3598 2396 ﬁdeliter
3625 2355 3798 2404 exeras

2195 2429 2333 2500 plavi
2361 2447 2374 2482 :
2409 2431 2519 2484 Deo
2549 2429 2773 2500 gratias.

2267 2543 2376 2613 Ego
2422 2540 2657 2598 Joannes
2690 2541 2967 2597 Laurentii
2999 2540 3188 2612 Angeli
3211 2541 3278 2596 de
3302 2541 3451 2597 Urbe
3472 2540 3801 2596 auctoritate

2193 2643 2396 2688 sancta:
2431 2632 2688 2687 Romana:
2713 2633 3045 2703 priel'ectura:
3068 2631 3333 2696 notarius,
3364 2642 3591 2702 rogatus
3615 2647 3646 2684 a
3683 2630 3802 2685 reli~

2193 2724 2342 2792 giosa
2378 2733 2434 2777 et
2470 2723 2694 2778 honesta
2733 2722 2961 2777 muliere
2991 2706 3187 2776 domuit
3216 2720 3418 2776 Jacoba
3451 2724 3523 2776 de
3567 2720 3798 2784 Comite,

2193 2815 2470 2870 abbatissa
2495 2814 2806 2869 monasterii
2833 2813 3006 2868 sancti
3031 2811 3278 2867 Silvestri
3309 2812 3378 2866 de
3408 2811 3622 2881 Capite,
3647 2820 3802 2879 prout

2194 2908 2374 2974 irthni
2421 2907 2476 2962 in
2521 2906 2688 2977 prmd.
2743 2914 2960 2974 sumpto
3007 2919 3102 2959 seu
3151 2903 3405 2973 exemplo
3448 2902 3658 2970 scripto
3709 2917 3802 2970 per

2193 3002 2436 3056 Ciriuum
2463 3001 2735 3070 quondam
2765 3006 2968 3053 sancta:
2988 2996 3248 3051 Romanae
3276 2994 3538 3050 Ecclesia:
3570 2994 3798 3048 scrinia.

2195 3095 2354 3158 rium,
2383 3091 2621 3162 praedict.
2655 3091 2722 3145 de
2762 3089 3062 3144 earticineo
3085 3087 3370 3158 privilegio
3399 3085 3635 3139 ﬁdeliter
3659 3101 3800 3139 sum-

2196 3199 2288 3260 pto
2333 3200 2391 3242 ut
2412 3195 2639 3258 apparet
2667 3185 2733 3240 de
2761 3200 2826 3240 eo
2855 3184 2996 3254 quod
3034 3181 3316 3252 percipere
3351 3180 3528 3249 potui,
3571 3179 3799 3232 ﬁdeliter

2194 3280 2519 3352 exemplavi,
2568 3290 2622 3334 et
2672 3280 2725 3333 in
2763 3277 3030 3348 publicam
3074 3275 3300 3329 formam
3339 3272 3527 3342 redegi
3569 3287 3639 3326 ex
3693 3271 3797 3340 ipso

2192 3373 2437 3443 exemplo
2467 3372 2608 3443 quod
2633 3379 2855 3441 apparet
2887 3370 2936 3423 in
2965 3367 3175 3421 Lietera
3219 3363 3548 3418 Limentaua
3582 3362 3663 3432 (li.
3696 3362 3795 3416 Lib

2196 3475 2309 3520 tera
2349 3459 2772 3530 Beneventaua),
2815 3474 2879 3513 co
2909 3473 2995 3512 am
3034 3456 3165 3510 viris
3193 3453 3474 3515 litteratis,
3503 3461 3565 3508 et
3591 3454 3792 3520 specia-

2193 3556 2318 3610 liter
2344 3552 2636 3609 venerabili
2692 3550 2810 3606 viro
2839 3549 3037 3605 domno
3075 3545 3283 3601 Joanne
3324 3545 3596 3614 episcOpo
3630 3543 3792 3611 Nape-

2192 3649 2311 3704 sino
2346 3646 2527 3702 donmi
2566 3661 2654 3716 pp.
2694 3643 2746 3698 in
2789 3641 2932 3698 Urbe
2970 3639 3171 3694 vicario
3208 3636 3477 3710 generali,
3517 3647 3581 3691 et
3619 3652 3791 3691 coram

2189 3738 2398 3794 Joanne
2433 3735 2824 3799 Omniasaneti,
2850 3732 3057 3788 Joanne
3097 3729 3400 3790 Laurentii,
3451 3727 3624 3783 Petro
3669 3730 3787 3782 Lau.

2194 3828 2373 3894 reutii,
2400 3826 2603 3884 Jacolto
2650 3823 2914 3887 Nicholai,
2959 3821 3352 3884 Otnniasancti,
3397 3828 3458 3874 et
3507 3819 3788 3873 Franciseti

2191 3919 2466 3974 Laurentii
2492 3916 2722 3972 Mancini
2747 3913 2970 3971 notariis
2995 3912 3222 3967 testibus
3247 3911 3455 3980 rogatis
3482 3909 3784 3965 auscultan-

2191 4013 2336 4068 tibus
2365 4009 2636 4074 videlicet,
2670 4007 2770 4062 uisi
2796 4005 2935 4062 forte
2956 4003 3136 4058 littera
3163 4002 3248 4056 vel
3279 4001 3494 4072 syllaba
3526 4015 3629 4070 per
3650 4015 3788 4054 erro-

2191 4120 2306 4162 rem
2336 4103 2712 4171 non.....quod
2727 4099 3008 4154 veritatem
3037 4094 3164 4152 dicti
3192 4093 3555 4148 instrumenti
3587 4099 3782 4144 mutare

2191 4208 2390 4271 posset,
2416 4207 2471 4252 et
2494 4195 2722 4250 fideliter
2752 4194 2802 4247 in
2837 4192 3102 4264 publicam
3130 4187 3363 4243 formam
3398 4187 3615 4257 redegi,
3649 4201 3777 4254 roga~

2191 4306 2276 4347 tus
2303 4293 2402 4347 sub
2425 4305 2567 4345 anno
2596 4286 2805 4343 Domini
2843 4283 3128 4340 millesimo
3167 4282 3567 4335 trecentesimo
3610 4291 3782 4334 octavo

2189 4385 2420 4445 (lCt‘llIlO,
2455 4380 2801 4451 pontiﬁcatus
2824 4376 3005 4432 domui
3031 4372 3259 4428 Joannis
3279 4371 3537 4426 vicesimi
3578 4366 3778 4426 secuturi

2191 4491 2362 4546 papae,
2393 4474 2502 4528 ind.
2536 4473 2728 4542 prima,
2763 4469 2964 4523 mensis
2991 4465 3190 4536 Aprilis
3226 4463 3315 4518 die
3337 4463 3432 4516 36.

2918 4583 3038 4638 XV.

2245 4723 2456 4767 JOANNIS
2492 4721 2634 4762 ΡᾹΡΕ
2696 4719 2767 4757 χιι
2829 4710 3172 4755 ΡΒΙῪΙΙμΙ-ῦῐυυ
3227 4709 3326 4748 PRO
3388 4704 3722 4747 IONASTIBJG

2685 4792 2730 4830 S.
2777 4787 2933 4827 PETRI
2979 4781 3278 4824 BIVOBENSI.

2792 4882 2972 4952 (Anno
3029 4879 3180 4947 963.)

2617 5000 2848 5072 [Origim
2877 4995 3054 5066 Guelf.
3081 4994 3170 5057 IV,

2193 5118 2570 5173 Monasterinm
2618 5112 2715 5168 SS.
2772 5109 2938 5174 Petri,
2978 5106 3226 5171 Joannis,
3283 5102 3415 5167 Vili,
3461 5101 3781 5172 Sapinia

2260 5191 2480 5266 Agmine
2532 5185 2857 5266 liis-arenae...
2889 5173 2932 5232 a7
2969 5177 3224 5266 .BJJJJRJg-g:
3237 5173 3779 5266 scandite.“

3625 5241 3750 5266 ι---
