3964 5356
149 235 291 294 1057

147 475 362 518 ,ιυΑΝΝιΒ
406 472 552 513 ΡΔΡΚ
594 473 668 512 XII
721 471 1051 513 ιιεςοιιιιιτωι
1113 473 1178 510 AD
1232 471 1510 513 EPISCOPOB
1556 471 1739 512 BYNODI

817 543 1068 584 ιιοιΙΑΝιε.

759 643 937 708 (Anno
992 643 1138 712 965.)

389 755 589 830 [Pertz.
622 753 864 810 Monum.
901 752 1079 810 Genu.
1111 753 1240 825 Leg.
1285 753 1346 818 II,
1383 751 1496 823 '50.]

219 873 329 928 Nos
358 869 660 925 audivimus
685 867 864 923 dicere
893 867 1018 937 quia
1049 881 1144 921 vos
1167 865 1326 920 vultis
1350 864 1515 919 alium
1543 879 1739 934 papam

150 964 356 1026 facere;
390 962 435 1016 si
465 961 568 1016 hoc
594 959 792 1024 facitis,
829 957 1239 1013 excommunlco
1270 972 1366 1012 vos
1398 957 1464 1011 de
1494 956 1604 1011 Deo
1625 970 1743 1009 om-

149 1049 412 1122 nipotenti
451 1089 466 1112 ,
507 1057 565 1102 ut
600 1061 706 1101 non
746 1047 993 1101 habeatis
1029 1046 1300 1100 lit-entiam
1355 1044 1557 1100 nullum
1597 1045 1737 1098 ordi-

152 1158 284 1197 uare
317 1151 370 1194 et
403 1140 622 1194 missam
649 1137 947 1192 celebrare.

812 1359 1091 1420 DUBIA.

870 1478 1026 1534 XVII.

154 1608 371 1648 JOANNIS
401 1607 546 1647 ΡΑΡΕ
576 1606 648 1644 XII
692 1605 948 1644 EPISTOLA
981 1605 1048 1641 AD
1077 1601 1314 1642 "MN-SEN
1358 1601 1740 1642 ARCHIPRESBY-

231 1679 432 1729 τειιυιι,
475 1676 713 1718 δοΑιιΝειι
765 1674 1039 1715 ΒΕΟυΝυυΜ
1094 1673 1163 1712 ET
1214 1672 1450 1717 JOANNSI
1503 1671 1742 1712 τειιτιυιι

227 1747 614 1788 ριιεδιςῐτιιιιοε.

777 1823 955 1890 (Anno
976 1818 1128 1889 957.)

503 1938 738 2010 [δίει-ἰπὶ,
771 1935 1000 2008 Diplom.
1040 1934 1257 2004 pontif.,
1282 1930 1398 2007 65.]

157 2077 164 2080 -
226 2052 460 2106 los-sses
491 2050 799 2120 episcopus,
827 2063 1016 2103 servus
1057 2060 1340 2102 servorum
1377 2045 1494 2108 Dei,
1539 2044 1746 2100 dilectis

158 2142 211 2194 in
239 2139 458 2194 Christo
498 2138 622 2192 ﬁliis
650 2136 840 2191 JOANNI
868 2135 1120 2206 religioso
1167 2133 1662 2204 archipresbytero,
1693 2141 1746 2186 et

161 2235 356 2285 Joasst
416 2229 674 2294 secundo,
719 2237 881 2296 atque
908 2225 1098 2280 30mm
1137 2224 1298 2281 tertio
1342 2223 1608 2293 religiosis
1632 2236 1751 2292 pre-

157 2323 392 2394 sbyteris
415 2329 575 2390 atque
601 2319 719 2389 ejus
744 2316 1108 2374 confratribns
1148 2313 1451 2384 vestrisque
1472 2327 1749 2370 successo-

119 2479 134 2494 υ
161 2413 311 2468 ribus
341 2413 393 2466 in
419 2422 768 2482 perpetuum.

231 2525 500 2578 Convenit
570 2521 866 2594 apostolico
927 2521 1280 2577 mo.leramini
1327 2520 1414 2591 pia
1495 2521 1751 2592 religione

159 2617 488 2688 patientibus
524 2612 782 2669 benevola
809 2603 1182 2682 cbmpassione
1226 2625 1548 2666 succurrere
1576 2620 1631 2665 et
1658 2626 1754 2681 pc—

165 2706 393 2761 tentium
438 2705 634 2760 animis
672 2702 1079 2758 desiderabilem
1130 2700 1393 2770 impertiri
1443 2716 1745 2756 assensum.

165 2795 319 2851 Tunc
363 2796 509 2850 enim
581 2793 923 2866 potissimum
972 2791 1251 2863 praemium
1306 2791 1446 2860 apud
1499 2791 1745 2846 omnium

166 2897 444 2942 auctorem
491 2885 769 2956 reponitur
799 2881 968 2938 Deum
1017 2881 1230 2952 quando
1266 2882 1591 2936 venerabilia
1636 2881 1753 2938 loca

165 2989 471 3051 opportune
507 2980 755 3036 ordinata
793 2977 860 3033 ad
914 2977 1190 3033 meliorem
1221 2974 1421 3032 fuerint
1445 2977 1561 3032 sine
1591 2974 1754 3030 dubio

1316 229 1670 286 EPISTOLIE
1709 230 1796 286 ET
1835 228 2234 285 PRIV'ILEGIA.

3282 224 3419 280 l058

1765 346 1816 417 Α
1843 344 1994 412 Quod
2023 345 2068 399 si
2100 344 2444 414 conspexerit
2475 359 2571 398 nos
2619 344 2844 396 devotos
2889 356 3012 408 erga
3045 353 3200 392 suum
3243 337 3418 392 servi-

1845 440 2002 505 tium,
2026 453 2123 509 per
2148 437 2288 493 illius
2311 437 2756 493 interventioncm
2781 433 3210 506 promerehimus
3227 431 3422 487 evade-

1845 547 1902 586 re
1947 529 2246 601 gebcnnale
2291 529 2632 600 supplicium.
2689 527 2806 582 Non
2869 526 3014 581 enim
3059 523 3208 594 parvi
3264 522 3422 591 pretii

1843 639 1977 692 Opus
2000 622 2102 677 sibi
2132 629 2374 676 reservat
2400 621 2670 691 prrecipue
2706 634 2830 674 cum
2853 618 3066 689 azylum
3099 615 3258 675 illius,
3281 611 3426 682 quod

1843 731 2015 786 usque
2055 715 2319 771 hactenus
2378 714 2587 769 exstitit
2626 715 2804 777 breve,
2863 729 2892 766 a
2941 710 3292 764 fundamento
3344 714 3428 758 est

1843 806 2102 878 praeclaro
2133 819 2296 875 opere
2337 811 2730 869 constructum,
2761 813 2813 858 et
2860 803 2912 856 in
2943 800 3284 855 altitudinem
3314 796 3427 850 ele-

1843 906 2024 952 vatum
2051 897 2285 968 atquein
2316 895 2652 950 latitudinem
2679 905 2985 950 extensum.
3016 892 3082 947 Et
3102 891 3244 960 quod
3271 897 3427 942 antea

1844 986 2126 1042 videbatur
2150 987 2418 1051 strictum,
2447 994 2502 1040 et
2545 987 2860 1046 obscenum,
2895 998 3036 1038 nune
3079 981 3261 1036 divina
3294 993 3429 1047 pra:-

1842 1087 2004 1132 cunte
2057 1079 2342 1133 clementia
2385 1079 2716 1148 conspicitur
2757 1077 2964 1132 clarqu
3008 1083 3063 1130 et
3119 1071 3427 1144 pulchrum.

1843 1170 1999 1225 Sicut
2023 1170 2165 1224 enim
2189 1170 2437 1226 eumdem
2468 1170 2676 1242 asylum
2713 1169 2780 1224 ad
2809 1165 3276 1223 honoriﬁcentiam
3313 1177 3430 1214 om-

1843 1262 2137 1334 nipotentis
2173 1261 2268 1316 Dei
2306 1270 2360 1316 et
2403 1262 2778 1332 pretiosissimi
2831 1257 3138 1331 Tryphouis
3177 1253 3434 1324 martyris

1847 1362 1926 1407 est
1953 1361 2257 1422 peractum,
2293 1353 2364 1406 ita
2389 1352 2594 1422 optima
2633 1350 2905 1406 domicilia
2934 1359 2990 1404 et
3011 1349 3149 1415 bene
3174 1346 3430 1400 decorata

1844 1443 2119 1498 invenient
2142 1457 2332 1498 omnes
2358 1441 2410 1496 in
2456 1441 2661 1497 caelesti
2691 1440 2888 1510 patria,
2935 1438 3028 1509 qui
3057 1438 3108 1491 in
3141 1434 3283 1490 illius
3313 1447 3435 1487 erc-

1842 1533 2022 1588 ctione
2058 1533 2317 1603 prodesse
2347 1533 2688 1587 studuerunt.
2728 1530 2938 1586 Gaudet
2963 1528 3108 1583 enim
3165 1527 3277 1595 ipse
3300 1522 3437 1578 emi-

1845 1622 2196 1677 nentissimus
2225 1630 2432 1694 martyr
2468 1636 2591 1676 cum
2619 1621 2858 1687 Christo,
2899 1618 3206 1690 gaudebunt
3233 1622 3287 1669 et
3315 1627 3434 1667 om—

1772 1701 1818 1761 B
1848 1725 1943 1766 nes
1973 1711 2116 1766 illius
2142 1711 2536 1782 servitoresqui
2568 1719 2722 1780 grata
2751 1711 2820 1765 illi
2851 1707 3167 1780 impendunt
3191 1704 3433 1760 servitia.

1847 1800 2001 1858 Sicut
2040 1803 2185 1858 enim
2235 1803 2478 1873 quotidie
2504 1803 2559 1856 in
2587 1803 2742 1858 nobis
2792 1806 3106 1856 accrescunt
3134 1794 3304 1851 nostri
3337 1793 3440 1846 Be—

1846 1893 2147 1964 demptoris
2164 1893 2449 1958 beneﬁcia,
2472 1893 2545 1948 ita
2571 1907 2700 1962 erga
2730 1891 2898 1963 ipsius
2916 1889 3202 1945 ecclesiam
3234 1900 3263 1940 a
3285 1883 3439 1940 nobis

1848 1981 2078 2052 plurima
2105 1982 2305 2036 debent
2350 1983 2466 2036 ﬁeri
2511 1981 2791 2051 obsequia.
2835 1979 3182 2036 Cloriﬁcetur
3224 1988 3442 2044 quoque

1849 2073 1990 2128 Deus
2037 2087 2135 2142 per
2169 2086 2268 2127 nos
2324 2070 2556 2127 famulos
2591 2073 2643 2126 in
2694 2087 2760 2126 ea
2823 2081 2882 2126 ut
2933 2078 3155 2126 sanctus
3211 2077 3437 2138 martyr,

1850 2181 1948 2236 pro
1973 2163 2127 2233 cujus
2148 2179 2334 2219 amore
2361 2173 2445 2219 est
2482 2172 2816 2229 constructa,
2851 2163 2952 2217 sibi
2981 2161 3251 2229 subjectos
3271 2158 3447 2213 famn-

1851 2255 1930 2310 los
1958 2255 2128 2310 Deum
2156 2254 2492 2310 laudantium
2531 2254 2599 2308 ad
2623 2261 2882 2308 aeternam
2910 2249 3170 2320 perducat
3191 2247 3441 2318 gloriam.

1851 2346 2062 2401 Pariter
2105 2345 2494 2400 conﬁrmamus
2556 2343 2710 2398 vobis
2749 2351 2803 2396 et
2867 2347 3062 2397 vestra:
3120 2338 3233 2408 jam
3283 2337 3438 2391 dicta:

1853 2437 2105 2494 Ecclesia!
2135 2437 2308 2493 sancti
2349 2435 2656 2508 Tryphonis
2684 2433 2982 2490 oratorium
3035 2429 3178 2500 quod
3204 2425 3442 2482 aediﬁca-

1855 2541 1970 2586 tum
2014 2538 2100 2586 est
2130 2529 2190 2584 in
2237 2530 2442 2585 honore
2488 2527 2663 2582 sancti
2707 2524 2967 2597 Stephani
2999 2519 3438 2592 protomartyris.

1855 2636 1976 2677 cam
2007 2619 2158 2676 libris
2187 2627 2242 2674 et
2265 2616 2601 2673 ornamentis
2633 2615 2800 2686 ipsius
2827 2611 3051 2669 oratorii
3088 2620 3144 2666 et
3185 2607 3456 2678 porticale-

1851 2712 2003 2782 juxta
2035 2725 2092 2765 sc
2117 2719 2172 2765 et
2202 2717 2346 2764 terra
2382 2716 2609 2762 vacante
2631 2705 2698 2760 ad
2723 2702 3091 2759 tumulandum
3133 2699 3186 2753 in
3213 2697 3459 2753 circuitu

1856 2818 1972 2860 suo.
2002 2802 2134 2858 Item
2165 2801 2550 2856 confirmamus
2572 2797 2726 2853 vobis
2760 2805 2928 2852 totam
2972 2791 3303 2864 pusterulam
3327 2806 3462 2858 qna:-

1857 2902 2081 2949 vocatur
2103 2907 2134 2946 a
2163 2891 2306 2955 Pila,
2337 2905 2460 2946 cum
2489 2889 2600 2958 ipsa
2646 2887 2753 2958 pila
2780 2901 2900 2956 qua:
2921 2885 3022 2940 sita
3064 2891 3149 2938 est
3184 2880 3322 2935 infra
3352 2879 3451 2932 llu-

1858 2999 1981 3038 mcn
2017 2982 2230 3038 Tiberis
2257 2983 2310 3035 in
2341 2981 2453 3050 ipsa
2485 2976 2779 3050 pusterula,
2803 2991 2923 3031 cum
2947 2989 3085 3044 aqua
3113 2972 3181 3026 ad
3207 2971 3462 3040 aquimo-—

167 3079 373 3125 statum
429 3067 708 3141 perducta.
765 3066 934 3138 igitur
979 3067 1105 3137 quia
1159 3065 1476 3137 postulastis
1520 3080 1550 3119 a
1601 3063 1755 3119 nobis

1860 3075 1969 3130 lum
2021 3072 2443 3130 construendum
2493 3080 2550 3126 et
2593 3086 2716 3126 cum
2761 3068 2878 3139 ripa
2935 3067 3104 3138 ipsius
3160 3062 3452 3136 pusterula:

168 3168 440 3231 'quatenns
509 3159 930 3215 concederemus
989 3167 1044 3213 et
1097 3157 1542 3212 conﬁrmaremus
1605 3155 1760 3209 vobis

169 3255 478 3324 vestrisque
542 3252 950 3309 successoribus
998 3250 1284 3307 ecclesiam
1337 3251 1512 3306 sancti
1555 3248 1758 3305 Christi

173 3344 432 3415 martyris
473 3341 764 3414 Triphonis
806 3356 926 3397 esse
955 3349 1125 3396 tutam
1184 3350 1240 3395 et
1265 3339 1491 3395 liberam
1517 3340 1586 3393 ab
1611 3339 1760 3394 onmi

171 3435 516 3490 condictione
569 3449 692 3488 cum
744 3431 993 3486 omnibus
1023 3445 1142 3500 quae
1191 3430 1258 3484 ad
1288 3444 1407 3483 eam
1453 3428 1757 3498 pertinent;

171 3541 296 3592 qua:
327 3539 422 3593 per
444 3523 817 3577 Crescentium
863 3519 1255 3575 nobilissimum
1305 3518 1562 3574 Romana:
1613 3517 1764 3572 urbis

173 3612 515 3687 praefectum,
560 3627 655 3666 seu
689 3624 785 3680 per
814 3618 1039 3663 caeteros
1079 3608 1320 3677 ejusdem
1348 3607 1592 3662 ecclesia:
1637 3607 1765 3660 vici-

174 3721 277 3760 nos
302 3720 332 3758 a
363 3703 575 3758 noviter
595 3712 678 3758 est
707 3707 1037 3757 constructa.
1066 3699 1342 3770 Siquidem
1368 3713 1466 3768 per
1497 3699 1765 3753 interven-

178 3799 380 3852 tionem
407 3793 760 3864 suprascripti
807 3791 903 3846 ﬁlii
933 3791 1101 3846 nostri
1123 3790 1420 3846 Crescentii
1444 3788 1768 3861 gloriosissi-

179 3886 252 3940 tni
309 3883 546 3955 prazfecti
607 3884 721 3954 jam
779 3881 980 3937 dictam
1029 3880 1316 3936 ecclesiam
1380 3877 1765 3934 confirmamus

178 3973 331 4029 vobis
361 3973 661 4042 vestrisque
687 3971 1094 4027 successoribus
1116 3984 1212 4041 per
1233 3969 1334 4024 hoc
1357 3977 1557 4024 nostra:
1581 3977 1768 4023 aucto-

181 4065 357 4119 ritatis
395 4063 754 4134 privilegium,
797 4062 872 4116 ita
921 4069 980 4114 ut
1021 4059 1410 4131 perpetualiter
1455 4058 1508 4114 in
1550 4073 1613 4112 ea
1644 4072 1765 4130 per~

181 4157 466 4220 maneatis,
505 4165 669 4228 atque
714 4156 1025 4226 perenniter
1073 4154 1258 4210 laudes
1298 4162 1503 4211 aeterno
1542 4155 1651 4210 Deo
1683 4169 1768 4208 re-

181 4245 391 4312 feratis,
420 4262 450 4298 a
481 4247 730 4316 praesenti
767 4246 953 4316 quinta
982 4245 1275 4299 indictione
1295 4245 1446 4300 vobis
1467 4245 1768 4314 vestrisque

178 4337 585 4392 successoribus
612 4338 963 4391 concedimus
1011 4335 1375 4390 detinendam.
1418 4335 1474 4389 lu
1503 4336 1590 4390 die
1619 4336 1763 4390 enim

1864 3175 2025 3237 atque
2046 3163 2358 3235 percipiatis
2397 3163 2520 3218 inde
2549 3160 2832 3231 ripaticum
2884 3174 2913 3213 a
2939 3157 3213 3230 pusterula
3252 3165 3454 3211 sanctae

1863 3257 2040 3312 Luciae
2087 3270 2256 3324 usque
2281 3253 2346 3309 ad
2387 3253 2717 3324 pusterulam
2765 3250 2936 3307 sancti
2972 3249 3208 3316 Martini,
3246 3257 3454 3302 etcum

1865 3347 2115 3402 omnibus
2139 3346 2205 3400 ad
2237 3345 2412 3413 ipsum
2444 3342 2745 3397 oratorium
2789 3340 3206 3411 pertinentibus.
3235 3337 3454 3392 Posses-

1864 3440 2070 3494 sionem
2103 3438 2156 3492 in
2192 3437 2413 3507 regione
2442 3433 2839 3505 Campomartis
2863 3432 3038 3500 ’juxta
3078 3420 3325 3486 eamdem
3355 3445 3455 3500 pu-

1865 3529 2121 3584 sterulam
2155 3543 2276 3599 quae
2321 3541 2350 3581 a
2373 3525 2502 3598 pila,
2548 3533 2605 3580 et
2630 3525 2774 3580 inter
2802 3517 2990 3578 afﬁnes
3026 3537 3055 3577 a
3082 3523 3257 3594 primo
3288 3521 3456 3576 latere

1866 3626 1920 3673 et
1951 3617 2063 3687 ipsa
2091 3615 2384 3687 pusterula,
2411 3631 2440 3670 a
2464 3613 2704 3671 secundo
2747 3612 2915 3667 latere
2941 3621 3028 3667 est
3066 3612 3252 3667 alveus
3279 3610 3456 3666 ﬁumi-

1867 3709 1973 3774 nis,
2002 3722 2032 3762 a
2063 3707 2222 3764 tertio
2251 3706 2418 3762 latere
2447 3721 2637 3762 murus
2675 3703 2915 3761 civitatis
2936 3713 2993 3758 et
3016 3703 3207 3758 domus
3234 3701 3472 3759 Joannis.

1868 3795 2243 3862 mansionarii,
2285 3812 2314 3849 a
2363 3803 2557 3864 quarto
2584 3795 2754 3848 latere
2798 3802 2880 3848 est
2915 3792 2999 3846 via
3043 3792 3277 3863 publica,
3319 3793 3458 3847 sicut

1868 3901 2030 3956 supra
2060 3886 2295 3956 scriptus
2340 3885 2685 3941 Crescentius
2731 3883 3098 3938 nobilissimus
3129 3883 3278 3937 urhis
3316 3899 3456 3953 prte-

1867 3978 2041 4034 fecttts
2070 3979 2272 4033 dictum
2311 3977 2608 4034 oratorium
2659 3975 2833 4030 sancti
2887 3977 3302 4047 protomartyris
3333 3975 3455 4030 Ste—

1868 4066 2034 4136 phani
2067 4081 2096 4120 a
2126 4066 2232 4136 pila
2257 4081 2353 4137 per
2382 4064 2691 4121 donationis
2719 4063 2984 4117 cartulam
3014 4065 3167 4132 vobis
3206 4077 3262 4120 et
3295 4079 3457 4134 supra

1869 4160 2084 4230 scripta:
2129 4159 2372 4214 ecclesia:
2421 4157 2643 4212 donavit
2690 4164 2853 4224 atque
2881 4157 3170 4221 concessit,
3225 4158 3303 4212 sic
3333 4170 3457 4210 eum

1871 4261 2042 4308 tutum
2110 4261 2163 4306 et
2209 4251 2433 4304 liberum
2511 4250 2578 4304 ab
2627 4250 2772 4304 omni
2841 4249 3153 4306 conditione
3229 4248 3456 4302 aliarum

1870 4343 2220 4398 ecclesiarum
2249 4350 2357 4396 tam
2387 4341 2772 4412 temporalibus
2797 4357 2958 4413 quam
2987 4340 3152 4396 etiam
3197 4320 3456 4408 spiritua-

178 4440 352 4480 sacrae
379 4424 735 4481 dedicationis
773 4423 1012 4492 ejusdem
1046 4425 1310 4491 ecclesiae,
1337 4441 1458 4480 cum
1489 4426 1767 4480 sanctissi-
1791 4404 1843 4465 Ῑ)
1871 4431 2009 4487 libus
2039 4432 2200 4487 rebus
2239 4445 2362 4486 cum
2394 4404 2783 4502 tota-parochia
2813 4404 2925 4488 sua
2972 4440 3032 4488 et
3064 4404 3317 4484 omnibus
3347 4428 3460 4482 suis

181 4535 328 4574 mum
378 4533 573 4588 corpus
627 4518 772 4574 beati
835 4517 1143 4590 Tryphonis
1215 4519 1472 4589 martyris
1531 4519 1768 4589 propriis

182 4611 384 4666 nostris
414 4611 660 4665 manibus
683 4611 879 4665 ibidem
907 4611 1345 4674 reconderemus,
1362 4610 1763 4680 promulgatum

180 4712 261 4755 est
309 4717 338 4754 a
371 4701 525 4756 nobis
591 4709 649 4754 ut
694 4700 1147 4770 quemadmodum
1203 4700 1424 4770 reliqua:
1487 4699 1768 4755 catholica:

184 4793 438 4849 Ecclesia:
455 4792 591 4847 infra
612 4792 910 4848 Romanam
925 4793 1114 4847 urbem
1139 4793 1487 4850 honorabiles
1501 4793 1762 4859 existunt,

183 4883 430 4938 similiter
457 4893 512 4939 et
533 4885 646 4956 ipsa
687 4883 967 4939 consistat.
1015 4883 1243 4955 Dignum
1301 4899 1534 4957 namque
1571 4894 1655 4939 est
1710 4894 1769 4938 ut

184 4985 371 5031 sancto
397 4977 620 5049 martyri
649 4976 923 5048 Tryphoni
949 4993 1072 5033 cum
1125 4994 1333 5034 summa
1365 4979 1650 5036 devotione
1690 4977 1768 5030 fa-

185 5071 467 5136 mulemur,
521 5082 579 5127 et
619 5070 846 5124 ecclesia
888 5087 1008 5143 qua:
1049 5073 1150 5128 sub
1180 5072 1298 5144 ejus
1348 5074 1568 5130 nomine
1589 5071 1766 5126 omni-

182 5163 382 5233 potenti
409 5162 520 5219 Deo
540 5173 593 5221 et
615 5161 885 5216 attitnlata
909 5177 940 5216 a
961 5164 1118 5221 nobis
1135 5175 1188 5221 et
1212 5181 1241 5220 a
1267 5169 1470 5224 nostris
1492 5176 1767 5222 successo-

181 5256 327 5310 r.bus
366 5253 608 5312 debitum
661 5255 922 5308 honorem
967 5258 1217 5326 recipiat,
1263 5268 1426 5329 atque
1476 5261 1532 5315 in
1567 5255 1764 5310 indicta

1871 4525 2180 4580 tenimentis
2229 4533 2285 4580 et
2331 4525 2692 4594 pertinentiis,
2723 4525 2866 4581 sicut
2893 4541 3057 4597 supra
3100 4523 3304 4576 dictttm
3352 4528 3457 4581 est,

1869 4613 2024 4668 vobis
2044 4623 2098 4667 et
2131 4623 2324 4668 vestrae
2343 4613 2586 4670 ecclesia:
2615 4616 2964 4671 concedimus
2990 4623 3044 4670 et
3073 4609 3474 4666 conﬁrmamus.

1869 4706 2287 4776 inperpetuum.
2329 4704 2647 4761 Nostrorum
2697 4708 2864 4761 etiam
2917 4715 3293 4762 successorum
3331 4715 3461 4767 pou-

1872 4797 2076 4851 tiﬁcum
2104 4798 2412 4868 quicunque
2434 4799 2548 4853 vice
2590 4799 2729 4853 beati
2754 4798 2899 4854 Petri
2926 4793 3292 4869 apostolorum
3317 4792 3465 4860 prin-

1873 4891 2008 4962 cipis
2036 4889 2184 4963 [ιιηεί
2224 4893 2484 4947 meruerit
2523 4890 2768 4946 volumus
2797 4902 2962 4962 atque
2987 4903 3084 4961 per
3113 4884 3466 4954 apostolicam

1873 4981 2251 5035 auctoritatem
2291 4981 2566 5052 jubemus,
2607 4987 2666 5034 ut
2712 4981 2857 5036 nulla
2898 4977 3188 5039 occasione
3236 4974 3321 5029 vel
3349 4975 3472 5030 dolo

1873 5071 1976 5128 hoc
2006 5069 2346 5141 privilegium
2374 5080 2572 5128 nostra:
2595 5073 2965 5129 concessionis
3007 5079 3063 5125 et
3099 5063 3470 5121 conﬁrmatio-

1873 5168 1958 5222 nis
1993 5165 2332 5234 immutetur,
2380 5174 2472 5221 aut
2524 5163 2704 5232 aliquo
2733 5167 2898 5222 modo
2941 5162 3193 5221 violetur.
3237 5153 3296 5210 Si
3356 5159 3480 5229 quis

1873 5265 2078 5322 autem,
2128 5255 2272 5325 quod
2323 5273 2430 5314 non
2477 5252 2771 5318 credimus,
2824 5251 3152 5314 temerarius
3200 5249 3478 5328 exstiterit
3549 5325 3554 5330 ς
