3964 5356
590 332 729 388 1039

1896 330 2177 391 ΙΟΑΝΝΙΒ
2216 325 2419 386 ΡΑΡΑΞ
2461 323 2554 382 χιι

3693 340 3791 396 1910

588 452 827 520 potentis
851 461 907 507 et
933 454 1212 510 beatorum
1242 456 1387 513 Petri
1436 469 1491 514 ct
1519 458 1669 514 Pauli
1714 476 1775 514 ac
1806 470 1987 515 nostra
2022 457 2175 527 cujus
2205 462 2249 521 Α
2279 457 2666 522 concedamus,
2690 454 3263 526 utsuhjurisdicttone
3292 462 3493 509 sancta:
3515 465 3707 516 nostra,
3729 456 3793 510 cui

590 542 867 614 fungimur
934 546 1286 604 vicariatione
1339 551 1701 608 anatltematis
1775 552 1988 608 vinculo
2054 566 2175 607 esse

592 634 927 701 iuuodatum,
958 646 1011 693 et
1045 654 1075 693 a
1107 654 1272 711 regno
1302 640 1391 696 Dei
1422 642 1679 711 alienttm,
1717 660 1840 701 eum
1882 642 2095 700 diabolo
2123 651 2178 700 et

591 727 710 796 eius
732 730 1088 787 atrocissimis
1118 734 1331 803 pompis
1350 742 1510 804 atque
1535 734 1671 791 Iuda
1705 737 1967 791 traditore
1998 736 2180 791 Domi-

593 821 647 875 ni
675 822 843 877 nostri
868 821 997 879 Iesu
1023 822 1225 881 Christi
1267 828 1456 882 aeterni
1494 829 1739 899 supplicii
1779 829 2030 885 incendio
2052 844 2182 884 con-

591 914 963 969 cremandum.
999 915 1101 983 Qui
1154 932 1285 971 vero
1311 920 1400 988 pio
1427 919 1621 974 intuitu
1662 928 1844 975 custos
1887 930 1944 975 ct
1988 920 2180 976 obser-

593 1011 749 1057 vator
773 1004 1044 1059 exstiterit
1068 1005 1227 1077 hujus
1255 1017 1453 1063 nostra:
1491 1010 1802 1079 apostoliczc
1834 1010 2181 1065 constitutio-

594 1092 679 1148 nis
708 1094 997 1164 privilegii,
1046 1095 1437 1153 benedictionis
1464 1099 1693 1168 gratiam
1741 1114 1769 1153 a
1812 1099 1960 1169 justo
2000 1097 2184 1167 judice

599 1183 829 1239 Domino
864 1185 973 1240 Deo
998 1196 1051 1241 ct
1079 1187 1362 1244 Salvatore
1409 1198 1591 1243 nostro
1629 1188 1755 1245 Jesn
1792 1190 2032 1257 Christo,
2065 1198 2119 1244 et
2152 1204 2182 1244 a

601 1285 786 1331 sancta
815 1277 1078 1347 genitrice
1104 1279 1222 1350 ejus
1249 1280 1458 1348 virgine
1501 1280 1687 1345 Maria,
1724 1281 2000 1351 vitamque
2028 1290 2187 1337 teter-

595 1382 723 1421 naut
769 1383 891 1423 cum
922 1369 1175 1424 omnibus
1215 1371 1420 1426 sanctis
1471 1379 1526 1425 ct
1580 1370 1771 1426 electis
1802 1370 1895 1425 Dei
1925 1370 2184 1442 consequi

599 1469 876 1516 mereatur
904 1460 1182 1528 in.srecula
1210 1463 1550 1519 saeculorum.
1576 1465 1771 1521 Amen.

1302 1574 1488 1631 XVIII.

601 1698 770 1740 ιιυιιΑ
818 1700 1036 1743 ,ιολιωιε
1084 1704 1229 1743 ΡΑΓᾸΞ
1286 1705 1365 1743 χιι
1412 1704 1513 1745 1³ηο
1563 1704 1903 1747 ιιοδλετειιιο

1102 1775 1253 1815 NENSI
1307 1776 1353 1815 Β.
1395 1776 1686 1818 VINCENTII.

1229 1870 1386 1927 Anno
1422 1869 1571 1942 962.)

673 1979 857 2054 [Apud
889 1982 1170 2040 Muratori.
1204 1983 1326 2040 Rer.
1369 1984 1500 2041 Ital.
1551 1984 1745 2057 Script.
1778 1985 1820 2052 l,
1871 2002 1933 2050 It,
1958 1985 2113 2059 4η]

676 2094 913 2152 Joannes
962 2099 1271 2169 episcopus,
1316 2115 1506 2154 servus
1532 2114 1813 2155 servorum
1861 2101 1974 2165 Dei,
2004 2098 2187 2156 Picto

607 2187 906 2243 venerabili
957 2189 1162 2252 abbati,
1199 2199 1255 2244 et
1306 2190 1638 2245 monasterio
1692 2191 1866 2245 sancti
1916 2188 2186 2244 Vincentii

603 2278 865 2349 martyris
884 2278 1084 2333 Christi
1112 2280 1276 2334 situm
1307 2295 1474 2351 super
1500 2280 1702 2336 fontem
1729 2280 1978 2336 Vulturni
2013 2279 2192 2334 ﬂumi-

607 2367 713 2431 nis,
753 2367 1002 2437 partibus
1043 2367 1300 2435 Samnite,
1358 2370 1634 2427 territorio
1674 2370 2073 2435 Beneventano,
2136 2377 2193 2425 et

602 2476 702 2532 per
730 2470 782 2518 te
814 2462 867 2517 in
897 2462 1085 2519 eodem
1118 2464 1412 2519 venerabili
1464 2464 1795 2520 monasterio
1841 2464 1948 2521 tuis
1976 2479 2194 2521 succes-

602 2554 822 2609 soribus
850 2554 1174 2626 regulariter
1193 2556 1583 2627 promovendis
1613 2556 1667 2611 in
1698 2566 2044 2628 perpetuum.

677 2645 812 2701 Cum
846 2661 1042 2716 magna
1088 2648 1244 2704 nobis
1272 2647 1639 2704 sollicitudine
1680 2664 1811 2704 cura
1862 2650 2067 2706 insistit
2096 2665 2196 2725 pro

606 2738 881 2794 universis
918 2739 1012 2794 Dei
1071 2739 1317 2796 ecclesiis
1342 2756 1404 2796 ac
1431 2741 1533 2811 piis
1573 2740 1707 2797 locis
1735 2742 2094 2814 vigilandum,
2128 2757 2196 2798 ne

606 2827 846 2897 aliquam
897 2830 1238 2885 necessitatis
1266 2831 1539 2902 jacturam
1568 2834 1898 2898 sustineant,
1930 2824 2025 2889 sed
2082 2849 2197 2888 ma-

609 2917 692 2988 gis
718 2917 935 2989 propria
982 2918 1237 2994 utilitate.
1270 2920 1538 2991 stipendia
1601 2932 2031 2993 consequantur,
2076 2923 2197 2979 ideo

609 3009 867 3064 convenit
894 3024 993 3065 nos
1016 3004 1272 3081 pastorali
1302 3020 1412 3066 tota
1434 3013 1631 3068 mentis
1653 3013 1965 3085 integritate
1981 3029 2201 3071 eorum-

611 3098 734 3154 tlem
764 3100 1150 3154 venerabiliutn
1198 3100 1440 3157 locorum
1481 3102 1715 3159 maxime
1751 3102 2066 3159 stabilitatis
2109 3104 2192 3159 in-

1951 1706 2189 1747 VULTUB-

2281 549 2391 606 Deo
2413 560 2638 605 auctore
2659 548 3019 613 deservimus,
3038 546 3299 609 ecclesiae,
3322 546 3473 600 vobis
3488 546 3793 608 detinendam,

2280 640 2484 697 nullius
2532 640 2758 696 alterius
2787 639 3031 696 ecclcsm
3055 637 3523 709 jurisdictiouibus
3570 638 3799 693 submitta-

2282 740 2388 788 tur.
2420 732 2525 787 Pro
2550 747 2656 802 qua
2706 748 2763 787 re
2792 732 2897 803 piis
2920 731 3207 787 desideriis
3251 729 3511 794 faventes,
3545 729 3637 784 hac
3660 739 3797 783 nostra

2281 826 2630 892 auctoritate,
2677 825 2821 895 quod
2865 824 3163 895 exposcitis
3199 822 3586 893 mancipamus.
3625 821 3684 875 Et
3714 823 3801 875 ideo

2283 916 2637 972 concedimus
2681 916 2856 979 vobis,
2886 916 3193 985 vestrisque
3222 909 3620 969 successoribus
3643 911 3800 965 abbati-

2284 1008 2386 1064 bus
2413 1008 2690 1063 licentiam
2722 1006 3032 1077 apostolica:
3052 1007 3198 1062 sedis
3227 1015 3451 1066 nostrae,
3483 1013 3540 1056 ut
3564 1002 3799 1072 quamlibet

2283 1098 2753 1153 Christianitatcm
2796 1097 3165 1170 indigentibus
3219 1097 3273 1151 in
3312 1094 3540 1166 ιιι-κτρα)
3571 1092 3805 1148 venerabiit

2286 1191 2638 1255 monasterio,
2681 1190 2861 1260 qualis
2893 1189 3180 1259 cpiscopus
3211 1186 3363 1242 vobis
3414 1186 3485 1241 ad
3534 1185 3802 1240 invitandnm

2286 1283 2366 1339 ire
2387 1282 2693 1348 volueritis,
2726 1283 2961 1337 habendi
2992 1290 3314 1351 potestatem
3343 1278 3644 1334 omnimodo
3664 1291 3808 1332 concr-

2286 1374 2486 1439 ditnus,
2511 1372 2579 1427 ad
2611 1372 2875 1428 ecclesias
2914 1371 3340 1435 consecrandas,
3372 1377 3429 1422 et
3449 1367 3678 1424 similiter
3696 1367 3805 1421 ordi-

2289 1463 2564 1519 nationem
2593 1463 2659 1518 de
2700 1460 3119 1517 subdiaconihus
3160 1468 3216 1515 et
3247 1458 3567 1515 diaconihus
3598 1473 3680 1528 per
3710 1464 3805 1511 tem-

2289 1572 2419 1626 pora
2453 1556 2778 1621 faciendam,
2808 1562 2861 1609 et
2882 1552 2949 1608 de
2979 1552 3128 1607 omni
3168 1550 3340 1622 gradu
3365 1548 3716 1607 ecclesiastico
3736 1546 3809 1599 ibi-

2289 1643 2412 1701 dem
2445 1644 2505 1699 iu.
2531 1654 2780 1715 tempora
2806 1642 3158 1713 implendum.
3184 1641 3563 1699 Protestamur
3588 1638 3746 1701 etiam,
3764 1648 3805 1690 Il

2291 1735 2471 1791 nullus
2529 1734 2817 1806 episcopus
2856 1734 3054 1790 exinde
3107 1732 3301 1789 debeat
3367 1731 3725 1787 subdiacooem
3762 1727 3808 1781 ad

2218 1810 2261 1871 Β
2292 1842 2444 1884 suam
2500 1825 2765 1897 synodum
2811 1837 3130 1895 provocare,
3180 1823 3283 1878 nisi
3315 1837 3414 1878 sua
3473 1814 3631 1876 fuerit
3653 1819 3809 1891 propria

2294 1917 2571 1982 voluntas,
2630 1926 2725 1971 aut
2759 1915 3039 1981 abbatem,
3070 1914 3154 1970 vel
3180 1914 3514 1970 monachum
3552 1912 3682 1968 nullo
3700 1911 3815 1967 modo

2285 2008 2556 2083 judicare,
2593 2007 2679 2064 vel
2726 2007 3221 2063 excommunicare.
3284 2005 3552 2061 Volumus
3589 2004 3742 2064 etiam,
3778 2013 3815 2056 et

2297 2100 2657 2172 apostolicam
2692 2099 3026 2170 injungimus
3053 2098 3437 2154 auctoritatem
3473 2095 3623 2151 vobis
3652 2093 3820 2150 vestris-

2293 2207 2399 2262 que
2449 2189 2869 2248 successoribus
2907 2188 3220 2255 abbatibus,
3249 2188 3343 2259 qui
3397 2186 3602 2243 ibidem
3638 2186 3682 2239 in
3719 2194 3815 2239 teut-

2293 2300 2425 2356 pore
2465 2282 2702 2342 ordinati
2745 2281 2972 2346 fuerint,
3004 2290 3063 2335 ut
3084 2282 3129 2336 si
3158 2280 3446 2343 sacerdos,
3479 2277 3564 2333 vel
3599 2276 3818 2333 clericide

2293 2392 2618 2450 quacunque
2645 2374 2878 2431 ecclesia
2900 2372 3148 2430 venerint
3170 2372 3238 2427 ad
3265 2370 3627 2426 habitandum
3649 2381 3818 2439 coagm-

2295 2470 2572 2541 gatiouem
2633 2466 2887 2529 fratrum,
2920 2466 3038 2520 sive
3110 2462 3503 2519 monachicum
3555 2455 3818 2526 suscipiendi

2298 2561 2539 2618 habitum
2570 2574 2629 2615 se
2658 2555 3012 2619 contulerint,
3036 2554 3222 2611 statim
3250 2552 3607 2624 recipiantur.
3628 2548 3819 2603 Cbrisuu

2296 2670 2455 2719 vero,
2473 2662 2528 2709 et
2576 2654 2847 2711 ﬁrmatam
2902 2666 2931 2704 a
2967 2647 3112 2720 quali
3163 2647 3427 2718 episcopo
3451 2642 3823 2700 vobis-voluntas

2302 2747 2470 2804 luerit
2512 2744 2863 2818 impetrandi,
2911 2743 3073 2798 liceat
3110 2755 3346 2811 semper,
3380 2746 3440 2794 et
3476 2735 3757 2794 secundum,
3782 2739 3823 2785 ιιι

2301 2839 2482 2895 nullus
2512 2839 2749 2895 diximus
2774 2833 2876 2890 sub
2903 2832 3251 2904 apostolicam
3273 2839 3524 2885 nostram
3546 2832 3821 2897 potestatem.

2301 2931 2367 2989 Et
2393 2945 2609 2987 omnem
2640 2926 2929 2997 cujuslibet
2947 2922 3196 2982 ecclesiae
3216 2921 3564 2977 sacerdotem
3587 2918 3636 2972 in
3658 2912 3823 2987 praelato

2300 3020 2597 3077 venerabili
2644 3015 2960 3074 monasterii
3006 3014 3265 3071 ditionem
3304 3008 3606 3081 quamlibet
3655 3004 3819 3060 haben.

2303 3129 2367 3170 ac
2402 3111 2806 3175 auctoritatem,
2856 3114 3055 3177 prteter
3102 3102 3288 3159 sedem
3339 3098 3705 3177 apostolicam,
3737 3107 3824 3163 pro-

612 3189 924 3260 tegritatem
953 3205 1265 3260 procurare,
1308 3201 1365 3247 et
1392 3193 1578 3249 sedule
1598 3196 1792 3249 eorum
1823 3194 2043 3249 utilitati
2067 3195 2197 3251 sub-
2227 3176 2273 3239 C
2307 3203 2576 3266 bibemus,
2602 3200 2759 3258 itaut
2796 3196 2900 3252 nisi
2932 3194 3001 3250 ab
3031 3193 3227 3249 abbate
3260 3176 3585 3247 monaSIel'ii
3612 3184 3747 3241 fuerit
3767 3182 3823 3234 in-

615 3278 755 3333 sidia
791 3277 1062 3343 conferre,
1098 3287 1157 3333 ut
1188 3280 1297 3335 Deo
1343 3290 1532 3336 nostro
1574 3282 1931 3350 omnipotenti
1970 3283 2022 3337 id
2054 3283 2199 3353 quod

608 3384 710 3440 pro
748 3368 867 3440 ejus
914 3369 1091 3425 sancti
1129 3371 1368 3428 nominis
1408 3373 1650 3437 honore,
1679 3372 1845 3427 etiam
1874 3373 1940 3427 ad
1985 3373 2199 3428 laudem

612 3471 780 3531 atque
804 3461 1032 3533 gloriam
1063 3462 1183 3534 ejus
1222 3463 1423 3519 divina:
1457 3464 1762 3531 majestatis
1795 3464 2202 3521 venerabilibus

611 3551 872 3608 collatum
913 3564 999 3608 εει
1025 3552 1183 3621 locis,
1236 3554 1308 3609 sit
1346 3556 1679 3626 acccptabile
1717 3556 1894 3621 nobis,
1938 3556 2084 3627 quod
2134 3556 2202 3611 ad

614 3642 739 3713 ejus
774 3643 953 3700 locum
1005 3645 1317 3716 plenissima
1345 3648 1722 3703 misericordia
1767 3649 1987 3718 dignum
2019 3646 2204 3717 hujus-

616 3736 763 3791 πιοάί
785 3737 859 3806 pii
888 3739 1072 3807 operis
1096 3738 1148 3794 in
1180 3740 1408 3796 sidereis
1439 3740 1755 3797 conferatur
1783 3743 1997 3798 actibus
2025 3755 2204 3797 remu-

615 3827 851 3883 neratio.
877 3828 1065 3901 Igitur,
1109 3829 1233 3899 quia
1277 3832 1495 3901 petistis
1536 3848 1566 3887 a
1592 3833 1748 3889 nobis
1776 3843 2043 3903 quatenus
2083 3849 2205 3889 mo-

615 3919 916 3974 nasterium
945 3919 1087 3974 beati
1121 3922 1389 3977 Vincentii
1423 3924 1682 3995 martyris
1724 3924 1887 3980 situm
1918 3940 2079 4002 supra
2103 3924 2205 3979 llu-

614 4011 763 4065 viutn
812 4009 1156 4078 Vulturnum,
1193 4015 1470 4070 territorio
1530 4015 1930 4085 Beneventano,
1963 4019 2207 4088 partibus

621 4100 860 4155 Samnite
912 4116 1017 4155 una
1047 4118 1169 4157 cum
1215 4104 1559 4173 pertinentiis
1597 4106 1712 4161 suis
1749 4114 1803 4162 et
1836 4109 2203 4176 monasteriis,

617 4190 872 4246 videlicet
929 4194 1325 4249 monasterium
1370 4195 1513 4250 beati
1560 4195 1708 4252 Petri
1756 4197 1988 4267 apostoli
2040 4198 2204 4253 situm

618 4284 776 4351 juxta
797 4282 1019 4340 ﬂuvium
1045 4286 1294 4354 Sabbati,
1320 4288 1598 4346 territorio
1616 4289 1728 4361 jam
1759 4290 1904 4347 dicto
1934 4290 2206 4346 Beneven-

621 4383 790 4438 tauo;
840 4374 937 4429 sed
983 4384 1040 4431 et
1081 4378 1472 4434 monasterium
1529 4389 1731 4435 sanctae
1779 4380 1872 4436 Dei
1923 4381 2209 4451 genitricis

620 4461 809 4519 Maria:
837 4464 892 4519 in
931 4464 1049 4521 loco
1076 4466 1253 4536 Sane;
1287 4469 1416 4525 item
1462 4471 1855 4526 monasterium
1905 4470 2208 4527 Salvatoris

624 4556 846 4616 Domini
868 4559 1039 4613 nostri
1066 4558 1193 4614 Jesu
1215 4561 1441 4628 Clu-isti,
1473 4562 1617 4634 quod
1642 4562 1875 4633 positum
1901 4570 1986 4618 est
2010 4562 2062 4618 in
2092 4561 2207 4618 Ali-

622 4649 711 4715 fe;
744 4664 955 4706 necnon
988 4658 1044 4705 et
1090 4653 1479 4708 monasterium
1526 4655 1580 4709 in
1614 4654 1821 4709 honore
1850 4663 2053 4708 sanctae
2101 4652 2212 4707 illa-

623 4746 724 4800 ria:
745 4744 1072 4801 aedificatum
1096 4745 1347 4801 videlicet
1367 4746 1420 4801 in
1454 4747 1733 4803 territorio
1751 4746 2077 4803 Marsicano.
2096 4746 2213 4802 loco

624 4837 958 4907 Apinianici.
996 4837 1168 4893 Porro
1213 4838 1606 4893 monasterium
1644 4839 1821 4894 sancti
1870 4838 2039 4893 Mauri
2074 4838 2211 4892 infra

628 4930 950 4985 comitatum
968 4928 1299 4986 Atinensem
1331 4944 1493 5000 quam
1544 4937 1600 4984 et
1629 4929 1776 4984 aliud
1822 4932 2214 4987 monasterium

629 5033 837 5079 sancta:
866 5022 961 5079 Dei
986 5024 1265 5094 genitricis
1295 5023 1479 5079 Maria:
1509 5023 1671 5079 situm
1703 5024 1757 5080 in
1784 5025 2059 5081 territorio
2082 5024 2217 5081 Pen-

631 5132 803 5174 ncnse
830 5117 884 5172 in
925 5116 1064 5182 loco,
1093 5120 1183 5190 qui
1208 5120 1406 5176 dicitur
1446 5119 1699 5186 Murano;
1754 5134 1966 5177 necnon
2011 5128 2067 5175 et
2101 5134 2218 5174 nio-

633 5212 939 5250 unctorium
1007 5210 1150 5250 oliurl
1217 5219 1592 5252 nnncnnrnlnm
1644 5212 1697 5252 in
1759 5212 1965 5252 ImnnI-A
2017 5218 2220 5254 ennelm

2304 3296 2528 3359 vitatus,
2577 3306 2677 3349 nec
2721 3290 3012 3346 missarum
3062 3285 3134 3341 ibi
3195 3282 3577 3339 solemnitates
3620 3275 3823 3348 quispim

2303 3388 2585 3444 celebrare
2615 3390 2930 3455 praesumat.
2965 3380 3279 3439 Statuentes
3315 3376 3545 3445 insuper
3594 3365 3823 3455 apostolica

2304 3493 2532 3535 censura
2561 3453 2660 3533 sub
2686 3473 2854 3530 divini
2876 3470 3065 3541 iudicii
3092 3465 3482 3529 obtestatione,
3508 3464 3601 3519 sed
3623 3470 3672 3515 et
3689 3453 3825 3510 validis

2304 3583 2468 3643 atque
2520 3568 2795 3625 atrocibus
2848 3561 3214 3620 anathematis
3266 3554 3741 3618 interdiutionibus,
3782 3553 3822 3597 οι

2306 3678 2546 3734 unquam
2614 3664 2912 3729 praesumat
2970 3653 3244 3725 quispiam
3310 3650 3457 3705 alius
3525 3644 3823 3734 cujuscunqu

2306 3732 2589 3827 dignitatis
2634 3750 2897 3824 praeditus
2948 3754 3241 3818 potestate,
3288 3742 3375 3798 vel
3413 3741 3581 3797 etiam
3614 3738 3660 3792 in

2308 3822 2653 3903 monasterio
2674 3837 2996 3903 venerabili,
3053 3834 3138 3890 vel
3178 3833 3299 3903 ejus
3341 3830 3531 3887 causis
3558 3822 3824 3917 incumbere.

2316 3944 2411 3991 aut
2440 3934 2507 3990 de
2532 3933 2693 3989 rebus
2720 3939 2775 3986 et
2817 3925 3275 4001 possessionibus,
3303 3922 3390 3977 vel
3437 3917 3674 3977 ecclesiis
3697 3911 3825 3977 subje-

2316 4026 2441 4091 ctis,
2472 4023 2558 4079 vel
2604 4020 2865 4093 quidquid
2908 4019 2975 4074 de
3034 4017 3120 4073 his
3159 4013 3358 4070 exinde
3400 4013 3584 4068 inesse
3634 4006 3817 4060 videtur.

2310 4130 2530 4188 quoquo
2566 4111 2727 4168 modo
2753 4109 2987 4171 auferre,
3022 4114 3115 4161 aut
3140 4104 3403 4167 alienare,
3435 4100 3534 4157 sed
3564 4113 3657 4153 nec
3692 4102 3821 4190 ιιωξιιο

2310 4207 2441 4265 libet
2464 4204 2750 4269 malitiam,
2793 4208 2887 4256 aut
2914 4199 3145 4271 jacturae
3179 4194 3490 4251 molestiam
3533 4190 3821 4280 ibidetnntte

2314 4299 2493 4375 pacis,
2525 4297 2640 4353 sive
2670 4294 3031 4351 barbarorum
3069 4301 3338 4359 tempore,
3378 4278 3734 4358 quoqnomodo
3763 4278 3821 4375 itt-

2311 4371 2617 4457 l’erendum,
2642 4404 2763 4445 cum
2785 4384 3066 4459 praefatum
3092 4380 3428 4448 perenniter,
3457 4385 3519 4432 ut
3548 4374 3726 4429 dictum

2315 4497 2423 4543 tam
2450 4484 2618 4556 pacis,
2651 4496 2814 4553 quam
2850 4478 3208 4535 barbarorum
3237 4482 3486 4543 tempore
3515 4470 3657 4527 ﬁrma

2320 4587 2429 4639 tate
2452 4551 2862 4631 decreverimus
2889 4570 2991 4625 sub
3013 4564 3397 4637 iurisdictione
3425 4571 3629 4618 sancta:
3650 4551 3825 4612 erdem

2318 4677 2518 4725 nostra:
2538 4661 2986 4738 permanendum.
3020 4656 3435 4726 Promulgantes
3457 4664 3679 4723 quoque,
3702 4640 3825 4698 etltac

2320 4757 2648 4815 auctoritate
2680 4754 2970 4809 beatorum
3008 4746 3381 4819 apostolorum
3407 4739 3676 4814 principis.
3698 4739 3824 4787 coram

2320 4851 2454 4916 Deo,
2478 4857 2535 4906 et
2561 4844 2793 4904 terribili
2823 4843 2940 4913 ejus
2971 4842 3223 4898 examine
3255 4840 3460 4902 futuro,
3493 4850 3589 4905 per
3619 4829 3826 4925 huiusne

2322 4942 2421 5000 stri
2461 4938 2745 5012 apostolici
2778 4933 3075 5008 privilegii,
3129 4939 3293 5000 atque
3338 4924 3615 4984 constituti
3643 4923 3825 5015 paginae

2323 5004 2625 5096 sancimus,
2676 5004 2841 5100 atque
2885 5023 3253 5089 decernimus,
3281 5021 3416 5083 loca,
3462 5032 3582 5086 quae
3615 5004 3827 5097 abl-aulas

2321 5123 2719 5195 cujuslihctque
2746 5116 2902 5177 vobis
2934 5115 2988 5171 itt
3014 5114 3203 5170 eodem
3240 5107 3542 5167 venerabili
3573 5104 3828 5195 monasteria

2325 5186 2498 5254 ma:lnli
2534 5186 2797 5254 Vin-manlii
2849 5207 3107 5254 marlvris
3146 5204 3349 5254 Christi
3379 5204 3694 5254 εοιηωιιωιι
