3964 5356
236 309 368 366 1οω

1379 258 1739 365 EPISTODE
1783 303 1871 360 ET
1904 301 2317 361 PBIVILEGIA.

3362 310 3504 368 εοεξ.

236 431 294 475 ut
320 421 527 478 dictum
559 430 665 486 est,
696 434 763 475 ex
788 422 923 491 ejus,
962 421 1049 477 vel
1074 420 1327 476 onmibus
1356 420 1674 475 monasterii
1696 434 1823 491 per-
1854 423 1900 482 Α
1929 415 2312 481 constituatur,
2346 415 2398 470 in
2430 415 2563 471 loco
2600 416 2789 471 eodem
2830 423 3182 471 consecretur
3223 412 3298 485 [et
3337 426 3412 480 gr-
3433 417 3507 481 gi]

236 511 502 575 tiuentiis,
534 514 788 583 cuiquam
820 513 1096 569 molestias
1126 511 1349 576 inferre,
1379 510 1462 567 vel
1491 510 1592 567 sibi
1627 511 1822 566 donata

236 602 454 658 auferre
488 620 516 657 a
550 604 799 675 praefato,
835 602 990 672 juxta
1024 604 1074 658 id
1110 604 1253 674 quod
1286 602 1585 672 subjectum
1614 601 1821 657 eisdem

236 697 639 753 venerabilihus
672 697 805 754 locis
834 698 1151 768 apostolicis
1181 698 1465 761 institutis,
1503 706 1665 766 atque
1718 694 1824 767 pri-

235 787 428 859 vilegis
477 789 801 843 inconcussa
852 796 1229 859 permaneant.
1278 786 1345 841 Et
1398 786 1557 840 liccat
1602 786 1821 841 eosdem

237 878 534 934 monachos
587 878 653 933 de
694 894 792 934 sua
839 879 1263 950 congregatione
1306 875 1559 931 abbatem
1609 888 1825 943 semper

235 970 457 1041 eligere.
511 970 579 1025 Et
610 971 773 1026 liceat
819 971 994 1042 ipsum
1053 971 1303 1025 abbatem
1340 984 1469 1024 suos
1496 969 1589 1041 qui
1620 967 1825 1022 fuerint

230 1061 479 1133 judicare
509 1063 828 1128 monachos,
859 1078 966 1117 non
999 1062 1171 1118 solum
1215 1061 1370 1117 virile
1412 1060 1822 1126 monasterium,

237 1152 331 1207 sed
355 1154 519 1208 etiam
565 1153 833 1210 muliebre
878 1154 981 1210 sibi
1010 1152 1335 1222 subjectum.
1364 1151 1421 1207 Si
1468 1152 1590 1222 quis
1619 1161 1821 1215 autem,

236 1245 382 1315 quod
429 1262 534 1301 non
598 1253 869 1316 optamus,
930 1244 1141 1299 nefario
1212 1260 1345 1299 ausu
1416 1241 1828 1315 praesumpserit

237 1335 375 1401 inec,
401 1351 520 1406 quae
545 1351 574 1389 a
598 1337 755 1393 nobis
784 1337 851 1391 ad
882 1336 1096 1392 laudem
1130 1336 1225 1391 Dei
1248 1352 1346 1406 pro
1390 1336 1685 1391 stabilitate
1708 1332 1824 1402 jam

237 1425 368 1481 dicti
403 1425 729 1481 venerabilis
755 1425 1073 1480 monasterii
1104 1434 1306 1481 statuta
1338 1433 1486 1489 sunt,
1525 1423 1820 1494 refragare,

236 1519 413 1573 autin
457 1534 734 1590 quoquam
786 1518 1061 1574 transilire
1113 1518 1424 1582 voluerint,
1459 1516 1825 1573 anathematis

235 1609 453 1665 vinculo
500 1611 816 1678 ittnodatus,
845 1619 901 1665 et
928 1626 1051 1665 cum
1084 1609 1300 1664 diabolo
1328 1619 1380 1662 et
1408 1608 1524 1675 ejus
1550 1607 1827 1661 atrocissi-

236 1704 364 1768 miS,
389 1713 549 1775 atque
594 1702 730 1758 Juda
761 1703 1023 1761 traditore
1051 1702 1263 1758 Domini
1298 1701 1468 1757 nostri
1497 1700 1625 1756 Jesu
1664 1699 1824 1755 Chri-

1924 507 2206 564 Dominiro
2238 507 2587 577 prmflciatur.
2618 506 2811 563 Nullus
2843 507 2916 561 ibi
2950 506 3240 578 praesulum
3270 503 3509 573 aliquam

1924 601 2026 657 sibi
2057 602 2434 655 auctoritatem
2458 609 2703 671 usurpet,
2735 599 2828 655 sed
2859 615 2955 655 nec
2978 598 3074 663 ibi,
3098 598 3200 653 nisi
3227 596 3294 651 ab
3317 594 3515 649 abbate

1926 690 2211 750 invitatus.
2243 689 2456 744 illorum
2487 689 2708 744 missam
2741 688 3022 744 celebrare
3054 690 3378 756 praesumat;
3414 694 3515 750 per

1925 781 2106 838 Omnia
2153 781 2295 835 sicut
2341 779 2769 850 praedecessores
2821 776 2995 832 nostri
3045 773 3189 843 juris
3232 767 3511 840 apostolici

1928 871 2146 940 Dcoque
2188 870 2335 941 digni
2372 870 2425 924 in
2471 869 2586 925 suis
2619 867 2912 939 privilegiis
2941 866 3118 922 eidem
3164 860 3516 919 contulerunt

1928 963 2203 1019 Ecclesiae.
2230 961 2437 1030 Quibus
2460 977 2527 1017 ne
2554 963 2839 1033 quisquam
2866 959 3157 1015 temeratio
3175 971 3311 1011 ausu
3340 952 3514 1009 refra-

1928 1054 2042 1125 gari
2073 1054 2291 1117 audeat,
2320 1052 2484 1107 etiam
2529 1062 2730 1106 nostra:
2759 1050 3045 1122 parvitatis
3076 1047 3281 1117 scripta
3319 1059 3385 1100 ex
3417 1058 3517 1097 au-

1927 1144 2181 1198 ctoritate
2212 1142 2505 1213 apostolica
2542 1141 2905 1213 superaddere
2931 1139 3257 1195 curavimus.
3286 1136 3516 1192 Constat

1928 1235 2091 1306 igitur
2120 1234 2399 1305 praefatum
2425 1234 2814 1289 monasterium
2838 1232 3072 1303 primum
3104 1245 3227 1286 esse
3260 1227 3405 1284 omni
3437 1226 3511 1281 ab

1926 1325 2084 1379 initio
2121 1337 2316 1380 vestrae
2363 1324 2641 1380 nascentis
2677 1322 2936 1377 Ecclesia:
2975 1329 3287 1376 sanctorum
3316 1320 3519 1370 mona-

1927 1419 2155 1474 chorqu
2206 1417 2468 1489 religione
2523 1417 2873 1478 decoratum;
2924 1412 3068 1482 quod
3116 1407 3517 1470 Ethelbertus,

1928 1523 2022 1564 rex
2051 1506 2572 1572 Christianissimus,
2603 1520 2631 1559 a
2664 1504 2824 1558 beato
2853 1501 3181 1573 Augustino,
3207 1498 3380 1553 beata:
3404 1510 3518 1550 me-

1927 1599 2117 1655 moriae
2164 1597 2414 1670 Gregorii
2464 1595 2759 1666 discipulo,
2813 1594 2881 1648 ad
2928 1591 3130 1647 Christi
3174 1588 3335 1644 fidem
3387 1600 3514 1656 per-

1927 1688 2143 1756 ductus,
2176 1690 2399 1745 hortatu
2437 1686 2674 1756 ejusdem
2703 1685 2901 1750 Patris,
2938 1681 3168 1753 apostoli
3213 1678 3380 1733 vestri
3407 1678 3521 1731 Au-

236 1794 313 1853 stl
352 1767 565 1851 aeterno
622 1795 872 1850 incendio
917 1794 1350 1850 concrcmandus
1399 1792 1711 1864 deputetur.
1756 1790 1824 1844 At

1937 1780 2155 1853 gustini,
2202 1794 2235 1834 a
2280 1777 2648 1833 fundamentis
2691 1774 3022 1838 construxit,
3069 1770 3250 1839 ibique
3292 1767 3515 1822 Petrum

235 1904 390 1953 vero,
418 1888 509 1959 qui
536 1887 622 1957 pio
646 1887 846 1942 intuitu
874 1885 1194 1941 observator
1221 1885 1273 1938 in
1306 1884 1563 1938 omnibus
1591 1883 1821 1937 exstite-

236 1980 332 2047 rit,
355 1979 670 2035 custodiens
702 1977 875 2033 nostri
914 1975 1196 2049 apostolici
1226 1975 1584 2029 constitutum
1610 1972 1676 2026 ad
1707 1971 1824 2026 cul-

237 2079 351 2128 tum
382 2070 476 2126 Dei
512 2070 911 2140 respicientem,
962 2065 1360 2122 benedictionis
1398 2063 1633 2136 gratiam
1661 2077 1690 2115 a
1719 2060 1823 2115 mi-

238 2161 673 2218 sericordissimo
729 2158 957 2214 Domino
1026 2157 1141 2212 Deo
1203 2165 1393 2211 nostro
1450 2152 1827 2224 multipliciter

236 2265 620 2326 consequatur,
652 2261 708 2307 et
734 2252 859 2307 vitae
880 2257 1099 2306 aeterna:
1140 2248 1414 2321 particeps
1441 2244 1583 2302 ellici
1613 2258 1825 2299 nterea-

239 2352 347 2404 tur.
378 2345 525 2402 Bene
556 2344 753 2400 valete.

311 2434 586 2506 Scriptum
633 2448 729 2503 per
759 2446 952 2489 manus
986 2428 1291 2494 Benedicti,
1321 2425 1592 2484 scriniarii
1624 2432 1828 2481 sanctae

240 2526 500 2582 Romanae
526 2523 782 2581 Ecclesia:
831 2524 884 2579 in
934 2538 1119 2578 mense
1145 2519 1309 2586 Julio,
1341 2519 1638 2575 indictione
1684 2516 1742 2581 5,
1772 2517 1825 2571 in

240 2615 612 2672 sacratissima
643 2613 772 2669 sede
798 2613 944 2668 beati
968 2613 1115 2669 Petri
1138 2610 1391 2684 apostoli,
1420 2610 1454 2665 8
1485 2624 1627 2664 anno
1649 2605 1829 2679 ponti-

242 2709 439 2765 ficatus
478 2707 682 2764 domini
709 2705 961 2763 Joannis.

974 2816 1117 2873 XIX.

318 2945 536 2987 JOANNII
574 2947 718 2986 PAPA’.
756 2946 1015 2986 EPISTOLA
1052 2945 1119 2982 AD
1156 2943 1426 2983 EDREDUI
1467 2940 1757 2982 ANCLORUI

937 3015 1135 3055 DEGEM.

796 3110 989 3181 (Anno
1024 3109 1243 3165 955.63.
1262 3111 1281 3179 )

387 3220 575 3293 [Apud
603 3219 795 3284 Mansi,
819 3218 979 3276 Cone.
1006 3230 1139 3276 tom.
1169 3214 1353 3285 XVIII,
1388 3218 1492 3275 col.
1520 3219 1683 3292 £55.]

245 3330 425 3393 Monet
466 3343 522 3405 ut
567 3335 822 3405 celerrimi
859 3334 1062 3405 Anglia:
1100 3334 1407 3405 monasterii
1445 3333 1544 3389 SS.
1592 3331 1738 3388 Petri
1779 3345 1827 3388 et

461 3401 620 3457 Pauli
650 3401 1050 3459 Caniuariehsis
1081 3404 1353 3475 privilegia
1381 3415 1610 3458 tueatur.

321 3512 553 3568 Joannes
577 3512 882 3581 episcopus,
912 3527 1101 3566 servus
1123 3527 1402 3565 servorum
1432 3511 1546 3573 Dei,
1584 3511 1831 3564 Enniano

250 3603 362 3671 regi
394 3601 871 3665 excellentissimo,
898 3610 1060 3670 atque
1084 3601 1340 3656 omnibus
1361 3601 1651 3669 episcopis,
1680 3600 1832 3653 duci-

247 3693 370 3758 bus,
416 3690 728 3754 comitibus,
765 3691 1070 3758 abbatibus,
1113 3698 1169 3746 et
1211 3700 1407 3745 cuncto
1457 3688 1597 3744 fideli
1636 3689 1831 3759 populo

246 3782 488 3853 Anglicrc
517 3784 719 3852 gentis,
763 3779 1142 3836 charissimam
1184 3779 1439 3841 salutem,
1480 3790 1534 3835 et
1575 3778 1833 3851 apostoli-

247 3888 368 3933 cam
399 3870 848 3927 benedictionem.

321 3962 729 4020 Studio.divini
761 3962 942 4018 cultus
988 3977 1371 4034 promovemus
1412 3977 1511 4034 pro
1553 3961 1834 4017 venerabi-

208 4064 219 4069 ‘
251 4054 381 4110 lium
406 4053 647 4108 locorum
677 4067 893 4123 semper
917 4053 1255 4125 percogitare
1282 4052 1608 4117 stabilitate,
1638 4060 1832 4121 quate-
1884 4056 1889 4061 ‘

251 4165 354 4204 nus
388 4146 743 4219 proveniente
778 4147 866 4217 pio
911 4145 1096 4202 labore
1139 4147 1335 4201 anima:
1373 4146 1591 4201 Christo
1618 4144 1830 4211 dicatae,

250 4258 370 4313 qua:
396 4256 455 4296 se
492 4241 601 4297 illic
638 4241 830 4296 diebus
856 4241 985 4295 vitae
1005 4256 1194 4295 eorum
1223 4241 1433 4296 servire
1465 4237 1829 4302 decreverint,

252 4332 353 4388 sub
378 4332 612 4401 regulari
649 4332 987 4387 institutione
1013 4339 1362 4400 perseverent
1392 4330 1795 4400 imperturbata:
1810 4344 1828 4396 ;

253 4438 354 4478 nec
398 4438 501 4477 non
534 4422 624 4476 illa
655 4430 912 4477 maneant
939 4422 1207 4478 fidetenus
1235 4421 1568 4486 incouvulsa,
1605 4436 1726 4491 quae
1763 4421 1833 4476 ob

1927 1870 2280 1933 monachum,
2311 1869 2378 1923 ab
2403 1869 2505 1923 hac
2529 1865 2822 1937 apostolica
2852 1864 2978 1918 sede
3005 1862 3294 1922 directum,
3323 1872 3518 1912 mona-

1926 1959 2047 2014 chis
2077 1958 2361 2013 Dominum
2414 1956 2728 2012 timentibus
2769 1955 3020 2009 abbatem
3066 1949 3393 2021 praeposuit;
3425 1945 3518 2000 ubi

1925 2050 2092 2104 etiam
2120 2064 2188 2103 ex
2216 2057 2487 2119 praerepto
2511 2046 2751 2117 ejusdem
2772 2043 3017 2116 Gregorii
3046 2041 3337 2112 praedictus
3357 2036 3523 2090 Pater

1925 2138 2259 2210 Augustinus
2301 2138 2404 2208 ipsi
2453 2138 2565 2209 regi
2606 2136 2820 2206 sibique
2866 2143 2921 2191 et
2962 2130 3367 2189 successoribus
3404 2125 3521 2182 suis

1929 2233 2165 2303 regibus,
2195 2240 2360 2300 atque
2394 2228 2823 2298 archiepiscopis
2852 2226 2944 2280 ubi
2989 2220 3299 2294 corporales
3327 2231 3520 2274 eorum

1927 2322 2135 2378 exuviae
2154 2320 2294 2375 diem
2312 2317 2728 2376 resurrectionis
2746 2321 3126 2386 exspectarent
3147 2312 3320 2365 locum
3335 2304 3518 2378 elegit.

1929 2412 1986 2467 Si
2010 2412 2133 2484 quis
2154 2426 2285 2467 vero
2312 2409 2417 2466 hoc
2438 2419 2640 2465 sanctae
2667 2405 2945 2477 reLigionis
2965 2402 3303 2475 propositum
3329 2406 3521 2454 conta-

1928 2506 2140 2560 minare
2183 2503 2271 2559 vel
2319 2503 2501 2560 delere
2542 2502 2860 2566 conaverit,
2908 2499 3046 2555 sciat
3093 2512 3152 2553 se
3196 2493 3523 2550 auctoritate

1928 2595 2221 2665 apostolica
2263 2593 2626 2650 anathematis
2667 2590 2882 2647 vinculo
2923 2587 3260 2649 innodatum,
3302 2592 3358 2637 et
3395 2595 3518 2636 cum

1927 2685 2064 2743 Juda
2088 2687 2352 2743 traditore
2385 2686 2601 2742 Domini
2628 2683 2819 2740 aeterni
2847 2679 3081 2737 incendii
3102 2675 3367 2747 supplicio
3388 2687 3523 2737 con-

1930 2777 2305 2834 Cremandum.
2340 2775 2496 2832 Unde
2539 2774 2818 2831 canonicis
2853 2773 2919 2827 de
2949 2767 3279 2825 monasterio
3307 2764 3364 2821 S.
3400 2763 3521 2820 Sal-

1931 2870 2134 2926 vatoris
2156 2867 2231 2925 illi
2270 2868 2393 2925 loco
2420 2865 2797 2930 insidentibus,
2824 2861 3167 2935 praecipimus
3194 2855 3523 2913 omnimodis

1931 2979 1999 3019 ne
2028 2970 2231 3019 sancta:
2258 2960 2420 3031 hujus
2457 2958 2763 3014 devotionis
2797 2955 3001 3012 cultum
3036 2950 3340 3021 inquietare
3377 2959 3522 3016 prte-

1933 3065 2170 3113 snmant.
2192 3054 2345 3122 Quod
2368 3053 2412 3109 si
2434 3051 2689 3117 fecerint,
2713 3050 2903 3106 eodem
2927 3047 3274 3107 anathemate
3290 3039 3518 3113 punian-

1856 3135 1904 3197 C
1938 3157 2045 3202 tur.
2075 3147 2129 3202 ln
2150 3146 2370 3202 Christo
2388 3160 2511 3203 cum
2535 3144 2787 3199 omnibus
2810 3141 2935 3206 tuis,
2961 3139 3178 3195 domine
3199 3135 3294 3200 fili,
3316 3132 3521 3188 valeas.

2009 3241 2145 3295 Data
2178 3238 2390 3294 decimo
2417 3237 2504 3292 die
2531 3235 2759 3291 Kalend.
2792 3232 2943 3298 Maii,
2972 3232 3274 3302 imperante
3300 3224 3522 3281 domino

1936 3332 2181 3403 piissimo
2202 3331 2448 3403 Augusto
2479 3328 2703 3395 Ottone,
2736 3343 2879 3384 anno
2904 3325 3192 3383 undecimo
3208 3320 3357 3394 regni
3382 3316 3524 3390 ejus,

1937 3427 2231 3482 indictione
2255 3425 2560 3481 undecima.

2663 3514 2785 3569 XX.

2258 3643 2328 3683 AD
2366 3644 2584 3684 ευυυεκ
2622 3644 2691 3683 ετ
2728 3643 2939 3683 ειεῐιωι
2977 3641 3206 3683 ΔΝῦιιβ.

2509 3717 2684 3787 (Ann.
2704 3714 2961 3788 955-63.)

2517 3829 2744 3905 [Mansi,
2787 3828 2952 3903 ibid.]

1947 3946 2229 4017 I’ririiegia
2280 3944 2516 4013 ejusdem
2556 3941 2863 4017 monasterii
2917 3939 3022 3997 SS.
3070 3937 3217 3993 Petri
3258 3945 3308 3991 et
3366 3933 3528 3990 Pauli

2582 4013 2882 4082 conﬁrmat.

2012 4136 2246 4192 Joannes
2264 4132 2570 4204 cpiscopus,
2594 4144 2786 4187 servus
2809 4141 3090 4183 servorum
3115 4124 3233 4190 Dei,
3258 4122 3524 4188 Ennaea,

1944 4227 2054 4299 regi
2080 4226 2377 4296 Anglorum
2406 4220 2887 4283 excellentissimo,
2920 4216 3385 4285 dilectissimoque
3418 4212 3528 4268 lilio

1943 4329 2134 4375 nostro
2162 4321 2333 4375 Onoat
2382 4314 2807 4372 Dorovernensis
2846 4312 3103 4369 Ecclesiae
3133 4305 3526 4380 archiprzesuli,

1943 4428 2068 4468 cum
2099 4413 2352 4468 omnibus
2394 4410 2683 4481 episcopis,
2716 4406 2964 4470 ducibus,
3001 4404 3313 4466 comitibus,
3360 4399 3530 4456 abha-

254 4512 531 4583 religionis
555 4512 756 4568 cultum
789 4514 842 4567 in
871 4513 963 4568 Dei
999 4512 1158 4568 laude
1179 4523 1491 4568 constructa
1520 4521 1664 4568 sunt.
1693 4511 1837 4579 Qua-
1870 4500 1913 4557 D
1945 4504 2106 4568 libus,
2132 4513 2186 4558 et
2209 4510 2407 4558 cnncto
2429 4501 2566 4555 fideli
2593 4498 2788 4570 populo
2810 4497 3046 4569 Anglicae
3067 4494 3268 4567 gentis,
3296 4491 3528 4547 salutem

252 4610 476 4673 propter
503 4602 700 4656 mando
732 4603 849 4668 tibi,
882 4617 978 4658 rex
1009 4602 1207 4675 inclyte
1229 4618 1294 4658 ac
1321 4603 1393 4658 lili
1418 4602 1758 4668 charissima,
1785 4610 1841 4657 et

251 4694 465 4750 caeteris
490 4694 744 4749 omnibus
773 4694 1045 4764 prmdictm
1071 4695 1246 4766 gentis
1279 4695 1403 4750 filiis
1438 4695 1642 4750 nostris
1673 4694 1838 4765 spiri-

255 4783 511 4851 tualibus,
541 4791 602 4838 ut
631 4779 1017 4840 monasterium
1051 4801 1217 4855 penes
1243 4801 1337 4842 vos
1372 4787 1424 4841 in
1465 4786 1675 4840 honore
1707 4785 1835 4841 bea-

255 4884 430 4930 torum
454 4874 821 4945 apostolorum
858 4876 1120 4947 principis
1145 4876 1313 4941 Petri,
1357 4886 1413 4933 et
1440 4875 1679 4931 doctoris
1709 4891 1845 4948 gen-

255 4966 387 5020 tium
448 4965 603 5020 Pauli
661 4967 1020 5035 instructum,
1067 4967 1169 5023 sub
1215 4984 1347 5025 cura
1410 4976 1597 5024 nostra
1639 4967 1841 5025 habere

251 5054 571 5128 dignemini,
625 5071 693 5111 ne
732 5056 963 5128 alicujus
1001 5074 1212 5130 magnae
1260 5073 1550 5132 parvaeque
1594 5073 1843 5129 persona:

251 5149 642 5176 οιΑ-..ιιιιιιιηοιι-
688 5149 1059 5176 ξηηιιξηιιαλξ..-
1146 5155 1236 5176 --.Ι
1288 5158 1377 5176 -11
1398 5170 1452 5176 ,ρ

1494 5160 1543 5176 Α.
1589 5160 1812 5176 _.‘._--I.

1943 4603 1996 4650 ct
2027 4593 2379 4664 apostolicam
2405 4590 2861 4647 benedictionem.

2012 4687 2161 4742 Inter
2191 4685 2483 4756 praeclaras
2513 4699 2684 4739 sacrae
2725 4682 2851 4739 ﬁdei
2895 4689 3094 4738 vestra;
3132 4677 3383 4739 virtutes,
3410 4675 3534 4743 qut-

1944 4780 2044 4835 bus
2081 4788 2136 4835 et
2167 4793 2285 4846 vos,
2318 4776 2813 4849 przecellentissime
2854 4773 2951 4840 fili,
2994 4779 3050 4827 et
3082 4768 3352 4839 subjectos
3379 4763 3534 4819 vobis

1947 4886 2103 4942 reges
2124 4884 2247 4924 cum
2269 4867 2625 4941 eptimatibus
2649 4868 2873 4931 vestris,
2895 4874 2947 4921 et
2971 4860 3183 4932 populis
3209 4857 3534 4913 Christiana

1946 4952 2193 5036 religioni
2225 4958 2553 5030 subjecistis,
2586 4958 2725 5016 hanc
2753 4954 3040 5016 charitatis
3072 4961 3268 5008 vestra:
3306 4949 3536 5021 flagran-

1948 5055 2079 5110 tiam
2110 5051 2435 5108 familiarius
2471 5050 2874 5121 amplectimur,
2904 5044 3051 5120 quod
3094 5045 3426 5117 primitivum
3457 5053 3545 5093 re-

2871 5139 3142 5176 διιιιιιιιιὶῖη
3200 5130 3550 5176 nnrnlmrnim

1948 5147 2038 5176 ριν-ἶ
2082 5145 2251 5176 ςνΛοΙυοῖ
2316 5145 2709 5176 νηηηηαιοιιῖιιηι
2758 5147 2811 5176 ξας
