4158 6192
1587 234 1616 270 Α
1627 231 1729 270 ΝΝΟ
1769 228 1959 269 DOMINI
2000 226 2287 267 DCCCCXLII
2297 255 2308 265 .

1125 380 2185 529 SANCTUS
2314 379 2783 525 ODO

1559 643 1785 698 ABBAS
1824 637 2349 696 CLUNIACENSIS.

1405 770 2524 984 PROLEEBMENA.

718 1220 787 1333 S.
868 1217 1156 1330 000NIS
1228 1211 1591 1325 01.001001
1663 1202 2170 1320 lllS'l‘0lll00M
2242 1204 2611 1316 AO0T0lill
2686 1205 3211 1317 MARILLOM0.

1021 1397 1190 1466 (Acta
1222 1395 1575 1450 Sanctorum
1606 1383 1833 1443 ordinis
1867 1384 1921 1439 S.
1967 1381 2281 1450 Benedicti,
2317 1400 2449 1439 saec.
2484 1387 2544 1452 V,
2580 1400 2717 1456 pag.
2756 1384 2901 1454 124.)

368 1682 502 1735 CAP.
538 1681 577 1733 1.
612 1710 675 1716 ——
717 1677 859 1730 Vita:
887 1674 1225 1743 scriptores.
1264 1672 1506 1740 ejusque
1525 1669 1806 1737 parentes

940 1768 995 1820 et
1021 1762 1249 1833 patria.

338 1862 385 1912 1.
434 1856 549 1912 Etsi
606 1871 699 1910 res
749 1870 785 1908 a
842 1856 1048 1908 sancto
1081 1850 1286 1907 Odone
1338 1851 1532 1917 gestas
1580 1842 1922 1916 scripserint

264 1951 535 2002 auctores
582 1944 725 2007 duo,
779 1942 1041 1998 Joannes
1096 1938 1316 1994 scilicet
1358 1941 1538 2009 atque
1590 1931 1918 2001 Nalgodus,

266 2033 446 2089 ambo
478 2031 759 2088 monachi
802 2029 1219 2087 Cluniacenses
1254 2044 1266 2093 ;
1306 2024 1492 2080 multa
1530 2020 1921 2078 nihilominus

270 2123 347 2178 ab
374 2122 515 2194 ipsis
548 2119 949 2194 praetermissa
981 2121 1140 2185 sunt,
1172 2131 1307 2189 quae
1365 2114 1426 2169 in
1458 2108 1923 2167 commentarios

270 2211 466 2267 referri
495 2214 817 2267 merentur.
846 2209 1221 2280 Quapropter
1246 2219 1318 2259 ne
1344 2202 1455 2259 viri
1485 2202 1560 2257 de
1589 2218 1650 2256 re
1681 2198 1923 2273 publica

269 2300 643 2356 Benedictina
668 2314 856 2372 quam
887 2296 1109 2370 optime
1130 2293 1323 2349 meriti
1352 2292 1510 2349 facta
1535 2290 1793 2360 segniter
1821 2305 1922 2344 ex-

264 2390 522 2463 quisisse
552 2388 886 2455 videamur,
937 2384 1178 2441 duobus
1203 2382 1314 2439 illis
1363 2379 1751 2454 scriptoribus
1800 2378 1922 2433 elo-

269 2481 434 2552 gium
462 2479 591 2550 ejus
616 2477 961 2534 historicum
984 2473 1341 2549 praemittere
1362 2472 1553 2544 juvat,
1586 2472 1645 2527 in
1676 2486 1798 2543 quo
1828 2485 1921 2524 res

266 2569 345 2626 ab
396 2569 482 2625 eis
544 2568 797 2629 intactae,
853 2571 958 2623 aut
1010 2581 1136 2621 non
1184 2564 1326 2620 satis
1382 2561 1688 2635 explicatae
1740 2576 1920 2632 expo-

266 2657 481 2713 nenda;
517 2661 672 2712 sunt.

340 2750 403 2803 Et
453 2746 648 2819 primo
688 2744 935 2817 quidem
986 2742 1169 2799 ordiri
1205 2741 1375 2798 decet
1403 2740 1481 2796 ab
1527 2739 1653 2796 istis
1681 2738 1923 2795 duobus

269 2834 633 2899 auctoribus,
689 2848 949 2905 quorum
1002 2830 1236 2904 primus
1306 2833 1566 2885 Joannes
1621 2828 1923 2883 fortunam

270 2935 446 2975 suam
502 2918 629 2990 ipse
678 2914 1175 2973 commemoravit
1226 2914 1483 2985 sparsim
1516 2913 1577 2967 in
1625 2912 1813 2968 tribus
1852 2910 1925 2965 de

1953 1662 1999 1713 A
2030 1658 2177 1715 riem
2199 1663 2539 1734 temporum
2552 1663 2919 1721 factorumvc
2936 1666 3209 1723 ordinem
3231 1665 3682 1721 satisobservat.

2100 1754 2155 1804 2.
2193 1751 2290 1806 His
2342 1751 2743 1809 incommodis
2785 1771 3095 1811 occurrere
3144 1755 3353 1811 volens
3382 1754 3684 1824 Nalgodus

2030 1841 2386 1911 monachus,
2410 1842 2653 1898 Joannis
2674 1843 3154 1901 lucubrationem
3174 1844 3237 1899 in
3257 1843 3687 1917 compendium

2030 1928 2459 2003 melioremque
2515 1931 2791 1988 ordinem
2849 1932 3118 2003 redigere
3177 1949 3500 2004 aggressus
3575 1936 3685 1997 est,

2031 2017 2198 2089 quod
2226 2018 2369 2074 item
2422 2021 2696 2093 praestitit
2747 2021 2822 2077 de
2850 2022 3040 2077 sancti
3087 2021 3279 2079 Maioli
3308 2020 3448 2077 vita.
3481 2020 3690 2090 Nalgo-

2032 2106 2180 2161 dum
2239 2108 2461 2163 Odonis
2516 2132 2541 2157 ‹‹
2580 2108 2943 2182 discipulum
3003 2133 3031 2160 »
3085 2109 3349 2183 appellat
3383 2112 3585 2165 Petrus
3614 2108 3690 2163 de

2034 2196 2174 2251 Rivo
2199 2196 2261 2250 in
2292 2198 2573 2253 chronico
2601 2198 2994 2268 Cluniacensi,
3047 2214 3309 2271 eumque
3356 2214 3485 2253 esse
3512 2197 3693 2253 tradit

2032 2284 2136 2357 qui
2190 2307 2215 2333 ‹‹
2251 2290 2386 2356 post
2437 2285 2750 2342 decessum
2782 2286 2970 2359 ipsius
3010 2288 3199 2343 sancti
3255 2286 3479 2344 Odonis
3506 2286 3690 2341 vitam

2035 2373 2163 2443 ejus
2195 2376 2252 2427 et
2278 2372 2572 2430 miracula
2597 2373 2927 2430 luculenter
2978 2374 3314 2447 descripsit.
3351 2398 3378 2422 ››
3434 2373 3694 2429 Godefri-

2035 2461 2149 2517 dus
2200 2462 2607 2518 llenschenius
2656 2463 2717 2518 in
2747 2463 2895 2520 Maio
2925 2463 2987 2519 id
3016 2463 3439 2536 interpretatur
3468 2462 3543 2519 de
3572 2463 3694 2518 vita

2038 2550 2227 2606 sancti
2257 2551 2476 2618 Maioli,
2522 2552 2696 2623 cujus
2725 2551 3089 2625 discipulum
3139 2551 3323 2607 fuisse
3355 2551 3693 2621 Nalgodum

2035 2639 2335 2712 opinatur.
2367 2643 2582 2696 Verum
2612 2640 2786 2696 annis
2810 2646 2948 2714 post
2976 2641 3246 2697 Odonem
3276 2664 3303 2689 ‹‹
3330 2640 3449 2696 fere
3476 2640 3697 2697 ducen-

2036 2729 2132 2794 tis,
2169 2752 2195 2777 »
2224 2733 2359 2800 post
2410 2728 2687 2785 Maiolum
2745 2728 2930 2803 paulo
2956 2730 3179 2795 minus,
3224 2729 3459 2785 vivebat
3489 2729 3698 2798 Nalgo-

2036 2816 2172 2883 dus,
2203 2816 2265 2872 id
2288 2815 2455 2889 quod
2486 2817 2612 2890 ipse
2644 2818 2859 2874 diserte
2875 2819 3083 2875 asserit
3106 2835 3275 2875 num.
3297 2819 3387 2883 29,
3410 2818 3696 2873 nimirum

2040 2905 2277 2963 Urbano
2308 2904 2573 2963 secundo
2600 2907 2899 2978 pontiﬁce,
2924 2912 3028 2963 aut
3048 2912 3202 2963 certe
3230 2911 3366 2980 post
3385 2907 3606 2979 ipsum,
3625 2923 3699 2963 ex

273 3003 476 3059 Odone
505 2978 740 3067 libellis,
768 3015 924 3073 quos
949 2999 1012 3053 in
1038 2998 1193 3054 duos
1224 2978 1520 3053 contrahit
1548 2995 1739 3051 codex
1770 3011 1929 3049 com-
1962 3006 2006 3059 Β
2039 3010 2205 3048 num.
2231 2994 2318 3049 23.
2344 2995 2612 3050 Auctoris
2631 2995 2800 3051 istius
2826 2995 3207 3068 scriptionem
3232 2978 3428 3052 tribus
3450 2995 3696 3051 Joannis
3720 2978 3723 2981 γ

270 3092 634 3164 pendicnsis.
656 3089 775 3145 [“ui'.
802 3089 849 3144 is
878 3088 1121 3144 natione
1146 3086 1345 3148 Italus,
1379 3085 1571 3158 patria
1596 3088 1925 3153 Romanus,

270 3179 641 3252 professione
672 3177 1022 3243 canonicus,
1080 3192 1264 3249 quem
1323 3174 1450 3231 Odo
1481 3175 1732 3230 Romam
1766 3184 1927 3226 anno

270 3271 373 3325 939
404 3267 722 3341 profectus,
750 3283 955 3323 secum
981 3265 1121 3321 inde
1150 3262 1689 3321 adduxitTicinum
1710 3274 1925 3332 usque,

271 3357 472 3430 ibique
508 3357 880 3413 monachum
927 3354 1196 3424 instituit,
1240 3370 1314 3409 ex
1341 3352 1443 3408 lib.
1477 3367 1693 3407 inum.
1716 3356 1749 3405 2
1780 3353 1836 3404 et
1871 3352 1925 3405 4.

270 3451 419 3504 Tum
473 3462 612 3503 eum
666 3446 728 3502 in
785 3444 1280 3519 peregrinationis
1320 3442 1552 3498 socium
1588 3455 1926 3506 assumens,

273 3536 409 3591 dein
463 3536 725 3609 priorem
774 3533 1089 3595 ordinavit,
1149 3535 1216 3588 ut
1259 3530 1473 3601 legitur
1502 3545 1625 3585 non
1656 3527 1839 3584 semel
1866 3527 1928 3583 in

273 3624 374 3680 lib.
406 3642 464 3693 ιι,
497 3640 713 3697 nempe
743 3639 910 3678 num.
941 3625 997 3690 4,
1034 3627 1066 3677 7
1096 3624 1156 3679 et
1186 3620 1271 3689 10,
1305 3619 1587 3681 Cluniaci,
1621 3633 1700 3674 an
1729 3621 1930 3674 Romae

274 3714 351 3769 ad
407 3715 462 3771 S.
496 3712 769 3776 Paulum,
800 3727 939 3785 quae
969 3709 1265 3767 dubitatio
1318 3709 1457 3765 oriri
1492 3712 1691 3781 potest
1727 3706 1929 3763 confe-

273 3803 423 3859 renti
454 3818 624 3857 num.
660 3801 726 3857 10
750 3805 807 3857 et
834 3805 925 3856 2t.
956 3799 1222 3873 Denique
1245 3801 1505 3855 Joannes
1532 3813 1594 3853 se
1622 3794 1931 3870 Neapolim

277 3913 305 3942 «
340 3890 691 3948 monasterii
734 3889 827 3945 sui
903 3892 1154 3960 cogente
1202 3887 1554 3944 necessitate
1619 3886 1931 3943 missum»

276 3980 460 4036 fuisse
484 3982 736 4036 testatur
761 3994 932 4034 num.
960 3981 1053 4033 21.
1079 3977 1390 4033 Biennium
1415 3978 1724 4048 computat
1746 3975 1808 4028 in
1827 3972 1932 4028 lib.

276 4084 359 4133 ιιι,
408 4082 577 4120 num.
612 4071 665 4134 5,
718 4070 913 4119 totum
966 4064 1115 4118 illud
1170 4064 1457 4135 temporis
1501 4063 1785 4134 spatium,
1814 4076 1936 4132 quo

280 4149 508 4207 Odonis
535 4148 733 4205 socius
761 4148 888 4205 fuit.
913 4151 1020 4204 Per
1049 4148 1209 4204 istud
1240 4148 1621 4203 intervallum
1640 4145 1938 4220 quidquid

276 4240 341 4296 in
395 4239 620 4296 Odonis
671 4239 746 4296 de
799 4238 932 4312 ipso
976 4238 1152 4295 dictis
1199 4237 1499 4311 quidquid
1528 4237 1591 4292 in
1622 4235 1792 4293 factis
1837 4235 1940 4307 (sic

280 4328 443 4386 enim
474 4330 594 4385 fere
624 4328 928 4403 praefatur)
963 4328 1286 4384 observare
1315 4327 1528 4401 potuit,
1560 4329 1775 4399 postea
1796 4324 1941 4381 litte-

280 4419 365 4474 ris
414 4418 742 4488 mandavit,
796 4418 927 4474 aliis
982 4417 1165 4475 rebus
1196 4416 1455 4483 omissis,
1489 4432 1644 4488 quas
1704 4418 1831 4471 tum
1862 4413 1941 4469 ab

283 4508 536 4564 Arnulfo
559 4507 847 4578 magistro
874 4524 1006 4575 suo,
1039 4511 1168 4563 tum
1199 4507 1278 4563 ab
1319 4506 1616 4563 Hucberto
1637 4504 1943 4570 Tiburtino

284 4597 590 4670 episcopo,
614 4601 742 4653 tum
760 4612 795 4653 a
816 4596 1107 4652 Landrico
1132 4596 1434 4653 monacho
1457 4598 1514 4650 et
1536 4593 1943 4650 Hildebranno

285 4686 608 4760 praeposito
664 4701 775 4742 suo
832 4685 906 4741 de
965 4685 1171 4742 Odone
1224 4684 1562 4740 resciverai.
1618 4686 1839 4755 Nempe
1884 4679 1945 4735 in

289 4775 538 4831 suismet
563 4774 857 4830 duntaxat
882 4773 1069 4830 oculis
1099 4777 1278 4845 atque
1305 4771 1529 4829 Odonis
1558 4770 1770 4827 relatui
1798 4768 1946 4824 ﬁde-

288 4865 414 4928 bat,
442 4863 673 4919 utinam
693 4863 895 4918 minus
917 4862 1283 4934 suspiciosus
1313 4860 1388 4916 de
1410 4860 1528 4915 ﬁde
1550 4859 1947 4917 aliena-Hanc

288 4952 585 5021 jacturam
628 4957 936 5024 utcunque
980 4950 1196 5006 sarcire
1250 4948 1625 5006 conabimur.
1659 4949 1950 5006 Caeterum

298 5053 449 5109 opus
505 5056 685 5097 suum
732 5042 991 5096 Joannes
1030 5038 1268 5094 dedicat
1308 5036 1692 5094 Salernitanis
1735 5051 1948 5092 mona-

295 5126 441 5199 chis,
480 5131 683 5187 nescio
730 5146 809 5187 an
861 5128 1120 5186 ccenobii
1165 5128 1351 5184 sancti
1407 5127 1555 5182 Petri
1599 5126 1952 5183 Salernitaui

295 5241 325 5267 ‹‹
359 5218 573 5274 subtus
610 5227 667 5277 et
719 5238 908 5295 prope
967 5220 1270 5290 Fistulam,
1306 5243 1333 5268 ››
1365 5216 1531 5291 quod
1562 5234 1598 5273 a
1626 5220 1795 5274 Petro
1833 5218 1953 5291 epi-

295 5321 486 5379 scopo
515 5309 651 5361 ante
696 5324 924 5365 annum
980 5310 1083 5366 958
1112 5307 1424 5364 conditum
1456 5305 1635 5361 fuisse
1667 5304 1952 5376 Ughellus

295 5395 520 5468 probat
544 5394 604 5449 in
626 5399 789 5450 tonio
810 5399 909 5453 Vll
941 5399 1117 5455 Italiae
1141 5414 1324 5455 sacrae
1356 5396 1467 5452 col.
1491 5396 1615 5452 503.
1642 5399 1705 5450 ln
1733 5395 1958 5465 digres-

300 5486 502 5542 siones
558 5483 885 5559 aliquando
942 5489 1305 5561 exspatiatur
1373 5491 1654 5549 Joannes,
1709 5500 1818 5542 nec
1876 5502 1968 5543 se-

771 5577 1012 5632 PAIROL.
1074 5578 1314 5635 CXXXIII

176 5761 441 6029 »(⁸³8³

2037 3082 2249 3138 libellis
2309 3082 2615 3139 minutiori
2644 3084 2987 3140 charactere
3041 3085 3334 3156 subjicere
3380 3084 3697 3140 statuimus

2038 3174 2281 3244 propter
2308 3172 2631 3228 nonnullas
2660 3172 2735 3228 de
2779 3177 2968 3228 morte
3020 3176 3078 3229 et
3112 3172 3421 3245 sepultura
3474 3171 3698 3229 Odonis

2038 3259 2306 3331 aliasque
2336 3259 2833 3324 circumstantias,
2864 3277 3001 3333 quae
3045 3260 3210 3333 apud
3253 3263 3546 3316 Joannem
3574 3276 3699 3316 non

2037 3347 2335 3419 leguntur.
2356 3348 2581 3405 Odonis
2609 3366 2748 3405 cum
2773 3348 2952 3405 laude
2973 3349 3378 3406 meminerunt
3408 3348 3579 3405 multi
3601 3347 3700 3404 alii

2039 3444 2330 3505 auctores,
2358 3455 2621 3512 quorum
2646 3439 2906 3495 indicem
2938 3440 3179 3496 exhibet
3204 3439 3493 3497 Chcsnius
3519 3440 3579 3495 in
3596 3455 3702 3495 no-

2041 3529 2112 3584 tis
2134 3528 2214 3584 ad
2256 3528 2685 3585 bibliothecam
2740 3528 3212 3585 Cluniacenscm.
3252 3532 3313 3583 In
3345 3528 3435 3583 his
3466 3529 3594 3584 fuse
3624 3528 3698 3583 de

2043 3623 2252 3674 sancto
2268 3619 2823 3689 OdoneagitPetrus
2846 3619 3153 3691 Equilinus
3170 3619 3231 3674 in
3251 3617 3353 3673 lib.
3390 3636 3440 3686 Χ,
3474 3635 3609 3691 cap.
3644 3623 3695 3673 8.

2110 3709 2165 3763 3.
2194 3712 2531 3780 Antequam
2560 3708 2635 3764 de
2683 3707 2889 3764 Odone
2921 3706 3294 3765 Cluniacensi
3319 3708 3514 3764 dicere
3552 3707 3699 3763 inci-

2040 3797 2162 3870 pio,
2194 3813 2316 3853 non
2341 3797 2419 3854 ab
2444 3813 2506 3853 re
2545 3796 2653 3853 erit
2684 3796 3026 3867 observare,
3085 3797 3239 3853 duos
3288 3796 3437 3852 alios
3488 3800 3702 3868 praeter

2042 3887 2240 3961 ipsum
2269 3887 2482 3944 eodem
2503 3903 2632 3943 aevo
2663 3887 2953 3944 exstitisse
2983 3887 3239 3943 illustres
3289 3887 3560 3958 ejusdem
3591 3902 3701 3943 no-

2043 3977 2223 4033 minis
2294 3977 2565 4045 abbates,
2632 3992 2825 4032 unum
2892 3976 3372 4047 Masciacensem,
3449 3976 3702 4032 alterum

2047 4065 2239 4120 sancti
2260 4065 2531 4120 Maxentii
2549 4064 2713 4137 apud
2730 4064 3017 4119 Pictones.
3040 4067 3119 4119 De
3140 4064 3520 4119 Masciacensi
3537 4064 3703 4136 apud

2047 4151 2339 4221 Biturigas
2369 4150 2645 4207 coenobio
2675 4150 3016 4206 revocanda
3046 4155 3184 4205 sunt
3228 4166 3301 4205 ea
3330 4165 3466 4222 quae
3495 4150 3557 4205 in
3585 4150 3705 4206 elo-

2050 4239 2148 4311 gio
2178 4239 2463 4296 Bernonis
2516 4237 2755 4295 abbatis
2784 4239 3057 4311 superius
3110 4239 3392 4295 diximus.
3447 4239 3543 4295 Isti
3570 4238 3704 4296 loco

2050 4333 2188 4404 post
2216 4331 2545 4386 Bernonem
2572 4327 2857 4384 suffectus
2880 4328 3007 4384 Οάο
3036 4327 3464 4395 Cluniacensis,
3490 4328 3708 4402 proab-

2051 4419 2263 4497 batem'
2282 4418 2365 4475 ibi
2394 4418 2697 4475 constituit
2727 4417 2838 4473 sibi
2869 4418 3314 4487 cognominem,
3346 4418 3452 4491 qui
3480 4438 3510 4471 ‹
3542 4435 3705 4481 anno

2053 4512 2155 4566 935
2209 4509 2400 4566 abbas
2465 4507 2838 4565 ordinatus»
2898 4512 3266 4563 memoratur
3312 4507 3373 4563 in
3427 4508 3709 4564 chronico

2053 4596 2442 4654 Masciacensi
2467 4596 2631 4669 apud
2662 4595 2970 4652 Labbeum
2989 4596 3052 4651 in
3078 4600 3240 4651 tomo
3263 4596 3309 4651 Il
3334 4595 3710 4651 Bibliotheca:

2055 4703 2248 4744 novae.
2305 4688 2385 4743 De
2444 4686 2615 4756 cujus
2680 4683 2927 4739 secundi
2980 4683 3201 4740 Odonis
3251 4683 3419 4739 obitu
3487 4682 3712 4738 ibidem

2056 4775 2234 4831 etiam
2279 4775 2407 4830 haec
2462 4772 2742 4842 leguntur
2772 4790 2785 4826 :
2821 4795 2848 4820 ‹‹
2880 4782 3052 4827 Anno
3073 4775 3198 4841 967,
3231 4789 3327 4827 VIII
3374 4771 3510 4827 ldus
3558 4770 3716 4827 Junii

2054 4864 2152 4920 hic
2183 4862 2330 4919 obiit
2359 4861 2486 4918 Odo
2525 4860 2720 4917 abbas
2746 4860 2923 4917 bonae
2955 4860 3283 4919 memoriae.
3316 4864 3372 4915 et
3421 4859 3715 4915 Arduicus

2057 4951 2394 5009 monachus
2447 4949 2629 5007 Nonis
2683 4948 3065 5023 Septembris.
3098 4972 3125 4999 ››
3167 4949 3333 5005 Diem
3366 4953 3717 5022 sequentem

2060 5043 2257 5112 signat
2277 5039 2710 5096 Kalendarium
2763 5043 3110 5094 sanctorum
3162 5036 3720 5097 Thuano-Colberti-

2062 5147 2210 5187 num
2238 5145 2406 5185 num.
2440 5131 2507 5183 99
2538 5128 2631 5183 his
2660 5126 2856 5183 verbis
2885 5144 2897 5181 :
2935 5147 2963 5180 ‹
2990 5144 3072 5183 vn
3108 5127 3249 5183 ldus
3297 5126 3452 5183 Junii
3497 5122 3721 5182 Odonis

2064 5218 2300 5276 abbatis
2330 5216 2763 5274 Masciacensis.
2792 5239 2818 5264 ››
2848 5215 3009 5272 Alter
3037 5216 3164 5272 Odo
3194 5215 3304 5271 fuit
3332 5213 3523 5269 abbas
3556 5212 3723 5285 apud

2066 5311 2339 5363 sanctum
2386 5305 2767 5369 Maxentium,
2822 5320 3040 5377 nempe
3070 5320 3231 5359 anno
3264 5301 3390 5371 963,
3430 5299 3524 5356 cui
3552 5303 3723 5357 Bam-

2064 5394 2267 5451 nult'us
2295 5393 2487 5457 abbas
2518 5392 2804 5448 successit
2830 5408 2990 5448 anno
3020 5395 3143 5446 968.
3177 5392 3424 5446 testante
3469 5389 3725 5445 chrono-

2068 5485 2300 5559 grapho
2328 5482 2697 5540 Malleacensi
2724 5482 2888 5555 apud
2918 5479 3199 5536 eumdem
3235 5478 3561 5535 Labbeum.
