4154 6180
417 145 472 196 n
1563 113 1640 194 ‘s.
1684 139 1824 194 οῡο
1865 140 2089 196 xeniis
2130 145 2658 205 CLUNIACENSIS.
3774 148 3836 202 12

483 263 586 319 His
610 261 960 336 praemissis,
991 260 1166 317 venio
1193 261 1272 316 ad
1302 259 1572 316 Odonem
1613 277 1719 316 seu
1749 259 2062 317 Oddonem
2102 270 2149 319 Α
2178 268 2418 324 famulis
2443 271 2696 340 dignum
2729 289 2847 326 non
2879 271 3198 340 denegabit
3229 277 3481 343 patrem.
3517 270 3687 336 Quod
3727 270 3837 324 sci-

412 353 696 411 abbatem
729 353 1198 418 Cluniacensem,
1227 352 1398 423 cujus
1428 350 1686 422 patriam
1714 355 1770 407 et
1788 357 2066 424 parentes

412 444 675 517 primum
731 441 1090 512 investigare
1147 455 1390 496 necesse
1472 441 1576 502 est.
1634 440 1788 496 Patri
1845 451 2066 498 nomen

411 531 593 588 fuisse
617 529 873 598 Abboni,
901 528 1140 585 militari
1169 527 1380 584 ordine
1422 527 1694 602 praedito,
1727 545 1799 584 ex
1841 531 2068 584 Joanne

415 621 712 676 monacho
735 619 986 691 aliisque
1014 621 1265 685 constat,
1293 617 1458 691 apud
1483 633 1636 690 quos
1660 617 1827 676 nulla
1849 617 2070 674 mentio

414 712 489 767 de
517 710 762 767 nomine
795 708 1017 766 Odonis
1046 707 1273 764 matris.
1307 707 1576 762 Abbonis
1605 707 1866 776 elogium
1893 710 2070 766 Joan-

414 817 522 857 nes
551 816 625 855 ex
674 799 879 855 Odone
923 801 1359 854 commemorat
1411 797 1575 852 initio
1608 796 1740 852 libri
1771 814 1806 854 ι.
1841 800 2071 852 Utrum-

415 904 534 961 que
561 892 870 960 parentem
921 884 1024 940 ﬁlii
1056 885 1296 941 monitis
1325 885 1402 940 ad
1447 885 1844 942 monasticam
1891 886 2074 942 vitam

418 993 479 1032 se
507 975 800 1048 recepisse
830 975 1132 1045 Nalgodus
1157 974 1339 1030 habet
1367 991 1438 1030 ex
1468 977 1718 1041 Joanne,
1775 975 1878 1047 qui
1928 974 2074 1029 reei-

420 1071 542 1122 tato
569 1063 860 1120 miraculo
893 1064 967 1119 de
1025 1062 1193 1118 micis
1252 1063 1312 1118 in
1343 1064 1698 1132 margaritas
1747 1063 2071 1130 conversis,
2120 1072 2132 1084 ‘

419 1156 546 1210 haec
577 1153 783 1210 subdit
806 1152 868 1208 in
898 1151 1000 1210 lib.
1031 1170 1068 1230 ι,
1098 1169 1267 1210 num.
1301 1155 1368 1208 35
1407 1171 1418 1206 :
1455 1173 1485 1206 «
1531 1156 1613 1208 Ex
1636 1152 1742 1210 illo
1766 1154 1895 1223 jam
1926 1158 2074 1209 tem-

422 1259 566 1316 pore
598 1243 776 1316 coepit
803 1243 958 1302 intra
985 1243 1254 1316 seipsum
1283 1248 1534 1302 aestuare
1563 1247 1806 1316 propter
1847 1243 2076 1314 genito-

419 1349 556 1390 rum
586 1349 834 1390 suorum
863 1333 1250 1405 ereptionem,
1281 1337 1580 1406 quatenus
1629 1349 1732 1388 eos
1763 1338 1970 1405 posset
1998 1332 2076 1387 ab

420 1423 601 1493 hujus
632 1421 832 1478 saeculi
859 1421 1114 1478 nexibus
1136 1422 1508 1478 subtrahere.
1535 1421 1700 1477 Unde
1717 1421 1943 1477 factum
1968 1427 2075 1488 est,

421 1516 486 1567 ut
511 1527 637 1568 non
665 1511 853 1567 multo
874 1515 1012 1582 post
1035 1514 1282 1582 accepta
1293 1509 1532 1566 licentia
1551 1509 1631 1566 ad
1647 1514 1878 1582 patrem
1901 1525 2076 1565 suum

2176 357 2310 414 licet
2340 375 2482 414 sane
2509 359 3026 416 considerantibus
3057 360 3177 414 sole
3203 359 3460 415 lucidius
3483 363 3664 431 patet.
3690 359 3839 414 dum

2178 445 2294 520 vita
2319 451 2376 503 et
2422 447 2738 503 conversio
2770 448 2977 502 domui
3030 447 3352 518 Hcymardi
3415 446 3560 502 satis
3591 446 3837 502 abunde

2178 536 2650 607 experimentum
2707 536 2950 609 praebet.
3019 537 3342 608 Hucusque
3392 535 3688 607 siquidem
3765 535 3840 590 de

2181 623 2325 679 tanti
2376 624 2482 679 viri
2542 625 2850 680 laudanda
2911 623 3215 679 nobilitate
3267 623 3435 678 brevi
3496 627 3840 694 peroratum

2182 711 2456 779 sufficiat,
2489 718 2786 784 quatenus
2818 729 2888 766 ex
2917 712 3028 766 hoc
3053 711 3433 778 intelligatur,
3468 715 3841 782 quantopere

2181 805 2414 874 oportet
2441 818 2550 856 nos
2582 802 2866 858 inlnerere
2897 801 3049 855 illitis
3075 801 3256 869 scitis,
3282 817 3462 872 quem
3488 815 3596 872 pro
3631 798 3840 854 merito

2183 906 2304 946 non
2323 890 2687 959 ambigimus
2711 891 2996 944 insertum
3020 889 3372 952 angelorum
3392 888 3616 944 cuneis.
3639 913 3664 936 ››
3696 891 3838 942 Hac-

2187 985 2354 1034 tenus
2382 984 2552 1034 vetus
2589 985 2816 1044 auctor,
2850 978 2951 1050 qui
2981 983 3248 1048 tempore
3282 977 3546 1033 Odilonis
3583 976 3838 1042 abbatis,

2183 1068 2245 1122 id
2277 1072 2363 1122 est
2393 1074 2527 1140 post
2559 1085 2750 1124 annos
2803 1068 2878 1122 ab
2937 1067 3160 1122 Odonis
3210 1067 3376 1121 obitu
3437 1072 3698 1132 centum,
3728 1067 3841 1119 hoc

2184 1157 2444 1227 elogium
2477 1158 2694 1213 chartis
2753 1157 2864 1213 sub
2927 1156 3132 1212 Odone
3163 1157 3415 1212 conditis
3460 1155 3742 1228 praemisit
3783 1153 3839 1208 in

2185 1245 2481 1302 chartario
2517 1245 2908 1303 Cluniacensi.

2185 1357 2318 1412 CAP.
2373 1359 2436 1412 ll.
2470 1387 2538 1398 ——
2571 1355 2788 1410 Odonis
2834 1355 3099 1423 pueritia
3147 1359 3198 1408 et
3250 1353 3672 1422 adolescentia,
3718 1354 3838 1408 vita

2731 1427 3040 1491 canonica,
3076 1425 3296 1480 studia.

2346 1515 2472 1570 Odo
2503 1515 2678 1570 alitus
2725 1519 2816 1569 est
2855 1529 3004 1586 puer
3035 1513 3249 1584 partim
3284 1511 3448 1584 apud
3506 1511 3844 1576 Fulconem,

422 1599 630 1666 abiret,
689 1615 950 1670 eumque
997 1598 1077 1654 ad
1119 1599 1554 1655 monasterium
1601 1599 1863 1667 duceret,
1898 1603 2077 1672 atque
2120 1622 2157 1674 Β
2189 1606 2318 1674 ejus
2341 1604 2602 1660 nominis
2635 1602 3508 1670 secundum,Andegavensem
3543 1601 3844 1669 comitem,

421 1688 792 1744 monachum
817 1686 1120 1744 ordinaret
1147 1703 1160 1742 :
1195 1692 1445 1744 matrem
1469 1703 1610 1745 vero
1638 1687 1808 1744 indui
1832 1688 1966 1744 fecit
1988 1704 2077 1742 sa-

423 1793 524 1834 cro
552 1775 872 1846 velamine,
897 1777 1070 1848 cujus
1114 1776 1319 1840 vitam,
1380 1777 1429 1833 si
1455 1777 1717 1834 licuisset
1763 1775 2018 1834 scribere
2051 1798 2077 1826 ››

423 1865 677 1938 (utinam
705 1876 848 1922 Vero
871 1863 1180 1938 libuisset),
1215 1888 1242 1916 ‹‹
1279 1865 1475 1936 magis
1506 1865 1754 1922 historia
1782 1863 2080 1920 videretur

423 1969 553 2011 esse
583 1969 770 2027 quam
800 1954 1106 2010 schedula.
1134 1977 1162 2005 ››
1211 1955 1449 2011 Talibus
1499 1953 1700 2030 itaque
1730 1953 2080 2028 parentibus

425 2047 602 2108 natus
629 2047 718 2099 est
745 2041 872 2100 Odo
902 2059 1063 2099 anno
1093 2048 1218 2114 879,
1244 2044 1541 2116 siquidem
1567 2059 1727 2100 anno
1746 2041 1960 2100 Christi
1979 2047 2080 2099 939

429 2133 854 2204 sexagenarius
886 2137 1032 2201 erat,
1062 2149 1132 2188 ex
1157 2135 1390 2189 Joanne
1431 2133 1597 2190 initio
1622 2131 1758 2188 libri
1783 2149 1823 2200 ι,
1845 2149 2011 2188 num.
2028 2134 2080 2186 4.

499 2227 552 2278 4.
587 2222 851 2279 Natalem
878 2223 930 2278 ei
961 2223 1164 2279 sedem
1195 2221 1376 2278 fuisse
1399 2223 1558 2296 apud
1592 2225 1964 2278 'l‘uronorum
1995 2237 2086 2276 ur-

428 2311 568 2368 bem
591 2310 864 2382 colligere
894 2311 1028 2366 licet
1055 2328 1126 2366 ex
1165 2311 1373 2368 innata
1404 2311 1588 2384 patris
1621 2313 1870 2384 ejusque
1902 2310 2085 2365 devo-

432 2401 586 2456 tione
641 2416 783 2470 erga
841 2405 1116 2456 sanetum
1164 2397 1510 2470 Martinam,
1563 2400 1658 2455 cui
1713 2398 1790 2454 ab
1847 2398 2086 2454 ineunte

433 2487 836 2544 adolescentia
869 2505 995 2543 sese
1027 2487 1284 2548 devovit,
1319 2488 1482 2560 apud
1513 2489 1808 2544 Joannem
1830 2503 1997 2542 num.
2033 2491 2084 2542 9-

433 2577 848 2649 Conjecturam
881 2581 1060 2647 auget
1088 2576 1150 2632 id
1179 2576 1345 2648 quod
1369 2576 1532 2632 idem
1569 2581 1776 2634 auctor
1807 2577 1867 2632 in
1897 2575 1997 2630 lib.
2030 2591 2086 2641 ιι,

434 2680 600 2721 num.
637 2666 722 2736 16,
755 2669 1052 2722 memorat
1079 2665 1154 2722 de
1173 2661 1426 2739 parvulo
1445 2664 1666 2722 Odonis
1688 2669 1902 2738 nepote
1920 2667 2090 2736 rapto

439 2770 546 2826 per
575 2757 997 2826 Nortmannos,
1029 2769 1170 2810 eum
1193 2776 1220 2803 «
1253 2753 1524 2810 Turoniae
1555 2755 1705 2810 ﬁnes
1733 2777 1761 2804 »
1816 2752 2089 2809 devasta—

433 2845 570 2901 rint.
621 2848 774 2916 Ergo
805 2845 868 2900 in
897 2845 1155 2902 Turonia
1176 2843 1528 2901 versabatur
1550 2845 1678 2916 ejus
1703 2860 1913 2916 nepos.
1938 2847 2093 2899 Atta-

2187 1711 2369 1766 quem
2399 1693 2478 1748 ob
2501 1693 2562 1747 id
2583 1691 3012 1748 collactaneum
3049 1708 3224 1746 suum
3249 1691 3309 1745 in
3351 1689 3602 1762 epistola
3637 1694 3848 1757 vocat;

2188 1781 2403 1856 partim
2435 1806 2459 1828 ‹‹
2486 1783 2638 1838 intra
2663 1782 2914 1836 domum
2939 1779 3232 1835 Gulllelmi
3255 1779 3424 1833 ducis
3456 1777 3850 1850 Aquitaniae,»

2192 1875 2331 1927 teste
2347 1857 2576 1928 Joanne
2600 1870 2765 1926 initio
2791 1869 2924 1924 libri
2950 1868 3146 1942 primi.
3183 1868 3293 1934 Qui
3349 1866 3716 1930 tiuillelmus,
3753 1883 3848 1921 co—

2191 1964 2515 2030 gnomento
2545 1959 2697 2021 Pius,
2725 1979 2753 2011 «
2775 1973 2846 2013 eo
2864 1962 3128 2032 tempore
3152 1955 3554 2028 Aquitaniam,
3586 1955 3844 2011 Gutiam-

2194 2065 2311 2122 que
2339 2065 2446 2104 suo
2475 2048 2608 2120 jure
2636 2047 2894 2116 tenebat,
2926 2071 2949 2094 ››
2983 2047 3032 2100 is
3062 2061 3243 2117 quem
3277 2044 3682 2101 (lluniacensis
3731 2059 3854 2098 mo-

2195 2138 2436 2195 nasterii
2467 2138 2860 2194 fundamenta
2884 2135 3093 2206 jecisse
3119 2133 3382 2189 diximus
3410 2133 3470 2188 in
3498 2133 3693 2204 elogio
3719 2135 3850 2188 Ber-

2197 2229 2392 2284 nonis.
2431 2231 2582 2284 Sane
2615 2225 2780 2299 apud
2811 2225 3010 2297 ipsum
3043 2223 3421 2278 Guillelmum
3481 2223 3681 2279 multae
3713 2239 3853 2278 auc-

2198 2316 2442 2373 toritatis
2473 2319 2598 2371 erat
2629 2313 2798 2377 itbe
2821 2312 3042 2370 Odonis
3061 2317 3228 2384 pater
3253 2309 3419 2388 apud
3438 2307 3726 2367 Joannem
3752 2309 3858 2365 ibi-

2197 2406 2335 2461 dem
2367 2421 2533 2460 num.
2567 2405 2619 2458 5.
2657 2403 2756 2458 l-lic
2809 2401 3079 2458 Odonem
3127 2399 3490 2457 ablactatum
3553 2423 3579 2448 «
3613 2399 3853 2456 cuidam

2199 2513 2308 2551 suo
2337 2491 2555 2567 prcsby
2567 2499 2706 2558 tero,
2729 2492 2831 2566 qui
2852 2491 2912 2546 in
2937 2489 3239 2546 reinotiori
3261 2486 3550 2546 manebat
3574 2489 3726 2560 loco,
3750 2494 3860 2544 tra-

2197 2577 2347 2640 didit
2383 2581 2790 2651 educandum,
2841 2586 2898 2636 et
2945 2579 3273 2636 litterarum
3325 2579 3534 2634 studiis
3580 2577 3857 2636 imbuen-

2199 2673 2366 2737 dum,
2387 2696 2413 2721 ››
2431 2678 2666 2728 num.7.
2696 2670 2816 2725 Sub
2839 2670 2962 2726 haec
2982 2669 3041 2726 in
3059 2667 3200 2724 aula
3221 2667 3512 2724 Guillelmi
3538 2688 3568 2720 (ι
3597 2663 3862 2722 militari-

2199 2763 2314 2818 bus
2337 2759 2671 2818 exercitiis»
2700 2757 3054 2832 applicatus,
3084 2755 3161 2812 ad
3193 2756 3549 2813 sanctiorem
3580 2755 3856 2810 militiam

2202 2869 2237 2908 a
2283 2851 2510 2908 Christo
2563 2848 2813 2904 Domino
2847 2851 3094 2902 vocatus
3137 2850 3224 2901 est
3261 2847 3321 2901 in
3367 2843 3550 2901 Natali
3594 2843 3852 2909 Domini,

436 2949 574 2991 men
605 2934 667 2990 in
697 2934 880 2991 veteri
905 2934 1200 2991 chartario
1230 2933 1604 2993 Cluniacensi
1630 2933 1844 3003 legitur
1869 2932 2092 2990 Odonis
2131 2973 2172 3027 Ο
2205 2941 2510 2997 «instante
2535 2941 2702 2994 sexto
2734 2935 2966 2991 decimo
2997 2935 3185 2991 astatis
3215 2949 3337 2990 sum
3364 2949 3545 3000 anno,
3579 2955 3606 2981 ››
3651 2929 3858 2987 dolore

435 3024 720 3098 elogium,
751 3039 933 3098 quem
965 3029 1174 3082 auctor
1199 3041 1270 3081 ex
1297 3041 1458 3099 pago
1515 3023 1960 3080 Cenomannico
2001 3039 2092 3079 or—

435 3119 563 3171 tum
589 3115 748 3171 dicit.
781 3113 1054 3185 Elogium
1083 3115 1198 3171 hoc
1245 3115 1507 3171 Odilonis
1553 3113 1788 3170 abbatis
1825 3116 2093 3186 tempore

437 3203 724 3274 scriptum
757 3207 845 3258 est
873 3202 950 3260 ab
991 3219 1082 3268 eo,
1116 3203 1221 3276 qui
1251 3203 1380 3274 ejus
1405 3203 1581 3273 jussu
1629 3201 1865 3256 chartas
1917 3219 2092 3274 supe-

435 3291 664 3346 riorum
712 3289 1006 3346 abbatum
1063 3289 1122 3344 in
1179 3289 1451 3351 ordinem
1498 3289 1743 3358 redegit.
1797 3289 2096 3362 Praecipua

438 3377 764 3450 elogiihaac
794 3391 1033 3434 summa
1066 3395 1078 3432 :
1114 3400 1141 3428 «
1170 3377 1302 3433 Fuit
1329 3377 1528 3448 igitur,
1561 3382 1625 3434 ut
1652 3375 1910 3432 veridica
1937 3378 2094 3450 prio-

434 3483 570 3524 rum
601 3467 886 3525 relatione
915 3467 1117 3540 fertur,
1147 3465 1335 3524 nobili
1363 3467 1648 3542 prosapia
1699 3469 1888 3538 satus,
1921 3468 2095 3523 Cino—

438 3559 722 3614 mannica
751 3557 994 3628 regione
1025 3560 1284 3620 exortus,
1343 3558 1559 3612 artium
1616 3555 1952 3612 liberalium
1998 3575 2098 3632 ap-

435 3646 628 3719 prime
653 3645 875 3716 regulis
933 3645 1223 3714 imbutus,
1285 3645 1427 3702 almi
1456 3645 1683 3704 Martini
1736 3647 2096 3703 Turonensis

437 3733 698 3791 basilicae
743 3733 1019 3803 aedituus,
1056 3750 1332 3790 sermone
1379 3734 1597 3804 clarus,
1647 3737 1756 3792 etc.
1793 3733 2098 3792 Delibutus

434 3823 688 3896 proinde
719 3822 902 3880 odore
933 3823 1240 3892 virtutum,
1262 3839 1445 3895 quem
1475 3821 1538 3879 id
1563 3823 1850 3898 temporis
1867 3823 2099 3882 Clunia-

437 3911 630 3968 censis
655 3927 863 3968 rumor
891 3911 1032 3984 (imo
1087 3912 1438 3979 Balmensis)
1487 3912 1891 3986 pretiosorum
1931 3923 2098 3970 more

435 4005 797 4071 aromatum,
810 4001 988 4072 longe
999 4001 1238 4076 lateque
1255 4001 1621 4078 profuderat,
1642 4006 1840 4060 mente
1859 4017 2102 4076 promp-

432 4093 494 4149 ta
533 4091 700 4166 quod
739 4091 844 4149 diu
873 4093 1277 4167 concupierat,
1335 4091 1633 4150 tenebrosi
1670 4091 1908 4166 reliquit
1935 4109 2096 4178 rura,

433 4179 674 4252 lugente
707 4181 833 4237 cive
854 4182 917 4237 in
942 4182 1154 4254 patria,
1180 4181 1416 4238 laetante
1437 4182 1666 4238 Christo
1693 4181 1752 4238 in
1781 4181 1987 4252 gloria,
2011 4182 2098 4238 di-

431 4269 570 4325 vino
597 4271 744 4339 jugo
775 4269 942 4326 mitia
964 4270 1284 4344 supposuit
1313 4269 1484 4326 colla.
1510 4269 1801 4324 Tirocinio
1831 4269 2090 4344 denique

2203 3030 2413 3104 capitis
2441 3044 2547 3103 per
2583 3025 2894 3084 biennium
2921 3025 2981 3082 in
3013 3023 3216 3100 patriis
3245 3022 3477 3077 aedibus
3520 3020 3857 3077 atﬂictatus.

2274 3129 2326 3174 ts.
2345 3115 2740 3174 Postmcdum
2759 3119 2964 3170 sancto
2987 3112 3230 3169 Mai-tino
3254 3110 3640 3184 semetipsum
3665 3126 3738 3166 ex
3759 3126 3864 3184 pa-

2205 3210 2307 3267 tris
2334 3213 2472 3264 voto
2522 3205 2808 3264 addicens
2839 3220 3000 3260 anno
3049 3199 3238 3257 aetatis
3265 3215 3426 3254 nono
3457 3195 3714 3266 decimo,
3757 3199 3862 3272 qui

2205 3296 2415 3354 Christi
2445 3293 2564 3352 fere
2600 3289 3250 3362 undenongentesimus
3289 3291 3435 3356 erat,
3468 3286 3716 3343 clericus
3754 3287 3861 3342 ibi-

2205 3386 2342 3442 dem
2379 3388 2558 3459 atque
2589 3380 2914 3438 eanonicus
2946 3377 3136 3434 factus
3191 3382 3279 3433 est
3334 3377 3394 3432 in
3444 3375 3736 3449 frequenti
3786 3375 3862 3430 ci-

2205 3475 2370 3533 vium
2400 3477 2457 3530 et
2484 3474 2836 3542 magnatum
2867 3471 3042 3528 coetu.
3077 3490 3103 3515 ‹‹
3135 3469 3287 3522 lnter
3330 3467 3442 3522 hos
3487 3481 3627 3523 vero
3675 3463 3864 3520 adfuit

2206 3581 2409 3622 comes
2440 3560 2638 3630 Fulco,
2690 3559 2796 3632 qui
2836 3575 2975 3617 eum
3027 3555 3334 3623 nutrierat,
3369 3580 3395 3605 ››
3455 3555 3626 3629 eique
3660 3579 3684 3602 ‹‹
3719 3558 3863 3610 inox

2207 3651 2418 3710 cellam
2444 3651 2616 3724 juxta
2643 3651 2703 3704 Β.
2736 3645 2964 3705 Martini
2992 3644 3196 3702 tribuit
3217 3643 3554 3717 ecclesiam,
3584 3647 3640 3700 et
3669 3643 3862 3717 quoti-

2206 3741 2457 3798 dianum
2489 3743 2708 3795 Victum
2737 3753 2810 3792 ex
2840 3731 3054 3791 eadem
3100 3733 3393 3793 canonica
3423 3730 3756 3806 acquisivit,
3789 3731 3866 3786 ei-

2207 3847 2325 3904 que
2355 3825 2664 3886 concessit.
2697 3848 2724 3876 ››
2760 3822 3024 3892 Fulconi,
3058 3824 3219 3878 Bono
3249 3837 3585 3894 cognomen
3611 3823 3754 3887 erat,
3788 3819 3863 3874 de

2207 3935 2330 3992 quo
2359 3916 2549 3974 multa
2577 3911 2865 3988 praeclara
2891 3911 2954 3968 in
2998 3910 3177 3981 gestis
3231 3905 3547 3964 consulum
3591 3905 3864 3974 Andega-

2209 4005 2486 4061 vensium
2515 4003 2577 4058 in
2603 4000 2896 4076 Spicilegii
2925 4004 3088 4056 tomo
3118 4001 3180 4070 X,
3211 4013 3350 4072 pag.
3379 3997 3482 4052 402
3513 3998 3570 4052 et
3606 3995 3732 4064 434,
3759 3993 3863 4050 ubi

2207 4095 2334 4151 haec
2367 4093 2550 4150 verba
2572 4107 2712 4167 pag.
2745 4091 2886 4148 435:
2921 4113 2947 4139 «
2981 4089 3126 4146 Boni
3163 4086 3354 4160 ipsius
3386 4101 3583 4143 mores
3612 4083 3779 4142 domi
3808 4086 3864 4140 et

2211 4183 2430 4240 militiae
2461 4181 2809 4238 colebantur
2841 4197 2852 4233 :
2879 4179 2978 4252 jus
3034 4177 3285 4242 bonum,
3319 4172 3640 4229 concordia
3675 4173 3864 4229 maxi-

2208 4288 2330 4340 ma,
2358 4269 2610 4326 minima
2629 4267 2876 4325 avaritia
2895 4265 2957 4318 in
2974 4263 3104 4336 ips‘o
3127 4265 3271 4317 erat.
3298 4284 3326 4311 »
3357 4263 3504 4318 Tum
3525 4257 3600 4316 de
3617 4260 3824 4317 Odone
3846 4279 3858 4316 :

435 4371 557 4411 suae
588 4355 993 4412 conversionis
1022 4329 1145 4412 ndn
1176 4355 1433 4426 segniter
1457 4359 1721 4428 peracto,
1753 4329 2092 4428 precatidne
2132 4329 2176 4382 D
2213 4381 2231 4412 ι
2266 4329 2374 4416 Iste
2403 4359 2646 4415 nutrivit
2674 4359 2948 4413 sanctum
2978 4349 3270 4422 Odonem,
3295 4355 3352 4408 et
3377 4351 3429 4408 ei
3455 4347 3666 4406 cellam
3691 4349 3863 4421 juxta

432 4443 620 4516 patris
645 4444 1103 4513 circumventus,
1138 4445 1310 4516 cujus
1338 4443 1620 4499 institutis
1650 4441 1842 4502 fuerat
1871 4446 2094 4502 manci-

431 4537 630 4607 patus,
658 4531 867 4590 volens
896 4534 1248 4608 nolensque,
1284 4537 1348 4592 ut
1370 4533 1564 4590 verius
1595 4533 1821 4590 dictum
1853 4535 1944 4604 sit,
1981 4552 2090 4592 no-

429 4623 578 4692 lens,
640 4623 816 4680 totius
874 4622 1252 4680 h‘aternitatis
1297 4621 1375 4679 ad
1443 4623 1774 4694 regendum
1831 4627 2093 4699 suscepit

433 4727 708 4770 examen.
742 4715 976 4780 Quanta
1005 4711 1263 4786 denique
1295 4712 1624 4768 acrimonia
1673 4713 1938 4770 excelsos
1969 4715 2091 4771 ani-

429 4819 564 4859 mos
596 4807 874 4876 sternere,
903 4802 1138 4877 qualive
1160 4802 1391 4859 cautela
1411 4803 1655 4860 virtutes
1685 4803 1942 4860 inserere
1973 4809 2090 4862 stu-

429 4891 578 4962 duit,
611 4909 735 4949 non
765 4893 1002 4964 ignorat
1031 4893 1218 4966 Italia,
1249 4896 1610 4971 protestatur
1639 4893 2093 4966 Burgundia,si-

428 4981 676 5055 mulque
705 4982 881 5040 refert
909 4983 1114 5040 Gallia.
1137 4981 1464 5056 Prophetiae
1485 4981 1744 5058 denique
1768 4981 1958 5055 gratia
1975 4985 2092 5041 suf-

429 5069 600 5126 fusus
628 5087 702 5134 ex
719 5072 836 5128 hoc
859 5073 1183 5130 certissime
1206 5071 1598 5146 approbatur,
1627 5073 1776 5130 dum
1801 5091 2088 5148 suprema

430 5165 584 5219 sorte
600 5165 960 5236 praeventus,
976 5163 1315 5219 conlatione
1333 5163 1582 5220 fratrum
1599 5163 1937 5237 requisitus,
1953 5165 2090 5238 quis

430 5267 502 5304 ex
532 5256 696 5308 tanto
720 5250 969 5323 collegio
1001 5253 1224 5308 czeteris
1247 5253 1646 5325 praeficeretur
1673 5271 1686 5321 ;
1721 5253 1840 5310 alto
1897 5253 2089 5310 ﬂami-

433 5353 504 5394 ne
531 5340 769 5397 all‘latUS
811 5341 890 5396 sic
923 5341 1001 5397 avl
1047 5358 1149 5396 eos
1179 5342 1558 5414 respondisse
1617 5343 1800 5399 fertur
1831 5362 1843 5398 :
1881 5344 2090 5399 Nostra

429 5429 490 5484 in
524 5429 656 5491 hac,
691 5447 727 5483 o
756 5429 878 5497 lilii,
931 5431 1240 5489 vacillante
1292 5449 1566 5502 censura,
1598 5432 1810 5488 Christi
1852 5431 2087 5487 Domini

425 5517 600 5586 larga
655 5533 777 5574 non
822 5518 1007 5574 deerit
1057 5519 1396 5592 prudentia,
1453 5538 1586 5592 quae
1635 5523 1692 5574 et
1716 5519 1924 5575 domui
1963 5535 2086 5572 suae

423 5612 701 5664 sanctum
734 5608 1072 5680 providebit
1101 5616 1426 5682 pastorem,
1453 5614 1510 5666 et
1535 5608 1708 5664 vobis
1732 5607 2082 5680 rogantibus

2204 4445 2362 4502 beati
2414 4445 2641 4504 Martini
2691 4441 2894 4500 tribuit
2950 4438 3288 4509 ecclesiam,
3331 4443 3389 4496 et
3437 4437 3862 4512 quotidianum

2201 4535 2426 4593 victum
2454 4553 2526 4593 ex
2557 4535 2769 4592 eadem
2799 4548 3061 4604 camera,
3093 4531 3198 4606 qui
3227 4529 3619 4605 postmodum
3645 4524 3863 4596 magis-

2203 4629 2288 4681 ter
2317 4625 2532 4682 scholae
2565 4628 2623 4680 et
2649 4639 2881 4700 pracen
2893 4627 2982 4679 tor
3025 4619 3300 4694 ejusdem
3361 4615 3622 4675 ecclesiae
3649 4613 3861 4672 eodem

2200 4711 2446 4770 consule
2476 4703 2945 4770 adminiculante
2973 4710 3329 4767 constitutus
3359 4713 3465 4765 est.
3503 4731 3531 4758 ››

2270 4809 2324 4858 7.
2348 4803 2608 4860 Joannes
2625 4799 2840 4857 deinde
2859 4818 2895 4857 a
2909 4817 3080 4856 num.
3109 4800 3175 4853 l2
3194 4801 3398 4854 narrat
3417 4795 3641 4854 Odonis
3666 4791 3864 4852 studia

2199 4897 2255 4950 et
2283 4892 2544 4962 virtutes,
2583 4889 3016 4966 profectionem
3047 4886 3323 4958 Parisios,
3367 4884 3471 4941 ubi
3495 4887 3863 4956 praeceptore

2197 4983 2468 5052 Remigio
2479 4979 2980 5040 Autissiodorensi
3002 4974 3303 5035 monacho
3321 4977 3476 5031 artes
3491 4969 3788 5043 liberales,
3803 4973 3863 5028 in

2197 5073 2290 5130 his
2305 5072 2622 5146 Augustini
2639 5094 2666 5122 ‹‹
2683 5069 3058 5128 dialecticam
3081 5063 3392 5122 Adeodato
3408 5059 3530 5117 ﬁlio
3552 5059 3857 5130 missam,»

2197 5159 2420 5218 didicit.
2448 5163 2715 5217 Turonos
2743 5173 3041 5222 reversus,
3075 5151 3329 5211 moralia
3373 5149 3636 5222 Gregorii
3665 5147 3857 5217 Magni

2197 5251 2259 5306 in
2286 5247 2398 5305 Job
2423 5249 2486 5305 in
2514 5247 2944 5321 compendium
2970 5241 3220 5312 redegit,
3238 5240 3405 5314 quod
3431 5235 3855 5314 compendium

2198 5339 2394 5394 studio
2419 5337 2627 5394 domui
2657 5335 2889 5395 Martini
2905 5330 3181 5401 Marrerii,
3205 5330 3485 5388 monachi
3509 5323 3670 5401 apud
3691 5338 3860 5379 sanc-

2199 5435 2322 5484 tum
2341 5428 2654 5484 Martinum
2667 5427 2740 5481 de
2760 5423 3087 5496 Campis,ty
3095 5421 3186 5496 pis
3197 5422 3511 5494 vulgatum
3524 5411 3860 5473 estParisiis

2199 5532 2359 5573 anno
2394 5522 2549 5573 1617.
2571 5520 2832 5572 Joannes
2874 5513 2954 5570 ait
2981 5512 3039 5569 id
3077 5513 3275 5586 operis
3322 5511 3401 5568 ab
3427 5505 3630 5562 Odone
3663 5518 3862 5558 susce-

2196 5609 2367 5680 ptum
2385 5606 2566 5662 fuisse
2593 5610 2804 5677 rogatu
2820 5605 3091 5669 fratrum,
3119 5603 3180 5660 id
3203 5606 3291 5658 est
3311 5593 3859 5657 concanonicorum

3743 5833 3918 5960 3“:
