  <div class='ocr_page' id='page_1' title='image "/cluster/home/n/w/nwhite01/storage/ocr_20150623/133/hvd.32044054759949/012.png"; bbox 0 0 4158 6192; ppageno 0'>
   <div class='ocr_carea' id='block_1_1' title="bbox 307 111 3736 188">
    <p class='ocr_par' dir='ltr' id='par_1_1' title="bbox 307 111 3736 188">
     <span class='ocr_line' id='line_1_1' title="bbox 307 111 3736 188; baseline 0 -3"><span class='ocrx_word' id='word_1_1' title='bbox 307 134 367 188; x_wconf 86' lang='lat'>13</span> <span class='ocrx_word' id='word_1_2' title='bbox 466 111 470 116; x_wconf 75' lang='grc'>’</span> <span class='ocrx_word' id='word_1_3' title='bbox 1336 128 1870 184; x_wconf 74' lang='lat' dir='ltr'>PBOLEGOMENA.</span> <span class='ocrx_word' id='word_1_4' title='bbox 1899 156 1966 166; x_wconf 88' lang='grc'><strong>-</strong></span> <span class='ocrx_word' id='word_1_5' title='bbox 2000 125 2307 182; x_wconf 80' lang='lat' dir='ltr'>ELOGIUM</span> <span class='ocrx_word' id='word_1_6' title='bbox 2348 128 2405 183; x_wconf 87' lang='lat' dir='ltr'>s.</span> <span class='ocrx_word' id='word_1_7' title='bbox 2446 128 2719 184; x_wconf 73' lang='lat' dir='ltr'>onoms.</span> <span class='ocrx_word' id='word_1_8' title='bbox 3668 134 3736 187; x_wconf 64' lang='lat' dir='ltr'>t4</span> 
     </span>
    </p>
   </div>
   <div class='ocr_carea' id='block_1_2' title="bbox 302 251 3741 327">
    <p class='ocr_par' dir='ltr' id='par_1_2' title="bbox 302 251 3741 327">
     <span class='ocr_line' id='line_1_2' title="bbox 302 251 3741 327; baseline 0 -17"><span class='ocrx_word' id='word_1_9' title='bbox 302 270 588 322; x_wconf 88' lang='lat' dir='ltr'>suorum;</span> <span class='ocrx_word' id='word_1_10' title='bbox 631 268 891 323; x_wconf 85' lang='lat' dir='ltr'>eumque</span> <span class='ocrx_word' id='word_1_11' title='bbox 922 251 1285 307; x_wconf 76' lang='lat' dir='ltr'>restitantem</span> <span class='ocrx_word' id='word_1_12' title='bbox 1318 252 1448 307; x_wconf 89' lang='lat' dir='ltr'>viso</span> <span class='ocrx_word' id='word_1_13' title='bbox 1479 252 1556 307; x_wconf 91' lang='lat' dir='ltr'>ad</span> <span class='ocrx_word' id='word_1_14' title='bbox 1585 251 1699 306; x_wconf 88' lang='lat' dir='ltr'>hoc</span> <span class='ocrx_word' id='word_1_15' title='bbox 1731 251 1958 306; x_wconf 87' lang='lat' dir='ltr'>anima—</span> <span class='ocrx_word' id='word_1_16' title='bbox 2005 251 2048 305; x_wconf 78' lang='grc' dir='ltr'><strong>Α</strong></span> <span class='ocrx_word' id='word_1_17' title='bbox 2082 252 2434 323; x_wconf 88' lang='lat' dir='ltr'>composita.</span> <span class='ocrx_word' id='word_1_18' title='bbox 2469 253 2578 307; x_wconf 81' lang='lat' dir='ltr'>Res</span> <span class='ocrx_word' id='word_1_19' title='bbox 2600 252 2659 306; x_wconf 92' lang='lat' dir='ltr'>in</span> <span class='ocrx_word' id='word_1_20' title='bbox 2690 251 2865 324; x_wconf 85' lang='lat' dir='ltr'>pejus</span> <span class='ocrx_word' id='word_1_21' title='bbox 2893 252 3037 310; x_wconf 83' lang='lat' dir='ltr'>abiit</span> <span class='ocrx_word' id='word_1_22' title='bbox 3080 259 3214 326; x_wconf 90' lang='lat' dir='ltr'>post</span> <span class='ocrx_word' id='word_1_23' title='bbox 3245 252 3575 311; x_wconf 85' lang='lat' dir='ltr'>secundam</span> <span class='ocrx_word' id='word_1_24' title='bbox 3607 255 3741 327; x_wconf 85' lang='lat' dir='ltr'>ejus</span> 
     </span>
    </p>
   </div>
   <div class='ocr_carea' id='block_1_3' title="bbox 302 340 1968 413">
    <p class='ocr_par' dir='ltr' id='par_1_3' title="bbox 302 340 1968 413">
     <span class='ocr_line' id='line_1_3' title="bbox 302 340 1968 413; baseline -0.004 -13"><span class='ocrx_word' id='word_1_25' title='bbox 302 351 448 409; x_wconf 89' lang='lat' dir='ltr'>tum,</span> <span class='ocrx_word' id='word_1_26' title='bbox 483 342 721 399; x_wconf 87' lang='lat' dir='ltr'>tametsi</span> <span class='ocrx_word' id='word_1_27' title='bbox 755 342 881 397; x_wconf 72' lang='lat' dir='ltr'>Odo</span> <span class='ocrx_word' id='word_1_28' title='bbox 909 341 968 395; x_wconf 93' lang='lat' dir='ltr'>in</span> <span class='ocrx_word' id='word_1_29' title='bbox 1009 341 1358 413; x_wconf 62' lang='lat' dir='ltr'>praefatione</span> <span class='ocrx_word' id='word_1_30' title='bbox 1391 354 1502 396; x_wconf 88' lang='lat' dir='ltr'>sua</span> <span class='ocrx_word' id='word_1_31' title='bbox 1549 340 1794 413; x_wconf 82' lang='lat' dir='ltr'>duplici,</span> <span class='ocrx_word' id='word_1_32' title='bbox 1828 356 1968 412; x_wconf 86' lang='lat' dir='ltr'>pro-</span> 
     </span>
    </p>
   </div>
   <div class='ocr_carea' id='block_1_4' title="bbox 302 428 1961 499">
    <p class='ocr_par' dir='ltr' id='par_1_4' title="bbox 302 428 1961 499">
     <span class='ocr_line' id='line_1_4' title="bbox 302 428 1961 499; baseline 0.001 -12"><span class='ocrx_word' id='word_1_33' title='bbox 302 434 472 488; x_wconf 89' lang='lat' dir='ltr'>saica</span> <span class='ocrx_word' id='word_1_34' title='bbox 502 429 772 486; x_wconf 74' lang='lat' dir='ltr'>videlicet</span> <span class='ocrx_word' id='word_1_35' title='bbox 801 446 870 484; x_wconf 90' lang='lat' dir='ltr'>ac</span> <span class='ocrx_word' id='word_1_36' title='bbox 902 428 1167 499; x_wconf 72' lang='lat' dir='ltr'>metrica,</span> <span class='ocrx_word' id='word_1_37' title='bbox 1192 429 1339 484; x_wconf 91' lang='lat' dir='ltr'>nihil</span> <span class='ocrx_word' id='word_1_38' title='bbox 1365 429 1478 485; x_wconf 84' lang='lat' dir='ltr'>tale</span> <span class='ocrx_word' id='word_1_39' title='bbox 1504 432 1961 488; x_wconf 78' lang='lat' dir='ltr'>commemorat.</span> 
     </span>
    </p>
   </div>
   <div class='ocr_carea' id='block_1_5' title="bbox 300 516 1964 591">
    <p class='ocr_par' dir='ltr' id='par_1_5' title="bbox 300 516 1964 591">
     <span class='ocr_line' id='line_1_5' title="bbox 300 516 1964 591; baseline -0.003 -13"><span class='ocrx_word' id='word_1_40' title='bbox 300 523 503 578; x_wconf 83' lang='lat' dir='ltr'>forsan</span> <span class='ocrx_word' id='word_1_41' title='bbox 532 516 836 575; x_wconf 63' lang='lat' dir='ltr'>modestia;</span> <span class='ocrx_word' id='word_1_42' title='bbox 855 518 1194 573; x_wconf 75' lang='lat' dir='ltr'>causatsed</span> <span class='ocrx_word' id='word_1_43' title='bbox 1224 517 1382 574; x_wconf 90' lang='lat' dir='ltr'>istud</span> <span class='ocrx_word' id='word_1_44' title='bbox 1403 518 1578 591; x_wconf 85' lang='lat' dir='ltr'>quasi</span> <span class='ocrx_word' id='word_1_45' title='bbox 1609 533 1719 573; x_wconf 91' lang='lat' dir='ltr'>sua</span> <span class='ocrx_word' id='word_1_46' title='bbox 1749 523 1964 590; x_wconf 82' lang='lat' dir='ltr'>sponte</span> 
     </span>
    </p>
   </div>
   <div class='ocr_carea' id='block_1_6' title="bbox 299 605 1964 679">
    <p class='ocr_par' dir='ltr' id='par_1_6' title="bbox 299 605 1964 679">
     <span class='ocr_line' id='line_1_6' title="bbox 299 605 1964 679; baseline -0.003 -13"><span class='ocrx_word' id='word_1_47' title='bbox 299 626 362 666; x_wconf 90' lang='lat' dir='ltr'>se</span> <span class='ocrx_word' id='word_1_48' title='bbox 418 624 775 679; x_wconf 81' lang='lat' dir='ltr'>aggressum</span> <span class='ocrx_word' id='word_1_49' title='bbox 828 605 1015 662; x_wconf 80' lang='lat' dir='ltr'>fuisse</span> <span class='ocrx_word' id='word_1_50' title='bbox 1068 607 1260 662; x_wconf 90' lang='lat' dir='ltr'>innuit</span> <span class='ocrx_word' id='word_1_51' title='bbox 1307 607 1400 662; x_wconf 90' lang='lat' dir='ltr'>his</span> <span class='ocrx_word' id='word_1_52' title='bbox 1456 607 1697 662; x_wconf 81' lang='lat' dir='ltr'>verbis:</span> <span class='ocrx_word' id='word_1_53' title='bbox 1735 628 1763 655; x_wconf 86' lang='grc'>‹‹</span> <span class='ocrx_word' id='word_1_54' title='bbox 1818 610 1964 663; x_wconf 81' lang='lat' dir='ltr'>Cum</span> 
     </span>
    </p>
   </div>
   <div class='ocr_carea' id='block_1_7' title="bbox 293 695 1961 772">
    <p class='ocr_par' dir='ltr' id='par_1_7' title="bbox 293 695 1961 772">
     <span class='ocr_line' id='line_1_7' title="bbox 293 695 1961 772; baseline -0.003 -17"><span class='ocrx_word' id='word_1_55' title='bbox 293 702 465 772; x_wconf 87' lang='lat' dir='ltr'>juxta</span> <span class='ocrx_word' id='word_1_56' title='bbox 494 697 889 769; x_wconf 82' lang='lat' dir='ltr'>capacitatem</span> <span class='ocrx_word' id='word_1_57' title='bbox 928 696 1234 768; x_wconf 72' lang='lat' dir='ltr'>parvitatis</span> <span class='ocrx_word' id='word_1_58' title='bbox 1290 712 1438 752; x_wconf 66' lang='lat' dir='ltr'>mete</span> <span class='ocrx_word' id='word_1_59' title='bbox 1472 696 1672 752; x_wconf 90' lang='lat' dir='ltr'>seculo</span> <span class='ocrx_word' id='word_1_60' title='bbox 1728 695 1961 751; x_wconf 83' lang='lat' dir='ltr'>lectioni</span> 
     </span>
    </p>
   </div>
   <div class='ocr_carea' id='block_1_8' title="bbox 301 783 1965 859">
    <p class='ocr_par' dir='ltr' id='par_1_8' title="bbox 301 783 1965 859">
     <span class='ocr_line' id='line_1_8' title="bbox 301 783 1965 859; baseline -0.004 -14"><span class='ocrx_word' id='word_1_61' title='bbox 301 804 489 845; x_wconf 60' lang='lat' dir='ltr'>sacra?</span> <span class='ocrx_word' id='word_1_62' title='bbox 523 802 773 859; x_wconf 84' lang='lat' dir='ltr'>operam</span> <span class='ocrx_word' id='word_1_63' title='bbox 796 784 1003 841; x_wconf 77' lang='lat' dir='ltr'>darem</span> <span class='ocrx_word' id='word_1_64' title='bbox 1030 803 1042 851; x_wconf 87' lang='lat'><strong>;</strong></span> <span class='ocrx_word' id='word_1_65' title='bbox 1078 784 1344 857; x_wconf 82' lang='lat' dir='ltr'>quadam</span> <span class='ocrx_word' id='word_1_66' title='bbox 1377 785 1471 841; x_wconf 88' lang='lat' dir='ltr'>die</span> <span class='ocrx_word' id='word_1_67' title='bbox 1499 783 1781 841; x_wconf 86' lang='lat' dir='ltr'>manibus</span> <span class='ocrx_word' id='word_1_68' title='bbox 1820 800 1965 857; x_wconf 90' lang='lat' dir='ltr'>pau-</span> 
     </span>
    </p>
   </div>
   <div class='ocr_carea' id='block_1_9' title="bbox 300 873 1965 951">
    <p class='ocr_par' dir='ltr' id='par_1_9' title="bbox 300 873 1965 951">
     <span class='ocr_line' id='line_1_9' title="bbox 300 873 1965 951; baseline -0.004 -18"><span class='ocrx_word' id='word_1_69' title='bbox 300 876 543 951; x_wconf 89' lang='lat' dir='ltr'>pertatis</span> <span class='ocrx_word' id='word_1_70' title='bbox 569 892 719 930; x_wconf 69' lang='lat' dir='ltr'>mete</span> <span class='ocrx_word' id='word_1_71' title='bbox 751 873 898 929; x_wconf 87' lang='lat' dir='ltr'>liber</span> <span class='ocrx_word' id='word_1_72' title='bbox 928 874 1191 937; x_wconf 76' lang='lat' dir='ltr'>adhaesit,</span> <span class='ocrx_word' id='word_1_73' title='bbox 1219 894 1254 931; x_wconf 89' lang='lat' dir='ltr'>a</span> <span class='ocrx_word' id='word_1_74' title='bbox 1287 878 1343 929; x_wconf 86' lang='grc' dir='ltr'>Β.</span> <span class='ocrx_word' id='word_1_75' title='bbox 1375 874 1654 943; x_wconf 78' lang='lat' dir='ltr'>Gregorio</span> <span class='ocrx_word' id='word_1_76' title='bbox 1686 873 1877 929; x_wconf 88' lang='lat' dir='ltr'>editus</span> <span class='ocrx_word' id='word_1_77' title='bbox 1906 873 1965 927; x_wconf 92' lang='lat' dir='ltr'>in</span> 
     </span>
    </p>
   </div>
   <div class='ocr_carea' id='block_1_10' title="bbox 300 962 1963 1032">
    <p class='ocr_par' dir='ltr' id='par_1_10' title="bbox 300 962 1963 1032">
     <span class='ocr_line' id='line_1_10' title="bbox 300 962 1963 1032; baseline -0.004 -10"><span class='ocrx_word' id='word_1_78' title='bbox 300 965 544 1022; x_wconf 88' lang='lat' dir='ltr'>historia</span> <span class='ocrx_word' id='word_1_79' title='bbox 574 963 932 1019; x_wconf 83' lang='lat' dir='ltr'>sanctissimi</span> <span class='ocrx_word' id='word_1_80' title='bbox 960 962 1094 1017; x_wconf 86' lang='lat' dir='ltr'>Job.</span> <span class='ocrx_word' id='word_1_81' title='bbox 1128 967 1175 1018; x_wconf 91' lang='lat' dir='ltr'>ls</span> <span class='ocrx_word' id='word_1_82' title='bbox 1207 963 1425 1018; x_wconf 83' lang='lat' dir='ltr'>etenim</span> <span class='ocrx_word' id='word_1_83' title='bbox 1456 962 1664 1017; x_wconf 88' lang='lat' dir='ltr'>doctor</span> <span class='ocrx_word' id='word_1_84' title='bbox 1688 962 1963 1032; x_wconf 83' lang='lat' dir='ltr'>egregius</span> 
     </span>
    </p>
   </div>
   <div class='ocr_carea' id='block_1_11' title="bbox 299 1052 1963 1124">
    <p class='ocr_par' dir='ltr' id='par_1_11' title="bbox 299 1052 1963 1124">
     <span class='ocr_line' id='line_1_11' title="bbox 299 1052 1963 1124; baseline -0.003 -14"><span class='ocrx_word' id='word_1_85' title='bbox 299 1055 503 1111; x_wconf 90' lang='lat' dir='ltr'>divino</span> <span class='ocrx_word' id='word_1_86' title='bbox 530 1052 768 1108; x_wconf 82' lang='lat' dir='ltr'>aﬁlatus</span> <span class='ocrx_word' id='word_1_87' title='bbox 821 1052 1166 1124; x_wconf 81' lang='lat' dir='ltr'>spiramine,</span> <span class='ocrx_word' id='word_1_88' title='bbox 1199 1058 1378 1124; x_wconf 85' lang='lat' dir='ltr'>atque</span> <span class='ocrx_word' id='word_1_89' title='bbox 1411 1052 1483 1107; x_wconf 86' lang='lat' dir='ltr'>de</span> <span class='ocrx_word' id='word_1_90' title='bbox 1536 1052 1690 1106; x_wconf 75' lang='lat' dir='ltr'>fonte</span> <span class='ocrx_word' id='word_1_91' title='bbox 1722 1056 1963 1123; x_wconf 82' lang='lat' dir='ltr'>potatus</span> 
     </span>
    </p>
   </div>
   <div class='ocr_carea' id='block_1_12' title="bbox 301 1139 1962 1216">
    <p class='ocr_par' dir='ltr' id='par_1_12' title="bbox 301 1139 1962 1216">
     <span class='ocr_line' id='line_1_12' title="bbox 301 1139 1962 1216; baseline -0.002 -17"><span class='ocrx_word' id='word_1_92' title='bbox 301 1158 582 1216; x_wconf 81' lang='lat' dir='ltr'>superno,</span> <span class='ocrx_word' id='word_1_93' title='bbox 615 1158 723 1198; x_wconf 91' lang='lat' dir='ltr'>ceu</span> <span class='ocrx_word' id='word_1_94' title='bbox 755 1139 1004 1196; x_wconf 84' lang='lat' dir='ltr'>rutilans</span> <span class='ocrx_word' id='word_1_95' title='bbox 1035 1140 1259 1195; x_wconf 77' lang='lat' dir='ltr'>ﬂumen</span> <span class='ocrx_word' id='word_1_96' title='bbox 1294 1143 1350 1196; x_wconf 91' lang='lat' dir='ltr'>in</span> <span class='ocrx_word' id='word_1_97' title='bbox 1380 1140 1611 1213; x_wconf 64' lang='lat' dir='ltr'>praefati</span> <span class='ocrx_word' id='word_1_98' title='bbox 1642 1139 1749 1195; x_wconf 85' lang='lat' dir='ltr'>viri</span> <span class='ocrx_word' id='word_1_99' title='bbox 1784 1139 1962 1196; x_wconf 78' lang='lat' dir='ltr'>histo-</span> 
     </span>
    </p>
   </div>
   <div class='ocr_carea' id='block_1_13' title="bbox 299 1220 1966 1301">
    <p class='ocr_par' dir='ltr' id='par_1_13' title="bbox 299 1220 1966 1301">
     <span class='ocr_line' id='line_1_13' title="bbox 299 1220 1966 1301; baseline -0.001 -14"><span class='ocrx_word' id='word_1_100' title='bbox 299 1234 453 1287; x_wconf 85' lang='lat' dir='ltr'>riam</span> <span class='ocrx_word' id='word_1_101' title='bbox 505 1230 870 1295; x_wconf 68' lang='lat' dir='ltr'>diifundens,</span> <span class='ocrx_word' id='word_1_102' title='bbox 932 1234 1095 1285; x_wconf 86' lang='lat' dir='ltr'>tanto</span> <span class='ocrx_word' id='word_1_103' title='bbox 1150 1246 1284 1285; x_wconf 88' lang='lat' dir='ltr'>eam</span> <span class='ocrx_word' id='word_1_104' title='bbox 1336 1220 1966 1301; x_wconf 54' lang='lat' dir='ltr'>facundtﬂ’protelavit</span> 
     </span>
    </p>
   </div>
   <div class='ocr_carea' id='block_1_14' title="bbox 298 1318 1966 1393">
    <p class='ocr_par' dir='ltr' id='par_1_14' title="bbox 298 1318 1966 1393">
     <span class='ocr_line' id='line_1_14' title="bbox 298 1318 1966 1393; baseline 0 -17"><span class='ocrx_word' id='word_1_105' title='bbox 298 1320 558 1393; x_wconf 81' lang='lat' dir='ltr'>eloquio,</span> <span class='ocrx_word' id='word_1_106' title='bbox 587 1325 649 1375; x_wconf 87' lang='lat' dir='ltr'>ut</span> <span class='ocrx_word' id='word_1_107' title='bbox 679 1336 749 1374; x_wconf 88' lang='lat' dir='ltr'>ex</span> <span class='ocrx_word' id='word_1_108' title='bbox 782 1335 852 1374; x_wconf 91' lang='lat' dir='ltr'>ea</span> <span class='ocrx_word' id='word_1_109' title='bbox 882 1318 1039 1374; x_wconf 88' lang='lat' dir='ltr'>velut</span> <span class='ocrx_word' id='word_1_110' title='bbox 1086 1320 1378 1374; x_wconf 85' lang='lat' dir='ltr'>clariticos</span> <span class='ocrx_word' id='word_1_111' title='bbox 1437 1319 1612 1387; x_wconf 87' lang='lat' dir='ltr'>soles,</span> <span class='ocrx_word' id='word_1_112' title='bbox 1644 1318 1884 1385; x_wconf 72' lang='lat' dir='ltr'>triginta</span> <span class='ocrx_word' id='word_1_113' title='bbox 1910 1325 1966 1376; x_wconf 88' lang='lat' dir='ltr'>et</span> 
     </span>
    </p>
   </div>
   <div class='ocr_carea' id='block_1_15' title="bbox 299 1407 1965 1483">
    <p class='ocr_par' dir='ltr' id='par_1_15' title="bbox 299 1407 1965 1483">
     <span class='ocr_line' id='line_1_15' title="bbox 299 1407 1965 1483; baseline -0.002 -19"><span class='ocrx_word' id='word_1_114' title='bbox 299 1410 567 1483; x_wconf 89' lang='lat' dir='ltr'>quinque</span> <span class='ocrx_word' id='word_1_115' title='bbox 598 1408 846 1464; x_wconf 83' lang='lat' dir='ltr'>ediderit</span> <span class='ocrx_word' id='word_1_116' title='bbox 875 1407 1082 1473; x_wconf 90' lang='lat' dir='ltr'>libros,</span> <span class='ocrx_word' id='word_1_117' title='bbox 1111 1424 1266 1481; x_wconf 86' lang='lat' dir='ltr'>quos</span> <span class='ocrx_word' id='word_1_118' title='bbox 1290 1409 1349 1462; x_wconf 91' lang='lat' dir='ltr'>in</span> <span class='ocrx_word' id='word_1_119' title='bbox 1373 1407 1681 1463; x_wconf 89' lang='lat' dir='ltr'>codicibus</span> <span class='ocrx_word' id='word_1_120' title='bbox 1713 1423 1815 1462; x_wconf 84' lang='lat' dir='ltr'>sex</span> <span class='ocrx_word' id='word_1_121' title='bbox 1840 1422 1965 1462; x_wconf 86' lang='lat' dir='ltr'>arc-</span> 
     </span>
    </p>
   </div>
   <div class='ocr_carea' id='block_1_16' title="bbox 310 1494 1964 1568">
    <p class='ocr_par' dir='ltr' id='par_1_16' title="bbox 310 1494 1964 1568">
     <span class='ocr_line' id='line_1_16' title="bbox 310 1494 1964 1568; baseline -0.002 -15"><span class='ocrx_word' id='word_1_122' title='bbox 310 1504 431 1554; x_wconf 89' lang='lat' dir='ltr'>tare</span> <span class='ocrx_word' id='word_1_123' title='bbox 463 1497 743 1553; x_wconf 81' lang='lat' dir='ltr'>decrevit.</span> <span class='ocrx_word' id='word_1_124' title='bbox 770 1502 839 1552; x_wconf 75' lang='lat' dir='ltr'>At</span> <span class='ocrx_word' id='word_1_125' title='bbox 864 1497 1009 1551; x_wconf 90' lang='lat' dir='ltr'>dum</span> <span class='ocrx_word' id='word_1_126' title='bbox 1043 1510 1153 1559; x_wconf 74' lang='lat' dir='ltr'>ego</span> <span class='ocrx_word' id='word_1_127' title='bbox 1186 1514 1255 1551; x_wconf 81' lang='lat' dir='ltr'>ex</span> <span class='ocrx_word' id='word_1_128' title='bbox 1285 1496 1375 1550; x_wconf 85' lang='lat' dir='ltr'>his</span> <span class='ocrx_word' id='word_1_129' title='bbox 1401 1496 1662 1568; x_wconf 84' lang='lat' dir='ltr'>primam</span> <span class='ocrx_word' id='word_1_130' title='bbox 1707 1494 1964 1564; x_wconf 80' lang='lat' dir='ltr'>legendo</span> 
     </span>
    </p>
   </div>
   <div class='ocr_carea' id='block_1_17' title="bbox 302 1586 1967 1662">
    <p class='ocr_par' dir='ltr' id='par_1_17' title="bbox 302 1586 1967 1662">
     <span class='ocr_line' id='line_1_17' title="bbox 302 1586 1967 1662; baseline -0.003 -17"><span class='ocrx_word' id='word_1_131' title='bbox 302 1600 713 1662; x_wconf 82' lang='lat' dir='ltr'>percurrerem</span> <span class='ocrx_word' id='word_1_132' title='bbox 741 1592 995 1658; x_wconf 85' lang='lat' dir='ltr'>partem,</span> <span class='ocrx_word' id='word_1_133' title='bbox 1027 1587 1212 1642; x_wconf 89' lang='lat' dir='ltr'>nimio</span> <span class='ocrx_word' id='word_1_134' title='bbox 1246 1602 1534 1642; x_wconf 84' lang='lat' dir='ltr'>accensus</span> <span class='ocrx_word' id='word_1_135' title='bbox 1587 1603 1812 1652; x_wconf 87' lang='lat' dir='ltr'>amore,</span> <span class='ocrx_word' id='word_1_136' title='bbox 1846 1586 1967 1659; x_wconf 88' lang='lat' dir='ltr'>pel-</span> 
     </span>
    </p>
   </div>
   <div class='ocr_carea' id='block_1_18' title="bbox 297 1675 1966 1750">
    <p class='ocr_par' dir='ltr' id='par_1_18' title="bbox 297 1675 1966 1750">
     <span class='ocr_line' id='line_1_18' title="bbox 297 1675 1966 1750; baseline -0.002 -16"><span class='ocrx_word' id='word_1_137' title='bbox 297 1679 607 1750; x_wconf 88' lang='lat' dir='ltr'>lectusque</span> <span class='ocrx_word' id='word_1_138' title='bbox 638 1677 719 1732; x_wconf 91' lang='lat' dir='ltr'>ita</span> <span class='ocrx_word' id='word_1_139' title='bbox 765 1682 852 1732; x_wconf 90' lang='lat' dir='ltr'>est</span> <span class='ocrx_word' id='word_1_140' title='bbox 906 1676 1144 1731; x_wconf 82' lang='lat' dir='ltr'>animus</span> <span class='ocrx_word' id='word_1_141' title='bbox 1197 1675 1512 1731; x_wconf 88' lang='lat' dir='ltr'>dulcedine</span> <span class='ocrx_word' id='word_1_142' title='bbox 1570 1675 1859 1747; x_wconf 87' lang='lat' dir='ltr'>quadam,</span> <span class='ocrx_word' id='word_1_143' title='bbox 1901 1679 1966 1730; x_wconf 90' lang='lat' dir='ltr'>ut</span> 
     </span>
    </p>
   </div>
   <div class='ocr_carea' id='block_1_19' title="bbox 301 1763 1960 1836">
    <p class='ocr_par' dir='ltr' id='par_1_19' title="bbox 301 1763 1960 1836">
     <span class='ocr_line' id='line_1_19' title="bbox 301 1763 1960 1836; baseline -0.003 -14"><span class='ocrx_word' id='word_1_144' title='bbox 301 1771 490 1823; x_wconf 88' lang='lat' dir='ltr'>totum</span> <span class='ocrx_word' id='word_1_145' title='bbox 518 1774 703 1836; x_wconf 77' lang='lat' dir='ltr'>Sagax</span> <span class='ocrx_word' id='word_1_146' title='bbox 735 1764 927 1828; x_wconf 87' lang='lat' dir='ltr'>vellet,</span> <span class='ocrx_word' id='word_1_147' title='bbox 952 1763 999 1819; x_wconf 88' lang='lat' dir='ltr'>si</span> <span class='ocrx_word' id='word_1_148' title='bbox 1033 1769 1253 1836; x_wconf 87' lang='lat' dir='ltr'>posset,</span> <span class='ocrx_word' id='word_1_149' title='bbox 1286 1764 1573 1820; x_wconf 88' lang='lat' dir='ltr'>mandere</span> <span class='ocrx_word' id='word_1_150' title='bbox 1630 1763 1871 1819; x_wconf 89' lang='lat' dir='ltr'>librum.</span> <span class='ocrx_word' id='word_1_151' title='bbox 1910 1767 1960 1818; x_wconf 85' lang='lat' dir='ltr'>is</span> 
     </span>
    </p>
   </div>
   <div class='ocr_carea' id='block_1_20' title="bbox 299 1853 1958 1921">
    <p class='ocr_par' dir='ltr' id='par_1_20' title="bbox 299 1853 1958 1921">
     <span class='ocr_line' id='line_1_20' title="bbox 299 1853 1958 1921; baseline -0.002 -8"><span class='ocrx_word' id='word_1_152' title='bbox 299 1858 519 1913; x_wconf 88' lang='lat' dir='ltr'>etenim</span> <span class='ocrx_word' id='word_1_153' title='bbox 577 1855 868 1911; x_wconf 83' lang='lat' dir='ltr'>mirabilis</span> <span class='ocrx_word' id='word_1_154' title='bbox 900 1855 1110 1909; x_wconf 90' lang='lat' dir='ltr'>doctor</span> <span class='ocrx_word' id='word_1_155' title='bbox 1155 1853 1373 1909; x_wconf 77' lang='lat' dir='ltr'>divinis</span> <span class='ocrx_word' id='word_1_156' title='bbox 1404 1854 1699 1910; x_wconf 87' lang='lat' dir='ltr'>imbribus</span> <span class='ocrx_word' id='word_1_157' title='bbox 1728 1860 1958 1921; x_wconf 89' lang='lat' dir='ltr'>auctus,</span> 
     </span>
    </p>
   </div>
   <div class='ocr_carea' id='block_1_21' title="bbox 299 1942 1962 2016">
    <p class='ocr_par' dir='ltr' id='par_1_21' title="bbox 299 1942 1962 2016">
     <span class='ocr_line' id='line_1_21' title="bbox 299 1942 1962 2016; baseline -0.001 -16"><span class='ocrx_word' id='word_1_158' title='bbox 299 1944 526 2000; x_wconf 86' lang='lat' dir='ltr'>studuit</span> <span class='ocrx_word' id='word_1_159' title='bbox 552 1943 853 1999; x_wconf 89' lang='lat' dir='ltr'>luculento</span> <span class='ocrx_word' id='word_1_160' title='bbox 887 1944 1147 1998; x_wconf 79' lang='lat' dir='ltr'>enodare</span> <span class='ocrx_word' id='word_1_161' title='bbox 1179 1942 1389 2009; x_wconf 69' lang='lat' dir='ltr'>aifatu,</span> <span class='ocrx_word' id='word_1_162' title='bbox 1431 1958 1652 2015; x_wconf 87' lang='lat' dir='ltr'>easque</span> <span class='ocrx_word' id='word_1_163' title='bbox 1682 1943 1741 1999; x_wconf 91' lang='lat' dir='ltr'>in</span> <span class='ocrx_word' id='word_1_164' title='bbox 1783 1958 1962 2016; x_wconf 87' lang='lat' dir='ltr'>expo-</span> 
     </span>
    </p>
   </div>
   <div class='ocr_carea' id='block_1_22' title="bbox 299 2032 1958 2091">
    <p class='ocr_par' dir='ltr' id='par_1_22' title="bbox 299 2032 1958 2091">
     <span class='ocr_line' id='line_1_22' title="bbox 299 2032 1958 2091; baseline -0.002 0"><span class='ocrx_word' id='word_1_165' title='bbox 299 2032 501 2091; x_wconf 86' lang='lat' dir='ltr'>nendo</span> <span class='ocrx_word' id='word_1_166' title='bbox 558 2033 741 2089; x_wconf 88' lang='lat' dir='ltr'>menti</span> <span class='ocrx_word' id='word_1_167' title='bbox 797 2032 1237 2089; x_wconf 86' lang='lat' dir='ltr'>occurrentium</span> <span class='ocrx_word' id='word_1_168' title='bbox 1298 2033 1623 2088; x_wconf 86' lang='lat' dir='ltr'>sententias</span> <span class='ocrx_word' id='word_1_169' title='bbox 1679 2034 1958 2089; x_wconf 83' lang='lat' dir='ltr'>Patrum:</span> 
     </span>
    </p>
   </div>
   <div class='ocr_carea' id='block_1_23' title="bbox 300 2120 1962 2197">
    <p class='ocr_par' dir='ltr' id='par_1_23' title="bbox 300 2120 1962 2197">
     <span class='ocr_line' id='line_1_23' title="bbox 300 2120 1962 2197; baseline -0.002 -18"><span class='ocrx_word' id='word_1_170' title='bbox 300 2141 373 2179; x_wconf 88' lang='lat' dir='ltr'>ex</span> <span class='ocrx_word' id='word_1_171' title='bbox 406 2124 624 2197; x_wconf 85' lang='lat' dir='ltr'>quibus</span> <span class='ocrx_word' id='word_1_172' title='bbox 647 2121 939 2195; x_wconf 90' lang='lat' dir='ltr'>protensis</span> <span class='ocrx_word' id='word_1_173' title='bbox 992 2137 1317 2177; x_wconf 88' lang='lat' dir='ltr'>numerosa</span> <span class='ocrx_word' id='word_1_174' title='bbox 1350 2121 1408 2176; x_wconf 89' lang='lat' dir='ltr'>in</span> <span class='ocrx_word' id='word_1_175' title='bbox 1439 2120 1751 2193; x_wconf 70' lang='lat' dir='ltr'>prtrfatam</span> <span class='ocrx_word' id='word_1_176' title='bbox 1781 2120 1962 2177; x_wconf 84' lang='lat' dir='ltr'>histo-</span> 
     </span>
    </p>
   </div>
   <div class='ocr_carea' id='block_1_24' title="bbox 301 2210 1961 2283">
    <p class='ocr_par' dir='ltr' id='par_1_24' title="bbox 301 2210 1961 2283">
     <span class='ocr_line' id='line_1_24' title="bbox 301 2210 1961 2283; baseline -0.002 -14"><span class='ocrx_word' id='word_1_177' title='bbox 301 2214 455 2269; x_wconf 84' lang='lat' dir='ltr'>riam</span> <span class='ocrx_word' id='word_1_178' title='bbox 482 2212 764 2268; x_wconf 80' lang='lat' dir='ltr'>contraxi‘</span> <span class='ocrx_word' id='word_1_179' title='bbox 801 2211 1128 2278; x_wconf 73' lang='lat' dir='ltr'>volumina,</span> <span class='ocrx_word' id='word_1_180' title='bbox 1150 2228 1302 2283; x_wconf 89' lang='lat' dir='ltr'>quos</span> <span class='ocrx_word' id='word_1_181' title='bbox 1327 2226 1543 2282; x_wconf 86' lang='lat' dir='ltr'>nempe</span> <span class='ocrx_word' id='word_1_182' title='bbox 1562 2215 1800 2277; x_wconf 84' lang='lat' dir='ltr'>norunt,</span> <span class='ocrx_word' id='word_1_183' title='bbox 1829 2210 1961 2283; x_wconf 76' lang='lat' dir='ltr'>qui-</span> 
     </span>
    </p>
   </div>
   <div class='ocr_carea' id='block_1_25' title="bbox 301 2299 1962 2373">
    <p class='ocr_par' dir='ltr' id='par_1_25' title="bbox 301 2299 1962 2373">
     <span class='ocr_line' id='line_1_25' title="bbox 301 2299 1962 2373; baseline -0.003 -14"><span class='ocrx_word' id='word_1_184' title='bbox 301 2303 419 2359; x_wconf 89' lang='lat' dir='ltr'>bus</span> <span class='ocrx_word' id='word_1_185' title='bbox 452 2317 623 2357; x_wconf 90' lang='lat' dir='ltr'>sacra</span> <span class='ocrx_word' id='word_1_186' title='bbox 653 2317 772 2357; x_wconf 91' lang='lat' dir='ltr'>non</span> <span class='ocrx_word' id='word_1_187' title='bbox 801 2300 942 2356; x_wconf 84' lang='lat' dir='ltr'>latet</span> <span class='ocrx_word' id='word_1_188' title='bbox 970 2302 1289 2373; x_wconf 82' lang='lat' dir='ltr'>Scriptura,</span> <span class='ocrx_word' id='word_1_189' title='bbox 1323 2315 1357 2355; x_wconf 90' lang='lat' dir='ltr'>a</span> <span class='ocrx_word' id='word_1_190' title='bbox 1390 2305 1594 2356; x_wconf 87' lang='lat' dir='ltr'>sancto</span> <span class='ocrx_word' id='word_1_191' title='bbox 1622 2299 1769 2367; x_wconf 81' lang='lat' dir='ltr'>viro,</span> <span class='ocrx_word' id='word_1_192' title='bbox 1806 2302 1962 2355; x_wconf 84' lang='lat' dir='ltr'>Pate-</span> 
     </span>
    </p>
   </div>
   <div class='ocr_carea' id='block_1_26' title="bbox 303 2388 1962 2462">
    <p class='ocr_par' dir='ltr' id='par_1_26' title="bbox 303 2388 1962 2462">
     <span class='ocr_line' id='line_1_26' title="bbox 303 2388 1962 2462; baseline -0.002 -16"><span class='ocrx_word' id='word_1_193' title='bbox 303 2391 391 2447; x_wconf 91' lang='lat' dir='ltr'>rio</span> <span class='ocrx_word' id='word_1_194' title='bbox 422 2390 685 2460; x_wconf 89' lang='lat' dir='ltr'>nomine,</span> <span class='ocrx_word' id='word_1_195' title='bbox 713 2389 970 2444; x_wconf 84' lang='lat' dir='ltr'>mirabili</span> <span class='ocrx_word' id='word_1_196' title='bbox 999 2404 1175 2462; x_wconf 91' lang='lat' dir='ltr'>opere</span> <span class='ocrx_word' id='word_1_197' title='bbox 1202 2390 1559 2457; x_wconf 87' lang='lat' dir='ltr'>abstractas,</span> <span class='ocrx_word' id='word_1_198' title='bbox 1585 2388 1962 2462; x_wconf 88' lang='lat' dir='ltr'>propriisque</span> 
     </span>
    </p>
   </div>
   <div class='ocr_carea' id='block_1_27' title="bbox 303 2475 1960 2549">
    <p class='ocr_par' dir='ltr' id='par_1_27' title="bbox 303 2475 1960 2549">
     <span class='ocr_line' id='line_1_27' title="bbox 303 2475 1960 2549; baseline -0.002 -16"><span class='ocrx_word' id='word_1_199' title='bbox 303 2478 714 2535; x_wconf 84' lang='lat' dir='ltr'>voluminibus</span> <span class='ocrx_word' id='word_1_200' title='bbox 747 2477 1027 2545; x_wconf 88' lang='lat' dir='ltr'>redditas,</span> <span class='ocrx_word' id='word_1_201' title='bbox 1058 2477 1257 2533; x_wconf 76' lang='lat' dir='ltr'>lucida</span> <span class='ocrx_word' id='word_1_202' title='bbox 1282 2477 1392 2532; x_wconf 87' lang='lat' dir='ltr'>sibi</span> <span class='ocrx_word' id='word_1_203' title='bbox 1421 2477 1765 2549; x_wconf 84' lang='lat' dir='ltr'>reposuisse</span> <span class='ocrx_word' id='word_1_204' title='bbox 1798 2475 1960 2531; x_wconf 88' lang='lat' dir='ltr'>volu-</span> 
     </span>
    </p>
   </div>
   <div class='ocr_carea' id='block_1_28' title="bbox 304 2565 1962 2639">
    <p class='ocr_par' dir='ltr' id='par_1_28' title="bbox 304 2565 1962 2639">
     <span class='ocr_line' id='line_1_28' title="bbox 304 2565 1962 2639; baseline -0.002 -16"><span class='ocrx_word' id='word_1_205' title='bbox 304 2569 488 2623; x_wconf 88' lang='lat' dir='ltr'>mina.</span> <span class='ocrx_word' id='word_1_206' title='bbox 518 2572 595 2622; x_wconf 79' lang='lat' dir='ltr'>Ex</span> <span class='ocrx_word' id='word_1_207' title='bbox 622 2566 845 2639; x_wconf 87' lang='lat' dir='ltr'>quibus</span> <span class='ocrx_word' id='word_1_208' title='bbox 877 2571 933 2622; x_wconf 91' lang='lat' dir='ltr'>et</span> <span class='ocrx_word' id='word_1_209' title='bbox 952 2568 1077 2639; x_wconf 86' lang='lat' dir='ltr'>ipse</span> <span class='ocrx_word' id='word_1_210' title='bbox 1110 2571 1244 2621; x_wconf 89' lang='lat' dir='ltr'>ante</span> <span class='ocrx_word' id='word_1_211' title='bbox 1267 2566 1579 2621; x_wconf 85' lang='lat' dir='ltr'>biennium</span> <span class='ocrx_word' id='word_1_212' title='bbox 1627 2565 1687 2620; x_wconf 90' lang='lat' dir='ltr'>in</span> <span class='ocrx_word' id='word_1_213' title='bbox 1736 2568 1962 2634; x_wconf 76' lang='lat' dir='ltr'>Regno-</span> 
     </span>
    </p>
   </div>
   <div class='ocr_carea' id='block_1_29' title="bbox 307 2653 1959 2727">
    <p class='ocr_par' dir='ltr' id='par_1_29' title="bbox 307 2653 1959 2727">
     <span class='ocr_line' id='line_1_29' title="bbox 307 2653 1959 2727; baseline -0.003 -15"><span class='ocrx_word' id='word_1_214' title='bbox 307 2674 441 2712; x_wconf 89' lang='lat' dir='ltr'>rum</span> <span class='ocrx_word' id='word_1_215' title='bbox 469 2654 625 2712; x_wconf 90' lang='lat' dir='ltr'>libro</span> <span class='ocrx_word' id='word_1_216' title='bbox 657 2657 994 2727; x_wconf 85' lang='lat' dir='ltr'>aggregatis</span> <span class='ocrx_word' id='word_1_217' title='bbox 1027 2654 1309 2711; x_wconf 89' lang='lat' dir='ltr'>omnibus</span> <span class='ocrx_word' id='word_1_218' title='bbox 1337 2660 1578 2727; x_wconf 87' lang='lat' dir='ltr'>patrum</span> <span class='ocrx_word' id='word_1_219' title='bbox 1633 2653 1959 2721; x_wconf 89' lang='lat' dir='ltr'>sententiis,</span> 
     </span>
    </p>
   </div>
   <div class='ocr_carea' id='block_1_30' title="bbox 308 2745 1964 2818">
    <p class='ocr_par' dir='ltr' id='par_1_30' title="bbox 308 2745 1964 2818">
     <span class='ocr_line' id='line_1_30' title="bbox 308 2745 1964 2818; baseline -0.002 -15"><span class='ocrx_word' id='word_1_220' title='bbox 308 2748 573 2804; x_wconf 77' lang='lat' dir='ltr'>maxime</span> <span class='ocrx_word' id='word_1_221' title='bbox 608 2751 806 2803; x_wconf 89' lang='lat' dir='ltr'>autem</span> <span class='ocrx_word' id='word_1_222' title='bbox 837 2746 1195 2801; x_wconf 76' lang='lat' dir='ltr'>sanctissimi</span> <span class='ocrx_word' id='word_1_223' title='bbox 1238 2760 1411 2818; x_wconf 64' lang='lat' dir='ltr'>papae</span> <span class='ocrx_word' id='word_1_224' title='bbox 1458 2745 1738 2814; x_wconf 79' lang='lat' dir='ltr'>Gregorii,</span> <span class='ocrx_word' id='word_1_225' title='bbox 1771 2760 1964 2799; x_wconf 90' lang='lat' dir='ltr'>unum</span> 
     </span>
    </p>
   </div>
   <div class='ocr_carea' id='block_1_31' title="bbox 307 2832 1959 2910">
    <p class='ocr_par' dir='ltr' id='par_1_31' title="bbox 307 2832 1959 2910">
     <span class='ocr_line' id='line_1_31' title="bbox 307 2832 1959 2910; baseline -0.003 -18"><span class='ocrx_word' id='word_1_226' title='bbox 307 2853 489 2910; x_wconf 87' lang='lat' dir='ltr'>quem</span> <span class='ocrx_word' id='word_1_227' title='bbox 522 2850 646 2891; x_wconf 92' lang='lat' dir='ltr'>non</span> <span class='ocrx_word' id='word_1_228' title='bbox 702 2840 849 2908; x_wconf 91' lang='lat' dir='ltr'>puto</span> <span class='ocrx_word' id='word_1_229' title='bbox 908 2832 1298 2890; x_wconf 90' lang='lat' dir='ltr'>temuendum</span> <span class='ocrx_word' id='word_1_230' title='bbox 1356 2834 1640 2904; x_wconf 83' lang='lat' dir='ltr'>conjunxi</span> <span class='ocrx_word' id='word_1_231' title='bbox 1672 2832 1959 2888; x_wconf 86' lang='lat' dir='ltr'>libellum.</span> 
     </span>
    </p>
   </div>
   <div class='ocr_carea' id='block_1_32' title="bbox 312 2921 1963 3001">
    <p class='ocr_par' dir='ltr' id='par_1_32' title="bbox 312 2921 1963 3001">
     <span class='ocr_line' id='line_1_32' title="bbox 312 2921 1963 3001; baseline -0.002 -22"><span class='ocrx_word' id='word_1_232' title='bbox 312 2930 684 3001; x_wconf 81' lang='lat' dir='ltr'>Quapropter</span> <span class='ocrx_word' id='word_1_233' title='bbox 715 2923 1046 2994; x_wconf 77' lang='lat' dir='ltr'>fragilitatis</span> <span class='ocrx_word' id='word_1_234' title='bbox 1078 2923 1277 2977; x_wconf 84' lang='lat' dir='ltr'>sensui</span> <span class='ocrx_word' id='word_1_235' title='bbox 1310 2924 1699 2994; x_wconf 88' lang='lat' dir='ltr'>corporisque</span> <span class='ocrx_word' id='word_1_236' title='bbox 1735 2923 1849 2977; x_wconf 85' lang='lat' dir='ltr'>mei</span> <span class='ocrx_word' id='word_1_237' title='bbox 1876 2921 1963 2975; x_wconf 90' lang='lat' dir='ltr'>in-</span> 
     </span>
    </p>
   </div>
   <div class='ocr_carea' id='block_1_33' title="bbox 311 3010 1962 3086">
    <p class='ocr_par' dir='ltr' id='par_1_33' title="bbox 311 3010 1962 3086">
     <span class='ocr_line' id='line_1_33' title="bbox 311 3010 1962 3086; baseline -0.004 -15"><span class='ocrx_word' id='word_1_238' title='bbox 311 3015 591 3077; x_wconf 77' lang='lat' dir='ltr'>ﬁrmitati.</span> <span class='ocrx_word' id='word_1_239' title='bbox 674 3014 911 3086; x_wconf 87' lang='lat' dir='ltr'>meique</span> <span class='ocrx_word' id='word_1_240' title='bbox 973 3012 1256 3068; x_wconf 86' lang='lat' dir='ltr'>similium</span> <span class='ocrx_word' id='word_1_241' title='bbox 1328 3010 1555 3067; x_wconf 88' lang='lat' dir='ltr'>utilitati</span> <span class='ocrx_word' id='word_1_242' title='bbox 1618 3011 1962 3078; x_wconf 86' lang='lat' dir='ltr'>consulens,</span> 
     </span>
    </p>
   </div>
   <div class='ocr_carea' id='block_1_34' title="bbox 310 3101 1962 3171">
    <p class='ocr_par' dir='ltr' id='par_1_34' title="bbox 310 3101 1962 3171">
     <span class='ocr_line' id='line_1_34' title="bbox 310 3101 1962 3171; baseline -0.003 -11"><span class='ocrx_word' id='word_1_243' title='bbox 310 3106 469 3160; x_wconf 81' lang='lat' dir='ltr'>erexi</span> <span class='ocrx_word' id='word_1_244' title='bbox 498 3121 592 3160; x_wconf 92' lang='lat' dir='ltr'>me</span> <span class='ocrx_word' id='word_1_245' title='bbox 625 3108 829 3159; x_wconf 87' lang='lat' dir='ltr'>contra</span> <span class='ocrx_word' id='word_1_246' title='bbox 847 3109 1086 3171; x_wconf 88' lang='lat' dir='ltr'>memet,</span> <span class='ocrx_word' id='word_1_247' title='bbox 1118 3118 1242 3158; x_wconf 91' lang='lat' dir='ltr'>non</span> <span class='ocrx_word' id='word_1_248' title='bbox 1276 3104 1428 3159; x_wconf 89' lang='lat' dir='ltr'>fastu</span> <span class='ocrx_word' id='word_1_249' title='bbox 1453 3101 1810 3171; x_wconf 79' lang='lat' dir='ltr'>arrogantiae</span> <span class='ocrx_word' id='word_1_250' title='bbox 1842 3107 1962 3157; x_wconf 90' lang='lat' dir='ltr'>tur-</span> 
     </span>
    </p>
   </div>
   <div class='ocr_carea' id='block_1_35' title="bbox 310 3191 1964 3266">
    <p class='ocr_par' dir='ltr' id='par_1_35' title="bbox 310 3191 1964 3266">
     <span class='ocr_line' id='line_1_35' title="bbox 310 3191 1964 3266; baseline -0.002 -17"><span class='ocrx_word' id='word_1_251' title='bbox 310 3195 504 3264; x_wconf 81' lang='lat' dir='ltr'>gidus,</span> <span class='ocrx_word' id='word_1_252' title='bbox 539 3211 647 3249; x_wconf 92' lang='lat' dir='ltr'>nec</span> <span class='ocrx_word' id='word_1_253' title='bbox 679 3194 973 3266; x_wconf 67' lang='lat' dir='ltr'>superbiae</span> <span class='ocrx_word' id='word_1_254' title='bbox 1008 3193 1215 3265; x_wconf 90' lang='lat' dir='ltr'>spiritu</span> <span class='ocrx_word' id='word_1_255' title='bbox 1250 3191 1534 3261; x_wconf 87' lang='lat' dir='ltr'>tumidus,</span> <span class='ocrx_word' id='word_1_256' title='bbox 1564 3192 1822 3247; x_wconf 80' lang='lat' dir='ltr'>ventosis</span> <span class='ocrx_word' id='word_1_257' title='bbox 1876 3191 1964 3246; x_wconf 88' lang='lat' dir='ltr'>fa-</span> 
     </span>
    </p>
   </div>
   <div class='ocr_carea' id='block_1_36' title="bbox 315 3280 1966 3351">
    <p class='ocr_par' dir='ltr' id='par_1_36' title="bbox 315 3280 1966 3351">
     <span class='ocr_line' id='line_1_36' title="bbox 315 3280 1966 3351; baseline -0.002 -12"><span class='ocrx_word' id='word_1_258' title='bbox 315 3284 557 3339; x_wconf 87' lang='lat' dir='ltr'>voribus</span> <span class='ocrx_word' id='word_1_259' title='bbox 619 3284 813 3339; x_wconf 88' lang='lat' dir='ltr'>nitens</span> <span class='ocrx_word' id='word_1_260' title='bbox 872 3281 1240 3351; x_wconf 90' lang='lat' dir='ltr'>incumbere,</span> <span class='ocrx_word' id='word_1_261' title='bbox 1297 3282 1455 3337; x_wconf 91' lang='lat' dir='ltr'>Deus</span> <span class='ocrx_word' id='word_1_262' title='bbox 1506 3284 1614 3337; x_wconf 89' lang='lat' dir='ltr'>scit</span> <span class='ocrx_word' id='word_1_263' title='bbox 1646 3299 1657 3336; x_wconf 93' lang='lat'>:</span> <span class='ocrx_word' id='word_1_264' title='bbox 1694 3280 1797 3336; x_wconf 91' lang='lat' dir='ltr'>sed</span> <span class='ocrx_word' id='word_1_265' title='bbox 1829 3281 1966 3350; x_wconf 88' lang='lat' dir='ltr'>igne</span> 
     </span>
    </p>
   </div>
   <div class='ocr_carea' id='block_1_37' title="bbox 310 3370 1968 3447">
    <p class='ocr_par' dir='ltr' id='par_1_37' title="bbox 310 3370 1968 3447">
     <span class='ocr_line' id='line_1_37' title="bbox 310 3370 1968 3447; baseline -0.001 -19"><span class='ocrx_word' id='word_1_266' title='bbox 310 3373 576 3430; x_wconf 88' lang='lat' dir='ltr'>lectionis</span> <span class='ocrx_word' id='word_1_267' title='bbox 605 3374 865 3447; x_wconf 47' lang='lat' dir='ltr'>praefatae</span> <span class='ocrx_word' id='word_1_268' title='bbox 886 3372 1144 3427; x_wconf 64' lang='lat' dir='ltr'>historiae</span> <span class='ocrx_word' id='word_1_269' title='bbox 1176 3372 1458 3441; x_wconf 83' lang='lat' dir='ltr'>ﬂagrans,</span> <span class='ocrx_word' id='word_1_270' title='bbox 1480 3387 1666 3443; x_wconf 89' lang='lat' dir='ltr'>quam</span> <span class='ocrx_word' id='word_1_271' title='bbox 1690 3375 1811 3426; x_wconf 91' lang='lat' dir='ltr'>toto</span> <span class='ocrx_word' id='word_1_272' title='bbox 1832 3370 1968 3426; x_wconf 91' lang='lat' dir='ltr'>nisu</span> 
     </span>
    </p>
   </div>
   <div class='ocr_carea' id='block_1_38' title="bbox 314 3459 1966 3533">
    <p class='ocr_par' dir='ltr' id='par_1_38' title="bbox 314 3459 1966 3533">
     <span class='ocr_line' id='line_1_38' title="bbox 314 3459 1966 3533; baseline -0.003 -14"><span class='ocrx_word' id='word_1_273' title='bbox 314 3464 674 3533; x_wconf 88' lang='lat' dir='ltr'>memoriter,</span> <span class='ocrx_word' id='word_1_274' title='bbox 734 3466 798 3517; x_wconf 92' lang='lat' dir='ltr'>ut</span> <span class='ocrx_word' id='word_1_275' title='bbox 845 3461 1208 3518; x_wconf 89' lang='lat' dir='ltr'>intellectum</span> <span class='ocrx_word' id='word_1_276' title='bbox 1243 3461 1490 3517; x_wconf 84' lang='lat' dir='ltr'>retinere</span> <span class='ocrx_word' id='word_1_277' title='bbox 1523 3459 1774 3521; x_wconf 84' lang='lat' dir='ltr'>valeam,</span> <span class='ocrx_word' id='word_1_278' title='bbox 1806 3460 1966 3515; x_wconf 90' lang='lat' dir='ltr'>hunc</span> 
     </span>
    </p>
   </div>
   <div class='ocr_carea' id='block_1_39' title="bbox 313 3548 1967 3624">
    <p class='ocr_par' dir='ltr' id='par_1_39' title="bbox 313 3548 1967 3624">
     <span class='ocr_line' id='line_1_39' title="bbox 313 3548 1967 3624; baseline -0.002 -17"><span class='ocrx_word' id='word_1_279' title='bbox 313 3553 507 3624; x_wconf 90' lang='lat' dir='ltr'>operis</span> <span class='ocrx_word' id='word_1_280' title='bbox 528 3552 700 3624; x_wconf 90' lang='lat' dir='ltr'>parvi</span> <span class='ocrx_word' id='word_1_281' title='bbox 730 3551 999 3606; x_wconf 85' lang='lat' dir='ltr'>contraxi</span> <span class='ocrx_word' id='word_1_282' title='bbox 1028 3549 1315 3606; x_wconf 87' lang='lat' dir='ltr'>libellum.</span> <span class='ocrx_word' id='word_1_283' title='bbox 1355 3572 1378 3597; x_wconf 66' lang='lat' dir='ltr'>s</span> <span class='ocrx_word' id='word_1_284' title='bbox 1412 3552 1726 3622; x_wconf 88' lang='lat' dir='ltr'>Hucusque</span> <span class='ocrx_word' id='word_1_285' title='bbox 1754 3548 1881 3605; x_wconf 91' lang='lat' dir='ltr'>Odo</span> <span class='ocrx_word' id='word_1_286' title='bbox 1907 3549 1967 3603; x_wconf 89' lang='lat' dir='ltr'>in</span> 
     </span>
    </p>
   </div>
   <div class='ocr_carea' id='block_1_40' title="bbox 314 3638 1175 3714">
    <p class='ocr_par' dir='ltr' id='par_1_40' title="bbox 314 3638 1175 3714">
     <span class='ocr_line' id='line_1_40' title="bbox 314 3638 1175 3714; baseline -0.003 -19"><span class='ocrx_word' id='word_1_287' title='bbox 314 3641 660 3713; x_wconf 65' lang='lat' dir='ltr'>praefatione</span> <span class='ocrx_word' id='word_1_288' title='bbox 691 3638 1032 3714; x_wconf 87' lang='lat' dir='ltr'>compendii</span> <span class='ocrx_word' id='word_1_289' title='bbox 1065 3638 1175 3693; x_wconf 90' lang='lat' dir='ltr'>sui.</span> 
     </span>
    </p>
   </div>
   <div class='ocr_carea' id='block_1_41' title="bbox 387 3727 1969 3786">
    <p class='ocr_par' dir='ltr' id='par_1_41' title="bbox 387 3727 1969 3786">
     <span class='ocr_line' id='line_1_41' title="bbox 387 3727 1969 3786; baseline -0.003 -1"><span class='ocrx_word' id='word_1_290' title='bbox 387 3734 437 3786; x_wconf 93' lang='lat'>8.</span> <span class='ocrx_word' id='word_1_291' title='bbox 468 3733 603 3785; x_wconf 83' lang='lat' dir='ltr'>Post</span> <span class='ocrx_word' id='word_1_292' title='bbox 628 3730 755 3785; x_wconf 64' lang='lat' dir='ltr'>haec</span> <span class='ocrx_word' id='word_1_293' title='bbox 786 3745 953 3783; x_wconf 89' lang='lat' dir='ltr'>num.</span> <span class='ocrx_word' id='word_1_294' title='bbox 986 3733 1048 3783; x_wconf 68' lang='lat'>“21</span> <span class='ocrx_word' id='word_1_295' title='bbox 1084 3742 1424 3783; x_wconf 88' lang='lat' dir='ltr'>sermonem</span> <span class='ocrx_word' id='word_1_296' title='bbox 1445 3727 1688 3783; x_wconf 90' lang='lat' dir='ltr'>reﬂectit</span> <span class='ocrx_word' id='word_1_297' title='bbox 1707 3730 1969 3783; x_wconf 81' lang='lat' dir='ltr'>Joannes</span> 
     </span>
    </p>
   </div>
   <div class='ocr_carea' id='block_1_42' title="bbox 316 3815 1973 3890">
    <p class='ocr_par' dir='ltr' id='par_1_42' title="bbox 316 3815 1973 3890">
     <span class='ocr_line' id='line_1_42' title="bbox 316 3815 1973 3890; baseline -0.001 -17"><span class='ocrx_word' id='word_1_298' title='bbox 316 3818 393 3873; x_wconf 89' lang='lat' dir='ltr'>ad</span> <span class='ocrx_word' id='word_1_299' title='bbox 423 3816 701 3873; x_wconf 89' lang='lat' dir='ltr'>comitem</span> <span class='ocrx_word' id='word_1_300' title='bbox 731 3815 1076 3883; x_wconf 88' lang='lat' dir='ltr'>Fulconem,</span> <span class='ocrx_word' id='word_1_301' title='bbox 1109 3832 1291 3890; x_wconf 86' lang='lat' dir='ltr'>quem</span> <span class='ocrx_word' id='word_1_302' title='bbox 1344 3816 1423 3871; x_wconf 90' lang='lat' dir='ltr'>ob</span> <span class='ocrx_word' id='word_1_303' title='bbox 1475 3815 1711 3871; x_wconf 87' lang='lat' dir='ltr'>sublata</span> <span class='ocrx_word' id='word_1_304' title='bbox 1739 3832 1813 3871; x_wconf 85' lang='lat' dir='ltr'>ex</span> <span class='ocrx_word' id='word_1_305' title='bbox 1851 3816 1973 3871; x_wconf 85' lang='lat' dir='ltr'>the-</span> 
     </span>
    </p>
   </div>
   <div class='ocr_carea' id='block_1_43' title="bbox 319 3903 1975 3963">
    <p class='ocr_par' dir='ltr' id='par_1_43' title="bbox 319 3903 1975 3963">
     <span class='ocr_line' id='line_1_43' title="bbox 319 3903 1975 3963; baseline -0.002 -2"><span class='ocrx_word' id='word_1_306' title='bbox 319 3922 499 3963; x_wconf 71' lang='lat' dir='ltr'>sam‘o</span> <span class='ocrx_word' id='word_1_307' title='bbox 555 3906 745 3961; x_wconf 90' lang='lat' dir='ltr'>sancti</span> <span class='ocrx_word' id='word_1_308' title='bbox 795 3903 1025 3961; x_wconf 83' lang='lat' dir='ltr'>Martini</span> <span class='ocrx_word' id='word_1_309' title='bbox 1054 3903 1319 3959; x_wconf 67' lang='lat' dir='ltr'>ecclesiae</span> <span class='ocrx_word' id='word_1_310' title='bbox 1346 3905 1469 3959; x_wconf 84' lang='lat' dir='ltr'>duo</span> <span class='ocrx_word' id='word_1_311' title='bbox 1508 3903 1759 3959; x_wconf 88' lang='lat' dir='ltr'>vascula</span> <span class='ocrx_word' id='word_1_312' title='bbox 1790 3919 1975 3959; x_wconf 90' lang='lat' dir='ltr'>aurea</span> 
     </span>
    </p>
   </div>
   <div class='ocr_carea' id='block_1_44' title="bbox 314 3992 1975 4064">
    <p class='ocr_par' dir='ltr' id='par_1_44' title="bbox 314 3992 1975 4064">
     <span class='ocr_line' id='line_1_44' title="bbox 314 3992 1975 4064; baseline -0.002 -13"><span class='ocrx_word' id='word_1_313' title='bbox 314 3993 521 4052; x_wconf 87' lang='lat' dir='ltr'>lethali</span> <span class='ocrx_word' id='word_1_314' title='bbox 550 3993 763 4047; x_wconf 86' lang='lat' dir='ltr'>morbo</span> <span class='ocrx_word' id='word_1_315' title='bbox 795 3992 1101 4057; x_wconf 71' lang='lat' dir='ltr'>afﬂictum,</span> <span class='ocrx_word' id='word_1_316' title='bbox 1133 3996 1309 4063; x_wconf 87' lang='lat' dir='ltr'>atque</span> <span class='ocrx_word' id='word_1_317' title='bbox 1334 3993 1556 4046; x_wconf 88' lang='lat' dir='ltr'>Odonis</span> <span class='ocrx_word' id='word_1_318' title='bbox 1579 3992 1859 4064; x_wconf 86' lang='lat' dir='ltr'>precibus</span> <span class='ocrx_word' id='word_1_319' title='bbox 1883 4008 1975 4047; x_wconf 88' lang='lat' dir='ltr'>sa-</span> 
     </span>
    </p>
   </div>
   <div class='ocr_carea' id='block_1_45' title="bbox 315 4079 1978 4152">
    <p class='ocr_par' dir='ltr' id='par_1_45' title="bbox 315 4079 1978 4152">
     <span class='ocr_line' id='line_1_45' title="bbox 315 4079 1978 4152; baseline -0.003 -12"><span class='ocrx_word' id='word_1_320' title='bbox 315 4083 488 4141; x_wconf 88' lang='lat' dir='ltr'>nitati</span> <span class='ocrx_word' id='word_1_321' title='bbox 518 4081 857 4138; x_wconf 85' lang='lat' dir='ltr'>restitutum</span> <span class='ocrx_word' id='word_1_322' title='bbox 884 4080 1161 4135; x_wconf 78' lang='lat' dir='ltr'>affirmat.</span> <span class='ocrx_word' id='word_1_323' title='bbox 1206 4082 1563 4152; x_wconf 80' lang='lat' dir='ltr'>Repugnant</span> <span class='ocrx_word' id='word_1_324' title='bbox 1590 4079 1864 4134; x_wconf 88' lang='lat' dir='ltr'>nonnulli</span> <span class='ocrx_word' id='word_1_325' title='bbox 1892 4097 1978 4135; x_wconf 88' lang='lat' dir='ltr'>re-</span> 
     </span>
    </p>
   </div>
   <div class='ocr_carea' id='block_1_46' title="bbox 319 4169 1978 4246">
    <p class='ocr_par' dir='ltr' id='par_1_46' title="bbox 319 4169 1978 4246">
     <span class='ocr_line' id='line_1_46' title="bbox 319 4169 1978 4246; baseline -0.005 -13"><span class='ocrx_word' id='word_1_326' title='bbox 319 4174 629 4243; x_wconf 86' lang='lat' dir='ltr'>centiores,</span> <span class='ocrx_word' id='word_1_327' title='bbox 655 4172 872 4246; x_wconf 87' lang='lat' dir='ltr'>pietate</span> <span class='ocrx_word' id='word_1_328' title='bbox 895 4170 1139 4227; x_wconf 88' lang='lat' dir='ltr'>adducti</span> <span class='ocrx_word' id='word_1_329' title='bbox 1163 4169 1454 4239; x_wconf 78' lang='lat' dir='ltr'>Fulconis,</span> <span class='ocrx_word' id='word_1_330' title='bbox 1480 4170 1573 4226; x_wconf 90' lang='lat' dir='ltr'>cui</span> <span class='ocrx_word' id='word_1_331' title='bbox 1591 4169 1735 4226; x_wconf 90' lang='lat' dir='ltr'>Boni</span> <span class='ocrx_word' id='word_1_332' title='bbox 1760 4184 1978 4240; x_wconf 88' lang='lat' dir='ltr'>cogno-</span> 
     </span>
    </p>
   </div>
   <div class='ocr_carea' id='block_1_47' title="bbox 319 4259 1976 4321">
    <p class='ocr_par' dir='ltr' id='par_1_47' title="bbox 319 4259 1976 4321">
     <span class='ocr_line' id='line_1_47' title="bbox 319 4259 1976 4321; baseline -0.003 0"><span class='ocrx_word' id='word_1_333' title='bbox 319 4268 591 4321; x_wconf 85' lang='lat' dir='ltr'>mentum</span> <span class='ocrx_word' id='word_1_334' title='bbox 642 4261 772 4318; x_wconf 82' lang='lat' dir='ltr'>haec</span> <span class='ocrx_word' id='word_1_335' title='bbox 818 4260 1005 4317; x_wconf 90' lang='lat' dir='ltr'>virtus</span> <span class='ocrx_word' id='word_1_336' title='bbox 1058 4259 1237 4316; x_wconf 90' lang='lat' dir='ltr'>dedit.</span> <span class='ocrx_word' id='word_1_337' title='bbox 1268 4261 1343 4317; x_wconf 86' lang='lat' dir='ltr'>At</span> <span class='ocrx_word' id='word_1_338' title='bbox 1382 4265 1520 4316; x_wconf 89' lang='lat' dir='ltr'>sunt</span> <span class='ocrx_word' id='word_1_339' title='bbox 1549 4259 1725 4317; x_wconf 86' lang='lat' dir='ltr'>etiam</span> <span class='ocrx_word' id='word_1_340' title='bbox 1756 4259 1819 4315; x_wconf 91' lang='lat' dir='ltr'>in</span> <span class='ocrx_word' id='word_1_341' title='bbox 1850 4259 1976 4316; x_wconf 92' lang='lat' dir='ltr'>sole</span> 
     </span>
    </p>
   </div>
   <div class='ocr_carea' id='block_1_48' title="bbox 323 4348 1976 4423">
    <p class='ocr_par' dir='ltr' id='par_1_48' title="bbox 323 4348 1976 4423">
     <span class='ocr_line' id='line_1_48' title="bbox 323 4348 1976 4423; baseline -0.002 -13"><span class='ocrx_word' id='word_1_342' title='bbox 323 4372 442 4410; x_wconf 78' lang='lat' dir='ltr'>suae</span> <span class='ocrx_word' id='word_1_343' title='bbox 471 4352 723 4419; x_wconf 66' lang='lat' dir='ltr'>umbrae,</span> <span class='ocrx_word' id='word_1_344' title='bbox 756 4355 814 4407; x_wconf 90' lang='lat' dir='ltr'>et</span> <span class='ocrx_word' id='word_1_345' title='bbox 865 4350 1116 4423; x_wconf 89' lang='lat' dir='ltr'>scriptor</span> <span class='ocrx_word' id='word_1_346' title='bbox 1146 4349 1279 4405; x_wconf 84' lang='lat' dir='ltr'>libri</span> <span class='ocrx_word' id='word_1_347' title='bbox 1305 4348 1380 4405; x_wconf 90' lang='lat' dir='ltr'>de</span> <span class='ocrx_word' id='word_1_348' title='bbox 1433 4350 1611 4421; x_wconf 85' lang='lat' dir='ltr'>gestis</span> <span class='ocrx_word' id='word_1_349' title='bbox 1657 4349 1976 4406; x_wconf 89' lang='lat' dir='ltr'>consulum</span> 
     </span>
    </p>
   </div>
   <div class='ocr_carea' id='block_1_49' title="bbox 322 4438 1975 4515">
    <p class='ocr_par' dir='ltr' id='par_1_49' title="bbox 322 4438 1975 4515">
     <span class='ocr_line' id='line_1_49' title="bbox 322 4438 1975 4515; baseline -0.003 -15"><span class='ocrx_word' id='word_1_350' title='bbox 322 4440 869 4515; x_wconf 74' lang='lat' dir='ltr'>Andegavensium,</span> <span class='ocrx_word' id='word_1_351' title='bbox 915 4439 1019 4514; x_wconf 89' lang='lat' dir='ltr'>qui</span> <span class='ocrx_word' id='word_1_352' title='bbox 1048 4443 1173 4496; x_wconf 86' lang='lat' dir='ltr'>tam</span> <span class='ocrx_word' id='word_1_353' title='bbox 1203 4438 1391 4496; x_wconf 88' lang='lat' dir='ltr'>multa</span> <span class='ocrx_word' id='word_1_354' title='bbox 1431 4438 1505 4494; x_wconf 90' lang='lat' dir='ltr'>de</span> <span class='ocrx_word' id='word_1_355' title='bbox 1534 4438 1791 4495; x_wconf 84' lang='lat' dir='ltr'>Fulcone</span> <span class='ocrx_word' id='word_1_356' title='bbox 1820 4456 1975 4514; x_wconf 83' lang='lat' dir='ltr'>prae-</span> 
     </span>
    </p>
   </div>
   <div class='ocr_carea' id='block_1_50' title="bbox 325 4526 1980 4597">
    <p class='ocr_par' dir='ltr' id='par_1_50' title="bbox 325 4526 1980 4597">
     <span class='ocr_line' id='line_1_50' title="bbox 325 4526 1980 4597; baseline -0.003 -8"><span class='ocrx_word' id='word_1_357' title='bbox 325 4531 487 4589; x_wconf 87' lang='lat' dir='ltr'>clara</span> <span class='ocrx_word' id='word_1_358' title='bbox 543 4533 997 4597; x_wconf 87' lang='lat' dir='ltr'>commemorat,</span> <span class='ocrx_word' id='word_1_359' title='bbox 1052 4527 1230 4584; x_wconf 89' lang='lat' dir='ltr'>etiam</span> <span class='ocrx_word' id='word_1_360' title='bbox 1283 4528 1399 4584; x_wconf 92' lang='lat' dir='ltr'>hoc</span> <span class='ocrx_word' id='word_1_361' title='bbox 1444 4526 1672 4583; x_wconf 88' lang='lat' dir='ltr'>factum</span> <span class='ocrx_word' id='word_1_362' title='bbox 1721 4528 1980 4584; x_wconf 86' lang='lat' dir='ltr'>inserere</span> 
     </span>
    </p>
   </div>
   <div class='ocr_carea' id='block_1_51' title="bbox 325 4617 1983 4691">
    <p class='ocr_par' dir='ltr' id='par_1_51' title="bbox 325 4617 1983 4691">
     <span class='ocr_line' id='line_1_51' title="bbox 325 4617 1983 4691; baseline -0.002 -13"><span class='ocrx_word' id='word_1_363' title='bbox 325 4636 446 4678; x_wconf 92' lang='lat' dir='ltr'>non</span> <span class='ocrx_word' id='word_1_364' title='bbox 472 4619 765 4677; x_wconf 86' lang='lat' dir='ltr'>dubitavit</span> <span class='ocrx_word' id='word_1_365' title='bbox 790 4637 803 4687; x_wconf 90' lang='lat'><strong>;</strong></span> <span class='ocrx_word' id='word_1_366' title='bbox 830 4617 998 4691; x_wconf 90' lang='lat' dir='ltr'>quod</span> <span class='ocrx_word' id='word_1_367' title='bbox 1023 4617 1275 4674; x_wconf 78' lang='lat' dir='ltr'>dixerim</span> <span class='ocrx_word' id='word_1_368' title='bbox 1306 4617 1384 4673; x_wconf 90' lang='lat' dir='ltr'>ad</span> <span class='ocrx_word' id='word_1_369' title='bbox 1415 4634 1588 4674; x_wconf 90' lang='lat' dir='ltr'>suam</span> <span class='ocrx_word' id='word_1_370' title='bbox 1609 4618 1824 4675; x_wconf 88' lang='lat' dir='ltr'>Joanni</span> <span class='ocrx_word' id='word_1_371' title='bbox 1846 4634 1983 4675; x_wconf 88' lang='lat' dir='ltr'>auc-</span> 
     </span>
    </p>
   </div>
   <div class='ocr_carea' id='block_1_52' title="bbox 328 4706 1062 4767">
    <p class='ocr_par' dir='ltr' id='par_1_52' title="bbox 328 4706 1062 4767">
     <span class='ocr_line' id='line_1_52' title="bbox 328 4706 1062 4767; baseline -0.005 0"><span class='ocrx_word' id='word_1_372' title='bbox 328 4711 619 4767; x_wconf 89' lang='lat' dir='ltr'>toritatem</span> <span class='ocrx_word' id='word_1_373' title='bbox 652 4706 1062 4766; x_wconf 47' lang='lat' dir='ltr'>asserenda‘m.</span> 
     </span>
    </p>
   </div>
   <div class='ocr_carea' id='block_1_53' title="bbox 398 4794 1984 4867">
    <p class='ocr_par' dir='ltr' id='par_1_53' title="bbox 398 4794 1984 4867">
     <span class='ocr_line' id='line_1_53' title="bbox 398 4794 1984 4867; baseline -0.004 -10"><span class='ocrx_word' id='word_1_374' title='bbox 398 4806 448 4857; x_wconf 88' lang='lat'>9.</span> <span class='ocrx_word' id='word_1_375' title='bbox 480 4798 676 4856; x_wconf 80' lang='lat' dir='ltr'>Redeo</span> <span class='ocrx_word' id='word_1_376' title='bbox 706 4797 785 4855; x_wconf 91' lang='lat' dir='ltr'>ad</span> <span class='ocrx_word' id='word_1_377' title='bbox 834 4796 1059 4855; x_wconf 91' lang='lat' dir='ltr'>Odonis</span> <span class='ocrx_word' id='word_1_378' title='bbox 1102 4796 1288 4853; x_wconf 86' lang='lat' dir='ltr'>vitam</span> <span class='ocrx_word' id='word_1_379' title='bbox 1345 4794 1778 4863; x_wconf 88' lang='lat' dir='ltr'>canonicalem,</span> <span class='ocrx_word' id='word_1_380' title='bbox 1812 4795 1984 4867; x_wconf 81' lang='lat' dir='ltr'>cuius</span> 
     </span>
    </p>
   </div>
   <div class='ocr_carea' id='block_1_54' title="bbox 329 4884 1984 4961">
    <p class='ocr_par' dir='ltr' id='par_1_54' title="bbox 329 4884 1984 4961">
     <span class='ocr_line' id='line_1_54' title="bbox 329 4884 1984 4961; baseline -0.002 -17"><span class='ocrx_word' id='word_1_381' title='bbox 329 4905 610 4961; x_wconf 78' lang='lat' dir='ltr'>quaenam</span> <span class='ocrx_word' id='word_1_382' title='bbox 632 4887 804 4945; x_wconf 89' lang='lat' dir='ltr'>fuerit</span> <span class='ocrx_word' id='word_1_383' title='bbox 830 4904 901 4944; x_wconf 89' lang='lat' dir='ltr'>eo</span> <span class='ocrx_word' id='word_1_384' title='bbox 929 4891 1196 4960; x_wconf 87' lang='lat' dir='ltr'>tempore</span> <span class='ocrx_word' id='word_1_385' title='bbox 1218 4885 1785 4959; x_wconf 85' lang='lat' dir='ltr'>apud&#39;Marlinianos</span> <span class='ocrx_word' id='word_1_386' title='bbox 1806 4884 1984 4940; x_wconf 87' lang='lat' dir='ltr'>disci-</span> 
     </span>
    </p>
   </div>
   <div class='ocr_carea' id='block_1_55' title="bbox 330 4973 1987 5052">
    <p class='ocr_par' dir='ltr' id='par_1_55' title="bbox 330 4973 1987 5052">
     <span class='ocr_line' id='line_1_55' title="bbox 330 4973 1987 5052; baseline -0.001 -21"><span class='ocrx_word' id='word_1_387' title='bbox 330 4974 514 5051; x_wconf 85' lang='lat' dir='ltr'>plina,</span> <span class='ocrx_word' id='word_1_388' title='bbox 532 4977 741 5052; x_wconf 89' lang='lat' dir='ltr'>paucis</span> <span class='ocrx_word' id='word_1_389' title='bbox 763 4992 1059 5052; x_wconf 86' lang='lat' dir='ltr'>exponere</span> <span class='ocrx_word' id='word_1_390' title='bbox 1077 4976 1264 5048; x_wconf 88' lang='lat' dir='ltr'>juvat.</span> <span class='ocrx_word' id='word_1_391' title='bbox 1282 4973 1477 5046; x_wconf 81' lang='lat' dir='ltr'>Viguit</span> <span class='ocrx_word' id='word_1_392' title='bbox 1504 4990 1574 5030; x_wconf 92' lang='lat' dir='ltr'>eo</span> <span class='ocrx_word' id='word_1_393' title='bbox 1598 4974 1661 5030; x_wconf 92' lang='lat' dir='ltr'>in</span> <span class='ocrx_word' id='word_1_394' title='bbox 1690 4973 1823 5030; x_wconf 92' lang='lat' dir='ltr'>loco</span> <span class='ocrx_word' id='word_1_395' title='bbox 1850 4977 1987 5047; x_wconf 91' lang='lat' dir='ltr'>post</span> 
     </span>
    </p>
   </div>
   <div class='ocr_carea' id='block_1_56' title="bbox 328 5064 1987 5143">
    <p class='ocr_par' dir='ltr' id='par_1_56' title="bbox 328 5064 1987 5143">
     <span class='ocr_line' id='line_1_56' title="bbox 328 5064 1987 5143; baseline -0.003 -19"><span class='ocrx_word' id='word_1_396' title='bbox 328 5065 466 5125; x_wconf 66' lang='lat' dir='ltr'>vitae</span> <span class='ocrx_word' id='word_1_397' title='bbox 482 5068 824 5125; x_wconf 79' lang='lat' dir='ltr'>monasticae</span> <span class='ocrx_word' id='word_1_398' title='bbox 847 5065 1290 5124; x_wconf 87' lang='lat' dir='ltr'>abdicationem</span> <span class='ocrx_word' id='word_1_399' title='bbox 1305 5064 1589 5143; x_wconf 57' lang='lat' dir='ltr'>quaedam</span> <span class='ocrx_word' id='word_1_400' title='bbox 1604 5064 1800 5120; x_wconf 82' lang='lat' dir='ltr'>forma</span> <span class='ocrx_word' id='word_1_401' title='bbox 1811 5079 1987 5134; x_wconf 87' lang='lat' dir='ltr'>regu-</span> 
     </span>
    </p>
   </div>
   <div class='ocr_carea' id='block_1_57' title="bbox 326 5150 1989 5213">
    <p class='ocr_par' dir='ltr' id='par_1_57' title="bbox 326 5150 1989 5213">
     <span class='ocr_line' id='line_1_57' title="bbox 326 5150 1989 5213; baseline -0.003 -3"><span class='ocrx_word' id='word_1_402' title='bbox 326 5153 491 5212; x_wconf 87' lang='lat' dir='ltr'>laris.</span> <span class='ocrx_word' id='word_1_403' title='bbox 519 5157 943 5213; x_wconf 89' lang='lat' dir='ltr'>Trecentorum</span> <span class='ocrx_word' id='word_1_404' title='bbox 967 5152 1408 5211; x_wconf 86' lang='lat' dir='ltr'>monachorum</span> <span class='ocrx_word' id='word_1_405' title='bbox 1439 5168 1729 5208; x_wconf 90' lang='lat' dir='ltr'>numerus</span> <span class='ocrx_word' id='word_1_406' title='bbox 1764 5150 1843 5207; x_wconf 87' lang='lat' dir='ltr'>ad</span> <span class='ocrx_word' id='word_1_407' title='bbox 1856 5163 1989 5205; x_wconf 81' lang='lat' dir='ltr'>cen—</span> 
     </span>
    </p>
   </div>
   <div class='ocr_carea' id='block_1_58' title="bbox 331 5238 1994 5320">
    <p class='ocr_par' dir='ltr' id='par_1_58' title="bbox 331 5238 1994 5320">
     <span class='ocr_line' id='line_1_58' title="bbox 331 5238 1994 5320; baseline -0.004 -18"><span class='ocrx_word' id='word_1_408' title='bbox 331 5250 457 5302; x_wconf 89' lang='lat' dir='ltr'>tum</span> <span class='ocrx_word' id='word_1_409' title='bbox 471 5250 527 5302; x_wconf 90' lang='lat' dir='ltr'>et</span> <span class='ocrx_word' id='word_1_410' title='bbox 538 5246 981 5320; x_wconf 80' lang='lat' dir='ltr'>quinquaginta</span> <span class='ocrx_word' id='word_1_411' title='bbox 995 5243 1318 5302; x_wconf 89' lang='lat' dir='ltr'>canonicos</span> <span class='ocrx_word' id='word_1_412' title='bbox 1334 5241 1610 5299; x_wconf 90' lang='lat' dir='ltr'>redactus</span> <span class='ocrx_word' id='word_1_413' title='bbox 1632 5260 1645 5297; x_wconf 89' lang='lat'><strong>:</strong></span> <span class='ocrx_word' id='word_1_414' title='bbox 1655 5241 1819 5314; x_wconf 86' lang='lat' dir='ltr'>jugis</span> <span class='ocrx_word' id='word_1_415' title='bbox 1835 5238 1994 5313; x_wconf 88' lang='lat' dir='ltr'>psal-</span> 
     </span>
    </p>
   </div>
   <div class='ocr_carea' id='block_1_59' title="bbox 331 5328 1995 5401">
    <p class='ocr_par' dir='ltr' id='par_1_59' title="bbox 331 5328 1995 5401">
     <span class='ocr_line' id='line_1_59' title="bbox 331 5328 1995 5401; baseline -0.006 -9"><span class='ocrx_word' id='word_1_416' title='bbox 331 5336 536 5393; x_wconf 81' lang='lat' dir='ltr'>modia</span> <span class='ocrx_word' id='word_1_417' title='bbox 576 5337 642 5392; x_wconf 89' lang='lat' dir='ltr'>in</span> <span class='ocrx_word' id='word_1_418' title='bbox 684 5336 971 5391; x_wconf 90' lang='lat' dir='ltr'>discretas</span> <span class='ocrx_word' id='word_1_419' title='bbox 1018 5335 1201 5392; x_wconf 89' lang='lat' dir='ltr'>horas</span> <span class='ocrx_word' id='word_1_420' title='bbox 1248 5334 1536 5401; x_wconf 84' lang='lat' dir='ltr'>restricta,</span> <span class='ocrx_word' id='word_1_421' title='bbox 1563 5336 1627 5387; x_wconf 91' lang='lat' dir='ltr'>ut</span> <span class='ocrx_word' id='word_1_422' title='bbox 1650 5330 1841 5387; x_wconf 83' lang='lat' dir='ltr'>fusius</span> <span class='ocrx_word' id='word_1_423' title='bbox 1872 5328 1995 5383; x_wconf 90' lang='lat' dir='ltr'>dic-</span> 
     </span>
    </p>
   </div>
   <div class='ocr_carea' id='block_1_60' title="bbox 331 5419 1993 5495">
    <p class='ocr_par' dir='ltr' id='par_1_60' title="bbox 331 5419 1993 5495">
     <span class='ocr_line' id='line_1_60' title="bbox 331 5419 1993 5495; baseline -0.006 -12"><span class='ocrx_word' id='word_1_424' title='bbox 331 5430 459 5483; x_wconf 89' lang='lat' dir='ltr'>tum</span> <span class='ocrx_word' id='word_1_425' title='bbox 482 5431 571 5483; x_wconf 89' lang='lat' dir='ltr'>est</span> <span class='ocrx_word' id='word_1_426' title='bbox 604 5427 666 5482; x_wconf 91' lang='lat' dir='ltr'>in</span> <span class='ocrx_word' id='word_1_427' title='bbox 689 5423 883 5495; x_wconf 87' lang='lat' dir='ltr'>elogio</span> <span class='ocrx_word' id='word_1_428' title='bbox 912 5424 1143 5479; x_wconf 81' lang='lat' dir='ltr'>Alcuini</span> <span class='ocrx_word' id='word_1_429' title='bbox 1164 5440 1335 5493; x_wconf 91' lang='lat' dir='ltr'>num,</span> <span class='ocrx_word' id='word_1_430' title='bbox 1367 5424 1454 5478; x_wconf 86' lang='lat'>46.</span> <span class='ocrx_word' id='word_1_431' title='bbox 1491 5423 1732 5479; x_wconf 86' lang='lat' dir='ltr'>Servata</span> <span class='ocrx_word' id='word_1_432' title='bbox 1776 5419 1993 5475; x_wconf 87' lang='lat' dir='ltr'>nihilo-</span> 
     </span>
    </p>
   </div>
   <div class='ocr_carea' id='block_1_61' title="bbox 332 5509 1998 5583">
    <p class='ocr_par' dir='ltr' id='par_1_61' title="bbox 332 5509 1998 5583">
     <span class='ocr_line' id='line_1_61' title="bbox 332 5509 1998 5583; baseline -0.004 -12"><span class='ocrx_word' id='word_1_433' title='bbox 332 5516 535 5572; x_wconf 88' lang='lat' dir='ltr'>minus</span> <span class='ocrx_word' id='word_1_434' title='bbox 554 5516 821 5573; x_wconf 86' lang='lat' dir='ltr'>claustro</span> <span class='ocrx_word' id='word_1_435' title='bbox 846 5527 958 5568; x_wconf 92' lang='lat' dir='ltr'>sua</span> <span class='ocrx_word' id='word_1_436' title='bbox 978 5513 1327 5583; x_wconf 87' lang='lat' dir='ltr'>reverentia,</span> <span class='ocrx_word' id='word_1_437' title='bbox 1354 5510 1550 5567; x_wconf 83' lang='lat' dir='ltr'>aditus</span> <span class='ocrx_word' id='word_1_438' title='bbox 1568 5509 1800 5567; x_wconf 83' lang='lat' dir='ltr'>feminis</span> <span class='ocrx_word' id='word_1_439' title='bbox 1823 5509 1998 5565; x_wconf 89' lang='lat' dir='ltr'>inter-</span> 
     </span>
    </p>
   </div>
   <div class='ocr_carea' id='block_1_62' title="bbox 331 5599 1993 5679">
    <p class='ocr_par' dir='ltr' id='par_1_62' title="bbox 331 5599 1993 5679">
     <span class='ocr_line' id='line_1_62' title="bbox 331 5599 1993 5679; baseline -0.005 -15"><span class='ocrx_word' id='word_1_440' title='bbox 331 5606 548 5677; x_wconf 82' lang='lat' dir='ltr'>dictus,</span> <span class='ocrx_word' id='word_1_441' title='bbox 598 5605 884 5679; x_wconf 84' lang='lat' dir='ltr'>pleraque</span> <span class='ocrx_word' id='word_1_442' title='bbox 924 5600 1182 5671; x_wconf 87' lang='lat' dir='ltr'>denique</span> <span class='ocrx_word' id='word_1_443' title='bbox 1228 5601 1307 5656; x_wconf 87' lang='lat' dir='ltr'>ad</span> <span class='ocrx_word' id='word_1_444' title='bbox 1350 5601 1674 5659; x_wconf 88' lang='lat' dir='ltr'>honestatis</span> <span class='ocrx_word' id='word_1_445' title='bbox 1730 5599 1993 5672; x_wconf 89' lang='lat' dir='ltr'>speciem</span> 
     </span>
    </p>
   </div>
   <div class='ocr_carea' id='block_1_63' title="bbox 2079 340 3739 418">
    <p class='ocr_par' dir='ltr' id='par_1_63' title="bbox 2079 340 3739 418">
     <span class='ocr_line' id='line_1_63' title="bbox 2079 340 3739 418; baseline 0.003 -23"><span class='ocrx_word' id='word_1_446' title='bbox 2079 341 2192 395; x_wconf 91' lang='lat' dir='ltr'>loci</span> <span class='ocrx_word' id='word_1_447' title='bbox 2232 340 2492 397; x_wconf 66' lang='lat' dir='ltr'>basilicae</span> <span class='ocrx_word' id='word_1_448' title='bbox 2543 340 3044 407; x_wconf 86' lang='lat' dir='ltr'>combustionem,</span> <span class='ocrx_word' id='word_1_449' title='bbox 3102 342 3177 399; x_wconf 90' lang='lat' dir='ltr'>de</span> <span class='ocrx_word' id='word_1_450' title='bbox 3233 360 3357 418; x_wconf 88' lang='lat' dir='ltr'>qua</span> <span class='ocrx_word' id='word_1_451' title='bbox 3398 358 3739 403; x_wconf 84' lang='lat' dir='ltr'>sermonem</span> 
     </span>
    </p>
   </div>
   <div class='ocr_carea' id='block_1_64' title="bbox 2081 428 3739 501">
    <p class='ocr_par' dir='ltr' id='par_1_64' title="bbox 2081 428 3739 501">
     <span class='ocr_line' id='line_1_64' title="bbox 2081 428 3739 501; baseline 0.003 -16"><span class='ocrx_word' id='word_1_452' title='bbox 2081 428 2266 485; x_wconf 89' lang='lat' dir='ltr'>edidit</span> <span class='ocrx_word' id='word_1_453' title='bbox 2307 430 2435 487; x_wconf 93' lang='lat' dir='ltr'>Odo</span> <span class='ocrx_word' id='word_1_454' title='bbox 2478 431 2600 501; x_wconf 87' lang='lat' dir='ltr'>jam</span> <span class='ocrx_word' id='word_1_455' title='bbox 2632 430 2972 486; x_wconf 83' lang='lat' dir='ltr'>monachus</span> <span class='ocrx_word' id='word_1_456' title='bbox 3027 435 3243 501; x_wconf 80' lang='lat' dir='ltr'>rogatu</span> <span class='ocrx_word' id='word_1_457' title='bbox 3281 432 3739 490; x_wconf 87' lang='lat' dir='ltr'>canonicorum.</span> 
     </span>
    </p>
   </div>
   <div class='ocr_carea' id='block_1_65' title="bbox 2082 519 3739 594">
    <p class='ocr_par' dir='ltr' id='par_1_65' title="bbox 2082 519 3739 594">
     <span class='ocr_line' id='line_1_65' title="bbox 2082 519 3739 594; baseline 0.002 -18"><span class='ocrx_word' id='word_1_458' title='bbox 2082 544 2109 569; x_wconf 85' lang='lat'><strong><em>«</em></strong></span> <span class='ocrx_word' id='word_1_459' title='bbox 2144 523 2290 576; x_wconf 81' lang='lat' dir='ltr'>Nam</span> <span class='ocrx_word' id='word_1_460' title='bbox 2322 525 2460 593; x_wconf 89' lang='lat' dir='ltr'>post</span> <span class='ocrx_word' id='word_1_461' title='bbox 2487 519 2674 591; x_wconf 88' lang='lat' dir='ltr'>illam,</span> <span class='ocrx_word' id='word_1_462' title='bbox 2710 543 2739 569; x_wconf 73' lang='grc' dir='ltr'>υ</span> <span class='ocrx_word' id='word_1_463' title='bbox 2798 519 3011 593; x_wconf 84' lang='lat' dir='ltr'>inquit,</span> <span class='ocrx_word' id='word_1_464' title='bbox 3055 542 3084 569; x_wconf 83' lang='lat'><em>«</em></span> <span class='ocrx_word' id='word_1_465' title='bbox 3112 520 3455 594; x_wconf 85' lang='lat' dir='ltr'>pridianam</span> <span class='ocrx_word' id='word_1_466' title='bbox 3491 534 3739 580; x_wconf 76' lang='lat' dir='ltr'>saccen-</span> 
     </span>
    </p>
   </div>
   <div class='ocr_carea' id='block_1_66' title="bbox 2078 608 3743 687">
    <p class='ocr_par' dir='ltr' id='par_1_66' title="bbox 2078 608 3743 687">
     <span class='ocr_line' id='line_1_66' title="bbox 2078 608 3743 687; baseline 0.004 -23"><span class='ocrx_word' id='word_1_467' title='bbox 2078 608 2331 678; x_wconf 87' lang='lat' dir='ltr'>sionem,</span> <span class='ocrx_word' id='word_1_468' title='bbox 2364 611 2553 666; x_wconf 89' lang='lat' dir='ltr'>muris</span> <span class='ocrx_word' id='word_1_469' title='bbox 2583 626 2723 666; x_wconf 89' lang='lat' dir='ltr'>cum</span> <span class='ocrx_word' id='word_1_470' title='bbox 2739 609 2967 683; x_wconf 81' lang='lat' dir='ltr'>ingenti</span> <span class='ocrx_word' id='word_1_471' title='bbox 2989 609 3186 667; x_wconf 84' lang='lat' dir='ltr'>studio</span> <span class='ocrx_word' id='word_1_472' title='bbox 3215 612 3543 684; x_wconf 83' lang='lat' dir='ltr'>compactis</span> <span class='ocrx_word' id='word_1_473' title='bbox 3569 616 3743 687; x_wconf 90' lang='lat' dir='ltr'>septa</span> 
     </span>
    </p>
   </div>
   <div class='ocr_carea' id='block_1_67' title="bbox 2075 698 3738 774">
    <p class='ocr_par' dir='ltr' id='par_1_67' title="bbox 2075 698 3738 774">
     <span class='ocr_line' id='line_1_67' title="bbox 2075 698 3738 774; baseline 0.002 -19"><span class='ocrx_word' id='word_1_474' title='bbox 2075 698 2420 755; x_wconf 87' lang='lat' dir='ltr'>monasterii</span> <span class='ocrx_word' id='word_1_475' title='bbox 2452 699 2890 763; x_wconf 89' lang='lat' dir='ltr'>communistis,</span> <span class='ocrx_word' id='word_1_476' title='bbox 2923 700 3037 757; x_wconf 91' lang='lat' dir='ltr'>hoc</span> <span class='ocrx_word' id='word_1_477' title='bbox 3079 698 3366 757; x_wconf 89' lang='lat' dir='ltr'>nimirum</span> <span class='ocrx_word' id='word_1_478' title='bbox 3398 716 3738 774; x_wconf 70' lang='lat' dir='ltr'>praecavere</span> 
     </span>
    </p>
   </div>
   <div class='ocr_carea' id='block_1_68' title="bbox 2074 788 3740 863">
    <p class='ocr_par' dir='ltr' id='par_1_68' title="bbox 2074 788 3740 863">
     <span class='ocr_line' id='line_1_68' title="bbox 2074 788 3740 863; baseline 0.002 -19"><span class='ocrx_word' id='word_1_479' title='bbox 2074 788 2360 855; x_wconf 87' lang='lat' dir='ltr'>volentes,</span> <span class='ocrx_word' id='word_1_480' title='bbox 2394 805 2468 844; x_wconf 90' lang='lat' dir='ltr'>ne</span> <span class='ocrx_word' id='word_1_481' title='bbox 2508 794 2715 846; x_wconf 89' lang='lat' dir='ltr'>sancta</span> <span class='ocrx_word' id='word_1_482' title='bbox 2745 789 2965 845; x_wconf 89' lang='lat' dir='ltr'>domus</span> <span class='ocrx_word' id='word_1_483' title='bbox 3011 788 3167 846; x_wconf 88' lang='lat' dir='ltr'>ultra</span> <span class='ocrx_word' id='word_1_484' title='bbox 3196 793 3400 863; x_wconf 78' lang='lat' dir='ltr'>posset</span> <span class='ocrx_word' id='word_1_485' title='bbox 3446 789 3524 847; x_wconf 88' lang='lat' dir='ltr'>ab</span> <span class='ocrx_word' id='word_1_486' title='bbox 3557 790 3740 848; x_wconf 89' lang='lat' dir='ltr'>hosti-</span> 
     </span>
    </p>
   </div>
   <div class='ocr_carea' id='block_1_69' title="bbox 2076 877 3743 953">
    <p class='ocr_par' dir='ltr' id='par_1_69' title="bbox 2076 877 3743 953">
     <span class='ocr_line' id='line_1_69' title="bbox 2076 877 3743 953; baseline 0.002 -20"><span class='ocrx_word' id='word_1_487' title='bbox 2076 878 2189 933; x_wconf 88' lang='lat' dir='ltr'>bus</span> <span class='ocrx_word' id='word_1_488' title='bbox 2217 878 2373 933; x_wconf 72' lang='lat' dir='ltr'>laedi.</span> <span class='ocrx_word' id='word_1_489' title='bbox 2427 877 2539 935; x_wconf 89' lang='lat' dir='ltr'>Sed</span> <span class='ocrx_word' id='word_1_490' title='bbox 2599 895 2721 935; x_wconf 89' lang='lat' dir='ltr'>non</span> <span class='ocrx_word' id='word_1_491' title='bbox 2774 879 2917 936; x_wconf 87' lang='lat' dir='ltr'>satis</span> <span class='ocrx_word' id='word_1_492' title='bbox 2960 879 3358 948; x_wconf 87' lang='lat' dir='ltr'>attendentes,</span> <span class='ocrx_word' id='word_1_493' title='bbox 3405 880 3467 935; x_wconf 93' lang='lat' dir='ltr'>in</span> <span class='ocrx_word' id='word_1_494' title='bbox 3512 884 3743 953; x_wconf 84' lang='lat' dir='ltr'>quanta</span> 
     </span>
    </p>
   </div>
   <div class='ocr_carea' id='block_1_70' title="bbox 2071 967 3744 1042">
    <p class='ocr_par' dir='ltr' id='par_1_70' title="bbox 2071 967 3744 1042">
     <span class='ocr_line' id='line_1_70' title="bbox 2071 967 3744 1042; baseline 0.002 -21"><span class='ocrx_word' id='word_1_495' title='bbox 2071 967 2401 1024; x_wconf 88' lang='lat' dir='ltr'>reverentia</span> <span class='ocrx_word' id='word_1_496' title='bbox 2426 971 2667 1024; x_wconf 88' lang='lat' dir='ltr'>sanctus</span> <span class='ocrx_word' id='word_1_497' title='bbox 2690 967 2799 1025; x_wconf 91' lang='lat' dir='ltr'>iste</span> <span class='ocrx_word' id='word_1_498' title='bbox 2810 968 2978 1025; x_wconf 89' lang='lat' dir='ltr'>locus</span> <span class='ocrx_word' id='word_1_499' title='bbox 2992 969 3070 1025; x_wconf 88' lang='lat' dir='ltr'>ab</span> <span class='ocrx_word' id='word_1_500' title='bbox 3085 968 3346 1042; x_wconf 88' lang='lat' dir='ltr'>antiquis</span> <span class='ocrx_word' id='word_1_501' title='bbox 3369 967 3744 1042; x_wconf 79' lang='lat' dir='ltr'>temporibus</span> 
     </span>
    </p>
   </div>
   <div class='ocr_carea' id='block_1_71' title="bbox 2073 1055 3742 1130">
    <p class='ocr_par' dir='ltr' id='par_1_71' title="bbox 2073 1055 3742 1130">
     <span class='ocr_line' id='line_1_71' title="bbox 2073 1055 3742 1130; baseline 0.001 -18"><span class='ocrx_word' id='word_1_502' title='bbox 2073 1055 2370 1123; x_wconf 76' lang='lat' dir='ltr'>eti‘ulserit,</span> <span class='ocrx_word' id='word_1_503' title='bbox 2387 1058 2658 1130; x_wconf 88' lang='lat' dir='ltr'>protinus</span> <span class='ocrx_word' id='word_1_504' title='bbox 2683 1057 2965 1128; x_wconf 81' lang='lat' dir='ltr'>religione</span> <span class='ocrx_word' id='word_1_505' title='bbox 2988 1058 3190 1116; x_wconf 87' lang='lat' dir='ltr'>relicta</span> <span class='ocrx_word' id='word_1_506' title='bbox 3216 1073 3543 1116; x_wconf 89' lang='lat' dir='ltr'>commune</span> <span class='ocrx_word' id='word_1_507' title='bbox 3555 1058 3742 1115; x_wconf 87' lang='lat' dir='ltr'>diver-</span> 
     </span>
    </p>
   </div>
   <div class='ocr_carea' id='block_1_72' title="bbox 2074 1146 3734 1219">
    <p class='ocr_par' dir='ltr' id='par_1_72' title="bbox 2074 1146 3734 1219">
     <span class='ocr_line' id='line_1_72' title="bbox 2074 1146 3734 1219; baseline 0.001 -18"><span class='ocrx_word' id='word_1_508' title='bbox 2074 1146 2299 1201; x_wconf 90' lang='lat' dir='ltr'>sorium</span> <span class='ocrx_word' id='word_1_509' title='bbox 2326 1162 2458 1202; x_wconf 89' lang='lat' dir='ltr'>esse</span> <span class='ocrx_word' id='word_1_510' title='bbox 2482 1146 2949 1219; x_wconf 86' lang='lat' dir='ltr'>permisistis,ita</span> <span class='ocrx_word' id='word_1_511' title='bbox 2978 1152 3044 1205; x_wconf 90' lang='lat' dir='ltr'>ut</span> <span class='ocrx_word' id='word_1_512' title='bbox 3070 1147 3308 1205; x_wconf 87' lang='lat' dir='ltr'>feminis</span> <span class='ocrx_word' id='word_1_513' title='bbox 3338 1147 3418 1204; x_wconf 89' lang='lat' dir='ltr'>ad</span> <span class='ocrx_word' id='word_1_514' title='bbox 3450 1147 3734 1204; x_wconf 86' lang='lat' dir='ltr'>haurien-</span> 
     </span>
    </p>
   </div>
   <div class='ocr_carea' id='block_1_73' title="bbox 2073 1233 3737 1309">
    <p class='ocr_par' dir='ltr' id='par_1_73' title="bbox 2073 1233 3737 1309">
     <span class='ocr_line' id='line_1_73' title="bbox 2073 1233 3737 1309; baseline 0.002 -21"><span class='ocrx_word' id='word_1_515' title='bbox 2073 1233 2216 1289; x_wconf 89' lang='lat' dir='ltr'>dam</span> <span class='ocrx_word' id='word_1_516' title='bbox 2236 1250 2460 1306; x_wconf 90' lang='lat' dir='ltr'>aquam</span> <span class='ocrx_word' id='word_1_517' title='bbox 2480 1239 2538 1290; x_wconf 90' lang='lat' dir='ltr'>et</span> <span class='ocrx_word' id='word_1_518' title='bbox 2562 1235 2637 1290; x_wconf 88' lang='lat' dir='ltr'>ad</span> <span class='ocrx_word' id='word_1_519' title='bbox 2659 1233 3120 1292; x_wconf 90' lang='lat' dir='ltr'>discurrendum</span> <span class='ocrx_word' id='word_1_520' title='bbox 3144 1253 3267 1309; x_wconf 89' lang='lat' dir='ltr'>quo</span> <span class='ocrx_word' id='word_1_521' title='bbox 3289 1236 3737 1309; x_wconf 87' lang='lat' dir='ltr'>voluerintpor-</span> 
     </span>
    </p>
   </div>
   <div class='ocr_carea' id='block_1_74' title="bbox 2075 1316 3736 1397">
    <p class='ocr_par' dir='ltr' id='par_1_74' title="bbox 2075 1316 3736 1397">
     <span class='ocr_line' id='line_1_74' title="bbox 2075 1316 3736 1397; baseline 0.002 -20"><span class='ocrx_word' id='word_1_522' title='bbox 2075 1323 2202 1378; x_wconf 89' lang='lat' dir='ltr'>tarii</span> <span class='ocrx_word' id='word_1_523' title='bbox 2224 1338 2345 1378; x_wconf 92' lang='lat' dir='ltr'>non</span> <span class='ocrx_word' id='word_1_524' title='bbox 2376 1324 2687 1379; x_wconf 88' lang='lat' dir='ltr'>resistant:</span> <span class='ocrx_word' id='word_1_525' title='bbox 2709 1340 2846 1379; x_wconf 91' lang='lat' dir='ltr'>cum</span> <span class='ocrx_word' id='word_1_526' title='bbox 2869 1316 3390 1397; x_wconf 81' lang='lat' dir='ltr'>viderimus,quod</span> <span class='ocrx_word' id='word_1_527' title='bbox 3408 1324 3557 1381; x_wconf 82' lang='lat' dir='ltr'>nulli</span> <span class='ocrx_word' id='word_1_528' title='bbox 3581 1326 3736 1383; x_wconf 90' lang='lat' dir='ltr'>intra</span> 
     </span>
    </p>
   </div>
   <div class='ocr_carea' id='block_1_75' title="bbox 2074 1413 3733 1486">
    <p class='ocr_par' dir='ltr' id='par_1_75' title="bbox 2074 1413 3733 1486">
     <span class='ocr_line' id='line_1_75' title="bbox 2074 1413 3733 1486; baseline 0.002 -19"><span class='ocrx_word' id='word_1_529' title='bbox 2074 1413 2414 1468; x_wconf 87' lang='lat' dir='ltr'>monasterii</span> <span class='ocrx_word' id='word_1_530' title='bbox 2437 1417 2641 1486; x_wconf 88' lang='lat' dir='ltr'>portas</span> <span class='ocrx_word' id='word_1_531' title='bbox 2662 1414 2755 1469; x_wconf 87' lang='lat' dir='ltr'>vel</span> <span class='ocrx_word' id='word_1_532' title='bbox 2782 1429 3000 1486; x_wconf 88' lang='lat' dir='ltr'>parum</span> <span class='ocrx_word' id='word_1_533' title='bbox 3020 1414 3239 1470; x_wconf 86' lang='lat' dir='ltr'>intrare</span> <span class='ocrx_word' id='word_1_534' title='bbox 3277 1413 3525 1481; x_wconf 87' lang='lat' dir='ltr'>licuerit,</span> <span class='ocrx_word' id='word_1_535' title='bbox 3559 1419 3669 1471; x_wconf 91' lang='lat' dir='ltr'>etc.</span> <span class='ocrx_word' id='word_1_536' title='bbox 3704 1437 3733 1463; x_wconf 69' lang='grc' dir='ltr'><em>η</em></span> 
     </span>
    </p>
   </div>
   <div class='ocr_carea' id='block_1_76' title="bbox 2076 1500 3729 1577">
    <p class='ocr_par' dir='ltr' id='par_1_76' title="bbox 2076 1500 3729 1577">
     <span class='ocr_line' id='line_1_76' title="bbox 2076 1500 3729 1577; baseline 0.002 -21"><span class='ocrx_word' id='word_1_537' title='bbox 2076 1504 2197 1557; x_wconf 84' lang='lat' dir='ltr'>Huc</span> <span class='ocrx_word' id='word_1_538' title='bbox 2225 1506 2450 1575; x_wconf 89' lang='lat' dir='ltr'>spectat</span> <span class='ocrx_word' id='word_1_539' title='bbox 2476 1500 2684 1558; x_wconf 88' lang='lat' dir='ltr'>Leonis</span> <span class='ocrx_word' id='word_1_540' title='bbox 2715 1518 2888 1577; x_wconf 64' lang='lat' dir='ltr'>papze</span> <span class='ocrx_word' id='word_1_541' title='bbox 2908 1502 3001 1558; x_wconf 77' lang='lat' dir='ltr'><strong>VII</strong></span> <span class='ocrx_word' id='word_1_542' title='bbox 3032 1501 3283 1575; x_wconf 90' lang='lat' dir='ltr'>epistola</span> <span class='ocrx_word' id='word_1_543' title='bbox 3313 1503 3391 1559; x_wconf 89' lang='lat' dir='ltr'>ad</span> <span class='ocrx_word' id='word_1_544' title='bbox 3416 1506 3729 1573; x_wconf 83' lang='lat' dir='ltr'>Hugonem</span> 
     </span>
    </p>
   </div>
   <div class='ocr_carea' id='block_1_77' title="bbox 2006 1591 3726 1665">
    <p class='ocr_par' dir='ltr' id='par_1_77' title="bbox 2006 1591 3726 1665">
     <span class='ocr_line' id='line_1_77' title="bbox 2006 1591 3726 1665; baseline 0.001 -19"><span class='ocrx_word' id='word_1_545' title='bbox 2006 1602 2046 1657; x_wconf 80' lang='grc' dir='ltr'><strong>Β</strong></span> <span class='ocrx_word' id='word_1_546' title='bbox 2074 1592 2407 1665; x_wconf 89' lang='lat' dir='ltr'>principem</span> <span class='ocrx_word' id='word_1_547' title='bbox 2435 1597 2491 1648; x_wconf 92' lang='lat' dir='ltr'>et</span> <span class='ocrx_word' id='word_1_548' title='bbox 2516 1591 2822 1663; x_wconf 86' lang='lat' dir='ltr'>abbatem,</span> <span class='ocrx_word' id='word_1_549' title='bbox 2845 1592 3012 1648; x_wconf 71' lang='lat' dir='ltr'>‘edita</span> <span class='ocrx_word' id='word_1_550' title='bbox 3041 1591 3100 1647; x_wconf 89' lang='lat' dir='ltr'>in</span> <span class='ocrx_word' id='word_1_551' title='bbox 3141 1591 3436 1664; x_wconf 82' lang='lat' dir='ltr'>Spicilegii</span> <span class='ocrx_word' id='word_1_552' title='bbox 3464 1596 3629 1648; x_wconf 91' lang='lat' dir='ltr'>tomo</span> <span class='ocrx_word' id='word_1_553' title='bbox 3658 1595 3726 1663; x_wconf 90' lang='lat' dir='ltr'>ll,</span> 
     </span>
    </p>
   </div>
   <div class='ocr_carea' id='block_1_78' title="bbox 2073 1680 3729 1755">
    <p class='ocr_par' dir='ltr' id='par_1_78' title="bbox 2073 1680 3729 1755">
     <span class='ocr_line' id='line_1_78' title="bbox 2073 1680 3729 1755; baseline 0.001 -20"><span class='ocrx_word' id='word_1_554' title='bbox 2073 1680 2410 1751; x_wconf 87' lang='lat' dir='ltr'>sancientis,</span> <span class='ocrx_word' id='word_1_555' title='bbox 2446 1704 2471 1729; x_wconf 86' lang='grc'><strong><em>‹‹</em></strong></span> <span class='ocrx_word' id='word_1_556' title='bbox 2506 1684 2804 1753; x_wconf 89' lang='lat' dir='ltr'>quatenus</span> <span class='ocrx_word' id='word_1_557' title='bbox 2833 1696 2941 1755; x_wconf 90' lang='lat' dir='ltr'>per</span> <span class='ocrx_word' id='word_1_558' title='bbox 2967 1684 3161 1737; x_wconf 89' lang='lat' dir='ltr'>totum</span> <span class='ocrx_word' id='word_1_559' title='bbox 3184 1680 3396 1737; x_wconf 85' lang='lat' dir='ltr'>veteris</span> <span class='ocrx_word' id='word_1_560' title='bbox 3417 1680 3576 1737; x_wconf 89' lang='lat' dir='ltr'>muri</span> <span class='ocrx_word' id='word_1_561' title='bbox 3600 1696 3729 1737; x_wconf 80' lang='lat' dir='ltr'>am-</span> 
     </span>
    </p>
   </div>
   <div class='ocr_carea' id='block_1_79' title="bbox 2071 1769 3730 1844">
    <p class='ocr_par' dir='ltr' id='par_1_79' title="bbox 2071 1769 3730 1844">
     <span class='ocr_line' id='line_1_79' title="bbox 2071 1769 3730 1844; baseline 0.001 -18"><span class='ocrx_word' id='word_1_562' title='bbox 2071 1770 2266 1827; x_wconf 89' lang='lat' dir='ltr'>bitum</span> <span class='ocrx_word' id='word_1_563' title='bbox 2310 1787 2501 1844; x_wconf 90' lang='lat' dir='ltr'>usque</span> <span class='ocrx_word' id='word_1_564' title='bbox 2551 1770 2627 1832; x_wconf 80' lang='lat' dir='ltr'>ad</span> <span class='ocrx_word' id='word_1_565' title='bbox 2677 1772 2861 1839; x_wconf 90' lang='lat' dir='ltr'>viam,</span> <span class='ocrx_word' id='word_1_566' title='bbox 2892 1785 3029 1844; x_wconf 72' lang='lat' dir='ltr'>quae</span> <span class='ocrx_word' id='word_1_567' title='bbox 3074 1771 3246 1843; x_wconf 85' lang='lat' dir='ltr'>juxta</span> <span class='ocrx_word' id='word_1_568' title='bbox 3284 1769 3442 1828; x_wconf 88' lang='lat' dir='ltr'>latus</span> <span class='ocrx_word' id='word_1_569' title='bbox 3467 1770 3730 1828; x_wconf 64' lang='lat' dir='ltr'>basilice</span> 
     </span>
    </p>
   </div>
   <div class='ocr_carea' id='block_1_80' title="bbox 2071 1848 3732 1932">
    <p class='ocr_par' dir='ltr' id='par_1_80' title="bbox 2071 1848 3732 1932">
     <span class='ocr_line' id='line_1_80' title="bbox 2071 1848 3732 1932; baseline 0.001 -17"><span class='ocrx_word' id='word_1_570' title='bbox 2071 1848 2420 1932; x_wconf 80' lang='lat' dir='ltr'>aquilonare</span> <span class='ocrx_word' id='word_1_571' title='bbox 2469 1861 2679 1931; x_wconf 79' lang='lat' dir='ltr'>vergit,</span> <span class='ocrx_word' id='word_1_572' title='bbox 2710 1858 2877 1916; x_wconf 89' lang='lat' dir='ltr'>nulla</span> <span class='ocrx_word' id='word_1_573' title='bbox 2924 1859 3149 1915; x_wconf 87' lang='lat' dir='ltr'>femina</span> <span class='ocrx_word' id='word_1_574' title='bbox 3179 1859 3480 1915; x_wconf 87' lang='lat' dir='ltr'>licentiam</span> <span class='ocrx_word' id='word_1_575' title='bbox 3509 1857 3732 1916; x_wconf 80' lang='lat' dir='ltr'>habeat</span> 
     </span>
    </p>
   </div>
   <div class='ocr_carea' id='block_1_81' title="bbox 2070 1946 3726 2022">
    <p class='ocr_par' dir='ltr' id='par_1_81' title="bbox 2070 1946 3726 2022">
     <span class='ocr_line' id='line_1_81' title="bbox 2070 1946 3726 2022; baseline -0.001 -17"><span class='ocrx_word' id='word_1_576' title='bbox 2070 1949 2509 2017; x_wconf 88' lang='lat' dir='ltr'>commorandi,</span> <span class='ocrx_word' id='word_1_577' title='bbox 2540 1949 2645 2005; x_wconf 91' lang='lat' dir='ltr'>sed</span> <span class='ocrx_word' id='word_1_578' title='bbox 2672 1965 2781 2005; x_wconf 87' lang='lat' dir='ltr'>nec</span> <span class='ocrx_word' id='word_1_579' title='bbox 2809 1947 3072 2005; x_wconf 87' lang='lat' dir='ltr'>intrandi</span> <span class='ocrx_word' id='word_1_580' title='bbox 3099 1948 3370 2022; x_wconf 83' lang='lat' dir='ltr'>quidem,</span> <span class='ocrx_word' id='word_1_581' title='bbox 3402 1946 3516 2004; x_wconf 85' lang='lat' dir='ltr'>nisi</span> <span class='ocrx_word' id='word_1_582' title='bbox 3541 1948 3726 2005; x_wconf 89' lang='lat' dir='ltr'>solius</span> 
     </span>
    </p>
   </div>
   <div class='ocr_carea' id='block_1_82' title="bbox 2070 2037 3729 2112">
    <p class='ocr_par' dir='ltr' id='par_1_82' title="bbox 2070 2037 3729 2112">
     <span class='ocr_line' id='line_1_82' title="bbox 2070 2037 3729 2112; baseline 0.001 -19"><span class='ocrx_word' id='word_1_583' title='bbox 2070 2054 2254 2095; x_wconf 90' lang='lat' dir='ltr'>causa</span> <span class='ocrx_word' id='word_1_584' title='bbox 2305 2038 2613 2094; x_wconf 88' lang='lat' dir='ltr'>orationis.</span> <span class='ocrx_word' id='word_1_585' title='bbox 2650 2062 2677 2088; x_wconf 84' lang='lat'>»</span> <span class='ocrx_word' id='word_1_586' title='bbox 2712 2037 2925 2096; x_wconf 88' lang='lat' dir='ltr'>Subdit</span> <span class='ocrx_word' id='word_1_587' title='bbox 2971 2037 3143 2095; x_wconf 87' lang='lat' dir='ltr'>Odo:</span> <span class='ocrx_word' id='word_1_588' title='bbox 3180 2060 3207 2088; x_wconf 84' lang='grc'><em>‹‹</em></span> <span class='ocrx_word' id='word_1_589' title='bbox 3240 2041 3441 2112; x_wconf 81' lang='lat' dir='ltr'>Neque</span> <span class='ocrx_word' id='word_1_590' title='bbox 3478 2038 3594 2094; x_wconf 90' lang='lat' dir='ltr'>hoc</span> <span class='ocrx_word' id='word_1_591' title='bbox 3623 2053 3729 2111; x_wconf 83' lang='lat' dir='ltr'>pa-</span> 
     </span>
    </p>
   </div>
   <div class='ocr_carea' id='block_1_83' title="bbox 2070 2126 3726 2201">
    <p class='ocr_par' dir='ltr' id='par_1_83' title="bbox 2070 2126 3726 2201">
     <span class='ocr_line' id='line_1_83' title="bbox 2070 2126 3726 2201; baseline 0.001 -20"><span class='ocrx_word' id='word_1_592' title='bbox 2070 2143 2205 2183; x_wconf 91' lang='lat' dir='ltr'>rum</span> <span class='ocrx_word' id='word_1_593' title='bbox 2235 2127 2527 2201; x_wconf 87' lang='lat' dir='ltr'>displicet,</span> <span class='ocrx_word' id='word_1_594' title='bbox 2560 2127 2725 2200; x_wconf 87' lang='lat' dir='ltr'>quod</span> <span class='ocrx_word' id='word_1_595' title='bbox 2746 2127 2997 2200; x_wconf 88' lang='lat' dir='ltr'>quidam</span> <span class='ocrx_word' id='word_1_596' title='bbox 3019 2126 3080 2183; x_wconf 91' lang='lat' dir='ltr'>in</span> <span class='ocrx_word' id='word_1_597' title='bbox 3110 2127 3325 2184; x_wconf 91' lang='lat' dir='ltr'>eodem</span> <span class='ocrx_word' id='word_1_598' title='bbox 3346 2127 3481 2184; x_wconf 90' lang='lat' dir='ltr'>loco</span> <span class='ocrx_word' id='word_1_599' title='bbox 3500 2126 3726 2200; x_wconf 84' lang='lat' dir='ltr'>nutriti,</span> 
     </span>
    </p>
   </div>
   <div class='ocr_carea' id='block_1_84' title="bbox 2072 2214 3727 2289">
    <p class='ocr_par' dir='ltr' id='par_1_84' title="bbox 2072 2214 3727 2289">
     <span class='ocr_line' id='line_1_84' title="bbox 2072 2214 3727 2289; baseline 0.001 -20"><span class='ocrx_word' id='word_1_600' title='bbox 2072 2231 2134 2270; x_wconf 90' lang='lat' dir='ltr'>se</span> <span class='ocrx_word' id='word_1_601' title='bbox 2186 2214 2555 2287; x_wconf 89' lang='lat' dir='ltr'>quibusdam</span> <span class='ocrx_word' id='word_1_602' title='bbox 2612 2215 2923 2272; x_wconf 89' lang='lat' dir='ltr'>laicalibus</span> <span class='ocrx_word' id='word_1_603' title='bbox 2972 2216 3060 2272; x_wconf 87' lang='lat' dir='ltr'>vel</span> <span class='ocrx_word' id='word_1_604' title='bbox 3111 2215 3366 2272; x_wconf 90' lang='lat' dir='ltr'>nimium</span> <span class='ocrx_word' id='word_1_605' title='bbox 3411 2214 3727 2289; x_wconf 82' lang='lat' dir='ltr'>pomposis</span> 
     </span>
    </p>
   </div>
   <div class='ocr_carea' id='block_1_85' title="bbox 2070 2298 3731 2357">
    <p class='ocr_par' dir='ltr' id='par_1_85' title="bbox 2070 2298 3731 2357">
     <span class='ocr_line' id='line_1_85' title="bbox 2070 2298 3731 2357; baseline 0.001 -3"><span class='ocrx_word' id='word_1_606' title='bbox 2070 2300 2334 2355; x_wconf 82' lang='lat' dir='ltr'>vestibus</span> <span class='ocrx_word' id='word_1_607' title='bbox 2390 2298 2787 2355; x_wconf 88' lang='lat' dir='ltr'>dehonestent</span> <span class='ocrx_word' id='word_1_608' title='bbox 2814 2317 2828 2355; x_wconf 89' lang='lat'><strong>:</strong></span> <span class='ocrx_word' id='word_1_609' title='bbox 2863 2316 3005 2356; x_wconf 88' lang='lat' dir='ltr'>cum</span> <span class='ocrx_word' id='word_1_610' title='bbox 3033 2299 3167 2356; x_wconf 85' lang='lat' dir='ltr'>talis</span> <span class='ocrx_word' id='word_1_611' title='bbox 3198 2315 3327 2357; x_wconf 84' lang='lat' dir='ltr'>esse</span> <span class='ocrx_word' id='word_1_612' title='bbox 3353 2300 3731 2356; x_wconf 82' lang='lat' dir='ltr'>consueverit</span> 
     </span>
    </p>
   </div>
   <div class='ocr_carea' id='block_1_86' title="bbox 2069 2388 3730 2454">
    <p class='ocr_par' dir='ltr' id='par_1_86' title="bbox 2069 2388 3730 2454">
     <span class='ocr_line' id='line_1_86' title="bbox 2069 2388 3730 2454; baseline 0.001 -10"><span class='ocrx_word' id='word_1_613' title='bbox 2069 2404 2279 2445; x_wconf 87' lang='lat' dir='ltr'>eorum</span> <span class='ocrx_word' id='word_1_614' title='bbox 2308 2389 2708 2454; x_wconf 88' lang='lat' dir='ltr'>conversatio,</span> <span class='ocrx_word' id='word_1_615' title='bbox 2739 2392 2805 2445; x_wconf 91' lang='lat' dir='ltr'>ut</span> <span class='ocrx_word' id='word_1_616' title='bbox 2836 2389 2994 2445; x_wconf 87' lang='lat' dir='ltr'>hanc</span> <span class='ocrx_word' id='word_1_617' title='bbox 3025 2389 3205 2446; x_wconf 88' lang='lat' dir='ltr'>etiam</span> <span class='ocrx_word' id='word_1_618' title='bbox 3262 2391 3464 2446; x_wconf 62' lang='lat' dir='ltr'>Roma</span> <span class='ocrx_word' id='word_1_619' title='bbox 3492 2388 3730 2447; x_wconf 79' lang='lat' dir='ltr'>laudari</span> 
     </span>
    </p>
   </div>
   <div class='ocr_carea' id='block_1_87' title="bbox 2069 2476 3728 2550">
    <p class='ocr_par' dir='ltr' id='par_1_87' title="bbox 2069 2476 3728 2550">
     <span class='ocr_line' id='line_1_87' title="bbox 2069 2476 3728 2550; baseline -0.001 -16"><span class='ocrx_word' id='word_1_620' title='bbox 2069 2476 2500 2541; x_wconf 84' lang='lat' dir='ltr'>audiverimus,</span> <span class='ocrx_word' id='word_1_621' title='bbox 2522 2501 2549 2527; x_wconf 83' lang='lat'>»</span> <span class='ocrx_word' id='word_1_622' title='bbox 2580 2482 2690 2533; x_wconf 92' lang='lat' dir='ltr'>etc.</span> <span class='ocrx_word' id='word_1_623' title='bbox 2715 2481 2939 2550; x_wconf 80' lang='lat' dir='ltr'>Nempe</span> <span class='ocrx_word' id='word_1_624' title='bbox 2968 2478 3291 2534; x_wconf 85' lang='lat' dir='ltr'>canonicos</span> <span class='ocrx_word' id='word_1_625' title='bbox 3313 2477 3392 2534; x_wconf 86' lang='lat' dir='ltr'>ad</span> <span class='ocrx_word' id='word_1_626' title='bbox 3421 2476 3728 2533; x_wconf 85' lang='lat' dir='ltr'>meliorem</span> 
     </span>
    </p>
   </div>
   <div class='ocr_carea' id='block_1_88' title="bbox 2068 2565 3726 2639">
    <p class='ocr_par' dir='ltr' id='par_1_88' title="bbox 2068 2565 3726 2639">
     <span class='ocr_line' id='line_1_88' title="bbox 2068 2565 3726 2639; baseline -0.001 -16"><span class='ocrx_word' id='word_1_627' title='bbox 2068 2569 2305 2637; x_wconf 81' lang='lat' dir='ltr'>frugem</span> <span class='ocrx_word' id='word_1_628' title='bbox 2332 2570 2718 2623; x_wconf 85' lang='lat' dir='ltr'>revocaverat</span> <span class='ocrx_word' id='word_1_629' title='bbox 2742 2567 2871 2624; x_wconf 87' lang='lat' dir='ltr'>Odo</span> <span class='ocrx_word' id='word_1_630' title='bbox 2893 2582 3031 2623; x_wconf 90' lang='lat' dir='ltr'>cum</span> <span class='ocrx_word' id='word_1_631' title='bbox 3051 2566 3244 2638; x_wconf 89' lang='lat' dir='ltr'>dictis,</span> <span class='ocrx_word' id='word_1_632' title='bbox 3272 2570 3399 2623; x_wconf 89' lang='lat' dir='ltr'>tum</span> <span class='ocrx_word' id='word_1_633' title='bbox 3429 2565 3726 2639; x_wconf 87' lang='lat' dir='ltr'>exemplo,</span> 
     </span>
    </p>
   </div>
   <div class='ocr_carea' id='block_1_89' title="bbox 2071 2655 3170 2728">
    <p class='ocr_par' dir='ltr' id='par_1_89' title="bbox 2071 2655 3170 2728">
     <span class='ocr_line' id='line_1_89' title="bbox 2071 2655 3170 2728; baseline 0 -17"><span class='ocrx_word' id='word_1_634' title='bbox 2071 2655 2236 2728; x_wconf 88' lang='lat' dir='ltr'>apud</span> <span class='ocrx_word' id='word_1_635' title='bbox 2262 2658 2554 2712; x_wconf 86' lang='lat' dir='ltr'>Joannem</span> <span class='ocrx_word' id='word_1_636' title='bbox 2580 2656 2640 2712; x_wconf 89' lang='lat' dir='ltr'>in</span> <span class='ocrx_word' id='word_1_637' title='bbox 2669 2655 2773 2712; x_wconf 92' lang='lat' dir='ltr'>lib.</span> <span class='ocrx_word' id='word_1_638' title='bbox 2804 2673 2845 2726; x_wconf 80' lang='grc' dir='ltr'>ι,</span> <span class='ocrx_word' id='word_1_639' title='bbox 2879 2671 3049 2711; x_wconf 89' lang='lat' dir='ltr'>num.</span> <span class='ocrx_word' id='word_1_640' title='bbox 3085 2659 3170 2711; x_wconf 77' lang='lat' dir='ltr'>l7.</span> 
     </span>
    </p>
   </div>
   <div class='ocr_carea' id='block_1_90' title="bbox 2143 2760 3656 2835">
    <p class='ocr_par' dir='ltr' id='par_1_90' title="bbox 2143 2760 3656 2835">
     <span class='ocr_line' id='line_1_90' title="bbox 2143 2760 3656 2835; baseline 0.002 -21"><span class='ocrx_word' id='word_1_641' title='bbox 2143 2763 2276 2818; x_wconf 72' lang='lat' dir='ltr'>CAP.</span> <span class='ocrx_word' id='word_1_642' title='bbox 2312 2765 2399 2818; x_wconf 89' lang='lat' dir='ltr'>lll.</span> <span class='ocrx_word' id='word_1_643' title='bbox 2430 2796 2498 2802; x_wconf 95' lang='lat'><strong>—</strong></span> <span class='ocrx_word' id='word_1_644' title='bbox 2521 2763 2871 2819; x_wconf 63' lang='lat' dir='ltr'>Monasticm</span> <span class='ocrx_word' id='word_1_645' title='bbox 2904 2763 3039 2819; x_wconf 73' lang='lat' dir='ltr'>vitae</span> <span class='ocrx_word' id='word_1_646' title='bbox 3084 2762 3451 2835; x_wconf 77' lang='lat' dir='ltr'>tirocinium,</span> <span class='ocrx_word' id='word_1_647' title='bbox 3494 2760 3656 2831; x_wconf 66' lang='lat' dir='ltr'>socii,</span> 
     </span>
    </p>
   </div>
   <div class='ocr_carea' id='block_1_91' title="bbox 2685 2834 3105 2890">
    <p class='ocr_par' dir='ltr' id='par_1_91' title="bbox 2685 2834 3105 2890">
     <span class='ocr_line' id='line_1_91' title="bbox 2685 2834 3105 2890; baseline 0 -2"><span class='ocrx_word' id='word_1_648' title='bbox 2685 2834 3105 2890; x_wconf 79' lang='lat' dir='ltr'>sacerdotium.</span> 
     </span>
    </p>
   </div>
   <div class='ocr_carea' id='block_1_92' title="bbox 2080 2922 3731 2995">
    <p class='ocr_par' dir='ltr' id='par_1_92' title="bbox 2080 2922 3731 2995">
     <span class='ocr_line' id='line_1_92' title="bbox 2080 2922 3731 2995; baseline 0.002 -18"><span class='ocrx_word' id='word_1_649' title='bbox 2080 2950 2083 2953; x_wconf 95' lang='lat'><strong><em>-</em></strong></span> <span class='ocrx_word' id='word_1_650' title='bbox 2149 2923 2231 2978; x_wconf 87' lang='lat'>10.</span> <span class='ocrx_word' id='word_1_651' title='bbox 2267 2926 2415 2980; x_wconf 87' lang='lat' dir='ltr'>Cum</span> <span class='ocrx_word' id='word_1_652' title='bbox 2458 2923 2521 2978; x_wconf 90' lang='lat' dir='ltr'>in</span> <span class='ocrx_word' id='word_1_653' title='bbox 2552 2939 2662 2980; x_wconf 91' lang='lat' dir='ltr'>suo</span> <span class='ocrx_word' id='word_1_654' title='bbox 2714 2923 2882 2995; x_wconf 86' lang='lat' dir='ltr'>apud</span> <span class='ocrx_word' id='word_1_655' title='bbox 2911 2923 3103 2979; x_wconf 86' lang='lat' dir='ltr'>sancti</span> <span class='ocrx_word' id='word_1_656' title='bbox 3138 2922 3367 2980; x_wconf 75' lang='lat' dir='ltr'>Martini</span> <span class='ocrx_word' id='word_1_657' title='bbox 3414 2922 3731 2980; x_wconf 85' lang='lat' dir='ltr'>basilicam</span> 
     </span>
    </p>
   </div>
   <div class='ocr_carea' id='block_1_93' title="bbox 2074 3011 3731 3085">
    <p class='ocr_par' dir='ltr' id='par_1_93' title="bbox 2074 3011 3731 3085">
     <span class='ocr_line' id='line_1_93' title="bbox 2074 3011 3731 3085; baseline -0.001 -17"><span class='ocrx_word' id='word_1_658' title='bbox 2074 3029 2316 3070; x_wconf 88' lang='lat' dir='ltr'>secessu</span> <span class='ocrx_word' id='word_1_659' title='bbox 2366 3011 2699 3068; x_wconf 89' lang='lat' dir='ltr'>lectitandis</span> <span class='ocrx_word' id='word_1_660' title='bbox 2756 3011 3240 3085; x_wconf 84' lang='lat' dir='ltr'>meditandisque</span> <span class='ocrx_word' id='word_1_661' title='bbox 3286 3012 3559 3069; x_wconf 82' lang='lat' dir='ltr'>Patribus</span> <span class='ocrx_word' id='word_1_662' title='bbox 3587 3026 3731 3085; x_wconf 88' lang='lat' dir='ltr'>ope-</span> 
     </span>
    </p>
   </div>
   <div class='ocr_carea' id='block_1_94' title="bbox 2076 3099 3732 3173">
    <p class='ocr_par' dir='ltr' id='par_1_94' title="bbox 2076 3099 3732 3173">
     <span class='ocr_line' id='line_1_94' title="bbox 2076 3099 3732 3173; baseline -0.001 -15"><span class='ocrx_word' id='word_1_663' title='bbox 2076 3119 2208 3158; x_wconf 89' lang='lat' dir='ltr'>ram</span> <span class='ocrx_word' id='word_1_664' title='bbox 2238 3103 2565 3157; x_wconf 89' lang='lat' dir='ltr'>insumeret</span> <span class='ocrx_word' id='word_1_665' title='bbox 2591 3099 2738 3169; x_wconf 92' lang='lat' dir='ltr'>Odo,</span> <span class='ocrx_word' id='word_1_666' title='bbox 2779 3099 2986 3157; x_wconf 89' lang='lat' dir='ltr'>incidit</span> <span class='ocrx_word' id='word_1_667' title='bbox 3011 3101 3073 3156; x_wconf 90' lang='lat' dir='ltr'>in</span> <span class='ocrx_word' id='word_1_668' title='bbox 3098 3100 3374 3173; x_wconf 84' lang='lat' dir='ltr'>regulam</span> <span class='ocrx_word' id='word_1_669' title='bbox 3400 3100 3593 3157; x_wconf 84' lang='lat' dir='ltr'>sancti</span> <span class='ocrx_word' id='word_1_670' title='bbox 3630 3102 3732 3156; x_wconf 52' lang='lat' dir='ltr'>De.</span> 
     </span>
    </p>
   </div>
   <div class='ocr_carea' id='block_1_95' title="bbox 2074 3188 3734 3263">
    <p class='ocr_par' dir='ltr' id='par_1_95' title="bbox 2074 3188 3734 3263">
     <span class='ocr_line' id='line_1_95' title="bbox 2074 3188 3734 3263; baseline -0.002 -15"><span class='ocrx_word' id='word_1_671' title='bbox 2074 3190 2326 3257; x_wconf 86' lang='lat' dir='ltr'>nedicti;</span> <span class='ocrx_word' id='word_1_672' title='bbox 2361 3206 2433 3246; x_wconf 88' lang='lat' dir='ltr'>ex</span> <span class='ocrx_word' id='word_1_673' title='bbox 2463 3190 2636 3261; x_wconf 89' lang='lat' dir='ltr'>cujus</span> <span class='ocrx_word' id='word_1_674' title='bbox 2694 3189 3042 3263; x_wconf 64' lang='lat' dir='ltr'>praescripto</span> <span class='ocrx_word' id='word_1_675' title='bbox 3070 3205 3180 3263; x_wconf 88' lang='lat' dir='ltr'>per</span> <span class='ocrx_word' id='word_1_676' title='bbox 3203 3188 3524 3246; x_wconf 87' lang='lat' dir='ltr'>triennium</span> <span class='ocrx_word' id='word_1_677' title='bbox 3556 3188 3734 3245; x_wconf 86' lang='lat' dir='ltr'>decu-</span> 
     </span>
    </p>
   </div>
   <div class='ocr_carea' id='block_1_96' title="bbox 2073 3279 3735 3348">
    <p class='ocr_par' dir='ltr' id='par_1_96' title="bbox 2073 3279 3735 3348">
     <span class='ocr_line' id='line_1_96' title="bbox 2073 3279 3735 3348; baseline -0.003 -10"><span class='ocrx_word' id='word_1_678' title='bbox 2073 3283 2204 3339; x_wconf 91' lang='lat' dir='ltr'>buit</span> <span class='ocrx_word' id='word_1_679' title='bbox 2232 3281 2452 3348; x_wconf 90' lang='lat' dir='ltr'>nudus,</span> <span class='ocrx_word' id='word_1_680' title='bbox 2486 3304 2513 3330; x_wconf 86' lang='grc'><em>‹‹</em></span> <span class='ocrx_word' id='word_1_681' title='bbox 2546 3285 2601 3337; x_wconf 90' lang='lat' dir='ltr'>et</span> <span class='ocrx_word' id='word_1_682' title='bbox 2624 3280 2887 3337; x_wconf 90' lang='lat' dir='ltr'>necdum</span> <span class='ocrx_word' id='word_1_683' title='bbox 2916 3280 3257 3337; x_wconf 89' lang='lat' dir='ltr'>monachus</span> <span class='ocrx_word' id='word_1_684' title='bbox 3292 3279 3735 3335; x_wconf 86' lang='lat' dir='ltr'>monachorum</span> 
     </span>
    </p>
   </div>
   <div class='ocr_carea' id='block_1_97' title="bbox 2073 3364 3737 3441">
    <p class='ocr_par' dir='ltr' id='par_1_97' title="bbox 2073 3364 3737 3441">
     <span class='ocr_line' id='line_1_97' title="bbox 2073 3364 3737 3441; baseline -0.002 -14"><span class='ocrx_word' id='word_1_685' title='bbox 2073 3371 2200 3428; x_wconf 86' lang='lat' dir='ltr'>leve</span> <span class='ocrx_word' id='word_1_686' title='bbox 2238 3370 2466 3426; x_wconf 86' lang='lat' dir='ltr'>ferebat</span> <span class='ocrx_word' id='word_1_687' title='bbox 2481 3369 2721 3441; x_wconf 85' lang='lat' dir='ltr'>jugum,</span> <span class='ocrx_word' id='word_1_688' title='bbox 2743 3391 2770 3419; x_wconf 82' lang='lat'>»</span> <span class='ocrx_word' id='word_1_689' title='bbox 2803 3373 2951 3426; x_wconf 89' lang='lat' dir='ltr'>teste</span> <span class='ocrx_word' id='word_1_690' title='bbox 2966 3371 3193 3426; x_wconf 79' lang='lat' dir='ltr'>Joanne</span> <span class='ocrx_word' id='word_1_691' title='bbox 3222 3364 3503 3425; x_wconf 59' lang='lat' dir='ltr'>num.&#39;15.</span> <span class='ocrx_word' id='word_1_692' title='bbox 3533 3366 3737 3424; x_wconf 77' lang='lat' dir='ltr'>Fulca-</span> 
     </span>
    </p>
   </div>
   <div class='ocr_carea' id='block_1_98' title="bbox 2076 3455 3732 3533">
    <p class='ocr_par' dir='ltr' id='par_1_98' title="bbox 2076 3455 3732 3533">
     <span class='ocr_line' id='line_1_98' title="bbox 2076 3455 3732 3533; baseline -0.003 -16"><span class='ocrx_word' id='word_1_693' title='bbox 2076 3478 2215 3517; x_wconf 92' lang='lat' dir='ltr'>nem</span> <span class='ocrx_word' id='word_1_694' title='bbox 2264 3459 2542 3516; x_wconf 91' lang='lat' dir='ltr'>comitem</span> <span class='ocrx_word' id='word_1_695' title='bbox 2593 3458 2669 3515; x_wconf 88' lang='lat' dir='ltr'>ad</span> <span class='ocrx_word' id='word_1_696' title='bbox 2727 3475 2868 3515; x_wconf 86' lang='lat' dir='ltr'>suas</span> <span class='ocrx_word' id='word_1_697' title='bbox 2912 3464 3111 3533; x_wconf 90' lang='lat' dir='ltr'>partes</span> <span class='ocrx_word' id='word_1_698' title='bbox 3160 3455 3307 3515; x_wconf 84' lang='lat' dir='ltr'>forte</span> <span class='ocrx_word' id='word_1_699' title='bbox 3357 3457 3732 3524; x_wconf 86' lang='lat' dir='ltr'>invitaverat,</span> 
     </span>
    </p>
   </div>
   <div class='ocr_carea' id='block_1_99' title="bbox 2078 3545 3736 3623">
    <p class='ocr_par' dir='ltr' id='par_1_99' title="bbox 2078 3545 3736 3623">
     <span class='ocr_line' id='line_1_99' title="bbox 2078 3545 3736 3623; baseline -0.004 -17"><span class='ocrx_word' id='word_1_700' title='bbox 2078 3567 2217 3606; x_wconf 90' lang='lat' dir='ltr'>cum</span> <span class='ocrx_word' id='word_1_701' title='bbox 2243 3549 2337 3606; x_wconf 90' lang='lat' dir='ltr'>ille</span> <span class='ocrx_word' id='word_1_702' title='bbox 2382 3547 2645 3605; x_wconf 86' lang='lat' dir='ltr'>necdum</span> <span class='ocrx_word' id='word_1_703' title='bbox 2683 3552 2921 3623; x_wconf 89' lang='lat' dir='ltr'>tempus</span> <span class='ocrx_word' id='word_1_704' title='bbox 2953 3563 3082 3603; x_wconf 89' lang='lat' dir='ltr'>esse</span> <span class='ocrx_word' id='word_1_705' title='bbox 3112 3546 3400 3617; x_wconf 85' lang='lat' dir='ltr'>allegans,</span> <span class='ocrx_word' id='word_1_706' title='bbox 3447 3545 3736 3616; x_wconf 78' lang='lat' dir='ltr'>Adhegri-</span> 
     </span>
    </p>
   </div>
   <div class='ocr_carea' id='block_1_100' title="bbox 2080 3633 3738 3711">
    <p class='ocr_par' dir='ltr' id='par_1_100' title="bbox 2080 3633 3738 3711">
     <span class='ocr_line' id='line_1_100' title="bbox 2080 3633 3738 3711; baseline -0.002 -17"><span class='ocrx_word' id='word_1_707' title='bbox 2080 3655 2228 3695; x_wconf 89' lang='lat' dir='ltr'>num</span> <span class='ocrx_word' id='word_1_708' title='bbox 2257 3637 2587 3711; x_wconf 88' lang='lat' dir='ltr'>quemdam</span> <span class='ocrx_word' id='word_1_709' title='bbox 2623 3635 2893 3705; x_wconf 89' lang='lat' dir='ltr'>militem,</span> <span class='ocrx_word' id='word_1_710' title='bbox 2933 3637 3116 3693; x_wconf 88' lang='lat' dir='ltr'>armis</span> <span class='ocrx_word' id='word_1_711' title='bbox 3160 3639 3493 3704; x_wconf 87' lang='lat' dir='ltr'>strenuum,</span> <span class='ocrx_word' id='word_1_712' title='bbox 3541 3633 3738 3691; x_wconf 86' lang='lat' dir='ltr'>Odoui</span> 
     </span>
    </p>
   </div>
   <div class='ocr_carea' id='block_1_101' title="bbox 2081 3723 3739 3799">
    <p class='ocr_par' dir='ltr' id='par_1_101' title="bbox 2081 3723 3739 3799">
     <span class='ocr_line' id='line_1_101' title="bbox 2081 3723 3739 3799; baseline -0.004 -15"><span class='ocrx_word' id='word_1_713' title='bbox 2081 3726 2416 3797; x_wconf 79' lang='lat' dir='ltr'>designavit</span> <span class='ocrx_word' id='word_1_714' title='bbox 2445 3725 2919 3799; x_wconf 78' lang='lat' dir='ltr'>conciliavitque.</span> <span class='ocrx_word' id='word_1_715' title='bbox 2954 3724 3147 3782; x_wconf 77' lang='lat' dir='ltr'>Ambo</span> <span class='ocrx_word' id='word_1_716' title='bbox 3170 3725 3373 3799; x_wconf 82' lang='lat' dir='ltr'>itaque</span> <span class='ocrx_word' id='word_1_717' title='bbox 3396 3745 3426 3776; x_wconf 77' lang='grc' dir='ltr'><strong><em>α</em></strong></span> <span class='ocrx_word' id='word_1_718' title='bbox 3452 3723 3739 3798; x_wconf 84' lang='lat' dir='ltr'>parvissi-</span> 
     </span>
    </p>
   </div>
   <div class='ocr_carea' id='block_1_102' title="bbox 2080 3812 3739 3887">
    <p class='ocr_par' dir='ltr' id='par_1_102' title="bbox 2080 3812 3739 3887">
     <span class='ocr_line' id='line_1_102' title="bbox 2080 3812 3739 3887; baseline -0.003 -14"><span class='ocrx_word' id='word_1_719' title='bbox 2080 3833 2184 3873; x_wconf 89' lang='lat' dir='ltr'>mo</span> <span class='ocrx_word' id='word_1_720' title='bbox 2209 3814 2447 3887; x_wconf 83' lang='lat' dir='ltr'>tugurio</span> <span class='ocrx_word' id='word_1_721' title='bbox 2489 3815 2771 3884; x_wconf 91' lang='lat' dir='ltr'>contenti,</span> <span class='ocrx_word' id='word_1_722' title='bbox 2800 3839 2828 3865; x_wconf 88' lang='lat'><strong>»</strong></span> <span class='ocrx_word' id='word_1_723' title='bbox 2882 3814 2959 3871; x_wconf 90' lang='lat' dir='ltr'>ad</span> <span class='ocrx_word' id='word_1_724' title='bbox 2986 3815 3322 3872; x_wconf 86' lang='lat' dir='ltr'>monastica</span> <span class='ocrx_word' id='word_1_725' title='bbox 3350 3818 3491 3871; x_wconf 86' lang='lat' dir='ltr'>vota</span> <span class='ocrx_word' id='word_1_726' title='bbox 3518 3813 3581 3869; x_wconf 92' lang='lat' dir='ltr'>in</span> <span class='ocrx_word' id='word_1_727' title='bbox 3609 3812 3739 3869; x_wconf 81' lang='lat' dir='ltr'>dies</span> 
     </span>
    </p>
   </div>
   <div class='ocr_carea' id='block_1_103' title="bbox 2083 3901 3741 3975">
    <p class='ocr_par' dir='ltr' id='par_1_103' title="bbox 2083 3901 3741 3975">
     <span class='ocr_line' id='line_1_103' title="bbox 2083 3901 3741 3975; baseline -0.002 -14"><span class='ocrx_word' id='word_1_728' title='bbox 2083 3905 2468 3961; x_wconf 88' lang='lat' dir='ltr'>anhelabant.</span> <span class='ocrx_word' id='word_1_729' title='bbox 2505 3905 2618 3961; x_wconf 89' lang='lat' dir='ltr'>Sed</span> <span class='ocrx_word' id='word_1_730' title='bbox 2648 3920 2772 3959; x_wconf 92' lang='lat' dir='ltr'>non</span> <span class='ocrx_word' id='word_1_731' title='bbox 2800 3903 3151 3960; x_wconf 89' lang='lat' dir='ltr'>occurrebat</span> <span class='ocrx_word' id='word_1_732' title='bbox 3198 3903 3281 3959; x_wconf 87' lang='lat' dir='ltr'>eis</span> <span class='ocrx_word' id='word_1_733' title='bbox 3309 3902 3498 3972; x_wconf 80' lang='lat' dir='ltr'>locus,</span> <span class='ocrx_word' id='word_1_734' title='bbox 3529 3901 3592 3958; x_wconf 87' lang='lat' dir='ltr'>in</span> <span class='ocrx_word' id='word_1_735' title='bbox 3617 3913 3741 3975; x_wconf 80' lang='lat' dir='ltr'>quo</span> 
     </span>
    </p>
   </div>
   <div class='ocr_carea' id='block_1_104' title="bbox 2082 3991 3740 4065">
    <p class='ocr_par' dir='ltr' id='par_1_104' title="bbox 2082 3991 3740 4065">
     <span class='ocr_line' id='line_1_104' title="bbox 2082 3991 3740 4065; baseline -0.002 -17"><span class='ocrx_word' id='word_1_736' title='bbox 2082 3994 2307 4063; x_wconf 80' lang='lat' dir='ltr'>vigeret</span> <span class='ocrx_word' id='word_1_737' title='bbox 2335 4010 2408 4048; x_wconf 90' lang='lat' dir='ltr'>ea</span> <span class='ocrx_word' id='word_1_738' title='bbox 2434 3993 2767 4065; x_wconf 88' lang='lat' dir='ltr'>disciplina.</span> <span class='ocrx_word' id='word_1_739' title='bbox 2813 3992 3019 4047; x_wconf 73' lang='lat' dir='ltr'>Missus</span> <span class='ocrx_word' id='word_1_740' title='bbox 3051 3995 3304 4047; x_wconf 80' lang='lat' dir='ltr'>Romam</span> <span class='ocrx_word' id='word_1_741' title='bbox 3344 3991 3740 4060; x_wconf 80' lang='lat' dir='ltr'>Adhegrinus,</span> 
     </span>
    </p>
   </div>
   <div class='ocr_carea' id='block_1_105' title="bbox 2086 4077 3743 4154">
    <p class='ocr_par' dir='ltr' id='par_1_105' title="bbox 2086 4077 3743 4154">
     <span class='ocr_line' id='line_1_105' title="bbox 2086 4077 3743 4154; baseline -0.002 -19"><span class='ocrx_word' id='word_1_742' title='bbox 2086 4086 2153 4137; x_wconf 91' lang='lat' dir='ltr'>ut</span> <span class='ocrx_word' id='word_1_743' title='bbox 2182 4081 2443 4154; x_wconf 89' lang='lat' dir='ltr'>aliquem</span> <span class='ocrx_word' id='word_1_744' title='bbox 2483 4079 2840 4151; x_wconf 87' lang='lat' dir='ltr'>exploraret,</span> <span class='ocrx_word' id='word_1_745' title='bbox 2902 4077 2961 4131; x_wconf 91' lang='lat' dir='ltr'>in</span> <span class='ocrx_word' id='word_1_746' title='bbox 3001 4077 3209 4132; x_wconf 89' lang='lat' dir='ltr'>itinere</span> <span class='ocrx_word' id='word_1_747' title='bbox 3242 4077 3512 4134; x_wconf 83' lang='lat' dir='ltr'>Balmam</span> <span class='ocrx_word' id='word_1_748' title='bbox 3541 4077 3743 4132; x_wconf 85' lang='lat' dir='ltr'>dever-</span> 
     </span>
    </p>
   </div>
   <div class='ocr_carea' id='block_1_106' title="bbox 2088 4166 3745 4241">
    <p class='ocr_par' dir='ltr' id='par_1_106' title="bbox 2088 4166 3745 4241">
     <span class='ocr_line' id='line_1_106' title="bbox 2088 4166 3745 4241; baseline -0.003 -15"><span class='ocrx_word' id='word_1_749' title='bbox 2088 4170 2172 4226; x_wconf 92' lang='lat' dir='ltr'>tit.</span> <span class='ocrx_word' id='word_1_750' title='bbox 2206 4168 2409 4237; x_wconf 80' lang='lat' dir='ltr'>Arrisit</span> <span class='ocrx_word' id='word_1_751' title='bbox 2426 4168 2541 4241; x_wconf 90' lang='lat' dir='ltr'>ipsi</span> <span class='ocrx_word' id='word_1_752' title='bbox 2569 4166 2804 4224; x_wconf 88' lang='lat' dir='ltr'>abbatis</span> <span class='ocrx_word' id='word_1_753' title='bbox 2823 4166 3191 4233; x_wconf 87' lang='lat' dir='ltr'>humanitas,</span> <span class='ocrx_word' id='word_1_754' title='bbox 3215 4183 3285 4223; x_wconf 90' lang='lat' dir='ltr'>ac</span> <span class='ocrx_word' id='word_1_755' title='bbox 3308 4166 3745 4222; x_wconf 80' lang='lat' dir='ltr'>monachorum</span> 
     </span>
    </p>
   </div>
   <div class='ocr_carea' id='block_1_107' title="bbox 2088 4254 3747 4331">
    <p class='ocr_par' dir='ltr' id='par_1_107' title="bbox 2088 4254 3747 4331">
     <span class='ocr_line' id='line_1_107' title="bbox 2088 4254 3747 4331; baseline -0.002 -17"><span class='ocrx_word' id='word_1_756' title='bbox 2088 4257 2296 4328; x_wconf 79' lang='lat' dir='ltr'>religio</span> <span class='ocrx_word' id='word_1_757' title='bbox 2356 4274 2368 4312; x_wconf 89' lang='lat'>:</span> <span class='ocrx_word' id='word_1_758' title='bbox 2417 4273 2607 4331; x_wconf 88' lang='lat' dir='ltr'>eoque</span> <span class='ocrx_word' id='word_1_759' title='bbox 2665 4256 2937 4314; x_wconf 89' lang='lat' dir='ltr'>Odonem</span> <span class='ocrx_word' id='word_1_760' title='bbox 3000 4271 3209 4312; x_wconf 86' lang='lat' dir='ltr'>secum</span> <span class='ocrx_word' id='word_1_761' title='bbox 3284 4254 3590 4329; x_wconf 82' lang='lat' dir='ltr'>pertraxit,</span> <span class='ocrx_word' id='word_1_762' title='bbox 3639 4254 3747 4328; x_wconf 87' lang='lat' dir='ltr'>qui</span> 
     </span>
    </p>
   </div>
   <div class='ocr_carea' id='block_1_108' title="bbox 2092 4343 3744 4422">
    <p class='ocr_par' dir='ltr' id='par_1_108' title="bbox 2092 4343 3744 4422">
     <span class='ocr_line' id='line_1_108' title="bbox 2092 4343 3744 4422; baseline -0.004 -17"><span class='ocrx_word' id='word_1_763' title='bbox 2092 4372 2119 4400; x_wconf 82' lang='lat'><strong>«</strong></span> <span class='ocrx_word' id='word_1_764' title='bbox 2155 4350 2414 4422; x_wconf 88' lang='lat' dir='ltr'>sumptis</span> <span class='ocrx_word' id='word_1_765' title='bbox 2447 4363 2651 4403; x_wconf 90' lang='lat' dir='ltr'>secum</span> <span class='ocrx_word' id='word_1_766' title='bbox 2682 4349 2923 4402; x_wconf 87' lang='lat' dir='ltr'>centum</span> <span class='ocrx_word' id='word_1_767' title='bbox 2951 4344 3359 4401; x_wconf 85' lang='lat' dir='ltr'>voluminibus</span> <span class='ocrx_word' id='word_1_768' title='bbox 3387 4343 3679 4401; x_wconf 88' lang='lat' dir='ltr'>librorum</span> <span class='ocrx_word' id='word_1_769' title='bbox 3716 4368 3744 4392; x_wconf 86' lang='lat'>»</span> 
     </span>
    </p>
   </div>
   <div class='ocr_carea' id='block_1_109' title="bbox 2090 4434 3747 4506">
    <p class='ocr_par' dir='ltr' id='par_1_109' title="bbox 2090 4434 3747 4506">
     <span class='ocr_line' id='line_1_109' title="bbox 2090 4434 3747 4506; baseline -0.005 -9"><span class='ocrx_word' id='word_1_770' title='bbox 2090 4446 2169 4497; x_wconf 87' lang='lat' dir='ltr'>ad</span> <span class='ocrx_word' id='word_1_771' title='bbox 2196 4438 2355 4496; x_wconf 91' lang='lat' dir='ltr'>istud</span> <span class='ocrx_word' id='word_1_772' title='bbox 2386 4436 2815 4494; x_wconf 88' lang='lat' dir='ltr'>monasterium</span> <span class='ocrx_word' id='word_1_773' title='bbox 2847 4434 3282 4506; x_wconf 77' lang='lat' dir='ltr'>commigravit.</span> <span class='ocrx_word' id='word_1_774' title='bbox 3319 4458 3347 4485; x_wconf 83' lang='lat'>«</span> <span class='ocrx_word' id='word_1_775' title='bbox 3380 4436 3517 4491; x_wconf 85' lang='lat' dir='ltr'>Erat</span> <span class='ocrx_word' id='word_1_776' title='bbox 3545 4438 3747 4491; x_wconf 84' lang='lat' dir='ltr'>autem</span> 
     </span>
    </p>
   </div>
   <div class='ocr_carea' id='block_1_110' title="bbox 2090 4524 3746 4598">
    <p class='ocr_par' dir='ltr' id='par_1_110' title="bbox 2090 4524 3746 4598">
     <span class='ocr_line' id='line_1_110' title="bbox 2090 4524 3746 4598; baseline -0.003 -13"><span class='ocrx_word' id='word_1_777' title='bbox 2090 4533 2258 4585; x_wconf 72' lang='lat' dir='ltr'>aetate</span> <span class='ocrx_word' id='word_1_778' title='bbox 2325 4527 2752 4598; x_wconf 85' lang='lat' dir='ltr'>tricenarius,»</span> <span class='ocrx_word' id='word_1_779' title='bbox 2815 4542 2953 4582; x_wconf 87' lang='lat' dir='ltr'>cum</span> <span class='ocrx_word' id='word_1_780' title='bbox 2985 4524 3197 4580; x_wconf 85' lang='lat' dir='ltr'>Christi</span> <span class='ocrx_word' id='word_1_781' title='bbox 3245 4539 3441 4580; x_wconf 88' lang='lat' dir='ltr'>annus</span> <span class='ocrx_word' id='word_1_782' title='bbox 3480 4524 3601 4580; x_wconf 86' lang='lat' dir='ltr'>fere</span> <span class='ocrx_word' id='word_1_783' title='bbox 3642 4524 3746 4580; x_wconf 84' lang='lat'>909</span> 
     </span>
    </p>
   </div>
   <div class='ocr_carea' id='block_1_111' title="bbox 2091 4613 3748 4688">
    <p class='ocr_par' dir='ltr' id='par_1_111' title="bbox 2091 4613 3748 4688">
     <span class='ocr_line' id='line_1_111' title="bbox 2091 4613 3748 4688; baseline -0.005 -13"><span class='ocrx_word' id='word_1_784' title='bbox 2091 4622 2445 4675; x_wconf 87' lang='lat' dir='ltr'>excurreret.</span> <span class='ocrx_word' id='word_1_785' title='bbox 2480 4618 2616 4672; x_wconf 68' lang='lat' dir='ltr'>Haac</span> <span class='ocrx_word' id='word_1_786' title='bbox 2646 4615 2900 4688; x_wconf 89' lang='lat' dir='ltr'>carptim</span> <span class='ocrx_word' id='word_1_787' title='bbox 2930 4631 3002 4671; x_wconf 84' lang='lat' dir='ltr'>ex</span> <span class='ocrx_word' id='word_1_788' title='bbox 3029 4617 3257 4671; x_wconf 82' lang='lat' dir='ltr'>Joanne</span> <span class='ocrx_word' id='word_1_789' title='bbox 3284 4630 3321 4670; x_wconf 91' lang='lat' dir='ltr'>a</span> <span class='ocrx_word' id='word_1_790' title='bbox 3341 4630 3510 4669; x_wconf 90' lang='lat' dir='ltr'>num.</span> <span class='ocrx_word' id='word_1_791' title='bbox 3544 4613 3633 4667; x_wconf 83' lang='lat'>21.</span> <span class='ocrx_word' id='word_1_792' title='bbox 3669 4613 3748 4667; x_wconf 91' lang='lat' dir='ltr'>De</span> 
     </span>
    </p>
   </div>
   <div class='ocr_carea' id='block_1_112' title="bbox 2092 4700 3749 4774">
    <p class='ocr_par' dir='ltr' id='par_1_112' title="bbox 2092 4700 3749 4774">
     <span class='ocr_line' id='line_1_112' title="bbox 2092 4700 3749 4774; baseline -0.005 -11"><span class='ocrx_word' id='word_1_793' title='bbox 2092 4707 2298 4763; x_wconf 85' lang='lat' dir='ltr'>Balma</span> <span class='ocrx_word' id='word_1_794' title='bbox 2328 4706 2554 4761; x_wconf 90' lang='lat' dir='ltr'>dictum</span> <span class='ocrx_word' id='word_1_795' title='bbox 2583 4704 2645 4760; x_wconf 91' lang='lat' dir='ltr'>in</span> <span class='ocrx_word' id='word_1_796' title='bbox 2673 4703 2867 4774; x_wconf 84' lang='lat' dir='ltr'>elogio</span> <span class='ocrx_word' id='word_1_797' title='bbox 2897 4702 3203 4759; x_wconf 89' lang='lat' dir='ltr'>Bernonis.</span> <span class='ocrx_word' id='word_1_798' title='bbox 3240 4702 3368 4758; x_wconf 89' lang='lat' dir='ltr'>Odo</span> <span class='ocrx_word' id='word_1_799' title='bbox 3393 4700 3749 4773; x_wconf 85' lang='lat' dir='ltr'>probatione</span> 
     </span>
    </p>
   </div>
   <div class='ocr_carea' id='block_1_113' title="bbox 2092 4789 3751 4868">
    <p class='ocr_par' dir='ltr' id='par_1_113' title="bbox 2092 4789 3751 4868">
     <span class='ocr_line' id='line_1_113' title="bbox 2092 4789 3751 4868; baseline -0.004 -15"><span class='ocrx_word' id='word_1_800' title='bbox 2092 4796 2247 4853; x_wconf 89' lang='lat' dir='ltr'>facta</span> <span class='ocrx_word' id='word_1_801' title='bbox 2274 4810 2604 4868; x_wconf 89' lang='lat' dir='ltr'>puerorum</span> <span class='ocrx_word' id='word_1_802' title='bbox 2634 4809 2741 4849; x_wconf 89' lang='lat' dir='ltr'>seu</span> <span class='ocrx_word' id='word_1_803' title='bbox 2766 4793 3128 4850; x_wconf 88' lang='lat' dir='ltr'>novitiorum</span> <span class='ocrx_word' id='word_1_804' title='bbox 3185 4806 3393 4848; x_wconf 87' lang='lat' dir='ltr'>curam</span> <span class='ocrx_word' id='word_1_805' title='bbox 3450 4795 3508 4847; x_wconf 85' lang='lat' dir='ltr'>et</span> <span class='ocrx_word' id='word_1_806' title='bbox 3535 4789 3751 4847; x_wconf 89' lang='lat' dir='ltr'>educa-</span> 
     </span>
    </p>
   </div>
   <div class='ocr_carea' id='block_1_114' title="bbox 2092 4879 3750 4957">
    <p class='ocr_par' dir='ltr' id='par_1_114' title="bbox 2092 4879 3750 4957">
     <span class='ocr_line' id='line_1_114' title="bbox 2092 4879 3750 4957; baseline -0.004 -16"><span class='ocrx_word' id='word_1_807' title='bbox 2092 4885 2318 4942; x_wconf 90' lang='lat' dir='ltr'>tionem</span> <span class='ocrx_word' id='word_1_808' title='bbox 2370 4885 2430 4940; x_wconf 91' lang='lat' dir='ltr'>in</span> <span class='ocrx_word' id='word_1_809' title='bbox 2486 4899 2547 4939; x_wconf 91' lang='lat' dir='ltr'>se</span> <span class='ocrx_word' id='word_1_810' title='bbox 2600 4882 2881 4957; x_wconf 85' lang='lat' dir='ltr'>suscepit,</span> <span class='ocrx_word' id='word_1_811' title='bbox 2935 4898 3090 4956; x_wconf 89' lang='lat' dir='ltr'>quos</span> <span class='ocrx_word' id='word_1_812' title='bbox 3133 4904 3161 4931; x_wconf 75' lang='grc' dir='ltr'>ιι</span> <span class='ocrx_word' id='word_1_813' title='bbox 3196 4880 3417 4937; x_wconf 64' lang='lat' dir='ltr'>scholae</span> <span class='ocrx_word' id='word_1_814' title='bbox 3446 4903 3474 4930; x_wconf 86' lang='lat'><strong>»</strong></span> <span class='ocrx_word' id='word_1_815' title='bbox 3504 4879 3750 4937; x_wconf 82' lang='lat' dir='ltr'>nomine</span> 
     </span>
    </p>
   </div>
   <div class='ocr_carea' id='block_1_115' title="bbox 2095 4972 3569 5045">
    <p class='ocr_par' dir='ltr' id='par_1_115' title="bbox 2095 4972 3569 5045">
     <span class='ocr_line' id='line_1_115' title="bbox 2095 4972 3569 5045; baseline -0.004 -13"><span class='ocrx_word' id='word_1_816' title='bbox 2095 4978 2354 5032; x_wconf 85' lang='lat' dir='ltr'>Joannes</span> <span class='ocrx_word' id='word_1_817' title='bbox 2386 4972 2681 5043; x_wconf 84' lang='lat' dir='ltr'>designat,</span> <span class='ocrx_word' id='word_1_818' title='bbox 2712 4976 2778 5028; x_wconf 89' lang='lat' dir='ltr'>ut</span> <span class='ocrx_word' id='word_1_819' title='bbox 2806 4972 2970 5045; x_wconf 89' lang='lat' dir='ltr'>apud</span> <span class='ocrx_word' id='word_1_820' title='bbox 3003 4975 3222 5027; x_wconf 82' lang='lat' dir='ltr'>veteres</span> <span class='ocrx_word' id='word_1_821' title='bbox 3263 4986 3386 5027; x_wconf 91' lang='lat' dir='ltr'>non</span> <span class='ocrx_word' id='word_1_822' title='bbox 3410 4985 3569 5027; x_wconf 88' lang='lat' dir='ltr'>raro.</span> 
     </span>
    </p>
   </div>
   <div class='ocr_carea' id='block_1_116' title="bbox 2173 5060 3753 5133">
    <p class='ocr_par' dir='ltr' id='par_1_116' title="bbox 2173 5060 3753 5133">
     <span class='ocr_line' id='line_1_116' title="bbox 2173 5060 3753 5133; baseline -0.004 -13"><span class='ocrx_word' id='word_1_823' title='bbox 2173 5069 2256 5120; x_wconf 82' lang='lat' dir='ltr'>ll.</span> <span class='ocrx_word' id='word_1_824' title='bbox 2291 5062 2686 5133; x_wconf 85' lang='lat' dir='ltr'>Adhcgrinns,</span> <span class='ocrx_word' id='word_1_825' title='bbox 2734 5060 2964 5118; x_wconf 84' lang='lat' dir='ltr'>Odonis</span> <span class='ocrx_word' id='word_1_826' title='bbox 3019 5060 3240 5130; x_wconf 83' lang='lat' dir='ltr'>socius,</span> <span class='ocrx_word' id='word_1_827' title='bbox 3297 5083 3324 5110; x_wconf 87' lang='grc'>‹‹</span> <span class='ocrx_word' id='word_1_828' title='bbox 3352 5060 3416 5115; x_wconf 87' lang='lat' dir='ltr'>in</span> <span class='ocrx_word' id='word_1_829' title='bbox 3460 5074 3648 5115; x_wconf 83' lang='lat' dir='ltr'>unam</span> <span class='ocrx_word' id='word_1_830' title='bbox 3689 5074 3753 5112; x_wconf 90' lang='lat' dir='ltr'>se</span> 
     </span>
    </p>
   </div>
   <div class='ocr_carea' id='block_1_117' title="bbox 2100 5148 3752 5224">
    <p class='ocr_par' dir='ltr' id='par_1_117' title="bbox 2100 5148 3752 5224">
     <span class='ocr_line' id='line_1_117' title="bbox 2100 5148 3752 5224; baseline -0.006 -13"><span class='ocrx_word' id='word_1_831' title='bbox 2100 5153 2423 5211; x_wconf 89' lang='lat' dir='ltr'>coarctavit</span> <span class='ocrx_word' id='word_1_832' title='bbox 2445 5151 2743 5222; x_wconf 89' lang='lat' dir='ltr'>cellulam,</span> <span class='ocrx_word' id='word_1_833' title='bbox 2774 5155 2832 5208; x_wconf 87' lang='lat' dir='ltr'>et</span> <span class='ocrx_word' id='word_1_834' title='bbox 2851 5151 3227 5224; x_wconf 85' lang='lat' dir='ltr'>permittente</span> <span class='ocrx_word' id='word_1_835' title='bbox 3244 5148 3463 5206; x_wconf 87' lang='lat' dir='ltr'>abbate</span> <span class='ocrx_word' id='word_1_836' title='bbox 3484 5150 3752 5203; x_wconf 83' lang='lat' dir='ltr'>Bernone</span> 
     </span>
    </p>
   </div>
   <div class='ocr_carea' id='block_1_118' title="bbox 2098 5238 3756 5316">
    <p class='ocr_par' dir='ltr' id='par_1_118' title="bbox 2098 5238 3756 5316">
     <span class='ocr_line' id='line_1_118' title="bbox 2098 5238 3756 5316; baseline -0.004 -18"><span class='ocrx_word' id='word_1_837' title='bbox 2098 5258 2207 5316; x_wconf 90' lang='lat' dir='ltr'>per</span> <span class='ocrx_word' id='word_1_838' title='bbox 2220 5241 2543 5298; x_wconf 88' lang='lat' dir='ltr'>triennium</span> <span class='ocrx_word' id='word_1_839' title='bbox 2558 5239 2780 5297; x_wconf 87' lang='lat' dir='ltr'>mansit</span> <span class='ocrx_word' id='word_1_840' title='bbox 2797 5239 2859 5296; x_wconf 91' lang='lat' dir='ltr'>in</span> <span class='ocrx_word' id='word_1_841' title='bbox 2876 5254 2966 5297; x_wconf 87' lang='lat' dir='ltr'>ea.</span> <span class='ocrx_word' id='word_1_842' title='bbox 2978 5263 3004 5289; x_wconf 72' lang='grc' dir='ltr'><strong>η</strong></span> <span class='ocrx_word' id='word_1_843' title='bbox 3027 5238 3416 5295; x_wconf 85' lang='lat' dir='ltr'>Postmodum</span> <span class='ocrx_word' id='word_1_844' title='bbox 3439 5258 3468 5284; x_wconf 88' lang='lat'><em>«</em></span> <span class='ocrx_word' id='word_1_845' title='bbox 3482 5248 3756 5292; x_wconf 85' lang='lat' dir='ltr'>eremum</span> 
     </span>
    </p>
   </div>
   <div class='ocr_carea' id='block_1_119' title="bbox 2101 5323 3755 5404">
    <p class='ocr_par' dir='ltr' id='par_1_119' title="bbox 2101 5323 3755 5404">
     <span class='ocr_line' id='line_1_119' title="bbox 2101 5323 3755 5404; baseline -0.005 -18"><span class='ocrx_word' id='word_1_846' title='bbox 2101 5328 2499 5404; x_wconf 89' lang='lat' dir='ltr'>petiit,ibique</span> <span class='ocrx_word' id='word_1_847' title='bbox 2516 5345 2705 5401; x_wconf 88' lang='lat' dir='ltr'>parva</span> <span class='ocrx_word' id='word_1_848' title='bbox 2722 5327 3098 5385; x_wconf 88' lang='lat' dir='ltr'>subarctatus</span> <span class='ocrx_word' id='word_1_849' title='bbox 3126 5331 3219 5381; x_wconf 88' lang='lat' dir='ltr'>est</span> <span class='ocrx_word' id='word_1_850' title='bbox 3246 5323 3601 5397; x_wconf 81' lang='lat' dir='ltr'>spelunca.»</span> <span class='ocrx_word' id='word_1_851' title='bbox 3626 5323 3755 5380; x_wconf 90' lang='lat' dir='ltr'>Istic</span> 
     </span>
    </p>
   </div>
   <div class='ocr_carea' id='block_1_120' title="bbox 2103 5412 3753 5493">
    <p class='ocr_par' dir='ltr' id='par_1_120' title="bbox 2103 5412 3753 5493">
     <span class='ocr_line' id='line_1_120' title="bbox 2103 5412 3753 5493; baseline -0.006 -19"><span class='ocrx_word' id='word_1_852' title='bbox 2103 5419 2307 5475; x_wconf 88' lang='lat' dir='ltr'>divina</span> <span class='ocrx_word' id='word_1_853' title='bbox 2327 5422 2464 5493; x_wconf 88' lang='lat' dir='ltr'>post</span> <span class='ocrx_word' id='word_1_854' title='bbox 2490 5416 2709 5474; x_wconf 89' lang='lat' dir='ltr'>multos</span> <span class='ocrx_word' id='word_1_855' title='bbox 2734 5433 2988 5488; x_wconf 85' lang='lat' dir='ltr'>angores</span> <span class='ocrx_word' id='word_1_856' title='bbox 3009 5412 3420 5471; x_wconf 86' lang='lat' dir='ltr'>consolatione</span> <span class='ocrx_word' id='word_1_857' title='bbox 3444 5412 3753 5483; x_wconf 78' lang='lat' dir='ltr'>dignatus,</span> 
     </span>
    </p>
   </div>
   <div class='ocr_carea' id='block_1_121' title="bbox 2105 5498 3758 5574">
    <p class='ocr_par' dir='ltr' id='par_1_121' title="bbox 2105 5498 3758 5574">
     <span class='ocr_line' id='line_1_121' title="bbox 2105 5498 3758 5574; baseline -0.008 -10"><span class='ocrx_word' id='word_1_858' title='bbox 2105 5512 2162 5564; x_wconf 91' lang='lat' dir='ltr'>et</span> <span class='ocrx_word' id='word_1_859' title='bbox 2184 5506 2535 5563; x_wconf 57' lang='lat' dir='ltr'>daemonum</span> <span class='ocrx_word' id='word_1_860' title='bbox 2563 5505 2943 5562; x_wconf 88' lang='lat' dir='ltr'>tentamentis</span> <span class='ocrx_word' id='word_1_861' title='bbox 2974 5518 3087 5574; x_wconf 90' lang='lat' dir='ltr'>ope</span> <span class='ocrx_word' id='word_1_862' title='bbox 3117 5502 3305 5559; x_wconf 88' lang='lat' dir='ltr'>sancti</span> <span class='ocrx_word' id='word_1_863' title='bbox 3360 5501 3587 5559; x_wconf 74' lang='lat' dir='ltr'>Martini</span> <span class='ocrx_word' id='word_1_864' title='bbox 3615 5498 3758 5553; x_wconf 81' lang='lat' dir='ltr'>libe-</span> 
     </span>
    </p>
   </div>
   <div class='ocr_carea' id='block_1_122' title="bbox 2104 5583 3760 5668">
    <p class='ocr_par' dir='ltr' id='par_1_122' title="bbox 2104 5583 3760 5668">
     <span class='ocr_line' id='line_1_122' title="bbox 2104 5583 3760 5668; baseline -0.007 -14"><span class='ocrx_word' id='word_1_865' title='bbox 2104 5602 2292 5666; x_wconf 88' lang='lat' dir='ltr'>ratus,</span> <span class='ocrx_word' id='word_1_866' title='bbox 2320 5596 2592 5668; x_wconf 89' lang='lat' dir='ltr'>ejusdem</span> <span class='ocrx_word' id='word_1_867' title='bbox 2621 5595 2801 5651; x_wconf 87' lang='lat' dir='ltr'>etiam</span> <span class='ocrx_word' id='word_1_868' title='bbox 2834 5595 3133 5648; x_wconf 86' lang='lat' dir='ltr'>recreatus</span> <span class='ocrx_word' id='word_1_869' title='bbox 3160 5597 3250 5648; x_wconf 79' lang='lat' dir='ltr'>est</span> <span class='ocrx_word' id='word_1_870' title='bbox 3278 5591 3565 5662; x_wconf 83' lang='lat' dir='ltr'>alloquio,</span> <span class='ocrx_word' id='word_1_871' title='bbox 3593 5583 3760 5658; x_wconf 79' lang='lat' dir='ltr'>apud</span> 
     </span>
    </p>
   </div>
  </div>
