4156 6178
427 85 492 138 i5

1615 84 1673 140 S.
1713 85 1858 152 ODO
1899 83 2127 140 ABBAS
2163 83 2694 146 CLUNIACENSIS.

3794 101 3858 152 16

419 207 714 263 Joannem
743 219 781 260 a
809 219 976 260 num.
1008 206 1098 273 23,
1131 203 1432 277 quinum.
1465 209 1555 276 28,
1587 206 1717 262 haec
1745 206 1820 262 de
1850 222 1921 262 eo
1947 206 2086 261 scri—
2123 207 2172 259 A
2205 223 2360 264 mus.
2395 209 2460 265 Id
2485 210 2729 272 factum,
2771 235 2780 260 ι
2808 212 3062 270 instante
3091 231 3252 271 anno
3281 220 3384 272 926
3415 238 3442 265 »
3474 217 3860 274 scribitchro-

421 294 563 352 bere
593 293 804 366 pergit.
844 309 857 346 :
887 313 916 340 «
947 293 1096 347 Sunt
1131 293 1439 360 hactenus
1493 295 1736 362 evoluti,
1783 295 1846 351 ni
1889 295 2084 364 fallor,

421 383 748 457 plusquam
779 379 1022 452 triginta
1049 382 1215 452 anni,
1243 399 1318 438 ex
1367 399 1492 455 quo
1521 384 1676 441 intra
1730 384 1928 457 ipsam
1957 400 2086 440 ere—

421 488 591 528 mum
621 469 846 539 deguit,
882 470 1203 527 Dominicis
1232 476 1465 527 tantum
1506 473 1720 529 diebus
1751 478 1854 530 aut
1884 473 2088 546 praeci-

419 559 557 634 puis
588 559 1004 615 festivitatibus
1060 560 1140 615 ad
1183 562 1620 618 monasterium
1683 563 1870 618 sancti
1913 561 2085 632 Petri,

419 648 584 721 quod
616 647 968 705 Cluniacum
993 649 1226 718 dicitur,
1250 650 1394 724 quia
1418 651 1659 707 duobus
1681 651 1799 708 fere
1820 651 2087 706 millibus

419 755 609 814 prope
641 743 748 808 est,
781 740 1045 796 assuevit
1084 740 1468 810 descendere,
1521 747 1762 814 sumpta
1813 739 2088 796 videlicet

421 828 665 886 modica
693 828 906 897 farina,
935 845 1009 886 ex
1037 845 1162 902 qua
1201 829 1314 886 sibi
1345 845 1570 902 panem
1597 830 1889 886 conficere
1915 829 2084 898 solet,

422 922 480 974 et
500 917 655 974 fabae
684 917 897 990 paucis
929 919 1156 988 granis,
1182 935 1328 976 mox
1355 919 1435 974 ad
1452 935 1722 975 eremum
1747 919 2079 976 revertitur.

422 1006 570 1064 Vino
595 1022 706 1063 nec
736 1008 1063 1080 aliquando
1116 1009 1339 1064 utitur:
1375 1009 1552 1082 adipe
1607 1025 1751 1065 vero
1809 1009 1902 1065 vel
1954 1009 2086 1065 oleo

425 1096 555 1168 ejus
590 1097 758 1152 cibus
787 1111 910 1153 non
951 1097 1247 1154 conditur.
1309 1097 1532 1153 Patitur
1597 1098 1765 1154 omni
1821 1103 2088 1170 tempore

423 1183 611 1254 frigus
641 1189 698 1240 et
727 1184 990 1240 calorem
1037 1203 1048 1239 :
1093 1185 1354 1241 calorem
1381 1185 1532 1241 inter
1565 1186 1872 1258 scapulas,
1903 1186 2088 1256 frigus

423 1273 574 1329 inter
625 1289 845 1329 manus
899 1278 956 1328 et
1010 1273 1280 1330 brachia.
1314 1297 1342 1323 »
1402 1275 1693 1330 Prmelara
1731 1275 1980 1330 omnino
2011 1274 2088 1330 de

425 1363 768 1433 Adhegrino
859 1379 1041 1436 quem
1101 1364 1161 1418 in
1206 1363 1414 1419 album
1457 1368 1806 1420 sanctorum
1835 1365 2090 1420 relatum

427 1467 558 1506 esse
591 1451 878 1508 Chesnius
904 1452 963 1506 in
985 1452 1140 1508 notis
1187 1456 1452 1508 testatur.
1488 1453 1754 1510 Meritum
1797 1469 1920 1509 non
1959 1454 2092 1509 inli-

2201 298 2385 355 nieon
2423 301 2805 358 Malleacense
2840 319 2852 356 :
2887 309 2946 359 at
2974 305 3234 361 ratienes
3290 322 3325 361 a
3353 305 3528 361 nobis
3585 307 3858 362 adductae

2201 383 2368 438 aliud
2399 385 2655 442 suadent
2685 404 2697 442 :
2731 387 2954 460 quibus
2982 389 3212 445 accedit
3240 389 3726 461 Martyrologium
3753 393 3857 446 Le-

2199 472 2547 530 movicense
2570 491 2605 530 a
2623 475 2876 533 Chesnio
2901 476 3155 533 relatum
3179 479 3240 533 in
3259 478 3416 534 notis
3439 478 3516 534 ad
3545 478 3860 536 bibliothe-

2200 576 2338 616 cam
2367 562 2838 620 Cluniaeensem.
2861 565 3055 622 Odoni
3082 567 3406 623 commissa
3421 567 3584 624 fuere
3605 569 3716 624 tria
3737 585 3862 624 mo-

2197 650 2476 718 nasteria,
2505 667 2512 684 ⁴
2543 653 2910 722 luniacense,
2939 655 3334 712 Masciacense
3366 672 3436 712 ac
3455 656 3726 712 Dolense.
3753 657 3862 712 Wi-

2197 736 2343 792 doni
2367 741 2651 796 Bernonis
2671 743 3123 813 consanguineo
3140 747 3417 816 quatuor,
3440 745 3831 815 Gigniaeense
3844 787 3856 808 ,

2195 826 2530 897 Balmense,
2573 831 2928 898 Ethicense,
2962 849 3032 888 ac
3081 833 3228 888 cella
3279 833 3466 889 sancti
3499 835 3764 900 Lauteni,
3795 837 3860 890 ut

2195 916 2388 972 fusius
2417 920 2758 992 expositum
2784 926 2874 976 est
2901 922 2960 976 in
2991 921 3184 991 elogio
3209 923 3396 994 ipsius
3429 925 3736 980 Bernonis.

2275 1007 2357 1063 15.
2393 1008 2681 1064 Przeclara
2702 1009 2951 1064 omnino
2973 1026 3042 1065 ac
3062 1011 3252 1066 multa
3271 1016 3410 1067 sunt
3433 1029 3568 1084 qum
3597 1013 3724 1069 Odo
3757 1013 3860 1068 ab-

2195 1093 2310 1150 bas
2341 1097 2538 1166 gessit.
2575 1097 2978 1153 Cluniaeensis
3005 1099 3349 1154 monasterii
3374 1099 3678 1170 perfectio,
3706 1102 3756 1172 ej
3768 1117 3862 1155 us-

2197 1199 2316 1256 que
2347 1183 2666 1253 dedieatio,
2719 1186 3047 1257 privilegia,
3109 1187 3278 1250 ritus,
3334 1193 3390 1244 et
3439 1194 3650 1244 exacta
3679 1189 3857 1244 disci-

2199 1271 2386 1345 plina,
2419 1273 2498 1327 ad
2526 1274 2618 1344 cuj
2631 1291 2701 1328 us
2739 1290 3018 1331 normam
3069 1281 3264 1332 erecta
3293 1282 3398 1333 aut
3427 1278 3714 1348 adjuncta
3745 1278 3860 1334 alia

2199 1361 2584 1426 monasteria,
2606 1379 2677 1418 ex
2700 1363 2922 1435 quibus
2946 1365 3427 1434 congregationis
3451 1366 3858 1423 Cluniacensis

2201 1466 2422 1522 corpus
2449 1451 2778 1507 conﬂatum
2807 1457 2934 1520 est;
2993 1456 3263 1510 Romana
3327 1455 3538 1511 itinera
3588 1455 3858 1512 Ecclesiae

426 1541 549 1598 cior
572 1559 584 1596 :
609 1541 1024 1596 auctoritatem
1039 1557 1268 1613 quaero.
1295 1541 1448 1598 Nihil
1467 1541 1626 1597 enim
1655 1542 1730 1598 de
1747 1542 2090 1611 Adhegrino
2127 1561 2170 1616 Β
2201 1539 2364 1596 bono
2401 1545 2705 1612 suscepta,
2755 1541 3076 1598 concordia
3105 1543 3466 1615 principum,
3516 1544 3772 1600 eharitas
3799 1544 3860 1600 in

423 1630 488 1686 in
517 1629 956 1702 Martyrologiis
989 1634 1091 1686 aut
1115 1630 1429 1686 Breviariis
1459 1631 1716 1695 invenio,
1749 1630 1978 1687 nullam
2013 1631 2088 1687 de

427 1720 556 1790 ejus
581 1719 728 1774 festo
786 1718 1120 1792 reliquiisve
1169 1719 1334 1792 apud
1389 1719 1809 1776 Cluniacenses
1851 1725 2090 1776 nostros

425 1808 804 1866 memoriam.
859 1809 1068 1866 Nescio
1120 1824 1199 1864 an
1249 1808 1524 1880 ejusdem
1553 1809 1615 1864 in
1661 1825 1864 1866 eremo
1891 1809 2090 1866 socius

426 1897 602 1954 fuerit
629 1901 818 1954 Droeo
849 1897 1236 1954 Floriacensis
1263 1899 1604 1954 monachus
1627 1899 1954 1971 piissimus,
1985 1899 2092 1972 qui

425 1987 490 2045 in
505 1987 864 2048 cmnobitica
885 1987 1334 2044 conversatione
1355 1987 1671 2060 probatus,
1686 1989 1870 2044 eremi
1888 1988 2090 2059 singu-

423 2076 615 2134 larem
632 2081 1065 2148 aggressusest
1084 2091 1354 2148 pugnam
1375 2091 1447 2132 eo
1467 2076 1530 2130 in
1549 2075 1702 2144 loco,
1724 2099 1752 2125 «
1767 2077 1872 2149 qui
1885 2077 2092 2133 Balma

427 2165 700 2234 dicitur,»
718 2169 861 2222 teste
881 2165 1160 2222 Aimoino
1179 2165 1244 2220 in
1254 2165 1578 2237 superioris
1605 2165 1770 2233 tomi,
1795 2181 1938 2238 pag.
1961 2167 2087 2222 361.

499 2257 587 2311 12.
619 2255 812 2312 Odoni
857 2271 966 2327 pro
1013 2253 1354 2324 Adhegrino
1404 2255 1636 2310 socium
1665 2255 2091 2312 Teuthelonem

426 2343 701 2416 adjungit
719 2343 1046 2400 chronicon
1067 2343 1450 2400 Malleacensc
1474 2361 1486 2397 :
1520 2365 1548 2393 ει
1573 2343 1798 2399 Eodem
1819 2347 2089 2416 tempore

427 2432 628 2490 adhuc
657 2432 893 2488 vivente
923 2431 1250 2504 Turpione,
1270 2430 1397 2488 Odo
1423 2437 1479 2486 et
1507 2431 1788 2488 Teuthelo
1818 2433 2092 2488 canonici

429 2521 621 2578 sancti
659 2520 889 2578 Martini
925 2519 1330 2590 illustrissimi,
1363 2519 1758 2593 adimplentes
1795 2521 2086 2592 evangeli-

429 2627 570 2667 cum
584 2613 974 2683 preceptum,
1002 2607 1296 2666 derelictis
1326 2609 1610 2664 omnibus
1647 2609 1769 2664 suis
1789 2625 2088 2683 pauperes

428 2713 760 2772 pauperem
782 2697 1080 2754 Christum
1102 2696 1288 2753 secuti
1309 2701 1466 2762 sunt,
1487 2701 1543 2752 et
1569 2696 1852 2754 Cluniaco
1881 2702 2091 2754 saneto

427 2788 638 2844 habitu
665 2791 723 2844 et
745 2786 868 2843 vita
891 2785 1083 2844 induti
1104 2789 1262 2842 sunt.
1283 2785 1448 2842 Unde
1469 2791 1620 2841 nutu
1643 2786 1744 2841 Dei
1775 2785 1902 2842 Odo
1927 2787 2090 2843 abba

427 2875 668 2950 praefuit
685 2875 1126 2942 sanctissimus,
1161 2875 1314 2930 sicut
1353 2875 1743 2946 sequentibus
1773 2875 2044 2931 dicemus
2075 2894 2087 2931 :

430 2964 712 3023 Teuthelo
729 2963 978 3035 jubente
995 2963 1214 3020 abbate
1236 2978 1346 3018 suo
1363 2962 1848 3036 archiepiscopus
1869 2964 2092 3020 invitus

431 3057 815 3110 consecratur
843 3051 1112 3113 Turonis,
1145 3073 1172 3100 ››
1200 3053 1309 3106 etc.
1341 3052 1558 3105 Verum
1587 3049 1650 3105 id
1669 3051 1744 3106 de
1767 3051 2090 3109 Teutelone

430 3157 538 3198 seu
565 3141 882 3198 Teotolone
911 3139 1136 3194 falsum
1155 3153 1286 3194 esse
1297 3154 1370 3194 ex
1388 3138 1796 3210 superioribus
1817 3140 2088 3211 intelligi-

429 3233 545 3298 tur,
574 3233 753 3301 atque
779 3226 1040 3300 amplius
1065 3243 1136 3282 ex
1161 3226 1664 3299 consequentibus
1683 3229 2016 3300 apparebit.

507 3318 592 3376 l3.
611 3320 749 3374 Post
768 3315 1144 3388 aliquantum
1161 3315 1444 3388 temporis
1467 3315 1738 3371 Odonem
1757 3317 2091 3373 sacerdotio

430 3406 686 3476 dignum
705 3409 992 3478 reputans
1013 3406 1222 3474 Berno,
1245 3424 1274 3453 «
1293 3404 1596 3476 promovit
1614 3420 1754 3460 cum
1779 3423 1790 3474 ;
1824 3409 1880 3460 et
1895 3421 2091 3461 accer-

434 3494 548 3554 sito
576 3494 880 3568 episcopo,
915 3493 1040 3549 sine
1073 3508 1184 3548 suo
1225 3492 1376 3548 velle
1408 3509 1755 3550 consecrare
1787 3510 1928 3550 eum
1958 3493 2094 3550 fecit

433 3582 829 3642 sacerdotem.
867 3603 893 3631 »
921 3585 1064 3638 Rem
1091 3581 1617 3654 explicatJoannes
1665 3597 1834 3638 num.
1869 3587 1960 3654 37,
1987 3582 2090 3638 sed

433 3673 717 3748 episcopo
747 3670 912 3728 haud
939 3671 1274 3728 nominato.
1308 3693 1336 3721 ‹‹
1360 3671 1841 3728 Bisuntinensem
1869 3672 2095 3728 archie-

431 3763 756 3836 piscopum
787 3785 815 3812 »
874 3763 1140 3832 suggerit
1197 3759 1522 3831 Nalgodus,
1584 3761 1689 3816 sed
1749 3776 2088 3834 perperam.

421 3854 678 3910 .Constat
707 3851 1005 3925 siquidem
1034 3867 1106 3907 ex
1129 3851 1377 3908 Joannis
1421 3851 1554 3908 loco
1583 3850 1912 3923 praeeitato,
1941 3851 2093 3908 0do~

432 3959 574 4000 nem
601 3947 816 4014 rogatu
845 3941 1112 4016 episcopi
1141 3941 1498 3998 ordinatoris
1534 3940 1626 3997 sui
1681 3957 1752 3996 ac
1791 3945 2093 4015 praecepto

434 4032 670 4089 abbatis
695 4031 1110 4104 composuisse
1137 4035 1252 4088 tres
1273 4031 1505 4088 libellos
1549 4031 1625 4088 de
1679 4031 2093 4088 sacerdotibus

436 4145 464 4171 «
495 4137 570 4178 ex
596 4121 867 4177 Jeremiaa
893 4120 1195 4191 vaticinio,
1231 4143 1258 4171 »
1287 4120 1350 4176 id
1389 4125 1500 4188 est,
1531 4124 1648 4177 tres
1706 4120 2094 4178 eollationum

432 4211 640 4280 libros,
663 4211 768 4284 qui
788 4210 1070 4284 Turpioni
1090 4211 1372 4284 episcopo
1395 4211 1806 4266 Lemovieensi
1825 4211 2094 4283 inscripti

435 4303 590 4356 sunt.
625 4301 678 4356 Is
703 4316 846 4372 ergo
875 4300 1194 4374 episcopus
1225 4299 1418 4357 Odoni
1458 4297 1860 4356 sacerdotium
1889 4303 2096 4355 contu-

433 4389 501 4446 lit
527 4388 710 4461 paulo
736 4395 872 4446 ante
903 4388 1269 4446 abbatialem
1298 4387 1669 4458 dignitatem.

437 4478 567 4535 CAP.
611 4481 697 4534 1V.
727 4478 1152 4536 —Abbatz’alis
1205 4478 1491 4548 dignitas,
1523 4475 1842 4532 monastici
1865 4477 2096 4534 ordinis

1161 4572 1378 4623 status.

511 4661 594 4714 14.
615 4660 762 4715 Nam
781 4672 929 4730 «per
953 4655 1100 4712 illud
1117 4658 1354 4727 tempus
1378 4653 1596 4710 exitiali
1607 4653 1898 4726 languore
1916 4655 2098 4729 coepit

435 4747 798 4804 decumbere
828 4754 996 4819 pater
1023 4747 1271 4808 Bernus,
1302 4767 1330 4794 »
1361 4744 1468 4818 qui
1491 4766 1520 4793 α
1551 4761 1696 4801 mox
1719 4744 1948 4802 vicinos
1975 4746 2096 4818 epi-

437 4853 656 4910 scopos
697 4834 1024 4903 accersivit,
1051 4837 1108 4890 et
1136 4833 1214 4890 ab
1245 4835 1410 4890 omni
1437 4834 1646 4890 ordine
1695 4850 1758 4890 se
1789 4834 2091 4908 deposuit.

435 4925 706 4996 Rogabat
731 4926 884 4981 inter
906 4923 1036 4980 haec
1065 4923 1247 4979 verba
1275 4922 1507 4992 fratres,
1541 4928 1605 4980 ut
1625 4923 1739 4979 sibi
1760 4940 1944 4996 quem
1970 4921 2093 4978 vel-

435 5014 577 5082 lent,
600 5019 834 5088 patrem
865 5011 1167 5082 eligerent.
1193 5015 1352 5070 Tunc
1365 5013 1646 5070 manibus
1667 5013 1938 5081 fratrum,
1961 5035 1989 5060 »
2005 5011 2092 5066 in-

435 5103 566 5176 quit
589 5105 846 5160 Joannes
860 5117 1009 5156 num
1026 5105 1114 5168 37,
1135 5125 1162 5152 ‹‹
1186 5108 1356 5176 pater
1375 5107 1580 5160 noster
1591 5106 1823 5176 captus,
1841 5105 1898 5158 et
1917 5099 2094 5173 quasi

433 5191 722 5248 violenter
749 5189 1122 5254 constrictus,
1157 5208 1226 5250 ac
1255 5190 1769 5265 proclamantibus
1809 5189 2092 5246 omnibus

439 5282 502 5333 ut
529 5277 926 5348 ordinaretur,
959 5294 1164 5336 coram
1190 5280 1408 5337 abbate
1440 5297 1550 5336 suo
1579 5279 1638 5336 vi
1667 5283 1757 5335 est
1779 5277 2028 5334 ductus:
2061 5298 2089 5328 »

435 5370 493 5423 et
521 5387 550 5416 ‹‹
583 5373 898 5439 superatus
929 5369 1174 5426 tandem
1204 5369 1628 5443 episcoporum
1685 5367 2094 5424 excommuni-

435 5455 690 5527 catione,
719 5456 1034 5514 ordinatus
1063 5463 1152 5514 est
1185 5481 1211 5508 »
1235 5457 1426 5514 abbas
1473 5456 1656 5530 paulo
1687 5461 1828 5512 ante
1857 5455 2090 5511 obitum

433 5547 740 5620 Bernonis,
767 5561 950 5622 quem
975 5546 1217 5604 ineunte
1245 5563 1408 5604 anno
1434 5551 1535 5604 9'27
1590 5545 1908 5615 contigisse
1937 5543 2089 5600 dixi-

2131 4263 2177 4318 D

2200 1643 2518 1701 pauperes,
2552 1628 2788 1700 aliaque
2815 1628 2875 1684 id
2897 1645 3088 1699 genus
3117 1631 3337 1686 eximia
3385 1631 3674 1700 facinora,
3709 1632 3858 1688 Odo-

2201 1717 2296 1772 nis
2323 1717 2552 1772 famam
2584 1717 2805 1791 ubique
2831 1717 3128 1774 celebrem
3159 1719 3568 1776 reddiderunt.
3602 1720 3854 1791 Legendi

2201 1805 2293 1860 his
2323 1805 2398 1860 de
2429 1805 2610 1861 rebus
2641 1808 2900 1862 Joannes
2950 1807 3012 1862 in
3063 1807 3168 1862 lib.
3199 1823 3263 1862 ιιι
3294 1812 3351 1863 et
3403 1809 3704 1878 Nalgodus
3739 1828 3750 1864 :
3785 1826 3854 1864 ex

2201 1894 2424 1967 quibus
2453 1895 2736 1967 quaedam
2767 1897 2881 1952 hoc
2907 1896 3040 1952 loco
3071 1896 3365 1953 illustrare
3394 1897 3671 1968 sufﬁciat,
3694 1913 3856 1954 nem-

2201 1998 2276 2054 pe
2307 1982 2716 2039 Cluniacensis
2777 1984 3122 2040 monasterii
3177 1985 3325 2041 ritus
3357 2001 3425 2042 ac
3483 1985 3851 2056 dignitatem,

2201 2069 2456 2126 aliorum
2487 2071 2990 2128 monasteriorum
3025 2073 3510 2130 emendationem
3542 2091 3647 2130 seu
3695 2075 3856 2130 insti-

2201 2159 2512 2226 tutionem,
2543 2162 2814 2215 Romana
2867 2159 3096 2216 itinera.
3133 2163 3394 2217 Primum
3427 2163 3522 2218 hic
3553 2163 3805 2236 expedio
3840 2182 3851 2218 :

2201 2247 2307 2302 sed
2334 2247 2500 2319 prius
2531 2247 2605 2302 de
2653 2249 2970 2304 monastici
3002 2249 3228 2304 ordinis
3275 2266 3382 2322 per
3409 2251 3468 2306 id
3517 2255 3754 2324 tempus
3799 2250 3856 2306 in

2202 2336 2388 2392 Gallia
2419 2341 2574 2392 statu
2599 2337 2906 2406 agendum
2939 2344 3045 2394 est.

2277 2427 2360 2480 16.
2395 2427 2722 2497 Postquam
2751 2431 3016 2497 augusta
3045 2421 3145 2482 illa
3178 2427 3398 2501 capita,
3423 2428 3669 2484 Carolus
3703 2431 3772 2484 M.
3803 2431 3860 2483 et

2205 2514 2539 2570 Ludovicus
2587 2514 2741 2576 Pius,
2799 2515 2874 2572 de
2905 2515 3271 2572 restituendo
3299 2517 3360 2572 in
3403 2517 3618 2572 melius
3651 2517 3858 2574 ordine

2202 2603 2390 2659 sancti
2425 2603 2720 2659 Benedicti
2751 2605 2902 2660 serio
2935 2606 3213 2676 egissent,
3247 2623 3576 2680 eorumque
3603 2607 3857 2662 auctori-

2204 2695 2318 2747 tate
2348 2691 2408 2746 id
2437 2691 2726 2748 eﬂ'eeisset
2757 2693 3106 2750 Benedictus
3155 2694 3347 2750 abbas
3387 2695 3764 2764 Anianensis,
3797 2699 3860 2750 ut

2203 2779 2489 2853 pleraque
2515 2779 2715 2836 Galliae
2742 2783 3106 2838 monasteria
3156 2782 3268 2837 sub
3301 2797 3419 2839 uno
3450 2784 3642 2855 capite
3681 2783 3858 2840 veluti

2203 2885 2326 2926 una
2375 2871 2758 2941 congregatio
2805 2871 3074 2942 religiose
3132 2872 3428 2939 viverent;
3487 2872 3860 2944 sperandum

2201 2959 2516 3016 videbatur
2565 2976 2699 3017 eam
2748 2960 3125 3033 disciplinam
3181 2962 3284 3016 diu
3335 2961 3744 3031 substituram,
3801 2962 3862 3018 ni

2201 3049 2492 3105 exstincto
2525 3049 2859 3116 Benedicto,
2889 3050 2992 3120 qui
3023 3051 3152 3117 eius
3182 3055 3390 3105 auctor
3413 3067 3482 3105 ac
3509 3051 3859 3122 praesidium

2201 3142 2346 3204 erat,
2397 3135 2692 3191 bellorum
2751 3151 2891 3190 cum
2950 3135 3232 3204 civilium,
3295 3141 3420 3192 tum
3473 3141 3857 3192 externorum

2203 3230 2604 3298 tempestates,
2635 3229 2689 3280 et
2719 3241 2908 3294 regno
2941 3224 3239 3290 universo,
3273 3230 3329 3282 et
3351 3225 3433 3281 rei
3459 3231 3582 3282 tam
3615 3227 3860 3300 praecla-

2199 3331 2277 3370 rae
2307 3315 2642 3370 vastitatem
2671 3313 3026 3370 intulissent.
3053 3317 3200 3370 Nam
3227 3331 3366 3370 cum
3396 3314 3470 3369 de
3501 3331 3742 3372 summa
3767 3331 3857 3371 re-

2201 3419 2338 3458 rum
2367 3403 2517 3460 inter
2541 3402 2824 3458 Ludovici
2883 3403 2962 3458 Pii
3005 3402 3177 3466 filios,
3219 3404 3446 3460 nedum
3491 3403 3858 3460 Ludovicum

2200 3493 2422 3566 ipsum,
2455 3491 2758 3548 atrocibus
2809 3492 3072 3548 dissidiis
3110 3492 3572 3565 disceptaretur;
3629 3509 3702 3549 ex
3755 3494 3861 3548 im-

2201 3583 2440 3655 proviso
2471 3581 2822 3639 Nortmanni
2847 3598 2919 3637 ex
2957 3581 3362 3655 Septentrione
3393 3583 3454 3638 in
3498 3581 3746 3638 Galliam
3781 3582 3856 3637 ir-

2199 3688 2436 3746 rupere,
2467 3671 2572 3745 qui
2623 3671 3083 3744 rempublicam,
3117 3671 3248 3744 jam
3295 3671 3465 3729 bellis
3517 3671 3858 3728 domesticis

2200 3759 2509 3825 violatam,
2555 3776 2663 3833 per
2710 3775 2904 3818 annos
2935 3760 3244 3830 sexaginta
3283 3760 3496 3817 misere
3542 3759 3859 3816 labefacta-

2199 3852 2359 3906 runt.
2388 3851 2549 3906 Tunc
2579 3850 2804 3923 quippe
2835 3849 2976 3922 pagi
3005 3849 3066 3904 in
3085 3848 3464 3904 solitudinem
3493 3847 3738 3918 redacti,
3757 3863 3857 3902 ur-

2199 3939 2309 3996 bes
2331 3943 2692 4012 expugnatre
2723 3943 2780 3995 et
2825 3940 3103 4006 incensae,
3159 3937 3418 3994 ecclesiae
3473 3936 3536 3992 in
3585 3935 3858 4009 praedam

2201 4027 2378 4097 datae,
2397 4027 2794 4102 pessumdata
2813 4026 3197 4094 monasteria,
3221 4025 3502 4082 monachi
3523 4025 3744 4098 partim
3763 4040 3861 4080 ne-

2205 4117 2341 4186 cati,
2373 4119 2594 4191 partim
2621 4116 2828 4186 fugati,
2862 4117 2967 4188 qui
3010 4115 3268 4170 collectis
3325 4117 3671 4169 sanctorum
3723 4114 3858 4170 reli-

2205 4206 2364 4279 quiis
2395 4205 2645 4278 aliisque
2677 4203 3006 4267 sarcinulis,
3038 4217 3161 4272 quo
3203 4200 3344 4255 belli
3383 4200 3645 4273 impetus
3677 4205 3860 4259 verte-

2205 4295 2331 4363 bat,
2351 4295 2491 4351 inde
2524 4311 2586 4352 se
2608 4293 3022 4366 proripientes.
3057 4289 3136 4346 ad
3159 4289 3394 4356 tutiora,
3421 4291 3470 4346 si
3491 4307 3627 4364 quae
3650 4307 3857 4348 occur-

2205 4384 2441 4456 rissent,
2469 4379 3012 4450 loeadcclinabant,
3038 4381 3142 4434 aut
3169 4377 3504 4450 palabundi
3535 4380 3720 4436 vitam
3745 4380 3857 4436 mi-

2207 4489 2406 4530 seram
2416 4472 2722 4529 traducere
2743 4467 2842 4523 vix
2865 4465 3232 4524 sinebantur.
3263 4467 3461 4524 Sicubi
3477 4485 3616 4526 vero
3633 4469 3715 4525 eis
3736 4473 3861 4526 tan-

2207 4564 2388 4635 tisper
2415 4559 2710 4631 respirare
2733 4571 3086 4612 concessum
3113 4560 3448 4626 erat,easas
3472 4573 3582 4630 pro
3609 4557 3857 4614 modulo

2205 4668 2274 4708 ac
2295 4654 2561 4720 tempore
2587 4644 2944 4716 sarciebant,
2965 4645 3028 4700 in
3057 4644 3279 4718 quibus
3301 4661 3424 4701 non
3465 4649 3586 4702 tam
3629 4661 3856 4701 normae

2201 4735 2479 4810 regulari,
2511 4751 2697 4808 quam
2721 4735 2856 4790 vitm
2878 4749 2948 4790 ae
2977 4733 3154 4790 saluti
3183 4733 3523 4807 prospicere
3559 4733 3856 4803 cogeban-

2203 4821 2314 4882 tur.
2349 4823 2722 4890 Quibusdam
2753 4823 2814 4880 in
2844 4822 3017 4888 locis,
3041 4821 3149 4878 ubi
3181 4821 3494 4879 monastici
3523 4821 3749 4878 ordinis
3769 4821 3861 4877 in-

2203 4915 2346 4971 colae
2376 4913 2754 4981 deﬁciebant,
2773 4912 3017 4987 pauculi
3046 4928 3174 4968 sese
3206 4911 3491 4983 collegere
3509 4909 3726 4980 clerici,
3753 4912 3860 4985 qui

2201 5009 2462 5061 veterem
2505 5003 2946 5060 monachorum
2995 5001 3438 5076 possessionem
3487 4999 3855 5071 insederunt,

2203 5110 2458 5168 eamque
2479 5093 2658 5150 rebus
2675 5093 2855 5150 etiam
2873 5091 3159 5148 serenatis
3173 5089 3286 5146 sibi
3308 5091 3698 5147 retinuerunt.
3715 5091 3858 5146 Hine

2208 5184 2426 5241 "aetum
2457 5189 2563 5254 est,
2593 5188 2657 5239 ut
2680 5183 2898 5240 saeculo
2924 5181 3158 5238 decimo
3189 5181 3450 5244 ineunte,
3473 5197 3612 5237 cum
3635 5179 3759 5236 Odo
3781 5178 3859 5234 de

2201 5273 2538 5331 monastica
2561 5273 2684 5328 vita
2713 5273 2970 5342 cogitare
3023 5272 3220 5342 accpit,
3255 5287 3452 5342 pauca
3479 5273 3862 5343 superessent

2205 5363 2479 5420 ccenobia
2508 5361 2970 5424 monachorum,
2991 5362 3170 5430 atque
3187 5359 3250 5414 in
3270 5359 3478 5432 paucis
3499 5358 3863 5414 illis'sincera

2203 5452 2410 5520 religio
2441 5449 2898 5514 desideraretur,
2928 5449 2992 5503 ut
3019 5462 3092 5503 ex
3119 5449 3367 5506 Joannis
3395 5447 3498 5502 lib.
3522 5463 3564 5516 1,
3591 5449 3858 5516 num.22,

2203 5543 2260 5596 et
2287 5555 2360 5594 ex
2389 5537 2737 5610 praefatione
2762 5539 2970 5594 nostra
2999 5541 3370 5612 compertum
3401 5537 3508 5591 est.
