4158 6192
315 203 379 254 17
509 167 514 170 ’
1311 202 1848 258 PROLEGOMENA.
1897 230 1964 238 —
2009 196 2313 255 ELEGIUM
2369 201 2423 256 s.
2469 202 2749 258 onoms.
3685 207 3752 259 is

388 328 472 377 l7.
515 322 670 376 Inter
699 337 846 384 naec,
881 321 1084 378 Odone
1110 324 1438 396 praesertim
1471 324 1706 380 abbate.
1749 322 1974 378 Jlunia-
2008 324 2054 377 Α
2086 325 2143 378 et
2197 338 2267 378 ex
2315 321 2408 377 his
2455 327 2573 378 tres
2621 323 2848 394 priores
2907 323 3060 379 albis
3123 323 3341 392 amicti,
3399 340 3559 380 unus
3615 327 3749 398 qui—

312 429 451 468 cum
485 427 664 485 super
688 411 892 468 omnia
913 413 1190 468 emnobia
1211 419 1392 486 caput
1409 413 1615 470 extulit
1635 413 1821 469 famat
1845 413 1978 468 reli-

312 503 533 572 gionis,
569 518 751 572 quam
783 502 910 557 Odo
941 507 1074 574 post
1101 505 1429 560 Bernonem
1456 504 1680 559 ibidem
1703 503 1971 560 instituit.

313 591 598 648 Fervebat
627 606 698 645 eo
740 589 800 645 in
855 590 988 647 loco
1027 591 1312 648 virtutum
1345 593 1666 660 aemulatio,
1707 593 1974 649 studium

309 681 369 737 in
429 696 522 734 res
569 694 792 748 sacras,
848 680 1070 749 regulae
1119 685 1396 738 accurata
1437 681 1795 748 observatio,
1833 680 1972 735 cha-

311 771 454 826 ritas
499 768 558 823 in
617 783 938 840 pauperes,
972 770 1124 826 adeo
1152 776 1216 826 ut
1254 795 1280 821 «
1316 771 1744 844 septemdecim
1786 769 1973 826 millia

309 873 649 932 pauperum
714 857 774 912 in
841 858 1030 931 capite
1093 859 1581 932 Quadragesimze
1634 876 1758 916 uno
1811 874 1972 914 anno

309 947 474 1022 apud
532 945 884 1002 Cluniacum
927 947 1374 1021 eleemosynam
1404 949 1743 1014 habuerint,
1778 953 1834 1004 et
1863 947 1971 1003 du-

307 1042 510 1094 centas
565 1036 1006 1109 quinquaginta
1068 1053 1288 1110 pernas
1341 1039 1695 1111 acceperint.
1748 1062 1774 1087 ››
1824 1041 1970 1092 teste

309 1126 582 1184 Udalrieo
609 1125 670 1180 in
700 1125 803 1182 lib.
838 1144 896 1182 ιιι
938 1128 1456 1184 Consuetudinum
1488 1127 1968 1186 Cluniaeensium

310 1236 441 1292 cap.
479 1223 561 1273 Η.
617 1217 769 1282 Quin
817 1219 996 1274 etiam
1049 1219 1174 1275 sedi
1232 1219 1572 1291 apostolicae
1633 1217 1968 1274 subsidium

306 1311 436 1366 hzec
497 1312 716 1368 domus
785 1308 1042 1381 praebuit
1101 1325 1223 1364 non
1290 1309 1492 1376 semel,
1564 1309 1730 1365 haud
1797 1325 1970 1364 secus

308 1405 486 1472 atque
551 1413 873 1456 commune
940 1397 1251 1469 quoddam
1321 1397 1581 1452 ecclesiae
1638 1397 1964 1452 aerarium:

307 1492 508 1544 Petrus
533 1487 891 1544 venerabilis
917 1491 1141 1542 auctor.
1177 1486 1338 1541 Ritus
1367 1486 1635 1558 plerique
1666 1485 1970 1558 desumpti

307 1578 386 1632 ab
445 1578 666 1633 Eutieio
719 1577 976 1631 abbate:
1046 1575 1240 1630 caeteri
1298 1591 1334 1629 a
1391 1577 1676 1645 Bernone,
1739 1575 1965 1643 Odone,

2089 410 2227 467 dem
2253 411 2509 468 farinam
2554 429 2713 485 aqua
2757 412 3112 469 nitidissima
3151 415 3606 486 conspergebat,
3653 415 3752 471 alii

2087 499 2210 556 duo
2250 500 2450 556 hostia
2470 501 2530 555 in
2562 501 2966 557 «ferramento
3010 499 3417 558 eharaetera’lo
3457 526 3485 552 »
3520 520 3752 577 coque-

2086 588 2251 644 bant.
2297 592 2482 645 Tanta
2511 589 2618 645 erit
2663 589 3144 646 Cluniacensium
3193 593 3633 649 monachorum
3689 595 3751 648 in

2088 677 2519 734 Eucharistiam
2550 677 2740 750 pietas
2767 694 2837 734 ac
2866 678 3192 734 veneratio.

2160 786 2241 840 18.
2275 789 2407 841 Jam
2437 802 2579 842 vero
2632 787 2690 841 in
2738 787 3112 857 regularibus
3157 785 3367 841 ofﬁciis
3397 802 3520 841 non
3553 789 3752 845 minor

2080 873 2419 946 disciplina.
2470 873 2778 930 Silentium
2831 875 2976 946 juge
3024 873 3301 943 interdiu,
3352 878 3534 929 noctu
3597 875 3750 933 adeo

2081 976 2342 1032 sacrum,
2403 967 2468 1016 ut
2523 961 2667 1017 illud
2727 967 2863 1019 ante
2918 962 3182 1018 Primam
3235 961 3447 1017 violari
3500 963 3749 1018 omnino

2078 1050 2365 1106 ducerent
2400 1049 2593 1112 nefas.
2622 1057 2997 1125 mortemque
3040 1052 3237 1124 ipsam
3267 1051 3466 1124 potius
3505 1057 3750 1124 appete-

2077 1144 2226 1195 rent.
2262 1139 2407 1195 Hine
2449 1139 2668 1196 locutio
2700 1157 2806 1213 per
2841 1141 3031 1211 signa,
3065 1157 3202 1213 quae
3233 1146 3435 1197 tamen
3474 1156 3598 1196 non
3624 1157 3749 1198 om-

2076 1227 2222 1282 nino
2269 1227 2545 1300 probavit
2601 1229 2790 1298 Guigo
2852 1229 3176 1286 Chartusiae
3248 1229 3412 1302 prior
3477 1229 3745 1301 quintus,

2076 1317 2467 1389 quantumvis
2522 1322 2577 1372 et
2625 1317 2752 1390 ipse
2797 1317 3026 1373 silentio
3069 1317 3363 1385 addictus,
3411 1341 3438 1367 ‹‹
3473 1317 3745 1375 sufﬁcere

2077 1410 2298 1477 putans
2345 1405 2615 1475 linguam
2643 1406 2855 1474 solam,
2907 1421 3028 1461 non
3068 1406 3248 1462 etiam
3291 1411 3534 1462 caeteros
3582 1412 3746 1463 artus

2078 1492 2340 1549 reatibus
2369 1494 2674 1566 implicare
2707 1493 3014 1566 loquendi,
3061 1518 3088 1544 »
3119 1499 3184 1550 ut
3211 1493 3339 1566 ipse
3384 1494 3446 1549 in
3488 1497 3745 1551 Statuto-

2076 1586 2274 1637 torum
2337 1599 2470 1656 cap.
2519 1583 2608 1647 31,
2663 1582 2944 1655 loquitur.
2997 1582 3085 1637 Ab
3144 1581 3346 1638 Idibus
3395 1584 3746 1639 Novembris

305 1667 555 1740 aliisque
604 1665 788 1722 additi
845 1669 1002 1719 sunt.
1061 1664 1319 1719 EuticiuS
1369 1680 1492 1720 non
1535 1663 1686 1719 alius
1733 1663 1969 1719 Videtur
2003 1675 2048 1727 B
2078 1671 2449 1727 meditationi
2501 1671 2764 1727 seniores
2814 1674 2953 1744 post
3003 1675 3328 1726 nocturnos
3384 1671 3447 1726 in
3498 1672 3748 1729 ecclesia

305 1773 494 1829 quam
539 1755 885 1812 Benedictus
937 1754 1312 1820 Anianensis,
1354 1754 1456 1826 qui
1513 1759 1780 1809 veterum
1836 1769 1966 1808 mo-

307 1846 642 1901 nachorum
724 1844 993 1899 instituta
1089 1842 1342 1913 collegit,
1413 1843 1654 1916 suisque
1727 1843 1967 1898 imitan-

307 1936 388 1992 da
427 1935 755 2008 proposuit.
813 1936 894 1988 Ex
934 1933 1025 1988 his
1084 1933 1295 1988 ritibus
1356 1933 1680 1988 nonnullos
1744 1933 1970 1988 delibat

305 2029 565 2082 Joannes
592 2025 652 2080 in
702 2024 804 2079 lib.
834 2041 873 2091 1,
909 2040 1076 2078 num.
1123 2027 1214 2093 23,
1247 2023 1575 2096 praesertim
1618 2039 1785 2078 num.
1816 2027 1883 2078 30
1913 2028 1972 2078 et

309 2115 716 2187 sequentibus.
747 2112 1000 2176 Quidam
1023 2112 1098 2168 ad
1118 2111 1382 2168 ofﬁcium
1404 2112 1696 2183 divinum,
1717 2113 1967 2184 quidam

309 2203 389 2258 ad
419 2202 752 2271 regularem
783 2200 1162 2272 disciplinam
1196 2206 1251 2257 et
1289 2201 1533 2256 virtutes
1562 2201 1925 2256 monasticas
1953 2219 1965 2268 ;

307 2291 499 2346 caeteri
533 2291 611 2346 ad
660 2289 1076 2346 educationem
1113 2290 1408 2360 juvenum
1440 2288 1814 2361 aliorumque
1846 2290 1967 2344 ins-

308 2380 642 2435 titutionem
695 2378 1092 2452 pertinebant.
1140 2381 1359 2434 Omnes
1413 2377 1721 2433 Udalricus
1755 2395 1965 2434 mona-

306 2467 454 2522 chus
487 2472 752 2533 sanctus,
785 2472 922 2540 post
967 2465 1334 2522 Bernardum
1385 2465 1659 2536 ejusdem
1702 2466 1817 2522 loci
1848 2483 1967 2522 ece-

305 2554 596 2625 nobitam,
635 2560 911 2610 accurate
960 2554 1240 2610 describit
1288 2554 1474 2609 tribus
1514 2553 1703 2624 libris,
1741 2555 1846 2626 qui
1889 2555 1966 2610 ab

316 2647 568 2701 Aeherio
621 2651 825 2701 nostro
893 2645 1049 2718 typis
1100 2644 1323 2713 vulgati
1375 2649 1511 2699 sunt
1563 2644 1625 2699 in
1680 2644 1971 2717 Spicilegii

312 2740 477 2790 tomo
508 2735 603 2790 IV.
636 2736 698 2790 In
757 2733 908 2790 libro
944 2735 1140 2806 primo
1185 2733 1380 2804 agitur
1422 2733 1495 2788 de
1540 2734 1877 2806 psalmodia
1916 2738 1974 2790 et

309 2825 634 2880 missarum
667 2824 989 2892 solemniis,
1019 2824 1214 2895 deque
1244 2823 1424 2878 variis
1455 2824 1594 2879 anni
1626 2823 1972 2879 celebritati-

314 2914 428 2968 bus
456 2933 469 2969 ε
503 2914 560 2968 in
607 2914 874 2969 secundo
906 2914 979 2968 de
1022 2913 1336 2984 disciplina
1372 2912 1668 2983 regulari:
1712 2913 1770 2968 in
1803 2912 1972 2968 tertio

316 3003 390 3057 de
434 3002 808 3058 oﬂieiahbus.
841 3007 998 3058 Duas
1027 3007 1242 3057 missas
1274 3001 1573 3056 solemnes
1620 3001 1680 3056 in
1724 3001 1850 3056 dies
1881 3018 1972 3056 ce-

305 3091 523 3146 lebrari
549 3107 682 3147 mos
703 3095 854 3146 erat:
881 3091 1126 3163 privatis
1152 3091 1356 3156 sacris,
1380 3091 1492 3145 nisi
1514 3095 1679 3146 extra
1700 3089 1971 3145 divinum

305 3179 570 3235 ofﬁcium
597 3186 653 3235 et
677 3180 971 3250 majorem
993 3179 1262 3244 missam,
1291 3179 1526 3251 operari
1539 3178 1761 3249 religio.
1779 3178 1976 3244 Quoti-

304 3268 398 3323 die
431 3284 571 3323 suas
601 3268 860 3340 quisque
884 3268 1108 3323 hostias
1139 3285 1212 3322 ex
1241 3267 1522 3323 alterutro
1554 3267 1736 3322 choro
1769 3266 1974 3322 offere-

303 3357 449 3413 bant
471 3357 734 3413 :temetsi
753 3357 1024 3430 quinque
1041 3360 1270 3412 tantum
1288 3356 1501 3412 diebus
1519 3356 1838 3411 Dominicis
1855 3360 1970 3411 tres

305 3446 525 3502 feriatis
549 3445 1114 3501 communicabant:
1141 3445 1335 3500 caeteri
1366 3445 1593 3500 hostias
1624 3445 1971 3500 benedictas

303 3535 364 3590 in
383 3535 632 3590 modum
660 3535 1034 3605 eulagiarum
1059 3541 1194 3590 ante
1212 3551 1533 3590 comunem
1551 3534 1751 3590 cibum
1780 3551 1972 3590 sume-

303 3623 474 3680 bant.
508 3625 571 3678 ln
614 3624 809 3678 missis
844 3622 1263 3678 defunctorum
1299 3622 1670 3678 solemnibus
1701 3628 1880 3695 atque
1910 3623 1972 3678 in

306 3711 500 3768 triduo
566 3712 961 3782 Rogationum
1021 3715 1269 3782 uterque
1327 3712 1546 3765 chorus
1601 3710 1968 3766 oblationem

308 3799 576 3856 faciebat.
594 3801 654 3854 In
683 3800 1019 3870 majoribus
1039 3799 1220 3854 sacris
1248 3799 1540 3854 diaconus
1561 3815 1799 3870 semper
1811 3815 1971 3854 eom-

307 3888 653 3944 municabat
673 3904 746 3944 ex
771 3888 967 3944 hostia
990 3889 1316 3944 sacerdotis
1344 3909 1356 3944 :
1389 3887 1801 3942 subdiaconus
1824 3903 1970 3943 non-

306 3976 419 4030 nisi
451 3993 524 4030 ex
555 3975 683 4029 aliis
715 3975 942 4029 hostiis.
979 3976 1334 4031 Communio
1350 3975 1632 4030 omnibus
1662 3975 1970 4046 praebeba-

305 4070 400 4119 tur
424 4064 483 4116 in
517 4063 714 4117 triduo
744 4067 879 4116 ante
903 4064 1160 4117 Pascha:
1189 4063 1293 4134 qui
1319 4063 1580 4118 Sabbato
1603 4068 1808 4117 saneto
1835 4068 1972 4118 ante

303 4152 596 4222 majorem
621 4151 875 4205 missam
899 4150 1176 4222 privatim
1200 4150 1499 4205 celebrare
1525 4150 1785 4216 volebat,
1815 4167 1970 4205 «non

307 4240 580 4296 utebatur
619 4239 892 4303 candela,
926 4239 1069 4310 quia
1114 4254 1308 4293 novus
1357 4238 1511 4308 ignis
1542 4237 1814 4293 nondum
1847 4243 1972 4293 erat

2077 1759 2398 1827 vacabant,
2431 1760 2578 1815 dum
2620 1759 2790 1833 pueri
2816 1759 3016 1816 cantui
3056 1774 3304 1831 operam
3335 1758 3644 1815 navabant
3684 1760 3748 1816 in

2079 1849 2368 1920 Capitulo.
2428 1852 2590 1922 Opus
2661 1865 2955 1905 manuum
3018 1865 3156 1904 eum
3221 1847 3476 1922 psalmis
3541 1849 3743 1918 ﬁebat,

2077 1937 2470 2009 proclamatio
2503 1937 2819 2010 culparum
2857 1940 2984 1993 erat
3028 1937 3088 1992 in
3119 1953 3253 1992 usu.
3288 1937 3428 1992 Post
3474 1937 3746 2010 Comple-

2081 2027 2298 2082 torium
2327 2026 2594 2100 hospites
2625 2043 2748 2082 non
2797 2026 3285 2096 admittebantur,
3315 2041 3427 2082 nec
3459 2026 3746 2083 fratribus

2079 2115 2437 2171 comedendi
2488 2115 2864 2172 tribuebatur
2921 2115 3191 2171 facultas.
3253 2116 3492 2186 Insigne
3550 2131 3748 2172 exem-

2077 2203 2247 2276 plum
2280 2204 2589 2260 Udalricus
2625 2205 2698 2259 de
2742 2203 3046 2260 eellerario
3085 2204 3280 2272 refert,
3312 2205 3419 2277 qui
3457 2221 3595 2260 eum
3623 2208 3748 2262 tota

2077 2291 2172 2346 die
2211 2291 2273 2346 in
2301 2291 2645 2364 recipiendo
2683 2292 2824 2347 vino
2864 2292 3073 2348 fuisset
3101 2297 3450 2366 occupatus,
3491 2293 3744 2366 permis-

2079 2396 2213 2435 sum
2243 2384 2384 2453 post
2413 2380 2878 2452 Completorium
2907 2380 3124 2436 edendi
3154 2381 3471 2453 impetrare
3501 2381 3579 2438 ab
3636 2381 3745 2437 ab-

2076 2469 2214 2525 bate
2244 2484 2367 2523 non
2397 2469 2605 2541 potuit.
2633 2467 2855 2524 Eadem
2875 2468 2937 2523 in
2967 2467 3178 2524 ofﬁciis
3200 2467 3418 2524 divinis
3435 2470 3743 2545 severitas:

2079 2561 2271 2612 lturus
2300 2556 2479 2622 foras,
2512 2561 2568 2612 et
2609 2572 2836 2629 equum
2866 2571 3010 2612 mox
3055 2571 3438 2627 ascensurus,
3478 2557 3527 2611 si
3565 2556 3744 2613 ofﬁcii

2080 2645 2319 2716 signum
2358 2645 2741 2710 insonuisset,
2773 2645 2850 2701 ad
2878 2644 3027 2700 illud
3057 2660 3378 2718 properare
3409 2645 3741 2701 tenebatur.

2083 2737 2160 2790 De
2183 2734 2425 2806 jejuniis
2443 2734 2501 2789 id
2526 2734 2644 2789 fere
2662 2734 3015 2790 servabatur
3038 2733 3204 2806 quod
3219 2733 3488 2806 praecipit
3503 2738 3746 2790 sanctus

2082 2822 2453 2877 Benedictus.
2488 2821 2578 2878 Ab
2610 2822 2812 2878 Idibus
2845 2820 3209 2894 Septembris
3237 2836 3360 2876 una
3389 2825 3622 2876 tantum
3653 2835 3749 2874 co—

2081 2910 2310 2978 mestio,
2354 2910 2467 2965 nisi
2510 2912 2570 2965 in
2614 2911 2774 2966 festis
2823 2909 3146 2965 duodecim
3181 2909 3550 2976 lectionum;
3589 2911 3646 2963 et
3683 2907 3746 2962 in

2011 3021 2052 3075 C
2081 2999 2305 3055 octavis
2347 2999 2564 3054 Natalis
2610 2998 2844 3054 Domini
2895 3003 2953 3054 ct
2987 2998 3334 3070 Epiphaniae
3391 2997 3633 3070 duplex.
3681 2995 3748 3051 In

2081 3088 2194 3146 illis
2239 3087 2400 3143 festis
2431 3087 2752 3142 duodecim
2797 3087 3118 3142 lectionum
3148 3090 3286 3158 post
3323 3087 3649 3158 prandium
3693 3088 3750 3140 et

2082 3177 2396 3234 lectionem
2427 3176 2487 3231 in
2534 3176 2817 3242 claustro,
2849 3174 3009 3230 dicta
3036 3178 3223 3242 Nona,
3249 3173 3448 3230 ibatur
3475 3175 3538 3229 in
3566 3173 3749 3229 refec-

2083 3267 2300 3323 torium
2356 3265 2435 3322 ab
2481 3264 2863 3320 bibendum:
2920 3263 2982 3319 in
3030 3262 3244 3318 diebus
3286 3262 3554 3334 privatis,
3611 3265 3749 3334 post

2085 3357 2347 3428 Vespera
2376 3354 2567 3422 lectio,
2600 3354 2738 3409 inde
2768 3353 3104 3426 pergebant
3151 3352 3214 3406 in
3258 3351 3641 3407 refectorium
3667 3351 3748 3407 ad

2077 3445 2433 3515 bibendum,
2464 3449 2673 3516 postea
2694 3443 2910 3498 iterum
2940 3441 3135 3510 lectio,
3170 3441 3311 3496 inde
3348 3439 3587 3496 collatio
3622 3440 3746 3513 spi-

2079 3534 2281 3590 ritalis.
2323 3533 2604 3606 Reliquias
2652 3532 2829 3605 panis
2867 3536 2924 3588 et
2971 3531 3093 3586 vini
3136 3530 3215 3586 ab
3263 3529 3746 3601 eleemosynario

2079 3623 2140 3678 in
2164 3622 2392 3694 pedites
2422 3621 2769 3695 peregrinos
2799 3619 3223 3691 erogabantur.
3257 3621 3545 3674 Praeterea
3579 3621 3746 3673 octo-

2078 3711 2272 3765 decim
2294 3725 2592 3783 pauperes
2623 3709 2888 3782 quotidie
2916 3708 3080 3782 apud
3104 3707 3456 3764 Cluniacum
3490 3705 3634 3762 aliti.
3665 3708 3748 3762 Ea

2081 3815 2222 3854 vero
2286 3803 2411 3854 erat
2484 3798 2606 3853 vini
2665 3797 3064 3871 parcimonia,
3104 3802 3168 3852 ut
3221 3818 3247 3845 ‹‹
3290 3800 3424 3851 octo
3480 3794 3745 3850 carradae

2077 3888 2199 3944 vmi
2226 3888 2550 3960 plusquam
2577 3887 2818 3958 triginta
2848 3885 3128 3942 fratribus
3148 3901 3255 3958 per
3279 3900 3508 3940 annum
3531 3884 3592 3939 in
3622 3899 3749 3938 mo—

2078 3977 2341 4033 nasterio
2402 3977 2714 4034 Charitatis
2767 3975 3126 4041 suffecerint,
3182 3974 3346 4047 apud
3404 3973 3746 4029 Udalricum

2080 4065 2140 4119 in
2170 4066 2273 4120 lib.
2305 4082 2391 4135 ιιι,
2433 4081 2565 4136 cap.
2602 4071 2623 4119 1
2664 4082 2676 4118 :
2713 4065 2803 4117 Ad
2837 4064 2965 4118 hmo
2997 4080 3069 4118 ex
3113 4063 3302 4117 sancti
3331 4063 3555 4117 Odonis
3591 4078 3745 4133 prae-

2082 4153 2320 4224 scripto,
2332 4152 2628 4221 jejunium
2641 4156 2898 4222 quatuor
2910 4154 3251 4220 temporum
3267 4164 3472 4204 mense
3487 4151 3749 4220 Septem-

2079 4240 2192 4310 bri,
2218 4239 2322 4294 ubi
2348 4239 2476 4294 dies
2499 4237 2874 4294 exaltationis
2903 4242 3124 4292 sanctae
3155 4237 3356 4294 Crueis
3383 4241 3598 4309 quarta
3621 4253 3748 4292 sex-

305 4333 740 4385 eonseeratus.»
776 4328 890 4384 Sed
919 4328 978 4382 in
1001 4327 1093 4382 his
1123 4327 1266 4382 nihil
1294 4327 1468 4397 majis
1495 4326 1969 4383 consideratione
2009 4372 2050 4400 η
2083 4337 2211 4386 tave
2241 4329 2386 4384 feria
2406 4334 2510 4384 aut
2544 4328 2800 4384 sabbato
2823 4327 3192 4396 occurrebat,
3216 4328 3278 4384 in
3306 4343 3378 4384 ea
3409 4328 3748 4400 septimana

306 4418 579 4487 dignum,
614 4433 798 4490 quam
841 4416 1007 4489 quod
1039 4416 1112 4470 de
1139 4417 1506 4471 confectione
1532 4416 1866 4472 hostiarum
1891 4417 1969 4473 le-

307 4508 460 4576 gitur
486 4507 546 4562 in
581 4507 681 4562 lib.
715 4523 793 4571 Ill,
819 4523 950 4578 cap.
1003 4507 1085 4561 13.
1127 4506 1358 4578 Quippe
1390 4506 1756 4561 frumentum
1784 4528 1810 4556 ‹‹
1837 4523 1969 4576 gra-

306 4595 490 4651 natim
519 4595 868 4663 eligebatur,
902 4599 957 4649 et
1006 4594 1323 4649 lavabatur
1347 4593 1614 4649 studiose
1669 4610 1776 4666 per
1802 4595 1967 4666 ipsos

308 4684 533 4739 fratres.
569 4707 597 4732 »
629 4683 1029 4752 Colligebatur
1054 4682 1270 4738 deinde
1298 4683 1360 4738 in
1383 4683 1653 4739 saeulum
1688 4707 1715 4733 «
1747 4684 1826 4739 ad
1851 4686 1967 4741 hoe

309 4772 504 4827 solum
533 4777 906 4828 reservatum
934 4793 963 4824 ›
996 4777 1121 4828 tum
1152 4776 1456 4844 portatum
1482 4772 1560 4827 ad
1594 4773 1966 4829 molendium

307 4877 343 4916 a
389 4861 616 4917 famulo
645 4862 918 4934 probato,
948 4861 1051 4934 qui
1095 4862 1321 4917 molam
1354 4861 1594 4917 lavabat
1625 4867 1967 4934 utramque,

309 4951 734 5023 operiebatque
789 4974 814 4999 ‹‹
851 4967 1095 5005 sursum
1141 4957 1196 5006 et
1227 4950 1511 5006 deorsum
1541 4952 1804 5021 cortinis,
1840 4975 1866 5001 ››
1901 4970 1972 5007 ae

311 5037 574 5109 seipsum
595 5039 1050 5109 albainduebat,
1065 5040 1286 5094 amictu
1303 5040 1514 5094 faciem
1531 5041 1970 5112 praeturoculos

308 5127 627 5199 aperiente.
661 5130 883 5186 Eadem
933 5129 1510 5198 religioneeribratra
1531 5129 1742 5196 farina;
1772 5131 1968 5187 cribro

306 5216 618 5286 diligenter
648 5219 874 5274 abluto.
913 5219 1051 5273 Dein
1102 5218 1297 5287 major
1337 5217 1599 5273 ecclesia;
1649 5223 1875 5287 custos,
1920 5221 1968 5275 si

309 5307 586 5362 sacerdos
667 5313 790 5363 erat
866 5315 968 5363 aut
1070 5306 1381 5373 diaconus,
1486 5306 1716 5378 reliqua
1791 5308 1969 5380 perti-

308 5396 521 5455 eiebat.
598 5397 841 5452 duobus
916 5397 1044 5452 aliis
1113 5397 1390 5468 ejusdem
1484 5396 1712 5452 ordinis
1789 5405 1968 5470 atque

307 5497 428 5536 uno
482 5497 773 5537 converso
833 5480 1155 5536 adhibitis:
1217 5481 1264 5535 si
1321 5497 1442 5536 non
1510 5481 1789 5537 sacerdos
1870 5487 1975 5538 aut

307 5570 625 5638 diaconus,
723 5569 1012 5625 vicarium
1105 5571 1519 5640 substituebat.
1610 5573 1674 5626 Hi
1755 5578 1973 5645 quator

309 5653 492 5711 ﬁnitis
568 5654 864 5714 Matutinis
918 5651 1133 5709 faciem
1201 5671 1536 5728 manusque
1597 5656 1966 5714 abluebant:

2080 4418 2498 4491 peragebatur,
2528 4439 2555 4466 ‹‹
2589 4422 2654 4473 ut
2684 4434 2831 4472 crux
2856 4434 2892 4473 a
2913 4416 3173 4488 jcjeunis
3203 4417 3573 4473 adoraretur.
3598 4437 3627 4471 ι
3657 4421 3746 4473 An

2079 4514 2282 4564 autem
2322 4507 2449 4563 Odo
2494 4507 2807 4562 medicinae
2855 4522 3035 4561 usum
3082 4506 3359 4562 fratribus
3414 4506 3744 4575 indulserit,

2079 4597 2352 4652 dubitare
2395 4595 2531 4651 licet
2576 4612 2650 4650 ex
2708 4595 2954 4651 Joannis
3008 4594 3110 4651 lib.
3159 4609 3220 4651 ιι.
3273 4611 3442 4650 num.
3492 4598 3577 4662 14,
3622 4595 3745 4651 imo

2079 4690 2135 4741 et
2181 4703 2254 4742 ex
2301 4686 2452 4741 Petri
2502 4684 2872 4741 Venerabilis
2915 4683 3018 4739 lib.
3059 4700 3133 4751 vx,
3186 4683 3440 4756 epistola
3483 4688 3570 4739 39.
3606 4687 3745 4739 Car-

2078 4775 2430 4841 thusienses,
2465 4779 2620 4829 texte
2651 4773 2916 4843 Guigone
2946 4773 3007 4828 in
3053 4788 3187 4845 cap.
3220 4776 3310 4843 39,
3357 4795 3383 4820 «
3411 4771 3743 4843 medicinis,

2078 4867 2326 4933 excepto
2361 4861 2626 4917 cauterio
2669 4866 2726 4917 et
2769 4861 3080 4931 sanguinis
3112 4859 3466 4931 minutione,
3499 4875 3744 4933 perraro

2079 4951 2454 5006 utebantur.»
2474 4952 2886 5006 Minuebantur
2910 4966 3092 5022 porro
3123 4950 3183 5005 in
3211 4965 3372 5006 anno
3402 4951 3742 5024 quinquies.

2076 5039 2253 5112 Apud
2275 5039 2690 5095 Cluniacenses
2707 5039 3065 5111 procedente
3082 5045 3349 5111 tempore
3371 5055 3481 5095 sua
3500 5055 3744 5112 quoque

2077 5143 2284 5183 mense
2313 5128 2619 5196 assignata
2648 5131 2774 5182 erat
2814 5127 3133 5182 minutioni
3175 5127 3338 5196 dies;
3372 5144 3495 5200 quo
3536 5129 3653 5184 ritu
3682 5125 3745 5181 id

2077 5215 2242 5271 ﬁeret
2289 5215 2463 5271 docet
2511 5215 2818 5271 Udalricus
2870 5215 2932 5270 in
2976 5215 3081 5271 lib.
3129 5232 3195 5284 ιι,
3247 5232 3378 5289 cap.
3424 5216 3512 5271 21.
3559 5215 3744 5271 Minu-

2079 5303 2228 5360 tiora
2258 5305 2385 5359 haec
2412 5305 2599 5360 mitto.
2624 5304 2854 5376 Majoris
2873 5305 3165 5361 momenti
3188 5309 3280 5361 est
3305 5305 3367 5360 id
3387 5303 3552 5375 quod
3577 5305 3745 5378 apud

2079 5392 2360 5448 eumdem
2398 5393 2738 5450 Udalricum
2772 5392 2988 5464 legitur
3032 5394 3108 5449 de
3138 5391 3493 5449 educatione
3522 5408 3742 5466 puero-

2079 5498 2252 5537 rum:
2289 5482 2518 5555 Quippe
2541 5504 2568 5531 «
2592 5481 2832 5539 difﬁcile
2872 5481 3005 5537 ﬁeri
3028 5484 3246 5554 pomst,
3273 5485 3338 5537 ut
3381 5481 3538 5538 ullus
3582 5483 3740 5551 regis

2079 5569 2238 5625 ﬁlius
2268 5573 2496 5642 majore
2528 5572 2834 5642 diligentia
2861 5570 3158 5625 nutriatur
3185 5569 3246 5626 in
3275 5572 3521 5644 palatio,
3552 5585 3739 5641 quam

2078 5659 2487 5733 puerquilibet
2501 5661 2788 5717 minimus
2806 5659 2867 5714 in
2891 5657 3190 5717 Cluniaco.
3203 5683 3229 5710 ››
3253 5661 3439 5716 Verba
3457 5660 3584 5714 haec
3598 5660 3741 5714 sunt
