4154 6180
337 99 396 194 ές
1368 127 1908 188 PROLEGOMENA.
1942 153 2010 164 -
2046 125 2356 186 mecum
2398 136 2454 187 s.
2498 136 2780 192 onoms.
3309 145 3314 156 ί
3688 139 3758 192 22

339 261 602 332 Quaeque
627 256 786 312 enim
810 254 1172 310 monasteria
1218 253 1279 309 in
1336 268 1544 308 eorum
1574 250 1795 305 ﬁnibus
1827 263 1994 303 cons-
2034 257 2079 308 Α
2111 251 2270 306 vensi
2294 254 2371 308 ab
2405 256 2584 313 Etialo
2615 259 2829 314 comite
2877 258 3144 316 Tutelam
3193 257 3490 316 adductus
3545 257 3757 316 fuerat,

341 352 530 403 tructa
561 349 747 414 erant,
785 343 902 415 juri
956 342 1140 416 patris
1197 342 1382 397 nostri
1431 357 1500 396 ea
1547 339 1878 404 tradebant,
1933 339 1998 390 ut

338 441 546 492 nostro
577 451 740 490 more
773 433 1090 502 corrigeret
1119 435 1176 490 et
1213 431 1532 487 ordinaret.
1564 454 1591 479 .››
1625 426 1999 486 Monasterie-

341 542 476 582 rum
523 523 818 598 ejusmodi
879 526 1223 579 accuratam
1253 521 1546 578 rationem
1577 517 1724 574 inire
1761 513 1997 573 difﬁcile

341 614 556 672 fuerit:
590 614 769 670 obvia
817 616 1022 670 notare
1078 611 1350 672 sufﬁciat.
1402 611 1465 665 In
1523 609 1708 666 Gallia
1759 605 1999 662 invenio

342 704 502 776 apud
537 703 878 760 Lemovices
910 701 1330 757 Aureliacense
1359 703 1414 756 et
1443 699 1774 767 Tutelense,
1805 695 1997 752 Sarla-

340 797 501 850 tense
523 792 584 848 in
605 808 764 866 pago
790 790 1273 861 Petrocoricensi,
1299 790 1360 844 in
1383 786 1728 845 Bituricensi
1751 785 1999 842 Dolense

339 885 396 937 et
423 879 838 946 Masciacense,
870 879 930 934 in
953 877 1364 934 Aurelianensi
1413 877 1804 946 Floriacense,
1838 869 1996 946 apud

343 971 610 1027 Senonas
644 973 698 1027 S.
735 967 884 1025 Petri
908 969 1057 1036 Vivi,
1092 967 1256 1041 apud
1287 968 1561 1022 Turonos
1591 969 1646 1022 S.
1678 963 1911 1032 Juliani,
1941 961 2000 1016 in

339 1075 498 1131 pago
532 1058 844 1114 Waldensi
874 1056 1183 1113 abbatiam
1212 1059 1672 1121 Romanensem,
1721 1055 1778 1109 in
1811 1051 2000 1110 Matis-

342 1146 591 1203 conensi
621 1145 1057 1201 Carilocensem
1090 1162 1227 1200 cum
1259 1145 1406 1199 aliis.
1441 1145 1502 1198 In
1535 1143 1694 1198 Italia
1746 1141 2000 1209 legimus

345 1236 511 1308 apud
541 1237 831 1291 Joannem
863 1235 1164 1290 Ticinense
1197 1235 1382 1289 sancti
1424 1231 1755 1302 Augustini,
1791 1234 1998 1285 Roma-

345 1340 492 1379 num
519 1323 704 1378 sancti
737 1322 920 1385 Pauli,
962 1321 1381 1387 Adventinum,
1417 1319 1998 1392 Subpentonianum,

344 1418 400 1469 et
448 1411 908 1468 Salernitanum.
955 1415 1029 1466 tle.
1084 1412 1176 1466 his
1207 1411 1490 1468 omnibus
1523 1409 1806 1482 quaedam
1840 1407 2001 1463 stric-

339 1499 446 1555 tim
479 1499 876 1554 observanda.

411 1589 696 1645 Geraldus
718 1605 918 1644 comes
948 1588 1380 1644 Aureliacensis
1410 1583 2003 1658 (d’Aurillac)piissi-

338 1693 496 1750 mus,
521 1700 548 1728 ‹‹
570 1683 896 1752 postquam
921 1678 1122 1733 dixino
1143 1677 1324 1732 cultui
1356 1693 1486 1732 sese
1512 1675 1876 1748 mancipavit
1895 1689 2002 1746 per

339 1767 566 1840 omnia,
586 1771 650 1824 ut
666 1785 775 1826 sua
797 1784 1036 1840 quoque
1060 1767 1308 1822 Domino
1333 1769 1728 1830 consecraret,
1747 1767 2000 1819 Romam

339 1858 640 1934 profectus
659 1863 766 1926 est,
797 1863 850 1912 et
878 1857 1258 1912 Aureliacum
1290 1855 1520 1925 insigne
1548 1854 1841 1928 priedium
1863 1853 2002 1908 bea-

339 1951 400 2004 to
433 1951 598 2003 Petro
655 1946 1074 2020 apostolorum
1131 1945 1407 2020 principi,
1465 1945 1621 2000 facto
1661 1942 2002 1998 solemniter

341 2040 698 2094 testamento
731 2035 1049 2105 delegavit,
1087 2052 1225 2089 cum
1254 2035 1431 2089 tantis
1481 2032 1753 2089 videlicet
1783 2047 2002 2104 appen-

342 2125 534 2194 diciis,
559 2140 694 2198 quae
719 2124 1052 2192 monachis,
1077 2140 1231 2198 quos
1253 2123 1477 2177 ibidem
1500 2137 1866 2190 congregare
1887 2119 2006 2174 dis-

345 2219 642 2287 posuerat,
677 2214 754 2270 ad
805 2229 984 2268 omne
1030 2213 1389 2286 stipendium
1421 2209 1690 2266 sufﬁcere
1733 2213 1998 2283 possent.

343 2305 604 2357 Censum
635 2317 877 2374 quoque
904 2299 1217 2369 delegavit,
1242 2299 1346 2372 qui
1378 2299 1456 2354 ad
1490 2315 1705 2354 urnam
1726 2297 1890 2354 beati
1909 2300 2006 2352 Pe-

342 2393 412 2446 tri
446 2390 759 2446 annuatim
791 2389 1156 2456 redderetur,
1183 2412 1210 2438 ››
1241 2405 1460 2462 nempe
1493 2413 1516 2436 ‹‹
1545 2388 1754 2443 decem
1789 2386 2004 2443 solido-

345 2498 498 2547 rum,
524 2505 550 2528 »
577 2497 649 2536 ex
675 2478 878 2536 Odone
904 2479 966 2534 in
999 2478 1100 2534 lib.
1135 2496 1174 2535 ιι
1206 2478 1279 2533 de
1301 2479 1430 2550 ejus
1449 2479 1573 2534 Vita
1595 2493 1730 2550 cap.
1761 2480 1794 2532 4
1825 2481 1882 2532 et
1914 2477 1998 2532 17.

343 2571 471 2626 Odo
500 2567 666 2626 addit
695 2569 756 2624 in
783 2585 916 2642 cap.
945 2571 997 2638 6,
1023 2581 1398 2642 magnopere
1418 2565 1668 2622 anxium
1694 2566 1874 2620 fuisse
1897 2567 2002 2621 Ge-

342 2657 580 2715 raldum
607 2659 681 2714 de
712 2657 1086 2730 reperiundis
1118 2654 1429 2712 monachis
1459 2654 1748 2728 probatis,
1789 2654 1893 2732 qui
1923 2653 2004 2709 lo—

344 2765 486 2804 cum
514 2747 877 2813 incolerent;
928 2751 984 2802 et
1013 2763 1152 2802 cum
1189 2761 1312 2801 non
1349 2745 1682 2818 reperisset,
1713 2766 1738 2794 «
1773 2743 2002 2800 nobiles

343 2835 644 2910 quosdam
670 2853 891 2912 pueros
921 2835 1000 2892 ad
1033 2835 1332 2891 Vabrense
1373 2833 1713 2890 coenobium
1773 2835 1852 2900 (te
1879 2848 2002 2887 mo-

345 2923 584 2983 nastére
613 2927 686 2982 de
721 2927 933 2998 ναὸν-ρ)
969 2924 1273 2993 direxisse,
1307 2947 1333 2972 ››
1379 2923 1477 2978 ubi
1511 2946 1537 2974 ‹‹
1573 2921 1866 2993 regularis
1894 2922 2002 2977 ob-

345 3015 658 3070 servantize
719 3014 910 3069 fervor
941 3011 1356 3084 incalescebat,
1390 3036 1418 3062 »
1478 3014 1540 3066 ut
1571 3011 1737 3066 «sub
1791 3027 2004 3066 norma
2045 3007 2050 3012 ⁷

345 3103 660 3174 regulari,»
677 3102 902 3158 ibidem
919 3101 1329 3158 imbuerentur
1346 3120 1358 3168 ;
1389 3100 1494 3156 sed
1509 3115 1800 3170 reversos,
1819 3121 1846 3150 «
1862 3099 2006 3172 quia

345 3192 614 3262 magistri
643 3191 983 3259 defuerunt,
1009 3211 1039 3244 ›
1072 3207 1214 3246 mox
1248 3214 1274 3240 ‹‹
1299 3189 1549 3264 puellari
1575 3188 1821 3245 mollitia
1846 3204 2005 3244 reso-

343 3281 521 3352 lutos,
558 3281 816 3350 rigorem
864 3275 1194 3354 disciplinae
1241 3279 1570 3351 neglexisse
1613 3298 1624 3334 :
1672 3302 1699 3328 ››
1741 3282 2005 3336 attamen

349 3387 536 3426 unum
558 3370 642 3425 eis
662 3386 732 3426 ex
755 3369 1101 3428 necessitate
1122 3371 1466 3444 praefectum
1491 3368 1691 3434 fuisse,
1707 3367 1812 3442 qui
1831 3367 1910 3424 ob
1926 3367 2007 3426 la-

345 3459 541 3516 xiores
572 3476 770 3516 mores
803 3457 1054 3516 Geraldo
1097 3475 1389 3530 magnum
1440 3473 1762 3514 maerorem
1789 3457 2000 3514 attulit.

347 3550 554 3606 Nescio
567 3567 646 3611 an
658 3551 706 3606 is
723 3557 849 3607 erat
861 3549 1211 3620 Adalgerus,
1231 3567 1413 3624 quem
1431 3550 1696 3622 primum
1713 3547 2006 3604 Aureliaci

346 3640 628 3696 abbatem
658 3640 921 3712 suggerit
943 3640 1268 3695 cbronicon
1305 3637 1742 3708 Aureliacense,
1775 3638 2005 3694 editum

347 3727 406 3784 in
430 3734 591 3785 tomo
613 3731 656 3785 tl
683 3730 1106 3786 Analectorum
1135 3747 1147 3783 :
1173 3729 1265 3784 cui
1289 3727 1493 3784 abbati
1523 3728 1806 3784 suffectus
1828 3729 2008 3784 Joan-

345 3833 451 3874 nes
477 3833 552 3875 ex
583 3819 762 3892 stirpe
793 3819 982 3892 ipsius
1002 3817 1255 3887 Geraldi,
1283 3842 1310 3867 «
1331 3816 1501 3873 Oddo
1525 3811 1882 3874 venerabilis
1904 3817 2007 3876 ab-

344 3907 456 3964 bas
489 3907 690 3963 tertius
736 3908 1174 3963 Aureliacensis
1203 3913 1258 3962 et
1305 3907 1731 3978 Cluniacensis,
1764 3912 2007 3977 rogatus

347 4012 382 4052 a
414 3995 716 4067 Turpione
750 3996 1160 4050 Lemovicensi
1219 3995 1502 4068 episcopo
1557 4001 1612 4050 et
1645 3992 1722 4051 ab
1755 3995 2008 4052 Aimone

347 4081 648 4140 Tutelensi
674 4081 893 4138 abbate
913 4081 1226 4155 descripsit
1245 4083 1426 4138 vitam
1443 4081 1600 4138 beati
1621 4083 1874 4138 Geraldi.
1901 4083 2011 4138 Ha-

345 4169 478 4228 buit
507 4171 866 4228 coabbatem
895 4171 1232 4238 Arnulfum,
1263 4195 1290 4221 »
1330 4174 1409 4226 Ex
1437 4168 1840 4228 Aureliacensi
1884 4187 2011 4227 mo-

346 4261 605 4318 nasterio
635 4260 958 4317 arcessitus
985 4265 1074 4317 est
1109 4259 1255 4328 Odo,
1293 4265 1435 4317 teste
1465 4259 1741 4318 Aimoino
1762 4260 1822 4316 in
1853 4259 1957 4318 lib.
1989 4278 2005 4318 I

347 4351 420 4406 de
455 4350 756 4406 miraculis
797 4350 989 4416 sancti
1019 4349 1310 4406 Benedicti
1336 4367 1470 4424 cap.
1498 4351 1551 4421 4,
1585 4349 1660 4413 ad
1691 4350 2003 4407 restituen-

348 4440 491 4496 dam
521 4439 902 4517 disciplinam
953 4440 1013 4494 in
1061 4439 1338 4496 coenobio
1378 4438 1754 4512 Floriacensi,
1785 4456 2003 4512 procu-

350 4533 516 4585 rante
540 4528 826 4584 Eliziardo
859 4529 1094 4600 comite,
1146 4533 1358 4604 postea
1378 4530 1700 4598 monacho,
1731 4546 1805 4586 ex
1831 4533 2004 4587 Joan-

348 4633 424 4674 ne
450 4617 604 4674 infra
631 4617 692 4673 in
719 4617 824 4672 lib.
867 4633 950 4680 ιιι,
980 4633 1150 4672 num.
1191 4619 1242 4672 8.
1268 4617 1490 4676 Eodem
1514 4621 1801 4692 tempore,
1827 4618 1890 4674 id
1921 4621 2008 4675 est

349 4713 635 4777 regnante
675 4707 976 4763 Ludovico
1005 4706 1460 4778 Transmarino,
1485 4707 1817 4764 Bernardus
1838 4711 2006 4764 Petro

351 4798 668 4854 coricensis
708 4813 911 4854 comes
961 4798 1150 4852 sancti
1199 4793 1522 4854 Salvatoris
1572 4797 2007 4856 monasterium

353 4885 684 4942 Sarlatense
708 4887 800 4956 (de
817 4886 1070 4956 Sarlat),
1084 4884 1254 4958 quod
1283 4883 1526 4940 tandem
1546 4885 1607 4941 in
1629 4885 1832 4941 sedem
1849 4885 2005 4958 epis-

353 4973 627 5045 copalem
649 4973 850 5044 evasit,
885 4973 1127 5030 tradidit
1175 4996 1201 5021 ‹‹
1243 4974 1470 5029 domno
1502 4974 1736 5030 Oddoni
1769 4974 2006 5032 Clunia-

355 5062 514 5116 censi
553 5061 757 5118 abbati
784 5066 966 5136 atque
985 5055 1208 5118 Adacio
1236 5061 1513 5119 coabbati
1545 5063 1696 5134 ejus.
1724 5087 1750 5112 »
1783 5063 2007 5120 Litterae

353 5151 469 5207 hac
493 5150 566 5206 de
596 5167 657 5207 re
687 5151 992 5208 exstantia
1023 5156 1186 5207 tomo
1214 5151 1280 5205 IV
1303 5149 1500 5207 Galliae
1523 5151 1888 5223 tlhristianre,
1903 5151 2007 5208 sed

353 5257 492 5296 cum
523 5240 749 5314 aliquot
777 5241 980 5296 naevis.
1016 5240 1275 5313 Utrique,
1307 5240 1501 5297 Odoni
1530 5239 1748 5296 scilicet
1779 5240 2008 5300 Clunia-

353 5331 519 5386 censi
547 5329 754 5406 abbati
777 5333 953 5401 atque
987 5329 1206 5386 Adacio
1231 5330 1360 5402 ejus
1389 5331 1545 5385 vices
1563 5331 1802 5396 tenenti,
1828 5331 2009 5388 etiam

359 5419 674 5476 Tutelense
718 5418 1147 5474 monasterium
1208 5421 1284 5487 (le
1329 5415 1660 5476 monastére
1689 5419 1762 5477 de
1793 5421 2008 5487 Tulle),

356 5525 517 5564 nunc
548 5507 722 5564 sedes
753 5503 1128 5580 episcopalis,
1167 5507 1360 5580 paruit
1397 5508 1708 5566 Aimonem
1737 5509 2011 5582 superius

357 5600 786 5666 memoratum,
817 5592 923 5666 qui
949 5607 1021 5648 ex
1075 5595 1262 5650 sancti
1293 5595 1488 5654 Savini
1536 5596 1813 5654 ccenobio
1843 5597 2003 5654 Picta

2109 341 2291 410 tiujus
2317 344 2396 398 rei
2429 345 2696 418 diploma
2753 363 2787 402 a
2817 346 3067 402 Bodult‘o
3097 363 3233 420 rege
3265 363 3621 406 concessum
3651 346 3762 406 ha-

2102 427 2210 483 bes
2241 429 2299 490 iu
2331 434 2634 492 additioue
2668 439 2727 490 V.
2779 439 2840 490 (ἶ.
2876 435 3160 508 Stephani
3191 436 3406 494 Baluzii
3436 436 3762 496 Tutelensis

2106 519 2182 573 ab
2211 519 2312 584 lib.
2349 540 2446 581 ιιι
2478 521 2552 578 de
2602 523 2935 580 Concordia
2969 540 3102 596 cap.
3150 529 3238 580 25.
3272 529 3434 584 Tunc
3469 541 3602 587 vero
3630 541 3764 584 mos

2107 615 2250 680 erat,
2284 615 2346 668 ut
2374 614 2517 686 quia
2547 614 2820 688 pluribus
2846 613 3222 672 monasteriis
3238 631 3396 674 unus
3423 616 3571 672 haut
3599 615 3763 676 suﬂi-

2110 715 2239 754 cere
2261 705 2490 774 poterat
2508 703 2701 760 abbas
2733 703 3140 760 (lluniacensis
3164 722 3177 771 ;
3233 703 3448 760 iisdem
3477 706 3607 776 ejus
3635 705 3765 762 vice

2111 783 2470 861 proabbates
2524 811 2629 848 seu
2680 793 3002 852 coabbates
3039 791 3502 867 praeﬁcerentur,
3543 793 3766 865 quibus

2109 885 2317 952 postea
2350 881 2544 936 solum
2571 882 2782 954 prioris
2803 898 3026 940 nomen
3055 882 3326 940 relictum
3357 886 3462 940 est.
3491 881 3640 938 illud
3667 897 3769 955 pa-

2109 970 2187 1022 tct
2217 985 2286 1022 ex
2316 968 2504 1024 (ilurio
2527 969 2584 1024 in
2615 970 2894 1026 clironico
2929 971 2984 1026 S.
3018 970 3170 1026 Petri
3211 969 3333 1026 Vivi
3363 969 3530 1042 apud
3588 970 3767 1032 Seno-

2109 1071 2238 1122 nas,
2270 1073 2392 1136 quo
2423 1057 2481 1112 in
2510 1057 2642 1113 loro
2671 1059 2946 1114 Samsoni
2967 1059 3172 1114 abbati
3224 1083 3250 1107 ‹‹
3289 1057 3577 1115 successit
3599 1073 3768 1114 sanc-

2112 1145 2202 1200 tus
2237 1145 2386 1217 Odo,
2445 1147 2547 1220 qui
2600 1149 2930 1204 accersiens
2976 1148 3335 1206 Willelmum
3365 1147 3766 1220 archiepisco-

2109 1249 2276 1308 pum,
2307 1251 2442 1292 cum
2472 1252 2775 1292 consensu
2807 1237 3244 1295 monachorum
3279 1239 3334 1293 S.
3373 1235 3524 1295 Petri
3554 1234 3764 1309 praefe-

2109 1323 2185 1378 cit
2211 1322 2401 1380 eidem
2435 1324 2712 1379 cnmobio
2773 1325 3147 1394 Arigaudum
3195 1325 3498 1396 abbatem,
3531 1323 3766 1393 religio-

2110 1429 2245 1476 sum
2273 1417 2330 1468 et
2361 1411 2666 1470 timentem
2702 1417 2909 1484 Deum,
2974 1413 3348 1470 monachum
3378 1415 3432 1470 S.
3468 1411 3768 1472 Benedicti

2111 1517 2296 1574 supra
2329 1503 2599 1571 Ligerim.
2639 1526 2664 1550 ››

2180 1596 2268 1646 23.
2302 1591 2464 1648 Idem
2496 1593 2572 1648 ab
2605 1593 2809 1648 Odone
2830 1590 3160 1665 praestitum
3196 1594 3345 1663 puto
3375 1590 3436 1646 in
3467 1587 3768 1646 Turonico

2110 1679 2297 1736 sancti
2317 1680 2530 1738 Juliani
2561 1681 2856 1744 omnobio,
2875 1679 3043 1753 quod
3072 1684 3340 1752 tempore
3371 1678 3636 1750 Gregorii
3650 1678 3771 1751 epi-

2109 1769 2276 1842 scopi
2307 1774 2738 1837 constructum,
2773 1769 2878 1824 sed
2905 1785 2940 1824 a
2969 1767 3351 1824 Nortmannis
3380 1771 3590 1842 postea
3612 1783 3770 1824 ever-

2110 1876 2264 1925 sum,
2296 1875 2434 1915 cum
2494 1859 2731 1915 Teotolo
2775 1858 3283 1931 archiepiscopus,
3315 1857 3611 1916 Gersende
3637 1858 3769 1928 ejus

2111 1963 2312 2003 sorore
2343 1948 2647 2020 suppetias
2679 1948 2921 2020 ferente,
2949 1947 3362 2018 instaurasset,
3399 1968 3426 1996 ‹‹
3452 1945 3768 2004 ecclesiam

2111 2037 2171 2093 in
2196 2037 2489 2092 honorem
2514 2039 2614 2094 Dei
2643 2037 2938 2106 genitricis
2958 2036 3266 2108 sanctique
3290 2035 3504 2092 luliani
3531 2034 3768 2093 dedica-

2114 2125 2192 2181 vit
2217 2144 2229 2196 ;
2253 2130 2310 2180 et
2338 2127 2692 2182 coadunatis
2719 2126 3001 2184 fratribus
3026 2125 3309 2182 abbatem
3337 2124 3640 2198 praeﬁcere
3671 2140 3771 2180 cu-

2111 2215 2303 2287 piens,
2341 2215 2609 2271 Odoncm
2651 2215 2956 2285 abbatem,
2988 2215 3093 2288 qui
3123 2219 3263 2274 tunc
3299 2213 3465 2286 apud
3494 2217 3770 2271 sanctum

2112 2304 2498 2361 Benedictum
2523 2305 2894 2372 morabatur,
2918 2303 3198 2362 advocat.
3221 2325 3248 2354 ››
3275 2302 3771 2374 Martyrologium

2113 2393 2302 2452 sancti
2331 2392 2548 2449 Juliani
2567 2393 2630 2448 id
2651 2393 2876 2448 factum
2897 2391 3073 2463 refert
3101 2413 3127 2440 ‹‹
3149 2407 3310 2448 anno
3331 2392 3456 2460 943,
3479 2393 3770 2464 regnante

2113 2482 2409 2542 Ludovico
2434 2498 2571 2554 rege
2599 2498 2759 2539 anno
2783 2485 2834 2536 8.
2856 2499 2886 2538 ι
2919 2480 3034 2538 Sed
3049 2480 3112 2536 id
3129 2484 3369 2554 tempus
3391 2482 3479 2540 est
3499 2479 3772 2538 donatio-

2110 2572 2261 2628 nisa
2289 2571 2604 2628 Teotolone
2634 2575 2691 2627 et
2743 2570 3040 2628 Gersende
3094 2570 3286 2641 factae,
3341 2585 3467 2629 non
3522 2567 3772 2626 instituti

2111 2661 2271 2734 apud
2294 2667 2568 2718 sanctum
2588 2661 2890 2720 lulianum
2913 2660 3159 2730 Odonis,
3177 2675 3360 2732 quem
3371 2675 3533 2718 anno
3549 2673 3771 2732 prace-

2111 2750 2309 2818 dente,
2341 2751 2400 2806 id
2458 2755 2546 2806 est
2603 2765 2764 2806 anno
2805 2752 2928 2810 94'2.
2989 2749 3210 2806 obiisse
3241 2751 3492 2806 constat.
3549 2751 3600 2804 ls
3627 2763 3771 2804 vero

2110 2838 2168 2895 in
2194 2840 2382 2896 sancti
2396 2839 2610 2895 Juliani
2625 2839 2878 2894 ecclesia
2899 2855 3040 2896 cum
3061 2838 3378 2899 Teotolone
3400 2836 3772 2910 sepulturam

2111 2929 2386 2998 obtinuit,
2415 2933 2478 2984 ut
2501 2932 2710 3001 postea
2739 2927 3030 2984 dicemus.
3054 2927 3196 2996 Legi
3216 2925 3472 2998 ejusloci
3485 2924 3768 2989 chronici,

2112 3021 2248 3075 ante
2281 3031 2472 3072 annos
2501 3015 2862 3088 quingentos
2892 3014 3117 3087 scripti,
3148 3014 3576 3083 fragmentum,
3605 3011 3773 3084 quod

2113 3105 2438 3164 chronicon
2459 3104 2720 3163 divisum
2743 3107 2870 3160 erat
2888 3103 2950 3160 in
2970 3103 3125 3158 duos
3145 3101 3376 3160 libellos
3403 3117 3690 3173 :quorum
3710 3100 3772 3158 in

2111 3196 2308 3272 primo
2331 3217 2358 3244 «
2392 3193 2648 3252 abbatiae
2677 3192 2875 3266 prima
2901 3191 3213 3262 institutio,
3244 3189 3627 3248 institutionis
3656 3189 3770 3246 im-

2110 3285 2211 3358 pia
2241 3283 2585 3354 destructio,
2618 3281 3038 3338 destructionis
3067 3279 3169 3354 pia
3193 3274 3546 3338 restauratio
3574 3301 3602 3330 ››
3635 3293 3773 3334 con-

2109 3374 2409 3436 tinebatur
2434 3391 2447 3428 :
2477 3373 2539 3430 in
2571 3371 2838 3430 secundo
2864 3370 3139 3444 ejusdem
3180 3374 3368 3428 status
3423 3368 3502 3426 ab
3552 3368 3774 3425 instau-

2109 3464 2357 3528 ratione.
2395 3465 2475 3520 ΕΣ
2501 3461 2681 3536 primi
2709 3461 2891 3522 libelli
2939 3461 3242 3518 laciniosis
3273 3458 3646 3526 membranis
3677 3458 3769 3514 in-

2111 3553 2430 3624 telligimus
2485 3551 2675 3608 multa
2717 3555 3065 3608 sanctorum
3092 3566 3347 3623 corpora
3373 3549 3437 3606 in
3463 3547 3648 3606 sancti
3673 3549 3770 3604 Ju-

2108 3643 2252 3700 liani
2281 3641 2530 3698 ecclesia
2558 3640 2836 3714 primitus
2865 3640 3146 3713 reposita,
3169 3641 3476 3706 Danorum
3502 3642 3770 3712 tempore

2110 3731 2224 3788 alte
2252 3731 2422 3788 humi
2451 3729 2695 3786 defossa
2721 3729 2904 3785 fuisse
2940 3746 2952 3784 :
2986 3744 3060 3784 ex
3085 3727 3307 3802 quibus
3327 3725 3615 3800 quaedam
3642 3730 3767 3784 tum

2110 3820 2439 3890 restabant,
2465 3834 2685 3892 nempe
2710 3822 3060 3876 sanctorum
3089 3815 3455 3888 Bleviliguati
3498 3814 3766 3888 episcopi

2111 3909 2474 3979 Venetensis,
2504 3907 2675 3964 Lauri
2707 3907 2968 3976 abbatis,
2996 3911 3053 3964 et
3079 3905 3318 3966 Antonii
3350 3904 3656 3964 monachi.
3689 3906 3769 3960 De

2113 3999 2308 4071 primo
2339 3997 2420 4056 ait
2444 4001 2672 4063 auctor,
2701 3996 2868 4067 quod
2899 4019 2926 4045 ‹‹
2951 3994 3218 4068 pontifex
3245 3996 3626 4060 Morvunnus,
3658 4009 3689 4046 ›
3733 4007 3771 4048 a

2117 4084 2498 4156 Bleviligneto
2557 4106 2582 4133 ιι
2627 4083 2918 4154 septimus
2962 4100 2993 4134 ›
3047 4080 3410 4146 Venetensis,
3484 4078 3770 4151 quaedam

2117 4172 2230 4230 sibi
2257 4171 2517 4230 retulerit
2539 4169 2852 4242 miracula,
2878 4185 3015 4244 quas
3063 4172 3517 4228 commemorat.
3556 4191 3584 4218 «
3617 4165 3769 4225 Blin-

2115 4263 2363 4320 livetum
2391 4285 2419 4311 »
2450 4263 2641 4329 vocat,
2697 4275 2821 4319 non
2870 4263 3147 4329 sanctum
3179 4257 3452 4320 Albertus
3479 4256 3555 4317 de
3581 4259 3770 4316 lente

2116 4351 2354 4414 Relaxo,
2403 4364 2662 4422 eumque
2689 4349 2889 4410 statuit
2940 4348 3315 4420 trigesimum
3346 4347 3585 4408 tertium
3613 4345 3770 4420 epis-

2115 4457 2338 4516 copum
2375 4442 2764 4499 Venetensem
2793 4457 2806 4498 ;
2839 4442 3228 4502 Morvannum
3259 4453 3398 4494 vero
3429 4436 3768 4510 quadrage-

2113 4529 2334 4588 simum
2355 4543 2607 4585 nonum.
2625 4527 2836 4586 Subdit
2854 4527 3174 4598 fragmenti
3189 4525 3463 4599 scriptor,
3485 4528 3766 4595 Laurum,

2111 4633 2184 4674 ex
2241 4617 2539 4674 Britannia
2591 4621 2810 4686 ortum,
2863 4617 3126 4690 patriam
3179 4619 3578 4688 parentesque
3603 4613 3770 4670 dese-

2110 4705 2320 4776 ruisse,
2352 4707 2457 4762 sed
2486 4722 2596 4780 pro
2624 4704 2769 4778 ipsis
2797 4705 3094 4764 invenisse
3112 4726 3152 4764 .s
3173 4701 3542 4768 Judicaelem
3569 4699 3771 4760 Britto-

2110 4812 2256 4860 num
2286 4795 2505 4851 ducem
2533 4794 2852 4868 optimum,
2889 4819 2918 4845 »
2956 4794 3062 4867 qui
3095 4795 3226 4865 ejus
3255 4793 3316 4850 in
3350 4789 3634 4850 omnibus
3659 4789 3769 4849 ad-

2107 4885 2270 4956 jutor
2290 4883 2590 4942 exstiterit.
2617 4907 2644 4933 «
2669 4885 2850 4956 Cujus
2870 4884 2968 4955 adj
2977 4883 3169 4948 utorio
3197 4883 3352 4940 facto
3376 4880 3768 4950 monasterio,

2113 4973 2174 5030 in
2223 4971 2390 5028 omni
2419 4972 2725 5030 sanctitate
2757 4989 2897 5030 cum
2949 4971 3230 5043 subjectis
3258 4969 3475 5037 ﬂoruit,
3533 4973 3592 5028 et
3645 4972 3770 5027 tam

2113 5060 2300 5119 verbo
2329 5077 2516 5134 quam
2536 5060 2812 5134 exemplo
2836 5059 3096 5117 multum
3143 5059 3349 5118 multis
3396 5056 3642 5131 profuit,
3672 5071 3770 5114 cu-

2109 5151 2210 5222 jus
2240 5150 2457 5208 nobilis
2484 5151 2702 5224 vitalin
2739 5155 3065 5224 conspectu
3102 5149 3420 5210 hominum
3457 5142 3770 5214 religiosis-

2117 5240 2296 5311 sima,
2323 5243 2380 5295 et
2406 5239 2469 5296 in
2498 5243 2827 5313 conspectu
2857 5238 3092 5298 Domini
3111 5237 3330 5302 exstitit
3351 5233 3612 5308 pretiosa
3637 5249 3650 5288 :
3673 5249 3774 5291 eu-

2107 5333 2211 5401 jus
2241 5327 2419 5387 etiam
2449 5327 2571 5384 alta
2605 5328 2931 5386 sanctitatis
2959 5327 3264 5402 praeconia
3311 5320 3620 5382 cumulare
3649 5337 3773 5382 non

2117 5417 2332 5476 desinit
2355 5417 2786 5474 miraculorum
2815 5417 3024 5489 gloria.
3071 5419 3221 5478 Nam
3243 5428 3349 5486 per
3403 5412 3535 5485 ejus
3561 5411 3775 5472 sancti-

2119 5511 2300 5566 tatem
2328 5511 2452 5565 tam
2505 5507 2566 5578 in
2625 5507 2768 5578 vita,
2796 5523 2984 5580 quam
3013 5507 3150 5577 post
3195 5506 3452 5564 mortem
3489 5502 3774 5560 reforma-

2121 5603 2216 5656 tur
2243 5597 2541 5666 debilitas,
2572 5602 2632 5654 et
2651 5600 2897 5654 sanatur
2933 5593 3269 5666 inﬁrmitas,
3329 5593 3590 5651 maxime
3641 5587 3774 5643 loco
