4154 6180
308 159 375 211 25
1318 151 1855 219 PROLEGOMENA.
1888 178 1956 185 —
1988 144 2316 208 ELOGIUM.
2343 153 2399 210 S.
2434 157 2708 216 ODONlS.
3651 176 3721 228 26

308 296 483 350 num;
507 288 560 337 et
578 283 640 337 in
658 282 928 350 Domino,
947 295 1144 337 omnes
1164 288 1400 337 sanctos
1422 285 1568 352 ejus.
1592 287 1647 338 et
1668 272 1960 333 tremendi
1984 273 2034 327 Δ
2072 288 2172 328 VIII
2194 259 2454 335 Kalend.
2486 284 2653 339 Julii.
2686 285 2815 355 Ego
2841 287 3295 348 Hildebrannus
3321 295 3597 351 sacerdos
3639 297 3722 352 ad

298 371 524 439 judicii
545 370 698 426 diem
722 376 1015 426 contestor
1037 377 1091 427 et
1123 370 1681 441 deprecor,invadat
1700 383 1792 423 res
1809 367 1958 434 ipso-

307 475 439 514 rum
474 461 582 515 Dei
604 472 925 525 servorum,
943 475 1061 515 non
1088 461 1413 535 distrahat,
1430 476 1549 517 non
1572 458 1825 526 minuat,
1842 470 1956 509 non

300 551 649 619 procamiet,
702 565 820 605 non
879 551 1177 618 beneﬁciet
1254 552 1457 617 alicui,
1516 566 1633 606 non
1695 549 1955 619 aliquem

299 639 619 706 praelatum
684 653 864 707 super
911 654 1006 694 eos
1061 644 1273 695 contra
1326 655 1527 695 eorum
1587 640 1953 694 voluntatem

306 728 645 781 constituat.
680 727 754 781 Et
802 733 865 780 ut
895 727 1005 782 hoc
1036 729 1207 796 nefas
1238 728 1509 785 omnibus
1540 726 1872 784 temerariis
1901 729 1956 779 et

306 815 582 883 improbis
613 818 803 871 actius
836 816 1196 885 inhibeatur,
1233 818 1434 873 adhuc
1457 818 1610 873 idem
1641 816 1955 871 inculcans

301 902 619 974 subjungo.
640 902 889 960 Obsecro
920 919 1088 973 UOS‘,0
1120 907 1315 961 sancti
1344 907 1601 976 apostoli
1628 913 1679 961 et
1710 905 1959 975 gloriosi

299 995 601 1063 principes
632 999 829 1059 terrm,
849 995 1024 1050 Petre
1044 1000 1096 1049 et
1128 995 1399 1061 Paule,et
1430 1001 1485 1051 te
1504 995 1780 1064 pontifex
1802 1010 1954 1063 pon-

303 1084 529 1150 tiﬁcum
557 1083 895 1150 apostolica
923 1082 1095 1152 sedis,
1112 1088 1173 1137 ut
1193 1097 1304 1151 per
1331 1084 1744 1139 auctoritatem
1773 1097 1950 1137 cano-

304 1173 500 1226 nicam
534 1176 587 1226 et
617 1172 1005 1239 apostolicam
1028 1188 1205 1242 quam
1227 1188 1263 1227 a
1280 1174 1401 1228 Deo
1417 1174 1712 1241 accepisti,
1729 1173 1950 1227 alienes

304 1272 341 1312 α
363 1259 656 1313 consortio
680 1265 899 1313 sancta
918 1260 1030 1314 Dei
1054 1261 1331 1315 Ecclesiae
1347 1267 1401 1316 et
1428 1261 1797 1329 sempiterna:
1818 1262 1951 1315 vitae

296 1346 611 1413 praedones
638 1350 693 1400 et
705 1348 1006 1402 invasores
1024 1353 1202 1418 atque
1221 1349 1604 1405 dish-actores
1632 1350 1845 1405 harum
1862 1365 1951 1405 re-

299 1449 612 1505 rum,quas
627 1432 991 1504 supradictis
1012 1438 1194 1492 servis
1218 1438 1324 1493 Dei
1334 1436 1524 1494 hilari
1542 1444 1734 1494 mente
1749 1454 1948 1508 prom-

299 1529 519 1593 ptaque
550 1524 857 1580 voluntate
875 1525 1063 1580 dono:
1079 1527 1322 1597 sitisque
1344 1533 1565 1582 tutores
1587 1543 1657 1583 ac
1682 1528 1948 1597 defenso-

299 1628 392 1668 res
401 1615 535 1681 jam
547 1614 694 1669 dicti
719 1614 836 1669 loci
857 1615 1218 1680 Romanis,et
1245 1632 1550 1673 servorum
1572 1619 1682 1673 Dei
1700 1618 1783 1672 ibi
1796 1635 1950 1673 com-

298 1704 662 1758 morantium
695 1719 767 1759 ac
798 1707 1314 1772 commanentium,
1336 1707 1551 1762 harum
1584 1724 1815 1778 quoque
1833 1724 1950 1763 om-

300 1787 463 1845 nium
489 1793 854 1860 facultatum
885 1800 1133 1862 propter
1159 1796 1590 1863 eleemosynam
1618 1800 1670 1849 et
1701 1797 1951 1849 clemen-

300 1878 441 1936 tiam
466 1896 536 1936 ac
556 1883 1026 1938 misericordiam
1041 1882 1296 1953 piissimi
1308 1882 1713 1953 Redemptoris
1734 1885 1945 1939 nostri.

297 1970 369 2025 Si
389 1971 535 2041 quid
554 1973 736 2040 forte,
792 1973 951 2041 quod
974 1973 1147 2042 absit,
1181 1980 1235 2028 et
1268 1975 1426 2044 quod
1460 1990 1574 2042 per
1600 1976 1701 2029 Dei
1728 1976 1952 2029 miseri-

299 2060 566 2115 cordiam
579 2066 634 2115 et
646 2062 990 2128 patrocinia
1007 2063 1411 2130 apostolorum
1424 2064 1657 2118 evenire
1668 2079 1785 2117 non
1805 2065 1953 2118 aesti-

298 2163 415 2216 mo,
444 2154 507 2202 ut
535 2163 611 2204 ex
637 2151 994 2220 propinquis
1044 2156 1151 2205 aut
1180 2155 1503 2215 extraneis,
1538 2154 1631 2207 vel
1659 2167 1734 2206 ea;
1762 2154 1955 2223 quali-

300 2236 391 2293 bet
422 2237 778 2306 conditione,
812 2239 934 2293 sive
958 2244 1252 2308 potestate
1281 2242 1685 2311 qualicunque
1708 2243 1948 2296 callidi-

299 2332 421 2381 tate
447 2328 659 2382 contra
686 2325 796 2382 hoc
827 2333 1262 2399 testamentum,
1294 2330 1454 2399 quod
1474 2345 1586 2398 pro
1611 2346 1814 2386 amore
1844 2331 1956 2386 Dei

297 2417 734 2485 omnipotentis,
767 2431 838 2471 ac
869 2419 1248 2473 veneratione
1272 2420 1618 2488 principum
1649 2421 1948 2489 apostolo-

296 2518 432 2558 rum
460 2505 633 2560 Petri
654 2510 709 2559 et
737 2505 925 2559 Pauli
946 2506 1083 2573 fieri
1125 2508 1375 2576 sancivi,
1408 2508 1675 2577 aliquam
1708 2524 1952 2563 concus-

296 2596 517 2649 sionem
564 2596 796 2664 inferre
831 2597 1172 2661 tentaverit,
1221 2598 1481 2665 primum
1514 2598 1747 2669 quidem
1793 2600 1945 2655 iram

296 2683 405 2737 Dei
434 2684 855 2752 omnipotentis
914 2686 1209 2751 incurrat,
1260 2686 1621 2756 auferatque
1664 2689 1949 2742 Dominus

295 2778 526 2840 patrem
557 2775 684 2841 ejus
714 2773 786 2828 de
816 2778 979 2829 terra
1009 2774 1355 2843 viventium,
1386 2781 1440 2829 et
1472 2775 1698 2831 deleam
1737 2792 1949 2831 nomen

296 2862 424 2930 ejus
444 2862 517 2917 de
540 2861 693 2916 libro
726 2862 877 2927 vitas,
905 2864 1132 2933 ﬁatque
1171 2878 1320 2931 pars
1350 2864 1517 2917 illius
1548 2880 1679 2918 cum
1728 2863 1817 2919 his
1848 2866 1956 2935 qui

2068 365 2249 421 vicem
2269 373 2627 427 cancellarii
2643 375 2859 443 scripsi
2885 383 2941 432 et
2958 380 3288 451 subscripsi
3299 399 3458 439 anno
3488 387 3717 455 quinto,

2067 461 2355 522 regnante
2383 459 2647 529 Rodulfo
2676 463 3102 532 gloriosissimo
3130 484 3285 539 rege,
3320 472 3639 529 indictione
3658 489 3716 529 ιι.

2066 543 2281 600 Actum
2308 547 2549 615 publice
2569 552 2631 605 in
2664 553 2812 609 villa
2834 554 3075 611 Boiaco.

2138 656 2226 705 25.
2261 655 2573 712 Hactemus
2606 658 2896 731 diploma.
2942 665 3019 717 De
3052 666 3323 722 Romano
3353 671 3720 726 monasterio

2066 740 2194 796 haec
2223 742 2403 799 habet
2429 745 2577 802 liber
2603 749 2978 821 prioratuum
3007 752 3067 808 in
3097 753 3460 825 bibliotheca
3490 758 3723 817 Clunia-

2065 830 2262 885 censi:
2316 854 2342 881 ‹‹
2374 834 2671 891 Prioratus
2714 840 2963 895 Romani
3020 844 3364 900 monasterii
3419 845 3720 915 (Romans-

2064 923 2366 993 monstier)
2399 926 2790 983 Lausanensis
2816 930 3117 1001 dimcesis,
3167 932 3270 989 ubi
3313 934 3535 991 debent
3562 952 3718 1004 esse,

2062 1006 2257 1080 priore
2288 1020 2655 1086 computata,
2688 1018 2895 1087 viginti
2925 1020 3048 1076 duo
3078 1023 3381 1094 monachi,
3412 1024 3545 1081 licet
3572 1025 3721 1081 anti-

2061 1097 2261 1169 quitus
2290 1099 2506 1156 fuerint
2542 1103 2765 1175 plures,
2822 1108 2978 1164 sicut
3031 1111 3339 1181 reperitur,
3395 1117 3453 1168 et
3498 1112 3721 1170 debent

2060 1186 2285 1244 ibidem
2315 1190 2599 1247 celebrari
2630 1198 2747 1249 tres
2779 1196 2976 1252 missa:
3008 1214 3146 1254 cum
3171 1205 3333 1269 nota,
3369 1224 3396 1251 »
3428 1207 3538 1259 etc.

2131 1313 2218 1367 26.
2251 1314 2446 1370 Redeo
2473 1317 2546 1371 ad
2577 1334 2804 1390 pagum
2846 1320 3356 1392 Matisconensem,
3408 1326 3579 1397 cujus
3608 1326 3718 1383 ab-

2067 1399 2293 1457 batiam
2318 1404 2652 1473 Carilocum
2674 1407 2895 1463 dictam
2920 1410 3538 1482 (Charlieu),Joannes
3558 1430 3721 1486 papa

2066 1488 2142 1541 XI
2177 1490 2366 1547 Odoni
2396 1493 2519 1547 sive
2547 1496 2910 1553 monasterio
2952 1496 3343 1568 Cluniacensi,
3376 1500 3721 1572 postulante

2066 1577 2314 1646 Hugone
2374 1582 2728 1651 Burgundiae
2766 1600 2903 1654 rege
2932 1602 3038 1640 seu
3080 1586 3252 1653 duce,
3308 1587 3538 1644 addixit
3578 1612 3606 1638 ‹‹
3640 1604 3722 1644 vu

2064 1666 2195 1722 Kal.
2228 1670 2510 1736 Januarii,
2545 1687 2706 1726 anno
2740 1678 2793 1727 Η
2836 1673 3239 1745 pontiﬁcatus,
3267 1675 3470 1732 indict.
3505 1682 3557 1743 5,
3592 1701 3620 1726 ››
3650 1677 3713 1732 id

2060 1759 2149 1809 est
2173 1771 2333 1811 anno
2362 1761 2484 1813 932.
2512 1758 2674 1815 Idem
2705 1762 2972 1832 praestitit
2995 1762 3326 1818 Ludovicus
3356 1764 3721 1820 Transmari-

2059 1859 2174 1899 nus
2204 1848 2506 1902 concessis
2535 1847 2755 1915 litteris,
2789 1866 2941 1923 quas
2970 1851 3151 1907 habet
3188 1851 3553 1910 bibliotheca
3584 1854 3718 1910 Clu-

2061 1933 2355 1990 niacensis
2380 1936 2493 1993 col.
2536 1941 2659 1994 276.
2692 1938 3013 1995 Abbatiam
3059 1940 3217 1996 hanc
3244 1946 3458 2011 rogatu
3506 1942 3723 1998 Siraldi

2062 2023 2294 2079 comitis
2328 2028 2480 2080 Boso
2510 2043 2612 2082 rex
2632 2028 2948 2084 monachis
2980 2029 3335 2100 restituerat,
3368 2035 3431 2086 ut
3455 2035 3618 2104 patet
3644 2047 3721 2087 ex

2062 2112 2269 2166 charta
2298 2129 2333 2168 a
2363 2114 2742 2171 Guichenone
2796 2117 2954 2173 edita
2979 2118 3041 2173 in
3094 2118 3340 2175 historia
3386 2119 3721 2176 Sebusiana

2061 2216 2200 2272 pag.
2231 2204 2355 2273 375,
2390 2202 2491 2257 ubi
2538 2204 2784 2262 Cariloci
2815 2207 3247 2263 monasterium
3276 2207 3540 2264 dicatum
3570 2208 3715 2265 dici-

2060 2295 2154 2345 tur
2179 2313 2205 2337 ‹‹
2242 2290 2302 2346 in
2326 2291 2554 2347 honore
2583 2295 2637 2349 S.
2671 2295 3017 2367 Stephani,»
3051 2296 3353 2368 situmque
3386 2319 3413 2345 ‹‹
3446 2297 3507 2352 in
3534 2298 3715 2353 comi-

2060 2383 2185 2434 tatu
2215 2380 2542 2436 Matiscensi
2597 2398 2777 2455 super
2833 2384 3066 2439 Surnan
3098 2384 3418 2440 ﬂuvium.»
3444 2385 3719 2457 Diploma

2058 2469 2267 2525 datum
2297 2476 2384 2525 est
2416 2494 2441 2518 ‹‹
2476 2487 2532 2525 ιιι
2593 2475 2738 2527 Νοιι.
2776 2476 2907 2528 Dec.
2936 2472 3140 2529 indict.
3178 2477 3263 2544 i2,
3324 2489 3487 2530 anno
3515 2474 3715 2547 primo

2058 2559 2305 2614 Bosonis
2334 2559 2602 2616 Cariloco
2629 2562 3062 2633 monasterio,»
3098 2562 3157 2618 id
3178 2566 3270 2618 est
3294 2578 3456 2619 anno
3487 2566 3610 2618 879.
3639 2566 3721 2619 De

2060 2648 2326 2704 Cariloco
2355 2650 2568 2705 iterum
2600 2650 2661 2705 in
2691 2652 3018 2723 Aymardo,
3051 2652 3227 2708 infra.

2129 2760 2217 2811 27.
2254 2756 2517 2828 Denique
2548 2762 2758 2829 praeter
2812 2758 2948 2826 alia,
3000 2774 3260 2831 quorum
3320 2765 3716 2817 monumenta

2060 2843 2234 2899 nobis
2252 2844 2487 2911 desunt,
2504 2847 2869 2903 monasteria
2889 2847 3190 2903 Gallicana
3220 2847 3716 2905 Cluniacensibus

295 2950 583 3005 dixerunt
612 2950 772 3005 Deo:
802 2932 1071 3019 Domine,
1096 2949 1300 3005 recede
1319 2966 1355 3005 a
1384 2949 1640 3015 nobis,et
1672 2967 1805 3007 cum
1833 2932 1951 3009 Da-
1981 2967 2023 3023 ο
2064 2932 2177 3023 59b
2202 2932 2413 3023 ΑΟίῙΟΠθ
2444 2950 2760 3002 concessa;
2792 2936 3072 3007 quadam
3098 2937 3240 2992 item
3268 2936 3469 2993 Italica
3496 2938 3557 2993 in
3589 2938 3718 2994 Clu‘

297 3045 401 3093 tan
433 3044 484 3094 et
517 3037 767 3105 Abii-on,
800 3054 945 3109 quos
972 3043 1135 3093 terra
1162 3044 1369 3106 aperto
1399 3054 1501 3094 ore
1528 3039 1864 3109 deglutivit,
1898 3038 1953 3096 et

294 3128 455 3182 vivos
495 3127 770 3196 infernus
792 3125 1119 3190 absorbuit,
1148 3141 1465 3195 perennem
1490 3128 1764 3183 incurrat
1790 3128 1956 3184 dam-

295 3218 615 3278 nationem,
649 3216 957 3285 sociusque
996 3214 1174 3270 Judte
1185 3215 1515 3283 proditoris
1546 3217 1787 3271 Domini
1805 3217 1953 3286 effe-

294 3310 444 3372 ctus,
474 3304 709 3358 aeternis
734 3303 1098 3359 cruciatibus
1134 3309 1401 3358 retrusus
1442 3310 1735 3359 teneatur.
1766 3306 1847 3359 Et
1880 3321 1955 3361 ne

292 3395 347 3449 ei
372 3395 435 3448 in
475 3393 756 3462 praesenti
797 3394 1014 3449 saeculo
1043 3393 1330 3449 humanis
1360 3395 1549 3449 oculis
1588 3395 1832 3463 impune
1863 3398 1951 3451 vi-

292 3484 525 3549 deatur,
558 3484 621 3537 in
633 3484 887 3551 proprio
914 3483 1155 3553 quidem
1180 3498 1429 3552 corpore
1447 3484 1679 3552 futura?
1704 3485 1952 3542 damna-

295 3572 476 3627 tionis
503 3578 799 3627 tormenta
823 3573 1120 3641 patiatur,
1172 3573 1418 3627 sortitus
1461 3573 1759 3641 duplicem
1800 3576 1953 3632 dire-

290 3661 551 3727 ptionem
582 3675 715 3716 cum
746 3658 1070 3715 Heliodoro
1094 3665 1150 3715 et
1175 3660 1490 3725 Antiocho,
1512 3676 1764 3731 quorum
1795 3663 1953 3717 alter

293 3748 440 3802 diris
471 3748 807 3805 verberibus
840 3750 1128 3803 coercitus
1150 3749 1255 3803 via:
1278 3750 1593 3804 semivivus
1622 3752 1808 3806 evasit
1830 3768 1842 3805 :
1863 3752 1951 3806 al-

293 3842 382 3891 ter
410 3852 547 3892 vero
595 3843 750 3891 nutu
774 3852 1033 3906 superno
1082 3852 1422 3908 percussus,
1468 3840 1951 3907 putrescentibus

290 3942 439 3981 mem
448 3926 647 3991 bris,et
659 3926 1021 3981 scatentibus
1036 3927 1332 3981 vermibus
1350 3928 1682 3983 miserrime
1699 3930 1948 3994 interiit,

292 4014 635 4081 ceterisque
648 4013 955 4081 sacrilegis
974 4015 1079 4081 qui
1102 4014 1387 4068 aerarium
1400 4014 1607 4068 domus
1624 4017 1866 4069 Domini
1876 4020 1953 4070 te»

290 4116 527 4157 merare
548 4105 1088 4169 prtesumpserunt,
1109 4102 1410 4169 particeps
1440 4103 1684 4156 existat:
1715 4102 1950 4168 habeat,

289 4193 410 4247 nisi
440 4191 776 4260 resipuerit,
810 4190 1222 4246 archiclavum
1252 4191 1431 4244 totius
1470 4191 1836 4246 monarchiae
1864 4206 1951 4247 ec-

2061 3020 2215 3076 niaci
2244 3025 2599 3093 potestatem
2626 3026 2752 3077 tum
2780 3028 3089 3090 venerunt,
3123 3039 3341 3095 nempe
3383 3026 3718 3097 Suppento-

2061 3109 2270 3164 niense
2298 3108 2721 3180 Adventinum,
2770 3115 2828 3167 et
2854 3110 3043 3167 sancti
3091 3110 3255 3167 Pauli
3298 3114 3519 3180 Romte,
3551 3117 3618 3169 ut
3644 3129 3722 3169 ex

2059 3199 2285 3253 Joanne
2315 3197 2700 3253 manifestum
2734 3204 2841 3266 est,
2869 3204 3047 3271 atque
3081 3198 3721 3272 Salernitanum,cujus

2063 3284 2343 3340 fratribus
2367 3288 2627 3342 Joannes
2660 3285 2884 3342 Odonis
2931 3286 3117 3342 vitam
3153 3286 3470 3343 dedicavit.
3508 3288 3717 3344 Verisi-

2062 3371 2380 3429 millimum
2406 3379 2495 3430 est
2544 3374 2720 3430 etiam
2772 3375 3077 3430 Ticinense
3106 3376 3162 3430 S.
3222 3375 3370 3431 Petri
3401 3391 3474 3431 ex
3504 3391 3576 3432 eo
3604 3392 3717 3432 nu-

2062 3479 2227 3519 mero
2258 3463 2457 3531 fuisse,
2513 3481 2652 3520 cum
2683 3464 2812 3521 Odo
2842 3468 3031 3521 Roma
3076 3468 3380 3520 revertens
3425 3466 3719 3520 Joannem

2064 3557 2187 3608 tum
2201 3553 2580 3620 canonicum,
2594 3558 2802 3627 postea
2815 3554 3207 3623 monachum,
3222 3552 3304 3609 ibi
3321 3552 3721 3609 erudiendum

2060 3641 2379 3714 reliquerit,
2432 3649 2495 3699 ut
2536 3643 2663 3715 ipse
2692 3643 2767 3698 de
2794 3659 2855 3699 se
2891 3648 3137 3699 testatur
3164 3643 3226 3698 in
3255 3642 3356 3698 lib.
3388 3659 3429 3712 1,
3463 3658 3632 3698 num.
3661 3644 3716 3697 4.

2061 3731 2223 3786 Istud
2252 3736 2341 3786 est
2368 3732 2800 3788 monasterium
2847 3732 3034 3788 sancti
3065 3731 3213 3787 Petri
3259 3731 3319 3787 in
3349 3730 3722 3789 Caelo-aureo

2061 3826 2497 3894 nuncupatum,
2514 3827 2641 3877 tum
2659 3823 2849 3878 sancti
2879 3822 3191 3892 Augustini
3214 3822 3292 3877 ab
3316 3822 3445 3891 ejus
3471 3818 3721 3876 transla-

2061 3910 2219 3965 tione
2245 3910 2510 3981 corporis
2557 3911 2616 3966 in
2648 3927 2788 3966 eum
2818 3911 3040 3979 locum,
3094 3911 3168 3966 de
3197 3925 3320 3983 qua
3367 3909 3630 3966 diximus
3659 3908 3722 3963 in

2063 3998 2265 4054 saeculi
2286 3999 2435 4054 tertii
2464 4004 2632 4071 parte
2660 4016 2697 4052 ι.

2134 4107 2222 4159 28.
2260 4107 2337 4158 De
2367 4104 2629 4159 ecclesiae
2656 4106 2713 4159 S.
2762 4104 2924 4158 Pauli
2952 4118 3140 4176 prope
3189 4107 3439 4158 Romam
3468 4102 3719 4174 primor-

2065 4192 2180 4247 diis
2210 4192 2373 4247 varie
2404 4192 2672 4247 scribunt
2694 4196 2987 4248 auctores.
3012 4195 3159 4248 Sunt
3182 4193 3286 4264 qui
3307 4192 3567 4265 primam
3591 4191 3722 4261 ejus

292 4282 629 4345 clesiarum,
653 4281 869 4349 juncta
898 4279 1014 4334 sibi
1038 4284 1245 4335 sancto
1268 4281 1485 4349 Paulo,
1519 4280 1951 4347 obstitorem,et
1989 4308 2040 4364 ι)
2066 4281 2356 4351 originem
2394 4280 2473 4336 ad
2506 4280 2852 4337 Silvestrum
2890 4297 3116 4355 papam
3162 4287 3218 4338 et
3264 4279 3721 4338 Constantinum

292 4372 513 4426 amteni
534 4369 808 4439 paradisi
835 4368 1037 4424 aditus
1058 4369 1559 4425 contradictorem
1587 4386 1732 4440 quos
1762 4372 1953 4439 sibi,si

292 4461 485 4521 vellet,
519 4459 739 4515 habere
763 4464 998 4525 poterat
1028 4459 1320 4526 piissimos
1377 4461 1811 4515 intercessores.
1844 4462 1948 4515 Se-

293 4549 553 4603 cundum
584 4563 725 4603 vero
760 4548 1127 4603 mundialem
1158 4548 1339 4617 legem
1374 4549 1463 4603 his
1486 4548 1699 4618 quibus
1729 4550 1949 4604 intule-

294 4638 371 4691 rit
404 4638 798 4704 calumniam,
848 4642 1079 4691 centum
1110 4638 1252 4691 auri
1288 4636 1476 4691 libras
1507 4643 1749 4705 cogente
1787 4638 1953 4705 judi-

294 4727 489 4781 ciaria
518 4730 809 4793 potestate
839 4726 1178 4793 compulsus
1204 4726 1492 4792 exsolvat,
1534 4732 1587 4781 et
1618 4727 1951 4795 congressio

295 4815 459 4869 illius
485 4817 791 4890 frustratg
824 4816 1061 4869 nullum
1093 4816 1333 4869 omnino
1363 4816 1627 4870 obtineat
1651 4814 1952 4883 effectum:

294 4903 396 4956 sed
426 4903 605 4971 hujus
627 4904 885 4971 ﬁrmitas
909 4903 1247 4958 testamenti
1264 4904 1429 4957 omni
1440 4903 1804 4959 auctoritate
1828 4903 1954 4971 suf-

290 4992 457 5060 fulta
486 5006 717 5061 semper
745 4993 1038 5047 inviolata
1096 5006 1168 5046 ac
1197 4993 1549 5047 inconcussa
1594 4997 1947 5060 permaneat

294 5097 428 5135 cum
453 5080 841 5149 stipulatione
868 5081 1148 5135 subnixa.
1202 5082 1245 5133 8
1270 5080 1591 5148 Adelegdis
1641 5082 1951 5135 comitissm

292 5169 474 5237 regis:
503 5172 713 5226 matris
742 5176 796 5226 et
828 5170 1145 5227 abbatisste
1170 5168 1280 5223 hoc
1311 5173 1722 5223 testamentum
1752 5174 1953 5224 aucto-

292 5259 539 5313 risantis
562 5259 812 5330 ﬁerique
825 5257 1561 5328 jubentis.S.Hildegangi
1593 5259 1832 5327 indigni
1856 5273 1949 5313 sa-

294 5347 646 5404 cerdotis.S.
667 5348 924 5403 Hulrici.
956 5350 1019 5403 8.
1050 5349 1305 5403 Judittw
1331 5348 1476 5415 ﬁliae
1496 5347 1737 5414 Rodulﬁ
1769 5348 1942 5415 regis.

292 5436 350 5491 8.
381 5436 690 5493 Albradae.
722 5438 784 5491 8.
833 5437 1119 5492 Widonis.
1147 5439 1210 5493 8.
1244 5437 1496 5492 Einrici.
1529 5438 1589 5491 8.
1625 5437 1842 5506 Ugvnis
1862 5438 1947 5491 in—

294 5526 442 5594 clyti
470 5526 700 5581 comitis
742 5531 922 5595 atque
947 5525 1164 5591 fratris
1195 5527 1441 5596 augusti
1494 5525 1732 5592 Rodulﬁ
1766 5526 1943 5596 regis.

293 5615 356 5671 S.
390 5617 657 5685 Go/redi,
714 5617 776 5672 8.
806 5613 1046 5682 Rodulﬁ
1081 5614 1200 5682 ﬁlii
1241 5615 1526 5671 Ludovici
1545 5617 1941 5684 imperatoris.

292 5703 351 5759 S.
378 5705 690 5776 Stephani,
719 5704 1071 5771 Christiani,
1107 5704 1414 5772 Gen/redi,
1453 5705 1733 5772 Umberti,
1763 5707 1947 5761 Boso-

292 5794 406 5861 nis,
428 5795 714 5861 Bavonis,
744 5794 1085 5865 Leod/‘redi,
1150 5790 1468 5863 Wlitgerii,
1497 5794 1758 5862 Rodulﬁ.
1786 5796 1949 5851 Data

2062 4370 2483 4443 imperatorem
2515 4368 2793 4425 referunt.
2829 4370 2893 4425 In
2923 4386 2994 4425 ea
3042 4371 3334 4426 sententia
3366 4374 3453 4425 est
3484 4371 3596 4425 Leo
3626 4367 3721 4422 Al-

2062 4459 2240 4514 latius
2273 4459 2331 4513 in
2362 4458 2464 4515 lib.
2495 4476 2511 4513 ι
2569 4459 2643 4514 de
2674 4459 3067 4515 consensione
3122 4461 3432 4532 utriusque
3457 4457 3720 4514 ecclesiae

2061 4565 2192 4621 cap.
2222 4554 2252 4604 6
2313 4564 2478 4603 num.
2533 4552 2620 4613 26,
2657 4547 2758 4603 ubi
2789 4548 2871 4603 ait
2921 4548 3233 4604 basilicam
3289 4550 3344 4605 S.
3406 4545 3574 4602 Pauli
3622 4546 3723 4602 via

2062 4636 2311 4693 Ostiensi
2358 4636 2553 4693 forma
2580 4636 2724 4691 olim
2752 4636 2988 4709 e0pyla,
3014 4636 3074 4691 id
3118 4642 3206 4693 est
3236 4640 3411 4709 porta
3436 4635 3498 4689 in
3530 4634 3724 4689 orien-

2062 4731 2181 4781 tem
2211 4741 2523 4791 conversa,
2556 4742 2593 4780 a
2622 4725 2898 4782 Silvestro
2924 4729 3329 4781 constructam
3361 4722 3541 4778 fuisse
3567 4740 3579 4776 :
3615 4720 3722 4777 sed

2061 4813 2548 4869 Valentinianum
2585 4814 3029 4885 imperatorem,
3056 4812 3239 4869 Siricii
3271 4810 3570 4884 pontiﬁcis
3604 4810 3722 4867 dis-

2061 4902 2376 4975 positione,
2409 4902 2486 4957 ad
2518 4918 2653 4958 eam
2693 4918 2879 4975 quam
2910 4900 3089 4958 hodie
3136 4900 3412 4956 videmus
3461 4905 3719 4957 structu-

2060 5008 2190 5047 ram
2243 4992 2564 5055 eotholam,
2592 4993 2812 5047 'fronte
2868 4990 2945 5046 ad
2988 4990 3275 5047 orientem
3305 5007 3498 5060 versa,
3530 4990 3718 5055 redigi

2061 5083 2378 5137 curavisse.
2413 5085 2627 5138 Contra
2656 5096 2798 5136 vero
2829 5083 3032 5135 Petrus
3063 5080 3331 5137 Damiani
3373 5079 3716 5135 vatieanam

2061 5169 2246 5223 sancti
2280 5169 2428 5224 Petri
2454 5168 2767 5225 basilicam
2815 5169 3201 5225 Constantino
3232 5166 3459 5224 auctori
3490 5163 3713 5233 tribuit,

2061 5257 2391 5312 Ostiensem
2422 5258 2605 5312 sancti
2640 5256 2798 5312 Pauli
2830 5257 3162 5313 Theodosio
3199 5256 3416 5312 seniori
3444 5257 3501 5308 et
3528 5256 3718 5310 Hono-

2060 5344 2147 5399 rio
2177 5346 2307 5415 ejus
2337 5344 2477 5399 tilio.
2505 5347 2691 5399 Locus
2717 5350 2806 5399 est
2833 5345 2894 5401 in
2919 5344 3212 5418 opusculo
3236 5347 3290 5408 4,
3323 5342 3715 5412 responsione

2059 5437 2092 5489 4
2134 5433 2276 5503 regii
2325 5432 2677 5488 defensoris.
2747 5454 2773 5481 «
2835 5436 3030 5501 Longe
3085 5446 3225 5486 vero
3272 5434 3406 5503 post
3453 5429 3719 5487 Theodo-

2061 5523 2184 5579 sius
2254 5524 2580 5595 imperator
2650 5522 2811 5579 beati
2871 5519 3035 5577 Pauli
3094 5519 3407 5578 basilicam
3475 5520 3654 5593 caapit
3700 5534 3713 5571 :

2061 5630 2185 5685 quo
2211 5612 2495 5668 defuncto
2536 5611 2690 5665 ﬁlius
2721 5610 2850 5677 ejus
2883 5606 3174 5664 Honorius
3211 5609 3487 5667 eamdem
3514 5603 3716 5663 basili-

2063 5718 2201 5758 cam
2232 5701 2311 5758 ad
2350 5699 2576 5757 calcem
2606 5712 2797 5769 usque
2844 5694 3139 5770 perduxit.
3179 5720 3204 5743 ››
3254 5696 3416 5750 Idem
3474 5696 3607 5763 lego
3656 5691 3717 5748 in

2065 5791 2380 5848 veterrima
2410 5786 2615 5846 codice
2644 5783 2908 5843 ecclesia:
2951 5781 3467 5854 Noviomagensis,
3498 5781 3577 5842 ab
3607 5796 3716 5840 an-
