4154 6180
333 161 338 168 .
437 129 505 182 27
1633 121 1688 176 s.
1724 117 1868 174 ono
1898 108 2128 170 sanas
2155 71 2679 162 CLUNlACENSlS.
3802 105 3872 158 2t

439 249 533 305 nis
551 247 904 318 octingentis
927 241 1914 318 scripto,quilsidorietymologiae
1940 251 2099 293 com-
2117 198 2182 285 ’Δ
2212 229 2404 286 ϐθηδὶε
2432 227 2769 318 Ψοηᾶοῒψε
2798 226 2860 284 in
2885 223 3137 298 ePiStOIa
3168 223 3244 280 ad
3278 222 3557 318 Pontium
3588 221 3870 284 abbatem

442 339 742 412 plectitur;
776 335 878 392 ubi
903 337 1033 391 haec
1059 334 1272 391 verba:
1299 358 1326 384 ‹‹
1351 335 1414 389 In
1435 333 1685 390 basilica
1717 330 1904 388 sancti
1933 323 2100 383 Pauli

440 428 692 502 apostoli
707 424 1041 496 Romae,ubi
1054 441 1293 480 sacrum
1305 425 1435 494 ejus
1451 423 1752 496 sepultum
1764 423 1848 476 est
1861 431 2101 489 corpus.

504 515 786 578 Teudosius
810 515 982 578 coepit,
1007 513 1210 578 perfecit
1233 511 1483 578 Honorius
1503 513 1691 578 aulam,

501 577 726 628 Doctoris
741 573 920 626 mundi
937 573 1174 624 sacratam
1205 589 1401 640 cerpore
1433 573 1596 626 Pauli.
1625 594 1651 618 »

507 659 588 716 Eo
619 659 844 732 spectat
873 655 1466 721 Prudentius,auctor
1493 652 1761 727 aequalis,
1779 651 1838 706 in
1865 652 2094 723 hymno

440 751 504 804 12
533 747 608 803 de
637 746 830 803 Beatis
853 747 1021 802 Petro
1051 749 1107 800 et
1134 745 1336 802 Paulo.

498 836 643 885 Parte
666 835 768 885 alia
799 833 1004 884 titulum
1039 833 1181 883 Pauli
1213 834 1296 881 via
1319 841 1481 882 servat
1515 830 1781 887 Ostiensis,

559 898 666 962 Qua
697 896 897 962 stringit
921 895 1067 962 annis
1086 897 1323 962 cespitem
1347 895 1616 962 sinistrum
1872 953 1880 962 .

497 957 862 1024 Regiarpompa
886 959 995 1024 loci
1011 967 1111 1010 est:
1133 957 1551 1024 pii-inceps‘bonus
1583 957 1672 1006 has
1698 957 1908 1005 sacravit
1939 968 2092 1005 ξιτατ-ις,

561 978 568 1009 ε
603 975 652 1008 ia
681 975 862 1024 pompa
886 975 981 1008 106!
1011 975 1111 1010 eSt:
1141 975 1368 1024 princeps
1391 975 1546 1006 nonus.

561 975 804 1088 Eusitque
835 1021 1027 1088 magnis
1049 1019 1292 1088 ambitum
1328 1021 1546 1088 talentis.

497 1081 770 1134 Bratteolas
809 1083 1037 1133 trabibus
1056 1083 1297 1136 sublevit.
1324 1090 1378 1132 ut
1399 1081 1562 1130 omnis
1591 1081 1856 1130 aurulenta

561 1148 668 1196 Lux
693 1155 824 1196 esset
853 1147 1134 1208 intus.ceu
1161 1145 1314 1208 jubar
1343 1143 1604 1208 subortu.

499 1209 731 1258 Subdidit
759 1217 810 1272 et
832 1208 994 1272 parias
1015 1205 1176 1256 fulvis
1195 1205 1827 1272 laquearitluscolumnas.

562 1269 966 1334 Distinguifillic
996 1284 1122 1381 quas
1156 1269 1430 1342 quaternus
1459 1269 1592 1318 ordo.

562 1349 626 1381 Im
651 1347 874 1381 camuros
914 1332 1014 1381 hva
1037 1346 1065 1380 0
1089 1333 1274 1381 insugni
1302 1331 1446 1379 ναι-111³
1471 1343 1591 1378 cucu

499 1328 626 1382 Tum
651 1328 874 1382 caninros
914 1328 1065 1394 hyalo
1089 1328 1274 1394 insigni
1302 1331 1446 1394 varias
1471 1331 1686 1378 cucurrit
1717 1343 1872 1377 arcus.

558 1394 637 1443 Sic
664 1406 802 1459 prata
824 1393 989 1444 vernis
1013 1393 1224 1442 ﬂoribus
1254 1393 1500 1442 renident.

507 1478 641 1531 Haec
671 1477 746 1531 de
776 1475 1004 1541 origine
1031 1474 1289 1529 basilicre
1315 1493 1326 1528 :
1356 1490 1489 1544 quae
1515 1489 1637 1544 quo
1670 1477 1936 1542 tempore
1965 1488 2092 1526 mo-

2213 318 2308 376 his
2330 317 2561 374 verbis:
2594 339 2620 367 ‹‹
2684 317 2804 372 Ηο0
2836 319 3036 376 autem
3068 311 3522 380 monasterium,
3581 335 3608 362 ››
3653 328 3870 386 nempe

2209 406 2398 462 sancti
2425 405 2607 473 Pauli,
2663 428 2688 453 ‹‹
2721 402 3108 478 sequentibus
3137 401 3310 458 annis
3358 399 3754 459 commissum
3785 403 3873 459 est

2211 500 2419 554 sancto
2451 495 2646 555 Odoni
2692 499 2794 552 tuo
2826 491 3272 567 praedecessori,
3314 490 3418 547 ubi
3462 501 3570 562 per
3595 507 3734 547 eum
3773 487 3871 549 ali-

2207 586 2481 659 quandiu
2511 584 2883 642 Cluniacensi
2935 583 3102 650 vigor
3131 581 3360 638 ordinis
3393 581 3666 637 radiavit.
3719 577 3872 638 Tan-

2205 677 2346 732 dem
2375 675 2623 732 sediosis
2650 675 2797 730 urbe
2825 673 3062 730 turbata
3093 671 3377 741 motibus,
3419 686 3574 744 quos
3599 669 3700 726 illa
3735 670 3870 726 civi-

2204 770 2294 822 tas
2323 764 2583 822 infausto
2615 781 2729 820 usu
2760 761 3117 818 creberrime
3178 761 3422 834 patitur,
3456 758 3631 818 malis
3656 774 3870 830 urgen-

2203 855 2362 910 tibus
2392 855 2672 911 monachi
2726 852 3126 918 discedentes,
3171 867 3278 907 vas
3321 849 3468 905 illud
3514 847 3870 921 apostolico-

2202 961 2340 999 rum
2366 943 2654 1011 cinerum,
2691 943 2909 998 scilicet
2937 943 2991 998 S.
3015 940 3200 1008 Pauli,
3231 955 3400 995 sacra
3427 955 3632 994 secum
3660 937 3870 1014 pigno-

2203 1051 2271 1089 ra
2301 1033 2673 1090 detulerunt:
2731 1033 2936 1104 sicque
2963 1029 3316 1087 Cluniacum
3346 1045 3614 1102 paupere
3665 1045 3870 1104 perve-

2203 1128 2440 1179 nerunt.
2476 1146 2504 1172 »
2533 1121 2869 1179 Monasterii
2898 1120 3089 1176 sancti
3121 1118 3289 1178 Pauli
3321 1117 3514 1174 abbas
3541 1117 3649 1174 fuit
3678 1117 3867 1173 Adam

2207 1211 2322 1274 ille,
2351 1211 2522 1282 cujus
2548 1210 2916 1266 mentionem
2945 1207 3083 1264 fecit
3115 1207 3308 1262 Victor
3336 1221 3499 1278 papa
3527 1205 3599 1260 ΙΙΙ
3630 1205 3692 1262 in
3721 1205 3868 1264 lib.n

2205 1300 2286 1355 de
2316 1298 2620 1358 miraculis
2653 1298 2838 1356 sancti
2870 1295 3165 1353 Benedicti
3195 1311 3328 1368 cap.
3351 1299 3441 1365 25,
3475 1295 3551 1350 ad
3582 1310 3764 1366 quem
3791 1293 3869 1350 lo-

2207 1405 2346 1444 cum
2362 1387 2709 1460 scrupulum
2735 1392 2935 1443 movet
2961 1389 3220 1442 Joannes
3249 1383 3508 1460 Baptista
3529 1386 3722 1443 Marus
3749 1385 3869 1442 cui-

2203 1493 2348 1534 nam
2377 1481 2504 1534 tum
2541 1476 2878 1547 subjectum
2911 1474 3086 1531 fuerit
3134 1473 3322 1530 sancti
3375 1471 3538 1528 Pauli
3568 1475 3866 1530 monaste-

433 1567 644 1622 nachis
677 1577 964 1620 concessa
986 1563 1077 1631 sit,
1115 1562 1603 1632 investigandum
1637 1567 1740 1616 est.
1777 1561 1838 1616 Id
1869 1561 2088 1617 factum
2135 1581 2178 1634 Β
2205 1565 2382 1630 rium,
2413 1563 2862 1635 congregationi
2890 1561 3282 1630 Cluniacensi,
3306 1577 3384 1618 an
3417 1559 3741 1618 Casinensi.
3761 1562 3867 1616 Du-

435 1658 571 1708 ante
601 1653 872 1708 Odonem
901 1651 1094 1706 innuit
1121 1653 1379 1706 Joannes
1401 1651 1458 1704 in
1487 1650 1588 1705 lib.
1622 1667 1660 1716 1,
1683 1667 1852 1706 1111111.
1881 1656 1970 1715 .27,
1990 1650 2093 1705 ubi

433 1739 515 1797 ait
544 1741 816 1796 Odonem
846 1763 872 1788 α
904 1743 1042 1794 ante
1062 1738 1567 1811 quinquennium,
1599 1762 1627 1787 ››
1647 1755 1833 1810 quam
1859 1744 1990 1809 ejus
2015 1742 2094 1796 vi-

431 1833 554 1884 tam
586 1828 889 1898 scriberet,
923 1850 950 1876 ‹‹
984 1831 1236 1884 Romam
1290 1827 1643 1899 perrexisse,
1679 1842 1747 1882 ac
1797 1834 2100 1886 monaste-

431 1917 589 1972 rium
618 1917 770 1972 inlra
796 1915 1110 1972 ecclesiam
1147 1914 1481 1970 beatissimi
1521 1913 1680 1970 Pauli
1723 1917 1978 1988 apostoli
2005 1919 2100 1986 (ut

437 2005 578 2062 olim
611 2005 824 2077 fuerat)
855 2003 1270 2064 rerediﬁcasse,
1297 2007 1545 2072 cogente
1568 2004 1796 2060 domno
1825 2021 2004 2078 papa.
2039 2019 2091 2064 et

433 2095 728 2152 universis
756 2094 1069 2150 ordinibus
1095 2109 1276 2149 sacrae
1310 2093 1522 2148 sedis.»
1555 2097 1705 2162 Ergo
1737 2117 1764 2144 «
1797 2095 1936 2150 olim
1971 2097 2092 2153 fue-

431 2188 524 2241 rat
555 2207 582 2233 »
603 2183 687 2238 ibi
717 2184 1155 2238 monachorum
1185 2183 1378 2250 sedes,
1430 2181 1650 2254 quibus
1679 2197 1814 2238 eam
1843 2185 2093 2241 restituit

433 2271 560 2329 Odo
595 2271 711 2328 sub
743 2286 972 2327 annum
999 2274 1252 2342 937,quo
1285 2273 1484 2325 Romae,
1511 2276 1728 2340 erat,ut
1757 2276 1964 2344 postea
1994 2291 2089 2328 ex-

439 2375 759 2433 ponemus.
809 2359 970 2414 Idem
1024 2361 1281 2414 Joannes
1328 2358 1505 2413 variis
1553 2358 1615 2412 in
1666 2358 1811 2414 locis
1844 2362 1897 2415 8.
1927 2361 2088 2416 Pauli

435 2448 975 2516 monasterium,ac
1006 2448 1337 2502 monachos
1365 2448 2088 2522 memorat,abbatemque

431 2535 825 2592 Balduinum:
858 2535 960 2590 sed
994 2539 1050 2589 et
1079 2538 1353 2589 sanetum
1379 2534 1649 2591 Odonem
1678 2535 1924 2607 ibidem,
1948 2554 2087 2594 cum

431 2627 631 2680 Romae
661 2628 1009 2687 versaretur,
1033 2622 1250 2692 degere
1272 2621 1512 2678 solitum
1534 2623 1716 2678 fuisse
1736 2625 2088 2697 tradit,praa-

433 2711 632 2768 sertim
665 2711 724 2768 in
755 2711 858 2767 lib.
896 2728 952 2774 11,
1008 2727 1178 2768 num.
1211 2712 1270 2767 2|
1303 2717 1358 2767 et
1384 2716 1470 2768 22.
1514 2715 1714 2784 Neque
1743 2715 1857 2770 hoc
1889 2715 1946 2772 in
1978 2716 2086 2771 du-

431 2800 601 2856 bium
629 2816 841 2858 vocare
868 2804 1079 2872 potest,
1107 2801 1606 2874 quandoquidem
1637 2804 1900 2860 Joannes
1956 2806 2084 2877 ipse

2203 1653 2416 1710 bitanti
2443 1653 2591 1708 ratio
2622 1653 2838 1724 petitur
2889 1669 2963 1708 ex
2994 1669 3065 1708 eo
3091 1650 3259 1724 quod
3317 1649 3562 1706 abbatia
3593 1650 3648 1705 S.
3679 1647 3860 1704 Pauli.

2203 1745 2347 1799 teste
2375 1745 2563 1797 Leone
2586 1741 2913 1799 Marsicano
2943 1740 3003 1800 in
3033 1739 3136 1796 lib.
3170 1757 3187 1794 1
3219 1737 3493 1796 Chronisi
3527 1736 3865 1794 Casinensis

2203 1845 2338 1902 cap.
2367 1828 2764 1891 58.Balduino
2797 1827 2998 1884 abbati
3033 1843 3068 1882 a
3101 1826 3322 1884 Marino
3353 1841 3514 1900 papa
3544 1824 3866 1881 commissa

2202 1921 2312 1974 est.
2327 1917 2492 1974 Unde
2520 1916 2858 1974 Desiderius
2889 1932 2994 1971 seu
3027 1915 3226 1972 Victor
3255 1930 3438 1990 papa,
3456 1914 3560 1987 qui
3590 1918 3646 1970 et
3674 1912 3866 1969 abbas

2206 2004 2567 2075 Casinensis,
2599 2009 2742 2071 erat,
2806 2003 2995 2059 sancti
3023 2003 3188 2059 Pauli
3235 1997 3670 2060 monasterium
3701 2024 3727 2050 ‹‹
3761 2018 3864 2071 no-

2204 2097 2392 2150 strum
2418 2114 2444 2142 »
2460 2099 2652 2154 vocat.
2669 2097 2885 2150 Verum
2905 2093 2986 2149 ita
3010 2092 3179 2166 loqui
3203 2092 3397 2166 potuit
3417 2091 3626 2157 habita
3637 2090 3863 2145 ratione

2204 2182 2543 2239 communis
2583 2182 2830 2248 ordinis,
2884 2198 3025 2238 cum
3045 2181 3214 2238 nulla
3245 2185 3388 2236 tunc
3437 2185 3592 2236 esset
3621 2195 3865 2249 congre-

2201 2273 2362 2342 gatio
2399 2270 2755 2340 Casinensis,
2773 2271 2896 2326 imo
2926 2286 3124 2342 neque
3147 2268 3552 2326 Cluniacensis
3575 2285 3646 2324 eo
3659 2269 3861 2338 modo,

2200 2377 2324 2432 quo
2353 2363 2562 2433 postea
2593 2359 2706 2416 sub
2741 2363 2794 2420 S.
2830 2363 3076 2429 Hugone
3102 2359 3368 2418 instituta
3395 2363 3505 2414 est.

2271 2453 2358 2506 29.
2394 2449 2490 2506 His
2521 2449 2802 2506 omnibus
2833 2443 3086 2522 aliisque
3116 2449 3388 2522 pluribus
3418 2447 3706 2504 coenobiis
3737 2447 3864 2502 uni-

2198 2537 2454 2596 formem
2483 2537 2722 2600 vivendi
2747 2554 3048 2608 normam,
3081 2537 3277 2612 qualis
3321 2537 3484 2610 apud
3515 2536 3862 2594 Cluniacum

2197 2627 2570 2696 servabatur,
2597 2627 2964 2702 praescripsit
3019 2629 3167 2694 Odo,
3199 2627 3404 2700 eisque
3441 2626 3678 2699 praefuit
3735 2642 3862 2681 non

2195 2732 2367 2772 secus
2396 2721 2577 2790 atque
2607 2717 2798 2774 abbas
2831 2717 3146 2787 generalis.
3178 2718 3317 2784 Quae
3344 2731 3439 2770 res
3472 2730 3506 2770 a
3541 2713 3595 2767 S.
3629 2713 3856 2770 Pacho-

2198 2804 2321 2862 mio
2343 2804 2620 2877 primitus
2653 2805 2921 2864 instituta
2951 2806 3010 2862 in
3045 2805 3298 2872 Oriente,
3319 2802 3381 2858 in
3413 2800 3728 2858 Occidente
3753 2817 3861 2873 per

431 2905 569 2990 cum
595 2890 801 2990 Qdone
819 2979 834 2990 ‘
856 2891 984 2990 istic
1008 2894 1276 2990 moratus
1306 2890 1395 2946 sit.
1435 2893 1498 2990 Et
1525 2895 1726 2948 tamen
1755 2892 1816 2950 in
1841 2896 2082 2966 optimae
2115 2931 2155 2990 ρ
2196 2894 2580 2952 Benedictum
2611 2896 3016 2952 Anianensem
3037 2891 3536 2962 tentata,demum
3555 2887 3632 2948 ab
3651 2889 3863 2990 Odone

430 2982 588 3036 notae
615 2979 770 3036 libro
799 2979 872 3035 de
903 2979 1018 3036 vita
1051 2980 1236 3036 sancti
1261 2980 1505 3036 Joannis
1546 2981 1779 3039 abbatis
1811 2985 2081 3042 601³21011-

430 3070 511 3126 sis
539 3069 754 3127 dicitur
779 3070 1047 3126 Andreas
1073 3071 1410 3126 monachus
1441 3091 1477 3119 «-
1495 3074 1747 3128 Romam
1775 3074 1848 3128 ad
1883 3082 2084 3146 postu-

429 3159 715 3216 lationem
771 3175 946 3230 papte
985 3159 1218 3230 Agapiti
1259 3181 1286 3208 ››
1345 3159 1584 3230 missus,
1641 3161 1744 3232 qui
1798 3167 2084 3235 Agapitus

429 3263 570 3302 cum
589 3247 798 3302 nuntio
822 3247 1091 3318 quodam
1111 3247 1328 3302 idoneo
1349 3263 1490 3302 vero
1511 3248 1766 3304 multum
1789 3265 1825 3303 a
1851 3250 2081 3306 domno

435 3333 678 3390 Einoldo
709 3357 738 3384 n
793 3334 1014 3389 Gorziaa
1071 3335 1289 3391 abbate
1313 3359 1340 3386 ‹‹
1374 3335 1796 3406 eﬁ‘agitaverat,
1842 3337 2077 3411 aliquos

432 3424 543 3479 sibi
595 3422 922 3493 religiosos,
979 3439 1132 3494 quos
1169 3423 1230 3478 in
1280 3425 1647 3481 monasterio
1689 3425 1846 3482 beati
1895 3428 2077 3499 Pauli,

429 3509 748 3582 quodtunc
777 3511 855 3566 ad
886 3511 1285 3568 monasticum
1308 3512 1582 3570 ordinem
1614 3514 1926 3570 transferre
1957 3535 2082 3572 mo-

427 3598 700 3664 liebatur,
734 3615 873 3655 cum
901 3601 1123 3656 auxilio
1152 3601 1308 3670 regis
1339 3602 1554 3657 Albrici
1581 3603 1896 3660 collocaret
1924 3611 2082 3663 tran-

431 3686 632 3754 smitti,
665 3701 786 3759 quo
821 3705 959 3744 cum
990 3689 1174 3744 altero
1198 3689 1466 3761 quodam
1502 3690 1697 3752 fratre.
1727 3692 1828 3763 qui
1857 3710 1929 3748 ex
1953 3713 2083 3750 mo-

429 3776 686 3831 nasterio
733 3777 994 3834 Luxovio
1027 3778 1295 3834 Gorziam
1338 3784 1473 3834 ante
1502 3779 1730 3853 aliquot
1755 3797 1947 3840 annos
1979 3785 2080 3840 ad-

427 3869 688 3932 venerat,
729 3866 1072 3939 perductus,
1125 3866 1380 3935 regulari
1419 3867 1782 3926 institutione
1831 3872 2078 3929 1000111-

429 3951 706 4022 formato,
739 3969 862 4010 non
917 3954 1105 4010 multo
1159 3959 1294 4027 post
1323 3961 1596 4029 receptus
1623 3957 1700 4014 ad
1761 3961 2076 4018 Dominum

427 4042 650 4106 ibidem
668 4049 760 4101 est
775 4045 1123 4104 tumulatus.
1143 4069 1168 4095 »
1186 4047 1476 4120 Agapitus
1495 4047 1698 4104 sedere
1725 4050 1902 4123 coepit
1917 4067 2077 4108 anno

426 4138 642 4206 quarto
670 4140 808 4206 post
843 4140 1094 4193 mortem
1143 4136 1384 4204 Odonis,
1433 4137 1643 4194 Christi
1691 4139 1911 4196 scilicet
1952 4147 2074 4200 946.

427 4223 536 4288 Qui
563 4239 706 4290 ergo
732 4223 884 4278 ﬁerit
907 4225 1116 4296 potuit,
1146 4230 1207 4281 ut
1239 4225 1583 4282 coenobium
1617 4229 1672 4284 S.
1708 4229 1888 4296 Pauli,
1912 4233 2075 4302 quod

426 4309 540 4364 sub
571 4309 776 4365 Odone
809 4311 1151 4367 monasticis
1201 4311 1502 4368 imbutum
1533 4314 1814 4374 institutis
1865 4318 2074 4388 fuerat,

426 4395 628 4453 denuo
650 4398 904 4470 Agapito
930 4399 1210 4472 pontifice
1240 4422 1267 4448 ιε
1283 4399 1359 4456 ad
1391 4404 1790 4460 monasticum
1807 4407 2077 4466 ordinem

427 4487 730 4546 transferri
760 4511 788 4538 ››
821 4484 1077 4561 poterit?
1111 4490 1223 4548 Sed
1272 4491 1333 4548 in
1361 4491 1726 4556 restitutione
1751 4495 2079 4570 disciplinae

424 4576 717 4646 regularis
747 4575 1220 4649 intelligendum,
1245 4595 1433 4653 quam
1449 4581 1670 4639 mirum
1699 4591 1787 4640 est
1817 4591 1938 4642 tam
1967 4589 2080 4644 cito

427 4664 509 4722 ibi
538 4665 846 4723 defecisse.
882 4670 1044 4724 Certe
1081 4667 1378 4726 defecerat
1407 4672 1616 4727 Ottone
1661 4673 1704 4726 Il
1728 4673 2078 4746 imperante,

427 4760 530 4812 aut
559 4772 704 4813 sane
733 4773 804 4812 eo
831 4761 1120 4829 praetextu
1159 4775 1303 4816 usus
1329 4763 1413 4816 est
1441 4762 1592 4830 Otto,
1623 4763 1728 4834 qui
1757 4767 2080 4822 canonicos

355 4907 362 4914 ι
426 4843 592 4913 apud
649 4845 1004 4902 S.-Paulum
1053 4845 1186 4904 loco
1235 4847 1586 4905 solutiorum
1644 4855 2080 4914 monachorum

423 4929 726 4990 instituere
745 4934 1166 5001 meditabatur,
1189 4941 1336 4993 teste
1368 4935 1583 4994 Glabro
1611 4941 1864 4998 Bodulfo
1889 4943 1949 4999 in
1975 4944 2080 5002 lib.

427 5035 468 5090 1,
497 5035 632 5094 cap.
663 5025 716 5078 4.
769 5023 1073 5096 Quidquid
1119 5024 1215 5089 sit,
1263 5026 1638 5084 Ostensiense
1667 5030 1722 5085 S.
1761 5031 1927 5086 Pauli
1959 5049 2086 5089 mo-

424 5110 772 5178 nasterium,
825 5112 932 5168 etsi
955 5113 1236 5170 Cluniaco
1287 5129 1407 5170 non
1437 5117 1677 5188 penitus
1719 5118 2082 5195 subjectum,

423 5199 749 5260 identidem
774 5206 973 5258 tamen
995 5202 1133 5260 inde
1163 5203 1473 5276 praefectos
1512 5207 1740 5278 accepit
1765 5227 1776 5263 :
1805 5209 1974 5279 cujus
1999 5212 2084 5268 rei

425 5295 851 5356 argumentum
900 5293 1103 5348 Petrus
1163 5293 1433 5350 Damiani
1459 5296 1803 5368 suppeditat
1825 5297 1882 5352 in
1939 5313 2086 5370 opu-

427 5375 592 5432 sculo
615 5381 680 5432 35
713 5377 816 5434 ubi
848 5379 922 5434 de
955 5381 1010 5437 S.
1044 5381 1252 5438 Maiolo
1300 5387 1442 5453 agit,
1474 5384 1578 5455 qui
1607 5385 1771 5456 apud
1809 5390 2082 5442 sanctum

425 5465 675 5524 Paulum
704 5469 967 5540 priorem
1015 5471 1285 5541 instituit,
1317 5477 1381 5528 ut
1409 5473 1470 5528 in
1514 5474 1658 5530 actis
1692 5477 1746 5531 S.
1781 5475 1970 5532 Maioli
2001 5476 2086 5531 di-

426 5569 650 5616 cemus.
681 5557 948 5630 Denique
974 5558 1037 5616 id
1063 5559 1282 5618 diserte
1312 5559 1629 5618 conﬁrmat
1661 5564 1829 5632 Hugo
1854 5563 2087 5623 Clunia-

2191 2983 2454 3055 perfecta
2484 2988 2590 3041 est.
2609 2983 2774 3051 Unde
2800 3000 2836 3039 a
2864 2983 3172 3042 nonnullis
3199 2983 3252 3036 S.
3275 2979 3570 3038 Benedicti
3591 2978 3651 3034 in
3675 2975 3860 3034 Gallia

2191 3071 2419 3126 ordinis
2449 3073 2657 3129 auctor
2684 3068 2927 3124 habitus
2959 3072 3063 3132 est,
3097 3071 3416 3139 propterea
3440 3067 3607 3138 quod
3653 3082 3858 3122 mona-

2191 3158 2368 3214 steria
2399 3156 2731 3228 complura,
2765 3171 2900 3229 quae
2927 3158 3104 3212 antea
3129 3154 3349 3227 partim
3379 3155 3700 3224 destructa,
3733 3173 3860 3211 om-

2190 3246 2336 3302 nino
2365 3262 2402 3300 a
2429 3261 2556 3302 sese
2587 3245 2868 3302 distracta
2899 3248 3086 3320 erant,
3127 3244 3188 3300 in
3217 3259 3408 3302 unum
3439 3245 3616 3318 quasi
3640 3261 3858 3319 corpus

2190 3334 2458 3391 adduxit.
2491 3333 2710 3392 Saltem
2739 3350 2776 3392 a
2804 3337 2970 3394 Petro
2995 3333 3330 3391 Venerabili
3349 3356 3377 3384 «
3397 3350 3672 3390 summus
3695 3333 3856 3390 ordi-

2189 3422 2281 3478 nis
2309 3422 2624 3481 monastici
2655 3423 2716 3480 in
2747 3422 2946 3481 Galliis
2968 3427 3298 3496 reparator,
3329 3425 3383 3480 et
3413 3423 3756 3496 praecipuus
3775 3439 3855 3478 re-

2191 3511 2346 3580 gulae
2379 3511 2734 3570 reformator
2766 3537 2794 3563 »
2853 3511 3210 3595 appellatur,
3251 3511 3534 3584 idemque
3565 3535 3592 3559 ‹‹
3625 3511 3854 3586 primus

2191 3597 2596 3658 Cluniacensis
2629 3600 2854 3656 ordinis
2880 3605 3068 3673 pater,
3113 3599 3219 3673 qui
3251 3603 3593 3659 emortuum
3617 3599 3766 3672 jam,
3799 3604 3857 3660 et

2189 3704 2342 3761 pene
2377 3689 2607 3762 ubique.
2634 3689 2936 3762 sepultum
2991 3689 3309 3746 monastici
3351 3689 3642 3763 propositi
3673 3690 3857 3752 fervo-

2188 3795 2314 3834 rem
2349 3779 2734 3836 ressuscitare
2765 3795 3088 3850 aggressus
3132 3785 3240 3848 est,
3271 3804 3298 3830 ››
3353 3780 3414 3838 in
3442 3780 3545 3838 lib.
3580 3797 3652 3837 vr.
3677 3779 3852 3854 epist.

2195 3866 2512 3924 l7.Eodem
2545 3883 2725 3923 sensu
2755 3872 2890 3924 ante
2913 3883 3051 3924 eum
3075 3868 3454 3926 ﬁodoardus
3479 3869 3540 3924 iu
3571 3867 3855 3928 chronico

2188 3955 2458 4013 Odonem
2504 3980 2530 4004 ‹‹
2588 3957 2918 4014 multorum
2956 3962 3424 4016 restauratorem
3469 3957 3856 4016 monasterio-

2187 4062 2346 4115 rum,
2380 4051 2728 4120 sanctaeque
2781 4047 3003 4120 regulae
3053 4051 3460 4124 reparatorem
3494 4071 3521 4098 ››
3552 4052 3728 4105 vocat
3758 4067 3770 4116 ;
3799 4051 3856 4104 et

2187 4135 2400 4192 Glaber
2425 4135 2712 4192 Bodulfus
2743 4155 2754 4198 :
2813 4159 2841 4190 «
2873 4138 2974 4193 Hic
3005 4137 3069 4192 in
3097 4141 3352 4200 tantum,
3407 4136 3621 4207 inquit,
3671 4137 3853 4206 hujus

2184 4224 2432 4282 instituti
2463 4228 2828 4298 propagator
2855 4225 3091 4294 exstitit,
3115 4228 3178 4278 ut
3209 4239 3245 4284 a
3273 4225 3688 4282 Beneventana
3719 4241 3853 4297 pro-

2186 4313 2398 4385 vincia,
2431 4329 2686 4390 quaeque
2725 4312 3107 4370 habebantur
3157 4311 3218 4368 in
3268 4311 3434 4370 italia
3462 4317 3520 4370 et
3547 4312 3609 4370 in
3637 4314 3850 4370 Galliis

2185 4418 2376 4476 usque
2425 4405 2726 4463 Oceanum
2787 4417 2952 4460 mare
3005 4401 3242 4476 potiora
3268 4403 3658 4474 monasteria,
3696 4403 3850 4460 illius

2184 4491 2396 4550 ditioni
2421 4491 2859 4561 gratularentur
2879 4507 3008 4548 esse
3041 4492 3370 4564 subjecta.»
3391 4497 3578 4551 Tanta
3603 4493 3738 4549 dem
3750 4510 3850 4548 um

2185 4584 2310 4636 erat
2341 4580 2472 4650 ejus
2529 4580 2790 4636 nominis
2819 4597 2889 4638 ac
2937 4580 3238 4652 religionis
3285 4580 3615 4650 celebritas,
3660 4584 3726 4636 ut
3771 4580 3850 4635 ad

2185 4683 2323 4726 eum
2355 4684 2476 4724 non
2532 4669 2716 4724 modo
2741 4669 2876 4726 laici
2934 4670 3166 4727 nobiles
3202 4675 3257 4726 at
3290 4669 3504 4737 clerici,
3539 4669 3645 4724 sed
3669 4669 3845 4722 etiam

2186 4757 2457 4830 episcopi
2506 4756 2896 4825 dignitatibus
2943 4758 3236 4815 abdicatis
3295 4757 3680 4821 conﬂuerent,
3739 4758 3848 4810 tes-

2188 4850 2348 4904 tante
2375 4849 2605 4902 Joanne
2634 4847 2695 4902 in
2725 4846 2827 4904 lib.
2860 4863 2951 4918 111,
2983 4862 3150 4902 num.
3190 4849 3276 4915 10,

2190 4946 2324 5000 CAP.
2357 4944 2447 4998 VI.
2499 4975 2566 4983 —
2617 4943 3032 5001 Cluniacensis
3081 4943 3335 5000 cmnobz‘i
3363 4956 3455 4998 res
3502 4949 3695 5001 αασῑω
3739 4959 3850 5014 per

2875 5031 3155 5088 Odonem.

2259 5125 2348 5178 30.
2381 5123 2506 5176 Non
2534 5119 2729 5178 solum
2774 5119 3180 5176 Cluniacensis
3219 5119 3468 5176 instituti
3499 5120 3845 5192 religionem

2189 5209 2336 5278 Odo,
2353 5208 2458 5264 sed
2470 5208 2643 5265 etiam
2663 5225 2789 5268 rem
2811 5208 3166 5265 familiarem
3186 5214 3345 5282 (quae
3361 5227 3536 5284 aequo
3553 5209 3672 5266 fere
3693 5209 3844 5282 pede

2190 5297 2479 5370 subsequi
2492 5297 2660 5368 solet)
2673 5313 3041 5370 magnopere
3059 5297 3322 5357 adauxit.
3340 5301 3405 5357 In
3414 5300 3623 5375 primis
3636 5296 3844 5355 Rodul-
3903 5299 3910 5306 ’

2188 5386 2284 5442 fus
2315 5385 2675 5442 Francorum
2704 5403 2808 5442 rex
2839 5387 2918 5442 ad
2947 5402 3154 5459 preces
3185 5389 3388 5446 Imma;
3421 5387 3692 5461 conjugis
3719 5401 3844 5442 suae

2191 5475 2452 5544 Hugonis
2483 5475 2680 5531 fratris
2703 5477 2792 5534 sui
2823 5476 3106 5534 Cluniaco
3133 5479 3308 5536 tradit
3328 5495 3562 5536 mansos
3584 5479 3842 5550 vestitos,

2193 5566 2334 5622 sitos
2354 5565 2416 5622 in
2445 5580 2606 5640 pago
2631 5567 2978 5640 Matiscensi,
3010 5573 3126 5626 tres
3182 5569 3246 5626 in
3273 5567 3648 5638 Salustriaco,
3675 5567 3846 5634 alios-
