4158 6192
335 184 405 239 29
537 155 542 159 ’
1360 190 1899 247 PROLEGOMENA.
1929 218 1997 228 —
2022 186 2331 244 ELOGIUM
2359 190 2414 247 s.
2449 193 2728 253 onoms.
3691 208 3761 261 30

334 322 453 378 que
484 304 650 362 alibi.
676 310 892 364 Datum
925 310 1189 381 «Bojaco
1236 311 1377 367 villa
1426 313 1706 371 Kalendis
1754 314 1942 383 Juliis,
1978 336 2003 362 »
2038 315 2081 367 A
2119 310 2519 379 Lugdunensi,
2554 313 2665 371 «in
2713 331 2858 383 agro
2907 321 3280 377 Ternatense.
3317 341 3346 371 ››
3380 322 3523 379 Item
3571 326 3768 385 Airich

333 410 499 452 anno
526 396 697 467 regni
730 401 815 466 10,
846 397 1049 455 indict.
1084 404 1113 455 3
1157 400 1254 470 (an
1284 404 1397 469 44),
1429 400 1489 457 id
1539 408 1625 459 est
1668 420 1829 461 anno
1877 404 1998 460 931.

330 486 508 541 Anno
560 486 849 557 sequenti,
901 487 1091 545 Berno
1137 490 1498 547 Matiscensis
1543 492 1881 565 episcopus,
1914 508 2004 549 ro-

329 579 514 644 gante
543 575 972 633 Archimboldo
1003 579 1273 651 praelato,
1305 580 1365 636 id
1392 585 1497 649 est,
1528 584 1851 656 praeposito
1876 582 2004 641 Clu‘

326 663 629 720 niacensis
656 665 935 737 coenobii,
960 670 1015 723 et
1038 667 1468 741 Hildebrando,
1494 671 1709 739 sedens
1734 696 1760 721 «
1783 672 1843 729 in
1865 688 2003 728 con-

327 751 568 808 sistorio
596 774 625 801 ››
671 752 841 822 juxta
891 755 1206 813 ecclesiam
1258 760 1312 815 S.
1354 759 1641 817 Vincentii
1687 761 1998 819 Matiscone

329 865 355 889 ‹‹
385 841 463 898 ad
491 841 698 898 divina
730 850 1032 916 praecepta
1061 863 1229 904 more
1260 851 1726 921 praecedentium
1758 854 1996 907 Patrum

324 930 687 999 dirimenda,
712 951 743 985 ι»
775 934 1069 991 concessit
1093 936 1359 994 decimas
1390 943 1558 995 terrae
1576 940 1651 996 de
1684 939 1994 997 Salustria—

326 1036 417 1087 co,
447 1036 635 1093 quam
681 1021 970 1079 Rodulfus
996 1040 1098 1080 rex
1126 1026 1241 1081 reis
1262 1026 1527 1085 dederat.
1566 1029 1685 1085 Sub
1715 1029 1995 1086 eumdem

326 1125 577 1175 annum,
608 1111 830 1167 scilicet
856 1128 1018 1169 anno
1051 1120 1114 1170 10
1146 1116 1379 1172 Hodulii
1410 1119 1589 1186 regis,
1616 1119 1775 1174 idem
1808 1123 1994 1175 Berno

327 1199 649 1271 episcopus
681 1204 1059 1259 consecravit
1087 1206 1380 1276 capellam
1413 1207 1471 1261 in
1495 1208 1708 1263 eadem
1738 1208 1873 1263 villa
1895 1211 1994 1266 Sa-

324 1287 631 1357 lustriaco,
662 1304 850 1361 quam
870 1292 1191 1363 ,capellam-
1234 1317 1259 1341 «
1295 1294 1700 1352 Cluniacensis
1744 1297 1994 1369 parvula

327 1376 602 1448 societas,
634 1379 730 1434 cui
759 1379 888 1434 Odo
920 1380 1077 1437 mitis
1108 1388 1275 1454 pater
1313 1388 1369 1439 et
1415 1385 1607 1441 abbas
1653 1388 1990 1458 patrocina-

328 1463 525 1535 batur,
559 1469 993 1524 construxerat.
1017 1490 1046 1518 »

397 1557 454 1609 3t
473 1596 486 1609 .
523 1553 764 1611 Biennio
789 1560 929 1627 post
949 1557 1267 1613 Leotaldus
1286 1576 1490 1615 comes
1520 1563 1987 1635 Matisconensis,

2115 399 2365 471 quidam
2411 402 2604 458 eidem
2655 405 2846 461 Odoni
2876 406 2979 464 dat
3008 424 3294 480 campum
3336 426 3475 467 cum
3521 413 3673 473 silva
3706 416 3768 475 in

2112 503 2272 560 pago
2304 490 2709 560 Lugdunensi,
2745 494 2850 551 «in
2890 510 3035 565 agro
3065 499 3433 568 Tarnatensi,
3468 519 3499 553 ιι
3538 502 3601 565 in
3646 502 3768 561 ﬁne

2113 577 2529 636 Denadaliaco.
2583 603 2613 635 «
2654 586 2973 641 Ternatum
3003 604 3034 639 ›
3086 585 3210 641 sine
3254 586 3439 644 dubio
3481 594 3608 648 erat
3658 592 3767 649 iste

2108 666 2296 737 locus,
2348 669 2451 725 ubi
2499 671 2677 728 situm
2726 678 2852 729 erat
2897 675 3336 733 monasterium
3383 681 3765 752 Tarnatense,

2108 757 2273 827 quod
2317 774 2528 823 omnes
2574 761 2942 819 confundere
2980 762 3175 820 solent
3215 780 3355 821 cum
3403 769 3762 835 Agaunensi.

2106 847 2177 901 At
2200 849 2517 904 Ternatum
2546 849 2710 909 istud
2740 851 2918 911 situm
2945 856 3033 909 est
3061 852 3141 909 ad
3164 852 3523 912 Rhodanum
3545 856 3606 913 in
3631 874 3769 917 con-

2106 935 2250 993 ﬁnio
2275 939 2415 1010 pagi
2446 941 2860 1010 Lugdunensis
2890 947 2946 1001 et
2978 944 3347 1013 Viennensis,
3376 946 3560 1017 vulgo
3584 970 3613 997 «
3637 952 3767 1005 Ter-

2103 1042 2245 1098 nay,
2294 1050 2321 1078 »
2383 1030 2487 1086 ubi
2540 1036 2632 1088 est
2684 1033 2868 1089 modo
2928 1034 3229 1106 prioratus
3296 1034 3523 1092 ordinis
3580 1038 3768 1096 sancti

2106 1116 2418 1175 Benedicti.
2483 1121 2625 1175 Item
2688 1121 3023 1181 Ludovicus
3098 1124 3554 1183 Transmarinas
3607 1140 3768 1185 anno

2101 1206 2268 1274 regni
2296 1206 2385 1260 sui
2417 1208 2582 1263 tertio
2612 1225 2704 1263 res
2748 1209 3169 1267 Cluniacenses
3197 1212 3257 1267 in
3291 1214 3579 1277 Querceto
3601 1215 3767 1287 apud

2104 1293 2426 1349 Doniacum
2480 1297 2659 1350 s-‘mrit
2707 1297 3056 1369 diplomate,
3104 1300 3271 1371 quod
3323 1305 3513 1357 exstat
3565 1302 3626 1361 in
3674 1302 3765 1359 bi-

2099 1381 2395 1441 bliotheca
2426 1385 2817 1443 Cluniacensi.
2860 1386 3017 1443 Alias
3076 1388 3432 1447 donationes
3488 1390 3766 1447 minutio-

2100 1486 2191 1525 res.
2240 1472 2430 1539 mitto,
2463 1474 2659 1543 qualis
2702 1480 2789 1530 est
2827 1490 2917 1541 ea,
2951 1492 3075 1547 qua
3116 1480 3283 1545 Hugo
3328 1494 3530 1535 comes
3578 1495 3763 1536 unam

2099 1560 2374 1615 ancillam
2411 1560 2483 1613 dc
2522 1561 2655 1617 villa
2689 1584 2715 1613 α
2744 1564 3023 1619 Romanis
3060 1587 3084 1613 η
3115 1564 3174 1619 in
3214 1580 3373 1636 pago
3403 1567 3763 1634 Lugdunen-

323 1645 380 1697 et
410 1645 834 1714 Ermengardis
857 1646 988 1716 ejus
1006 1663 1177 1717 uxor,
1204 1649 1394 1705 Odoni
1419 1650 1621 1706 abbati
1645 1653 1792 1708 dant
1812 1655 1987 1726 quid-
2020 1665 2062 1719 Β
2099 1648 2142 1702 si
2182 1649 2349 1703 tradit
2385 1650 2758 1707 Cluniacensi
2791 1653 3156 1709 monasterio
3184 1659 3240 1708 et
3269 1654 3505 1711 Oddoni
3535 1655 3761 1723 abbati,

318 1733 465 1805 quid
482 1749 690 1789 eorum
708 1734 1005 1791 facultatis
1028 1742 1152 1793 erat
1191 1758 1221 1791 «
1246 1738 1305 1793 in
1345 1741 1479 1795 villa
1510 1742 1902 1802 Darbaniaco.
1928 1745 1987 1800 in

320 1837 480 1894 pago
506 1822 910 1893 Lugdunensi,
935 1840 1116 1897 super
1136 1826 1387 1883 ﬂuvium
1410 1830 1674 1901 Salliam,
1700 1854 1724 1881 υ
1750 1838 1811 1886 ut
1834 1836 1987 1889 Deus

319 1910 555 1966 animas
593 1915 913 1984 parentum
951 1929 1200 1971 suorum
1252 1916 1503 1974 Alberici
1549 1925 1607 1974 et
1657 1922 1983 1990 Escolanm,

318 2001 603 2056 Manassis
632 2005 689 2057 et
720 2003 1124 2073 lrmingardae,
1161 2021 1400 2061 necnon
1425 2009 1666 2065 Gerardi
1694 2011 1868 2066 amici
1895 2012 1982 2067 sui

318 2087 571 2143 liberare
612 2089 889 2157 dignetur
927 2111 955 2143 α
989 2109 1026 2147 a
1075 2094 1270 2165 poenis
1314 2095 1548 2152 inferni.
1580 2116 1608 2147 δ
1661 2101 1985 2175 Subscgribjt

319 2181 458 2247 post
486 2176 831 2233 Leotaldum
859 2182 915 2234 et
947 2181 1379 2251 Irmingardem
1420 2186 1755 2241 Gaufredus

318 2279 460 2319 cum
492 2264 642 2319 aliis.
673 2266 839 2322 Edita
868 2272 957 2325 est
984 2270 1111 2325 haec
1136 2272 1343 2327 charta
1370 2284 1511 2327 ‘cum
1546 2274 1773 2346 aliquot
1800 2278 1985 2333 nrrvis

315 2352 694 2411 bibliothecae
748 2356 1093 2415 Sebusiante
1143 2376 1284 2432 pag.
1346 2366 1465 2429 I68,
1520 2363 1668 2419 alias
1712 2366 1984 2436 ejusdem

315 2441 575 2497 Lcotaldi
604 2443 823 2499 videsis
853 2460 994 2518 pag.
1026 2450 1130 2504 236
1156 2454 1212 2504 et
1242 2453 1366 2506 296.
1719 2512 1735 2531 ,
1786 2500 1791 2501 κ
1824 2450 1844 2525 ἶ,

388 2536 475 2589 32.
509 2537 682 2589 Λιιηο
712 2538 815 2590 936
842 2535 1035 2591 Odoni
1068 2537 1208 2593 item
1243 2539 1504 2596 donatur
1533 2542 1800 2598 curtibus
1829 2560 1984 2600 unus

314 2620 374 2675 in
406 2620 548 2677 villa
571 2623 816 2679 Ruﬁaco
848 2626 1002 2697 (qum
1031 2627 1143 2683 sita
1169 2632 1257 2683 est
1288 2644 1476 2701 prope
1505 2630 1893 2699 Cluniacum).
1922 2636 1981 2689 in

312 2723 476 2780 pago
500 2711 875 2782 Matiscense,
910 2737 935 2764 ‹‹
964 2731 1171 2771 mense
1203 2717 1371 2781 Maio,
1407 2721 1653 2789 quando
1698 2723 1983 2777 Rodulfus

314 2813 416 2852 rex
448 2799 726 2867 migravit
754 2818 791 2857 a
823 2804 1060 2861 smculo.
1096 2809 1309 2861 Actum
1341 2807 1643 2879 Cluniaco,
1678 2812 1980 2868 ﬁrmatum

318 2888 598 2944 Lurduno
625 2890 866 2946 castello
895 2892 1152 2963 publice.
1186 2918 1212 2943 ››
1244 2900 1415 2950 Anno
1440 2899 1706 2953 secundo
1735 2901 1982 2955 Ludovi-

317 2976 371 3030 ci
424 2977 580 3047 regis
641 2978 769 3034 Odo
831 2979 1023 3034 abbas
1093 2987 1150 3036 et
1216 2985 1499 3039 monachi
1566 2986 1982 3043 Cluniacenses
2017 3022 2052 3047 ,η

2040 3057 2054 3074 ¹
2090 3070 2373 3123 Romanae
2404 3068 2790 3139 profectionis
2817 3069 2946 3123 haec
2980 3068 3089 3122 fuit
3117 3084 3321 3124 causa.
3355 3070 3503 3125 Cum
3546 3070 3756 3123 Beren-

315 3071 522 3122 emunt
567 3083 856 3140 campum
905 3068 1118 3125 subtus
1173 3076 1436 3127 castrum
1485 3075 1758 3141 Lordonl,
1804 3077 1982 3147 vulgo

317 3178 345 3201 α
375 3155 671 3219 Lourdon,
705 3178 731 3205 »
788 3156 955 3227 quod
1005 3159 1318 3216 castellum
1370 3161 1610 3218 Richelii
1664 3164 1982 3221 cardinalis

309 3244 489 3314 jussu
522 3244 882 3300 subversum
911 3250 1019 3302 est.

384 3338 471 3389 33.
508 3333 731 3389 Eodem
771 3350 933 3391 anno
975 3355 1004 3389 ‹
1029 3353 1151 3409 quo
1181 3339 1472 3395 Rodulfus
1504 3358 1607 3397 rex
1640 3344 1916 3413 migravit
1945 3361 1979 3400 a

314 3422 552 3487 saeculo,
582 3440 610 3474 »
643 3424 974 3481 Gaufredus
1018 3443 1221 3483 comes
1251 3434 1307 3484 et
1338 3446 1490 3485 uxor
1527 3432 1656 3502 ejus
1687 3436 1808 3488 Ava
1834 3434 1982 3489 dant

312 3510 623 3575 Echzolas
651 3511 711 3566 in
731 3528 893 3584 pago
918 3515 1201 3571 Aﬁduensi
1223 3532 1332 3588 pro
1353 3518 1679 3574 animabus
1704 3520 1846 3587 suis,
1873 3542 1900 3569 ‹‹
1924 3526 1980 3576 et

310 3614 421 3670 pro
450 3599 656 3655 anima
682 3600 933 3658 senioris
962 3602 1053 3658 sui
1079 3603 1382 3674 Willelmi,
1415 3612 1470 3661 et
1496 3607 1626 3676 ejus
1665 3606 1769 3664 ﬁlii
1804 3611 1979 3663 Bosc-

308 3703 470 3742 ωε.»
502 3687 689 3744 Iidem
721 3690 965 3747 tradunt
1006 3692 1295 3748 Keitaelos
1339 3694 1399 3749 in
1443 3710 1602 3765 pago
1650 3696 1978 3756 Matiscensi

310 3798 340 3829 ‹
372 3778 431 3832 in
462 3778 688 3835 vicaria
709 3780 1000 3851 Bufarias,
1018 3799 1130 3854 pro
1158 3784 1499 3839 animarum
1525 3804 1551 3839 s
1599 3802 1771 3841 arum
1794 3804 1979 3843 reme-

307 3865 431 3934 dio,
461 3872 521 3923 et
553 3870 865 3926 Gauzbcrti
888 3870 1106 3941 fratris,
1139 3872 1276 3928 dicti
1306 3874 1603 3935 Gaufredi,
1630 3891 1792 3931 anno
1818 3882 1847 3931 5
1873 3880 1978 3931 Lu~

307 3955 507 4012 dovici
530 3960 959 4015 Transmarini.

380 4049 471 4098 34.
496 4050 670 4099 Anno
694 4050 722 4099 2
748 4047 1031 4102 Ludovici
1051 4049 1324 4117 ejusdem
1342 4050 1736 4106 Maimboldus
1755 4053 1977 4123 cpisco-

302 4150 427 4206 pus
462 4133 822 4189 Matisccnsis
852 4134 953 4205 ait,
986 4138 1316 4191 Bernonem
1340 4152 1767 4209 praecessorem
1796 4157 1976 4195 suum

309 4221 799 4278 Cluniacensibus
815 4223 1113 4295 tribuisse,
1136 4229 1202 4280 ut
1230 4240 1440 4281 omnes
1471 4242 1680 4282 eorum
1715 4228 1975 4284 ecclesiae

308 4326 378 4365 ex
410 4314 531 4367 toto
562 4310 676 4365 sub
710 4311 950 4367 illorum
978 4312 1202 4369 ditione
1233 4316 1624 4370 consisterent
1654 4334 1666 4369 :
1703 4317 1803 4371 sed
1836 4335 1972 4372 cum

310 4403 516 4471 postea
540 4422 567 4448 ‹‹
578 4400 910 4473 irruptione
921 4416 1306 4474 paganorum
1324 4408 1380 4459 et
1395 4405 1622 4460 malitia
1644 4422 1972 4476 pravorum

307 4488 623 4545 hominum
643 4507 675 4541 ι
704 4490 915 4545 excisae
946 4490 1215 4562 fuissent,
1241 4509 1304 4547 se
1334 4493 1408 4548 de
1439 4493 1662 4549 tributo
1692 4495 1971 4566 synodali

307 4578 471 4649 quod
490 4577 841 4644 reddebant,
866 4578 1154 4653 minuere.
1184 4580 1577 4636 Subscribunt
1599 4583 1893 4651 canonici,
1916 4588 1972 4639 et

307 4664 457 4719 inter
476 4681 581 4720 eos
600 4665 732 4722 Αᾱο
755 4666 968 4735 abbas,
993 4669 1096 4739 qui
1120 4684 1275 4723 unus
1305 4685 1336 4724 e
1363 4670 1681 4742 praecipuis
1702 4676 1846 4740 erat,
1871 4673 1970 4728 de-

307 4752 509 4827 ditque
523 4755 815 4812 nonnulla
826 4756 1105 4812 coenobio
1126 4757 1521 4823 Cluniacensi,
1542 4776 1759 4831 nempe
1782 4761 1967 4815 eccle-

308 4841 427 4896 sias
456 4845 510 4899 S.
538 4843 819 4899 Desiderii
858 4848 915 4899 et
958 4845 1012 4900 S.
1043 4844 1259 4901 Juliani
1288 4845 1347 4901 in
1397 4846 1626 4902 Siviaco
1674 4852 1727 4902 et
1780 4851 1969 4904 Dava-

309 4928 673 4997 giaco,anno
710 4936 771 4986 l2
801 4931 990 5004 ipsius
1012 4933 1309 4989 Ludovici.
1338 4938 1479 4990 Item
1509 4951 1671 4991 anno
1702 4937 1968 4992 secundo

310 5019 682 5075 Rotmundus
738 5021 1060 5094 episcopus
1113 5022 1440 5078 Eduorim
1512 5024 1615 5079 dat
1674 5025 1967 5097 capellam

308 5108 497 5162 sancti
526 5108 865 5179 Leodegarii
886 5109 963 5166 de
984 5110 1295 5166 Blanciaco
1316 5110 1377 5166 in
1399 5113 1685 5167 comitatu
1708 5114 1968 5169 Matisco-

304 5194 499 5261 nensi,
544 5211 732 5268 quam
782 5216 814 5251 «
844 5198 1258 5254 sanctissimus
1289 5220 1317 5248 ››
1365 5199 1774 5271 praedecessor
1821 5218 1966 5256 suus

304 5282 468 5339 Walo
499 5284 743 5341 cuidam
773 5286 1063 5342 sacerdoti
1106 5286 1185 5342 ad
1226 5287 1413 5343 vitam
1468 5287 1733 5343 dederat.
1768 5290 1964 5343 Testes

220 5355 237 5369 ’
304 5376 443 5427 sunt
472 5372 840 5429 Bildebodus
867 5378 924 5429 et
951 5374 1267 5432 Girbaldus
1296 5376 1570 5432 abbatcs.

376 5465 461 5517 35.
481 5468 656 5519 Anno
677 5467 706 5518 3
726 5463 997 5533 ejusdem
1016 5465 1194 5533 regis,
1216 5466 1422 5522 indict.
1472 5471 1524 5520 lt
1538 5506 1555 5536 ,
1582 5466 1643 5521 id
1684 5469 1772 5520 est
1802 5480 1962 5521 anno

302 5550 513 5607 Christi
532 5557 660 5621 938,
691 5552 869 5609 datur
896 5550 1269 5610 Cluniacensi
1289 5556 1676 5625 monasterio,
1700 5555 1804 5611 ubi
1834 5556 1963 5613 Cdo

304 5637 500 5695 abbas
525 5644 801 5713 praeerat,
825 5655 1078 5696 manens
1104 5640 1164 5695 in
1194 5642 1330 5699 villa
1359 5644 1682 5700 Madaliaco
1710 5643 1771 5700 in
1800 5659 1960 5717 pago

2096 1741 2155 1792 et
2209 1739 2453 1809 quidem
2512 1761 2539 1790 «
2572 1756 2733 1813 anno
2794 1745 3013 1797 sexto»
3074 1742 3352 1803 Ludovici
3403 1744 3577 1813 regis,
3628 1749 3765 1814 post

2095 1843 2277 1899 quem
2333 1844 2562 1887 annum
2591 1830 2946 1886 donationes
2998 1830 3149 1886 fiunt
3202 1831 3485 1894 Aimardo
3534 1832 3760 1891 abbati.

2096 1917 2316 1973 Omnes
2347 1917 2567 1973 chartae
2602 1919 2716 1973 sub
2768 1919 2973 1975 Odone
3004 1935 3258 1975 numero
3311 1924 3426 1977 l88.
3462 1922 3646 1979 Porro
3690 1938 3763 1979 ex

2094 2002 2185 2058 his
2213 2004 2494 2061 omnibus
2524 2006 2766 2073 chartis,
2794 2006 3043 2078 aliisque
3074 2022 3229 2079 quas
3262 2009 3320 2065 in
3363 2008 3649 2065 Aimardo
3677 2025 3764 2067 re—

2097 2091 2385 2161 feretrum,
2404 2140 2415 2147 .
2433 2098 2672 2175 (mustei;
2682 2101 2698 2175 ς
2716 2091 3126 2175 -Μςιξῖβρρῃθω,
3180 2096 3355 2167 eique
3410 2096 3761 2153 attributum

2095 2171 2357 2255 pagiij
2378 2166 2501 2250 regi
2518 2162 2923 2250 ,Ιξιςθῦἒεωῖιὲιὲῑζ
2948 2184 3071 2241 lion
3096 2185 3596 2253 Burgundionum
3619 2188 3759 2241 tunc

2094 2269 2394 2340 paruisse.

2116 2358 2279 2429 ﬁse.
2302 2361 2379 2426 ys
2411 2359 2626 2440 ego—5
2640 2352 3204 2440 Θφίᾷὼᾘαηὶῠήωη
3236 2363 3347 2415 iter
3374 2362 3699 2430 multiplex

2323 2442 2362 2515 ’λ’
2496 2434 3184 2513 ,ζῖ“α,εἱκὶιὶεέἱὼ“υοαᾶθα.

2163 2539 2251 2589 36.
2298 2538 2425 2591 Non
2464 2536 2755 2593 continuit
2785 2552 2911 2591 sese
2938 2537 3094 2595 intra
3138 2537 3638 2595 monasteriorum
3669 2538 3756 2594 la-

2094 2623 2287 2680 tebras
2311 2625 2532 2680 Odonis
2565 2626 2781 2680 ardens
2809 2625 2867 2681 in
2894 2642 2989 2681 res
3027 2625 3263 2681 divinas
3285 2625 3581 2685 studium:
3611 2626 3756 2698 quin

2092 2713 2269 2769 etiam
2292 2714 2349 2768 in
2386 2714 2651 2770 Ecclesiae
2678 2715 2966 2771 universae
3001 2715 3389 2773 commodum
3422 2714 3581 2773 foras
3621 2730 3756 2787 pro-

2091 2801 2215 2857 diit.
2242 2805 2389 2858 Eum
2412 2804 2637 2874 quippe
2654 2803 2713 2858 in
2735 2803 2963 2861 Italiam
2986 2804 3249 2860 accivere
3274 2803 3457 2859 semel
3473 2804 3757 2863 etiterum

2094 2893 2339 2947 Romani
2363 2892 2694 2963 pontiﬁces,
2723 2892 3021 2949 ntatlictis
3067 2891 3338 2947 Ecclesiae
3389 2891 3569 2947 rebus
3622 2907 3757 2963 pru-

2091 2980 2291 3035 dentia
2332 2986 2387 3035 et
2423 2980 2769 3039 auctoritate
2804 2999 2915 3037 sua
2968 2981 3321 3039 consuleret.
3364 2980 3576 3037 Primae
3625 2982 3757 3051 ejus

2092 3156 2257 3224 gario
2288 3156 2646 3228 imperatore
2690 3161 2947 3223 mortuo,
2982 3159 3150 3224 Hugo
3192 3155 3515 3213 Theobaldi
3560 3156 3758 3214 Arela-

2088 3244 2269 3299 tensis
2300 3245 2534 3301 comitis
2566 3245 2743 3311 illius,
2778 3262 3018 3301 summa
3043 3261 3244 3301 rerum
3279 3244 3340 3299 in
3393 3244 3558 3300 Italia
3608 3246 3756 3317 poti-

2088 3338 2268 3398 retur,
2320 3334 2592 3403 Marozia,
2636 3334 2876 3391 infamis
2933 3334 3197 3390 Widonis
3247 3332 3470 3390 Tuscite
3523 3333 3755 3391 comitis

2087 3423 2307 3489 relicta,
2354 3440 2489 3495 quae
2548 3440 2668 3479 una
2716 3440 2854 3479 cum
2913 3422 3183 3479 Alberico
3239 3422 3361 3478 tilio
3420 3437 3641 3478 manus
3692 3422 3755 3478 in

2084 3515 2373 3569 Joannem
2432 3512 2774 3584 pontiﬁcem
2828 3513 3127 3582 injecerat,
3170 3514 3544 3582 Romamque
3583 3511 3753 3567 rede-

2086 3607 2251 3671 gerat
2279 3602 2339 3657 in
2369 3618 2543 3657 suam
2572 3605 2950 3675 potestatem,
2985 3602 3190 3673 ipsum
3207 3602 3521 3669 Hugonem
3552 3600 3751 3657 missis

2083 3690 2308 3747 nuntiis
2338 3691 2602 3747 invitavit
2631 3692 2709 3747 ad
2734 3691 3085 3761 conjugium
3131 3706 3310 3745 suum
3343 3695 3398 3745 et
3430 3689 3596 3745 urbis
3640 3689 3753 3746 im-

2085 3779 2315 3850 perium
2345 3780 2816 3851 capessendum;
2851 3779 3119 3835 oblatam
3164 3778 3572 3835 conditionem
3604 3778 3750 3835 arri-

2082 3869 2165 3940 pit
2231 3873 2415 3937 Hugo,
2450 3870 2793 3942 nuptiisque
2852 3869 3191 3935 contractis,
3223 3868 3388 3925 urbis
3414 3868 3620 3927 Romte
3646 3867 3752 3923 do-

2083 3957 2338 4013 minium
2379 3958 2624 4015 obtinet.
2662 3959 2899 4015 Interim
2930 3974 3068 4014 cum
3114 3963 3251 4013 ante
3290 3956 3537 4028 epulum
3584 3955 3752 4013 Albe-

2082 4046 2239 4100 ricus
2280 4046 2486 4101 matris
2516 4048 2755 4102 hortatu
2787 4062 3015 4116 aquam
3040 4046 3119 4101 ad
3154 4045 3488 4105 abluendas
3518 4046 3752 4113 llugoni

2084 4148 2301 4188 manus
2332 4133 2625 4204 praeberet
2654 4149 2773 4189 non
2821 4133 3153 4189 admodum
3213 4132 3376 4197 scite,
3406 4134 3574 4199 Hugo
3625 4146 3751 4187 cor-

2082 4221 2358 4276 rectionis
2381 4238 2565 4279 causa
2594 4238 2734 4278 cum
2763 4221 2822 4277 in
2868 4220 3082 4279 faciem
3130 4219 3357 4277 cecidit.
3393 4220 3523 4285 Qua
3566 4235 3628 4276 re
3671 4219 3751 4277 of-

2081 4309 2283 4365 fensus
2308 4310 2613 4367 Albericus
2645 4313 2946 4367 Romanos
2973 4309 3047 4365 ad
3066 4309 3461 4366 defectionem
3486 4308 3746 4380 impulit,

2080 4405 2259 4471 atque
2306 4403 2615 4470 Hugonem
2653 4415 2725 4455 ex
2776 4400 2927 4455 Urbe
2973 4400 3175 4469 fugere
3226 4398 3438 4469 coegit.
3473 4401 3554 4455 Eo
3604 4398 3748 4467 fuga

2079 4488 2284 4560 elapso
2314 4489 2620 4545 Albericus
2648 4488 2949 4545 consulari
2981 4493 3270 4560 potestate
3312 4487 3611 4546 civitatem
3642 4487 3747 4542 ad~

2079 4576 2433 4635 ministravit
2480 4594 2618 4634 cum
2666 4582 2854 4633 matre
2905 4593 3014 4633 sua
3068 4576 3340 4641 Marozia,
3380 4580 3436 4633 et
3484 4579 3746 4633 veterem

2081 4666 2249 4721 Urbis
2279 4666 2661 4737 disciplinam
2713 4666 2893 4721 simul
2936 4682 3076 4720 cum
3124 4664 3446 4721 consulum
3497 4662 3744 4721 nomine

2078 4758 2135 4810 et
2162 4752 2359 4811 officio
2386 4754 2829 4823 redintegravit.
2864 4758 3007 4809 Acta
3039 4754 3166 4810 haec
3198 4758 3337 4811 sunt
3362 4751 3479 4808 sub
3511 4764 3744 4809 annum

2078 4846 2204 4907 929,
2232 4842 2583 4913 pontiﬁcatu
2612 4843 2857 4898 Joannis
2889 4846 2951 4911 Χ,
2986 4842 3196 4898 Leonis
3240 4842 3328 4909 VI,
3359 4856 3430 4898 ac
3459 4838 3745 4912 Stephani

2080 4931 2193 4996 VII,
2225 4929 2445 5001 quibus
2476 4946 2637 4986 anno
2667 4935 2761 4986 931
2802 4930 3093 4986 successit
3129 4932 3389 4984 Joannes
3423 4929 3522 4996 XI,
3554 4930 3744 4985 Maro-

2076 5018 2178 5073 ziae
2207 5034 2276 5074 ex
2335 5019 2515 5089 Sergii
2574 5024 2780 5090 stupro
2836 5018 3015 5085 ﬁlius,
3046 5017 3299 5075 Alberici
3342 5017 3542 5075 frater.
3582 5015 3745 5073 Talia

2075 5107 2198 5180 pati
2228 5113 2436 5164 coacta
2463 5114 2554 5164 est
2596 5112 2804 5163 sancta
2852 5108 2952 5163 Dei
2998 5110 3269 5165 Romana
3324 5105 3607 5175 Ecclesia,
3637 5104 3744 5161 sed

2075 5214 2111 5253 a
2161 5198 2411 5255 Marozia
2464 5198 2600 5271 ipsa
2652 5199 2905 5269 ejusque
2964 5197 3086 5253 tilio
3141 5198 3433 5254 Alberico.
3495 5216 3523 5244 ‹‹
3569 5198 3742 5248 Anno

2073 5291 2176 5343 933
2211 5306 2240 5338 ›
2290 5288 2455 5343 missi
2500 5288 2850 5343 Rhemensis
2908 5286 3177 5342 Ecclesiae.
3236 5290 3432 5343 Romae
3497 5281 3739 5353 reversi,

2079 5396 2098 5426 ι
2137 5375 2416 5432 nuntiant
2463 5378 2755 5432 Joannem
2814 5392 3063 5447 papam,
3110 5375 3301 5431 ﬁlium
3350 5369 3563 5439 Mariis,
3604 5386 3740 5442 quas

2073 5470 2131 5521 et
2181 5467 2442 5521 Maronis
2493 5465 2781 5533 dicitur,»
2844 5464 3038 5536 inquit
3095 5460 3498 5530 Frodoardus,
3558 5479 3591 5515 α
3622 5459 3739 5515 sub

2073 5554 2345 5611 custodia
2375 5554 2623 5611 detineri
2654 5571 2690 5611 a
2716 5554 2895 5610 fratre
2951 5568 3081 5621 suo,
3140 5550 3385 5607 nomine
3441 5546 3734 5612 Alberico,

2072 5644 2178 5716 qui
2221 5648 2475 5700 matrem
2547 5658 2790 5715 quoque
2856 5656 3032 5697 suam
3094 5640 3410 5699 Marociam
3466 5636 3735 5693 clausam
