4158 6192
441 207 502 266 31
1639 209 1692 264 S.
1737 209 1878 264 ODO
1917 209 2096 262 ABAS
2136 207 2660 264 CLUNIACENSIS.
3449 203 3460 214 ’
3789 207 3858 260 32

438 336 734 402 servabat,
766 339 823 390 et
851 338 1102 390 Romam
1133 339 1339 389 contra
1371 336 1679 402 Hugonem
1707 347 1907 402 regem
1937 337 2090 387 tene-
2129 339 2174 388 Α
2200 329 2460 387 Joannes
2505 327 2727 387 Odonis
2759 329 2957 385 socius
2985 329 3092 384 fuit
3125 332 3214 397 (ut
3240 329 3491 384 Baronio
3521 329 3718 383 visum
3746 333 3859 396 est)

437 426 562 481 bat.
601 447 627 473 »
671 425 855 480 Paulo
885 427 1059 495 post:
1095 446 1122 470 ‹‹
1157 423 1326 491 Hugo
1363 438 1466 476 rex
1503 421 1676 477 Italia
1706 424 1956 476 Romam
1988 421 2092 476 ob-

439 516 605 570 sidet.
642 537 667 562 »
719 517 784 569 Et
808 529 969 569 anno
997 516 1100 568 936
1158 535 1182 560 ‹‹
1213 514 1440 567 Joanne
1479 527 1640 584 papa
1669 511 1848 566 fratre
1878 511 2094 566 Alberi—

437 604 488 659 ci
514 603 794 658 defuncto
823 605 938 656 Leo
995 591 1242 672 quidam
1291 595 1408 656 Deo
1463 617 1669 656 servus
1706 603 1907 655 Roma
1933 615 2094 672 papa

436 691 828 757 constituitur,
864 712 892 739 »
946 705 1164 762 nempe
1219 693 1330 745 Leo
1375 690 1494 745 VII.
1528 689 1904 745 Frodoardus
1951 704 2094 744 mox

437 779 655 835 subdit.
685 802 713 826 ‹‹
748 778 918 846 Hugo
977 777 1157 832 Italia
1204 793 1307 832 rex
1357 780 1610 832 Romam
1658 777 1826 832 nisus
1858 793 2091 848 capere,

437 867 654 923 afﬂicto
682 882 791 920 suo
813 856 1072 922 exercitu
1099 867 1257 922 fame
1288 871 1345 922 et
1365 882 1657 939 equorum
1675 866 1930 932 interitu,
1958 882 2097 938 pac-

436 960 496 1010 ta
511 955 756 1010 tandem
781 949 930 1026 pace
951 971 1090 1010 cum
1117 953 1408 1023 Alberico,
1438 955 1591 1010 dans
1620 955 1672 1010 ei
1701 953 1887 1010 ﬁliam
1919 970 2094 1009 suam

436 1043 779 1114 conjugem,
835 1042 1146 1099 obsidione
1208 1042 1513 1098 desistit.»
1563 1046 1728 1098 Nunc
1765 1041 2093 1098 videndum

437 1137 542 1200 est,
567 1148 690 1204 quo
720 1132 982 1204 primum
1012 1148 1173 1187 anno
1194 1135 1447 1188 Romam
1475 1132 1601 1188 Odo
1629 1147 1664 1186 a
1693 1130 1974 1204 pontiﬁce
2005 1147 2094 1186 ar-

436 1221 684 1277 cessitus
714 1221 806 1277 sit.

508 1314 594 1366 37.
625 1311 690 1366 Id
710 1311 936 1367 factum
958 1327 1118 1367 anno
1131 1315 1232 1367 936
1259 1311 1550 1367 Baronius
1567 1317 1914 1384 censet,quo
1931 1327 2092 1366 anno

436 1401 606 1470 Hugo
658 1416 761 1455 rex
792 1399 976 1455 ﬁliam
1006 1417 1180 1455 suam
1227 1402 1435 1472 (quam
1463 1399 1676 1455 Aldam
1721 1405 1894 1454 vocat
1945 1399 2093 1454 Liut—

435 1487 704 1559 prandus
735 1487 1026 1543 diaconus
1055 1487 1397 1551 Ticinensis,
1432 1488 1559 1557 ejus
1599 1487 1883 1558 temporis
1911 1487 2091 1560 scrip-

435 1581 548 1642 tor)
579 1576 848 1632 Alberico
883 1577 944 1630 in
982 1577 1432 1631 matrimonium
1458 1577 1640 1644 dedit,
1674 1577 1876 1648 sicque
1907 1593 1943 1632 a
1993 1580 2094 1632 Ro-

435 1683 550 1722 ma
601 1665 1053 1737 impugnatione
1084 1666 1325 1722 destitit.
1369 1669 1436 1722 Et
1465 1672 1618 1722 recte
1648 1667 1893 1738 quidem
1920 1671 2092 1723 Baro-

435 1755 570 1808 nius
596 1773 607 1808 :
634 1747 772 1808 nam
798 1754 857 1807 in
889 1754 1196 1825 procinctu
1221 1755 1474 1810 Romani
1497 1755 1716 1810 itineris
1745 1755 1871 1811 Odo
1902 1755 2091 1811 Adhe-

434 1841 672 1910 grinum
705 1841 921 1910 invisit,
953 1847 1010 1898 et
1039 1859 1111 1897 ex
1143 1843 1502 1898 revelatione
1535 1843 1726 1898 sancti
1757 1843 1982 1899 Martini
2014 1843 2092 1899 ab

436 1943 505 1983 eo
536 1929 741 1985 didicit
787 1929 1068 1985 Ludovici
1096 1931 1497 1986 Transmarini
1543 1931 1905 1998 unctionem,
1956 1947 2092 2003 qua

436 2031 598 2072 anno
617 2018 720 2074 936
742 2018 898 2074 facta
919 2023 1024 2074 est.
1051 2019 1112 2074 Id
1140 2035 1282 2074 vero
1306 2019 1528 2075 itineris
1549 2021 1676 2076 Odo
1707 2021 1967 2092 suscepit
1987 2021 2092 2076 du-

435 2106 652 2181 plicem
677 2107 755 2162 ob
784 2123 1053 2163 causam.
1079 2093 1292 2192 Prinra,
1879 2111 2096 2192 princi-g

434 2179 510 2269 pe
541 2197 947 2252 reconciliaret
973 2181 1295 2266 Hugonéiri-
1316 2179 1540 2268 iégemi
1555 2179 1738 2270 οδριιξξ

436 2301 618 2355 gnam
647 2285 774 2358 ipse
829 2286 1436 2359 gratiampbtinebat,
1496 2291 1560 2342 ut
1587 2293 1749 2359 patet
1799 2305 1873 2343 ex
1903 2289 2092 2344 tribus

434 2354 778 2448 privilegiis,
805 2354 940 2446 qua
959 2354 1126 2466 Hugp
1751 2393 1786 2432 θ.
2175 2393 2197 2466 Ξ

433 2461 817 2534 pontiﬁcibus
847 2449 1442 2534 impehévitfnve‘rﬁpe
1456 2449 1754 2520 ia'Jéanne
1783 2449 1866 2528 Χῖ
1905 2449 2110 2529 Limam"
2124 2457 2144 2531 ξ

435 2551 511 2602 V'I
533 2556 588 2604 et
609 2552 802 2605 Leone
833 2551 954 2602 VII.
984 2551 1200 2617 Altera,
1230 2574 1257 2598 ‹‹
1281 2556 1347 2606 ut
1371 2553 1804 2608 monasterium
1825 2553 1980 2609 intra
2005 2570 2094 2608 ec-

437 2639 679 2694 clesiam
711 2639 867 2694 beati
895 2639 1054 2694 Pauli
1087 2640 1362 2712 apostoli,
1393 2645 1458 2696 ut
1485 2641 1624 2696 olim
1657 2641 1866 2708 fuerat,
1895 2643 2092 2698 raedi-

433 2727 660 2798 ficaret,
685 2731 932 2796 cogente
953 2727 1180 2782 domno
1195 2743 1376 2799 papa,
1397 2733 1452 2784 et
1475 2729 1760 2784 universis
1780 2731 2092 2786 ordinibus

438 2831 621 2870 sacra
653 2816 832 2876 sedis,
870 2839 896 2862 ››
938 2816 1098 2888 apud
1128 2819 1421 2871 Joannem
1451 2818 1511 2872 in
1541 2817 1642 2872 lib.
1689 2835 1728 2886 1,
1789 2834 1954 2874 num.
2003 2823 2090 2888 27,

435 2905 543 2959 ubi
564 2905 638 2960 de
659 2905 938 2960 unctione
965 2905 1242 2960 Ludovici
1266 2907 1664 2962 Transmarini
1691 2908 1905 2975 agitur.
1933 2911 2093 2964 Tunc

438 2993 626 3048 sancti
657 2993 880 3048 Martini
911 2993 1094 3047 vitam
1119 2996 1318 3048 Roma
1341 2993 1418 3048 ad
1447 2995 1500 3048 S.
1539 2995 1789 3050 Paulum
1821 2997 2091 3063 correxit,

438 3085 494 3136 et
523 3081 798 3151 glossulis
829 3081 1162 3148 illustravit,
1206 3099 1279 3137 ex
1319 3083 1419 3138 lib.
1472 3101 1533 3146 ιι,
1575 3101 1742 3139 num.
1775 3091 1863 3140 22.
1913 3085 2002 3140 Ad
2032 3087 2094 3142 id

433 3175 673 3243 tempus
718 3171 934 3226 referre
985 3171 1120 3226 licet
1167 3172 1228 3226 id
1285 3172 1538 3244 quodin
1570 3172 1670 3227 lib.
1729 3191 1785 3238 ιι,
1837 3191 2004 3229 num.
2038 3179 2090 3241 9,

433 3262 692 3314 Joannes
726 3259 928 3314 scribit
956 3260 1016 3314 in
1045 3261 1206 3314 hunc
1246 3261 1530 3315 modum:
1568 3284 1594 3308 ‹‹
1630 3265 1916 3332 Tempore
1947 3279 2094 3334 pra—

435 3346 604 3402 terito
661 3347 808 3401 dum
843 3348 1190 3402 Romuleam
1225 3350 1435 3403 urbem
1461 3349 1539 3404 ob
1571 3349 1942 3406 inimicitiam
1995 3353 2091 3408 Al-

434 3433 616 3490 berici
643 3434 770 3505 jam
811 3435 912 3489 fati
939 3435 1222 3508 principis
1251 3435 1568 3508 pradictus
1601 3437 1770 3507 Hugo
1797 3454 1901 3494 rex
1931 3440 2091 3496 obsi-

435 3521 620 3591 deret,
652 3522 831 3594 coepit
858 3522 952 3577 ille
973 3523 1128 3578 intra
1158 3529 1444 3596 extraque
1466 3525 1814 3590 discurrere,
1847 3533 1904 3583 et
1927 3529 2094 3601 pacis

439 3611 894 3682 concordiaque
929 3611 1154 3666 monita
1182 3611 1331 3667 inter
1363 3619 1645 3685 utrosque
1676 3615 2090 3687 disseminare,

434 3704 731 3772 quatenus
757 3707 957 3772 posset
1003 3700 1262 3756 furorem
1295 3702 1562 3774 pradicti
1593 3703 1747 3773 regis
1779 3705 2006 3774 sedare,
2038 3713 2095 3763 et

434 3789 784 3860 pradictam
816 3789 1026 3844 urbem
1059 3791 1208 3845 tueri
1239 3809 1272 3846 a
1304 3797 1467 3846 tanta
1497 3792 1830 3849 obsidione.
1865 3799 2094 3852 Interea

434 3877 702 3949 quadam
724 3878 818 3932 die
845 3878 993 3932 dum
1016 3879 1187 3948 juxta
1208 3881 1638 3936 monasterium
1665 3881 1822 3937 beati
1841 3885 2091 3940 Andrea

434 3965 692 4038 apostoli
717 3966 843 4034 iret,
877 3968 1042 4039 quod
1064 3967 1140 4022 ad
1166 3967 1383 4023 clivum
1413 3969 1616 4025 Scauri
1645 3970 1859 4026 dicitur
1887 3988 1960 4027 ex
1989 3990 2088 4029 no-

431 4054 616 4125 mine,
646 4055 897 4127 quidam
927 4057 1182 4111 rusticus
1213 4057 1398 4114 voluit
1426 4073 1566 4113 eum
1616 4064 1858 4131 propter
1885 4060 2094 4130 lagun-

431 4143 630 4200 culam
661 4161 834 4217 aqua
878 4146 1168 4202 occidere.
1201 4165 1228 4198 »
1263 4149 1570 4203 Rusticum
1619 4148 1946 4218 Albericus,
1979 4152 2092 4207 nisi

431 4233 510 4289 ab
541 4233 744 4288 Odone
775 4234 1113 4306 prohibitus
1145 4235 1370 4300 fuisset,
1403 4241 1592 4292 morte
1643 4238 1856 4308 punire
1885 4239 2088 4295 voluit.

430 4325 616 4376 Tanta
643 4327 768 4376 erat
799 4337 921 4376 non
973 4323 1167 4378 solum
1200 4323 1464 4390 I-Iugonis
1497 4323 1602 4376 scd
1633 4326 1813 4379 etiam
1841 4327 2092 4384 Alberici

430 4409 492 4463 in
539 4407 808 4462 Odonem
839 4410 1161 4464 veneratio.
1216 4408 1386 4464 Aliud
1442 4409 1696 4465 Alberici
1727 4412 1790 4466 in
1819 4412 2091 4470 Odonem

430 4495 860 4552 benevolentia
911 4501 1336 4566 argumentum
1371 4497 1498 4566 fuit,
1552 4498 1718 4570 quod
1767 4501 2094 4574 Suppento-

431 4584 640 4640 niense
673 4585 858 4639 sancti
895 4584 1031 4639 Elia
1084 4585 1516 4640 monasterium
1556 4587 1608 4641 ei
1638 4587 2090 4648 reformandum

432 4672 749 4738 commisit,
783 4677 926 4728 teste
954 4676 1183 4729 Joanne
1213 4674 1272 4728 in
1303 4673 1403 4729 lib.
1433 4691 1513 4737 ιιι,
1549 4691 1720 4730 num.
1752 4683 1804 4730 7.

503 4765 588 4816 38.
632 4759 827 4816 Altera
853 4761 1077 4818 Odonis
1109 4765 1378 4817 Romana
1425 4763 1734 4835 profectio,
1763 4781 1884 4821 non
1929 4784 2091 4824 anno

429 4853 556 4912 9'28,
577 4849 682 4904 sed
705 4855 988 4922 sequente
1014 4851 1277 4921 contigit,
1299 4857 1363 4906 ut
1381 4852 1616 4922 diserte,
1639 4854 1807 4909 tradil
1831 4856 2091 4911 Joannes

429 4937 596 4993 initio
643 4937 776 4992 libri
807 4956 822 4993 ι
854 4940 946 4994 bis
975 4941 1172 4996 verbis
1203 4959 1214 4996 :
1251 4964 1274 4988 ‹‹
1311 4945 1483 4996 Anno
1531 4942 1730 5016 itaque
1774 4944 2090 5001 Dominicse

431 5027 861 5082 Incarnationis
883 5030 1344 5098 nongenlesimo
1371 5031 1668 5087 tricesimo
1689 5039 1942 5104 nono,et
1962 5035 2012 5105 ej
2023 5051 2090 5088 us

431 5115 618 5171 atatis
641 5117 1108 5186 sexagesimo,in
1131 5119 1461 5174 monastica
1483 5119 1766 5190 religione
1793 5122 2089 5178 tricesimo

430 5220 612 5272 anno,
641 5207 892 5260 Romam
915 5207 1176 5272 veniens,
1201 5225 1297 5264 me
1319 5207 1606 5264 miserum
1637 5211 1881 5266 terrenis
1911 5211 2090 5266 irreti-

431 5296 558 5347 tum
579 5293 834 5349 nexibus
859 5295 1094 5366 reperit,
1119 5312 1457 5369 miseransq
1467 5315 1535 5353 ue
1554 5315 1664 5354 suo
1686 5303 1806 5354 rete
1827 5299 2089 5370 piscatus

431 5385 537 5446 est,
572 5386 749 5454 atque
781 5383 1124 5440 canobium
1157 5386 1346 5441 sancti
1373 5386 1520 5442 Petri
1545 5388 1724 5443 Ticini
1745 5387 1972 5460 positus
1993 5403 2090 5442 us-

431 5485 550 5542 que
575 5473 870 5543 perduxit.
897 5477 1082 5529 Parvo
1111 5473 1192 5528 ibi
1221 5479 1486 5548 tempore
1508 5477 1584 5531 ab
1619 5480 1860 5547 Hugone
1892 5476 2090 5531 deten-

431 5565 548 5627 tus,
573 5559 858 5630 pradicto
889 5562 1013 5617 viro
1035 5562 1261 5618 domno
1285 5565 1686 5620 Hildebranno
1717 5563 2088 5632 regularibus

433 5647 764 5721 disciplinis
823 5666 920 5705 me
977 5651 1220 5708 tradidit
1264 5653 1669 5709 educandum.
1705 5675 1734 5703 »
1783 5654 1913 5708 Non
1943 5668 2086 5723 ergo

2201 421 2262 476 in
2288 422 2483 493 prima
2509 419 2894 492 profectione.
2927 419 3139 474 Subdit
3165 415 3426 475 Joannes
3459 437 3470 473 :
3508 440 3536 466 «
3569 422 3694 474 Non
3723 423 3864 490 post

2203 511 2390 565 multo
2420 514 2670 565 Romam
2701 509 2962 577 veniens,
2991 525 3088 563 me
3119 509 3178 562 in
3209 508 3438 563 felicem
3469 508 3751 578 dignatus
3776 513 3864 564 est

2203 599 2314 654 sibi
2337 599 2564 655 socium
2588 614 2841 664 sumere,
2862 601 2918 652 et
2937 613 3120 670 quem
3136 597 3496 653 canonicum
3513 597 3863 668 parentibus

2203 689 2411 744 abiens
2437 687 2654 760 rapuit,
2684 687 2919 743 rediens
2957 687 3348 758 postmodum
3379 687 3750 742 monachum
3779 703 3866 742 re-

2201 777 2370 832 duxit
2417 799 2442 826 »
2475 780 2556 832 Ex
2586 777 2806 848 quibus
2826 779 3116 832 Joannem
3157 776 3348 831 Roma
3373 775 3719 848 oriundum,
3751 775 3862 831 ibi-

2202 866 2462 938 demque
2495 865 2852 920 canonicum
2905 864 3084 920 fuisse
3111 863 3472 935 intelligitur.
3509 865 3644 918 Hac
3673 863 3866 919 rever-

2203 955 2291 1010 sio
2341 953 2596 1011 Romam
2643 955 2798 1010 facta
2852 959 2940 1010 est
2988 954 3302 1026 superstite
3337 956 3528 1008 Leone
3577 969 3760 1026 papa,
3794 971 3864 1009 ac

2203 1045 2454 1116 proinde
2483 1045 2615 1117 ipso
2644 1060 2805 1100 anno
2831 1048 2954 1111 939,
2980 1049 3081 1100 aut
3107 1043 3316 1099 saltem
3346 1043 3586 1099 ineunte
3617 1059 3866 1116 sequen-

2203 1133 2264 1203 ti,
2289 1133 2492 1188 nescio
2517 1149 2594 1188 an
2627 1132 2980 1204 priusquam
3013 1131 3140 1187 Odo
3169 1131 3225 1186 in
3263 1131 3570 1187 Franciam
3600 1147 3864 1187 remeas-

2203 1226 2307 1276 set.
2338 1224 2498 1276 Hanc
2529 1221 2813 1294 temporis
2845 1222 3136 1276 rationem
3166 1219 3367 1276 ﬁrmat
3391 1223 3649 1276 Joannes
3668 1220 3732 1276 in
3757 1221 3860 1277 lib.

2203 1327 2262 1376 ιι,
2291 1325 2460 1364 num.
2486 1316 2514 1364 7
2543 1328 2555 1364 :
2582 1332 2608 1358 «
2631 1309 2752 1365 Sub
2773 1309 2934 1363 idem
2960 1313 3196 1380 tempus
3219 1307 3449 1364 Italiam
3468 1307 3636 1363 missi
3655 1325 3865 1364 sumus

2203 1413 2240 1453 a
2269 1401 2461 1452 Leone
2496 1413 2735 1452 summo
2765 1395 3066 1469 pontifice,
3102 1399 3166 1451 ut
3207 1396 3374 1468 pacis
3402 1395 3697 1465 legatione
3729 1395 3864 1450 fun-

2203 1503 2480 1556 geremur
2505 1487 2655 1542 inter
2707 1488 3018 1555 Hugonem
3075 1482 3608 1555 Langobardorum
3636 1500 3862 1554 regem,

2202 1581 2258 1630 et
2287 1574 2626 1630 Albericum
2657 1577 2941 1629 Romana
2967 1572 3133 1628 urbis
3153 1572 3510 1646 principem,
3543 1595 3572 1622 κ
3603 1577 3712 1629 ctc.
3739 1573 3864 1628 Huc

2136 1685 2172 1738 Β
2203 1664 2548 1720 revocanda
2575 1669 2714 1719 sunt
2737 1679 2873 1736 qua
2915 1663 3177 1718 Joannes
3209 1666 3644 1718 commemorat
3667 1663 3728 1717 in
3757 1661 3859 1717 lib.

2203 1770 2242 1819 ι,
2289 1769 2456 1807 num.
2487 1756 2556 1808 22
2593 1769 2604 1806 :
2643 1775 2668 1800 «
2715 1756 2862 1806 Ante
2893 1751 3008 1806 hoc
3040 1751 3360 1806 triennium
3413 1751 3557 1806 dum
3592 1766 3864 1806 essemus

2201 1841 2364 1913 apud
2395 1841 2639 1895 beatum
2669 1839 2918 1894 Paulum
2950 1843 3174 1909 Roma,
3199 1862 3225 1888 »
3257 1843 3366 1895 etc.
3411 1839 3740 1910 (Scribebat
3763 1855 3865 1893 au-

2203 1934 2320 1984 tem
2349 1932 2606 1986 Joannes
2637 1928 2834 1982 statim
2863 1933 2999 2000 post
3025 1932 3276 1985 mortem
3306 1926 3551 1996 Odonis,
3582 1944 3718 2000 qua
3749 1927 3862 1982 sub

2203 2018 2384 2072 ﬁnem
2417 2017 2558 2073 anni
2590 2020 2694 2072 942
2724 2015 3012 2086 contigit),
3075 2020 3133 2071 et
3162 2031 3298 2088 qua
3342 2015 3520 2071 refert
3561 2016 3620 2071 in
3669 2015 3773 2071 lib.
3821 2031 3861 2080 1,

2421 2107 2500 2161 16.
2538 2109 2760 2160 Forsan
2791 2120 2862 2160 eo
2914 2109 3183 2176 tempore
3229 2105 3292 2160 in
3324 2107 3666 2174 Garganum
3696 2120 3866 2159 mon-

2163 2178 2760 2274 ;‘téeniéperegrinatus
2785 2199 2896 2260 est,
2930 2209 3054 2266 qua
3081 2193 3156 2249 de
3185 2209 3247 2249 re
3276 2194 3338 2248 in
3359 2193 3460 2249 lib.
3485 2211 3544 2261 ιι,
3579 2210 3746 2249 num.
3775 2193 3858 2247 l5.

2206 2285 2469 2356 Denique
2501 2300 2660 2340 anno
2691 2287 2793 2338 942
2840 2283 2968 2340 Odo
3009 2285 3262 2338 Romam
3296 2282 3463 2337 tertio
3499 2287 3745 2338 vocatus
3779 2287 3866 2338 est

2204 2389 2244 2443 δ,
2269 2373 2568 2449 Signiam
2625 2387 2788 2445 papa
2819 2375 2902 2440 IX,
2957 2375 3022 2426 ut
3071 2371 3289 2427 scilicet
3317 2370 3634 2440 Hugonem
3663 2385 3865 2439 regem

2204 2455 2586 2540 οιιιῐῃξὸρᾷθω
2618 2461 2888 2516 Alberico
2915 2459 3343 2516 reconciliaret.
3379 2459 3754 2516 Frodoardus
3785 2458 3865 2514 ad

2203 2551 2362 2605 hunc
2385 2567 2614 2606 annum
2639 2567 2650 2606 :
2677 2573 2704 2597 ‹‹
2735 2553 3001 2605 Domnus
3029 2549 3155 2605 Odo
3177 2549 3370 2606 abbas
3385 2565 3495 2621 pro
3517 2564 3666 2620 pace
3688 2562 3866 2617 agen-

2203 2639 2282 2694 da
2311 2639 2462 2694 inter
2493 2639 2807 2708 Hugonem
2837 2653 3040 2707 regem
3071 2637 3270 2708 Italia,
3296 2642 3354 2692 et
3381 2636 3722 2692 Albericum
3749 2638 3862 2690 Ro-

2204 2743 2454 2782 manum
2503 2725 2818 2800 patricium
2860 2725 3027 2798 apud
3065 2725 3347 2792 eumdem
3376 2739 3579 2792 regem
3619 2723 3862 2780 labora-

2201 2817 2323 2872 bat.
2361 2840 2387 2864 »
2421 2820 2484 2870 In
2515 2816 2605 2870 his
2637 2831 2744 2887 pro
2771 2814 3022 2871 ecclesia
3049 2814 3336 2885 susceptis
3359 2812 3668 2868 laboribus
3717 2827 3863 2867 con-

2206 2907 2400 2961 senuit
2429 2905 2760 2978 defecitque
2789 2906 2878 2960 vir
2912 2907 3178 2974 sanctus,
3214 2906 3272 2959 et
3313 2905 3514 2959 Roma
3555 2905 3863 2956 contracto

2133 3033 2172 3083 C
2205 2995 2442 3060 morbo,
2476 2997 2604 3050 vitae
2633 3013 2668 3050 ιι
2721 2999 2836 3050 Deo
2885 2995 3178 3062 inducias,
3227 2993 3420 3050 donec
3465 2994 3734 3047 Turonos
3783 2989 3863 3044 ad

2204 3086 2392 3140 sancti
2417 3086 2640 3141 Martini
2662 3101 2933 3139 reversus
2950 3089 3122 3152 esset,
3144 3081 3500 3155 impetravit.
3524 3085 3588 3136 ut
3607 3097 3679 3136 ex
3694 3083 3866 3136 Joan-

2203 3191 2278 3230 ne
2307 3191 2450 3229 mox
2481 3174 2770 3229 dicemus.
2805 3173 2862 3228 Si
2891 3187 3053 3227 anno
3074 3175 3176 3227 938
3209 3172 3268 3225 in
3290 3170 3606 3226 Franciam
3629 3187 3754 3226 non
3777 3187 3866 3226 re-

2202 3263 2364 3318 venit
2390 3263 2538 3332 Odo,
2561 3262 2858 3316 Gerardus
2879 3259 3180 3331 Regiensis
3202 3259 3540 3332 episcopus:
3567 3258 3642 3314 de
3663 3275 3786 3332 quo
3802 3259 3864 3314 in

2203 3352 2342 3406 Vita
2372 3350 2474 3406 lib.
2505 3367 2562 3418 ιι,
2592 3365 2760 3406 num.
2786 3354 2838 3419 6,
2865 3349 2978 3420 ipsi
2999 3347 3196 3404 socius
3217 3346 3325 3402 fuit
3343 3346 3406 3402 in
3436 3346 3706 3402 secunda
3735 3364 3746 3400 :
3773 3346 3864 3400 sin

2204 3445 2412 3496 contra
2467 3440 2529 3495 in
2587 3439 2757 3495 tertia
2821 3437 3317 3510 peregrinatione,
3372 3453 3516 3492 nam
3570 3440 3860 3492 Joannem

2203 3547 2342 3585 cum
2368 3530 2452 3585 eis
2477 3529 2662 3584 fuisse
2685 3527 2944 3601 probant
2964 3527 3092 3583 hac
3110 3526 3332 3583 verba:
3355 3549 3382 3574 «
3408 3525 3512 3582 Illo
3535 3525 3695 3582 enim
3717 3531 3862 3593 tem-

2203 3634 2368 3690 pore,
2391 3635 2514 3690 quo
2539 3635 2676 3673 cum
2699 3615 2950 3674 Geraldo
2967 3615 3270 3685 Regiensis
3287 3614 3558 3671 Ecclesia
3577 3615 3862 3688 episcopo

2205 3708 2398 3762 Colias
2450 3706 2834 3762 transivimus
2873 3705 3052 3777 Alpes
3096 3709 3152 3760 et
3191 3707 3445 3760 Romam
3479 3703 3780 3760 venimus.
3831 3725 3857 3751 »

2203 3800 2312 3851 etc.
2348 3794 2460 3849 Sed
2490 3794 2590 3865 qui
2617 3798 2898 3865 quartum
2917 3791 3140 3848 Odonis
3159 3793 3268 3848 iter
3287 3795 3540 3848 Romam
3565 3796 3700 3846 ante
3720 3807 3857 3863 pos-

2207 3890 2462 3939 tremum
2514 3882 2799 3948 statuerit,
2853 3882 3055 3938 forsan
3102 3897 3138 3938 a
3187 3897 3330 3938 vero
3368 3897 3492 3938 non
3535 3879 3856 3936 aberrabit.

2205 3972 2434 4044 Quippe
2462 3970 2571 4026 tria
2597 3971 2746 4037 hac,
2780 3987 2914 4043 qua
2947 3986 3086 4026 mox
3119 3970 3748 4036 commemoravimus,
3771 3984 3861 4023 ec-

2203 4061 2394 4116 clesia
2439 4077 2624 4116 causa
2667 4065 2991 4132 suscepta:
3039 4059 3202 4116 aliud
3240 4060 3466 4117 indicat
3501 4063 3757 4118 Joannes
3799 4058 3861 4112 in

2201 4150 2302 4205 lib.
2331 4166 2499 4205 num.
2531 4153 2615 4219 l8,
2645 4151 2934 4206 orationis
2961 4151 3185 4219 gratia.
3225 4153 3297 4204 At
3317 4149 3391 4204 de
3419 4149 3511 4204 his
3543 4148 3706 4203 satis.

2203 4243 2335 4296 CAP.
2369 4239 2483 4293 VII.
2515 4271 2582 4276 —
2613 4239 2832 4292 Odonis
2861 4239 3124 4303 morbus,
3151 4251 3330 4304 mors,
3363 4236 3698 4303 sepultura,
3725 4235 3859 4288 reli-

2797 4327 2952 4395 quz'a
2976 4329 3030 4379 et
3053 4325 3269 4378 cultus.

2275 4421 2361 4472 39.
2397 4421 2542 4471 Cum
2575 4419 2830 4469 mortem
2860 4411 3174 4466 imminere
3203 4409 3552 4479 intelligeret
3579 4408 3668 4464 vir
3693 4425 3862 4466 sanc-

2205 4511 2318 4574 tus,
2347 4504 2672 4560 identidem
2704 4501 3032 4574 prateritas
3071 4499 3423 4556 delictorum
3458 4499 3625 4556 labes
3655 4500 3860 4555 animo

2201 4595 2540 4661 revocabat,
2577 4592 2836 4647 maxime
2866 4606 2990 4658 eas,
3017 4588 3240 4661 quibus
3269 4588 3329 4643 in
3361 4588 3645 4646 abbatem
3667 4589 3861 4660 priva-

2203 4689 2297 4739 tus
2326 4685 2698 4755 peccaverat,
2739 4679 2820 4734 ita
2856 4681 3148 4734 Joannem
3196 4677 3523 4750 aliquando
3564 4676 3856 4732 allocutus

2201 4771 2262 4826 in
2287 4771 2388 4827 lib.
2418 4788 2497 4838 ιιι,
2531 4785 2695 4824 num.
2733 4772 2763 4822 6
2798 4787 2809 4823 :
2845 4791 2872 4814 «
2906 4766 3262 4822 Charissime
3291 4765 3396 4833 ﬁli,
3430 4763 3701 4820 ausculta
3721 4777 3858 4834 qua

2203 4857 2335 4913 dico
2369 4859 2490 4914 tibi.
2525 4857 2751 4913 Gratias
2784 4873 2898 4927 ago
2929 4857 3067 4923 Deo,
3108 4855 3252 4928 quia
3290 4871 3364 4912 ex
3406 4853 3690 4910 omnibus
3717 4867 3858 4925 pec-

2205 4947 2350 5002 catis
2389 4963 2524 5018 qua
2555 4962 2591 5001 a
2614 4947 2922 5016 juventute
2953 4945 3310 5018 perpetravi,
3341 4945 3400 5000 in
3441 4944 3554 4998 hac
3581 4941 3706 4997 vita
3727 4941 3860 5012 jam

2203 5035 2490 5090 ultionem
2529 5035 2746 5107 recepi,
2806 5035 3068 5107 exceptis
3123 5033 3235 5088 illis
3281 5048 3417 5104 qua
3464 5031 3524 5086 in
3574 5029 3860 5086 abbatem

2203 5138 2406 5177 meum
2447 5121 2720 5178 commisi
2749 5139 2761 5176 :
2791 5127 2847 5177 et
2875 5137 3112 5194 semper
3138 5120 3298 5176 diem
3328 5119 3498 5175 illum
3527 5123 3586 5174 et
3621 5123 3859 5190 tempus

2201 5211 2560 5282 exspectavi,
2591 5211 2923 5282 deprecans
2955 5213 3163 5276 Deum,
3191 5213 3259 5266 ut
3286 5225 3360 5264 ea
3387 5223 3510 5264 non
3533 5209 3860 5264 reservaret

2201 5298 2348 5356 mihi
2375 5298 2437 5353 in
2469 5298 2754 5354 futurum.
2791 5322 2818 5349 ››
2837 5299 2972 5354 Hac
2993 5298 3183 5370 paulo
3200 5302 3336 5354 ante
3357 5301 3728 5369 postremam
3753 5296 3858 5348 Ro-

2203 5401 2450 5442 manam
2480 5387 3043 5459 Peregrinaﬁonem,
3087 5403 3224 5459 qua
3261 5386 3478 5442 accidit
3511 5399 3674 5440 anno
3731 5383 3854 5436 949..
3935 5373 3942 5382 ’

2204 5479 2354 5530 Ante
2381 5491 2522 5530 vero
2548 5477 2677 5547 jam
2721 5476 2912 5532 itineri
2943 5493 3004 5532 se
3040 5477 3452 5544 committeret,
3505 5471 3859 5529 Almardum

2203 5563 2486 5620 abbatem
2517 5565 2578 5619 in
2631 5565 2832 5620 locum
2869 5581 3050 5622 suum
3083 5566 3317 5622 videtur
3360 5562 3755 5625 substituisse,
3797 5565 3862 5617 ut

2201 5652 2357 5710 infra
2385 5653 2448 5708 in
2477 5654 2744 5710 Aimardi
2774 5653 2968 5726 elogio
2998 5655 3212 5713 dicturi
3233 5671 3466 5711 sumus.
