4158 6192
296 196 363 251 33
491 199 495 204 ’
1328 188 1871 247 PROLEGOMENA.
1912 219 1982 228 —
2018 181 2326 246 ELOGIUM
2366 189 2424 245 S.
2465 190 2743 246 ODONIS.
3648 189 3716 244 34

356 316 446 370 40.
471 316 579 369 Per
601 312 662 368 id
691 317 926 385 tempus
950 317 1129 367 acuta
1154 319 1206 368 et
1239 314 1522 368 continua
1556 312 1724 381 febre
1749 325 1944 367 corre-
1983 308 2032 361 A
2058 308 2244 364 ﬁnem
2263 309 2406 366 anni
2431 312 2535 366 942
2563 309 2835 380 legentur
2862 325 2874 363 :
2900 327 2931 361 «
2960 309 3228 365 Domnus
3254 307 3382 365 Odo
3399 308 3716 364 venerabi-

286 409 453 477 ptus,
481 402 593 459 etsi
611 401 690 458 ad
709 401 1005 457 caelestem
1035 402 1221 457 vitam
1252 401 1577 463 anhelaret.
1604 417 1829 470 magno
1861 405 1946 455 ta-

286 510 430 550 men
476 491 775 548 desiderio
829 490 1078 546 affectus
1144 496 1236 547 est
1298 491 1596 547 revisendi
1653 490 1952 546 tumulum

290 584 483 640 sancti
514 581 757 651 Martini,
790 584 855 637 ut
882 581 997 637 illic
1029 581 1299 654 spiritum
1334 587 1555 651 ageret.
1592 580 1691 636 ubi
1724 580 1951 653 primos

286 673 405 747 pia:
431 672 563 728 vitae
591 684 783 725 annos
802 670 1102 726 hauserat.
1134 673 1200 725 Et
1224 687 1283 726 re
1309 670 1553 742 quidem
1588 686 1727 724 vera
1750 670 1809 724 id
1839 685 1952 723 coe-

286 761 427 816 litus
452 758 706 815 obtinuit
730 757 940 830 optimi
971 758 1204 829 patroni
1236 758 1480 822 meritis,
1504 774 1687 829 quem
1714 772 1955 829 semper

285 852 598 920 tantopere
638 845 923 901 coluerat.
982 846 1313 907 Convaluit,
1346 846 1536 901 rediit.
1578 849 1795 916 optatae
1822 844 1953 914 ejus

286 935 647 993 solemnitati
667 951 727 990 iv
756 934 895 990 Idus
926 934 1277 991 Novembris
1308 934 1570 991 interfuit
1604 951 1617 988 :
1650 934 1755 989 sed
1780 949 1956 1005 quar-

287 1030 348 1082 ta
372 1024 529 1080 intra
554 1028 833 1081 octavam
863 1023 981 1091 die,
1009 1024 1281 1079 rediviva
1310 1023 1479 1091 febre
1519 1023 1720 1077 denuo
1750 1037 1955 1077 accen-

286 1115 476 1181 ditur,
534 1113 728 1168 donec
758 1113 1007 1168 tandem
1036 1112 1123 1166 vir
1150 1112 1364 1167 beatus
1398 1112 1606 1167 divina
1643 1112 1753 1166 illa
1781 1118 1834 1167 et
1858 1127 1953 1165 sa-

290 1204 481 1260 lutari
502 1202 875 1273 pinguedine
916 1208 1218 1257 recreatus
1264 1208 1319 1258 et
1363 1202 1695 1269 viviﬁeanti
1716 1202 1951 1269 poculo,

288 1292 351 1349 id
398 1295 487 1348 est
538 1289 776 1357 viatico,
826 1296 1147 1360 vegetalus,
1176 1291 1442 1344 Maru'no
1472 1290 1621 1345 duce
1647 1288 1709 1343 in
1735 1289 1950 1344 caelum

291 1381 510 1451 migrat
555 1379 1009 1442 quartadecima
1056 1379 1151 1434 die
1200 1384 1341 1434 ante
1388 1379 1784 1434 Decembrem.
1820 1378 1955 1432 Htec

289 1468 566 1543 pluribus
593 1470 859 1523 Joannes
887 1466 948 1522 in
978 1465 1097 1522 ﬁne
1126 1465 1229 1521 lib.
1264 1482 1347 1521 ιιι.

360 1558 450 1613 41.
511 1556 801 1623 Quaedam
855 1555 1182 1625 singularia
1233 1554 1557 1629 superaldit
1628 1554 1950 1623 Nalgodus,

2055 395 2127 451 lis
2157 396 2369 462 abbas,
2415 396 2743 453 multorum
2797 400 3160 452 restaurator
3211 396 3715 452 monasteriorum

2058 490 2402 558 sanctaque
2426 484 2649 555 regulae
2678 489 3006 557 reparator,
3039 484 3285 541 Turonis
3323 484 3471 541 obiit
3519 489 3576 541 et
3623 502 3715 542 se-

2058 572 2262 645 pultus
2291 577 2380 628 est
2408 572 2572 645 apud
2604 576 2880 628 sanctum
2932 571 3257 628 Julianum.
3292 592 3322 625 ι
3355 572 3506 630 Nihil
3553 573 3718 629 lucu-

2058 660 2274 716 lentius
2305 660 2502 716 afferri
2531 664 2725 733 potest
2769 665 2897 716 tum
2926 659 3005 715 ad
3052 660 3258 715 mortis
3288 677 3538 731 annum,
3588 667 3715 718 tum

2061 750 2140 805 ad
2170 750 2488 822 sepulturae
2513 749 2715 805 locum
2744 736 3154 820 deligendum.
3220 752 3284 805 Et
3312 766 3456 806 sane
3484 751 3578 807 hic
3607 767 3715 807 an-

2058 854 2176 893 nus
2207 838 2593 910 consequitur
2643 854 2717 893 ex
2774 837 3003 893 calculo
3058 837 3327 908 Joannis,
3358 838 3461 910 qui
3500 856 3563 893 se
3594 855 3716 895 non

2061 943 2168 999 per
2195 927 2494 996 integrum
2523 926 2836 983 biennium
2863 926 3055 983 Odoni
3102 926 3433 983 convixisse
3473 933 3719 985 testatur

2060 1016 2123 1071 in
2142 1016 2245 1071 lib.
2277 1032 2360 1079 ιιι,
2388 1032 2554 1072 num.
2584 1021 2614 1071 5
2652 1034 2665 1071 :
2703 1037 2731 1067 «
2768 1016 2970 1071 Infelix
2998 1033 3132 1087 ego,
3165 1016 3265 1085 ait,
3288 1016 3391 1088 qui
3421 1032 3530 1073 nec
3574 1018 3719 1073 duo-

2062 1104 2176 1160 bus
2231 1105 2480 1177 expletis
2541 1106 2714 1161 annis
2755 1105 2833 1160 illi
2888 1106 3075 1161 merui
3103 1105 3401 1161 famulari.
3435 1128 3461 1155 ››
3497 1106 3557 1161 Ei
3578 1122 3719 1161 vero

2062 1193 2315 1250 adhaesit
2345 1194 2459 1249 sub
2489 1194 2655 1249 initio
2681 1194 2823 1249 anni
2858 1195 2981 1259 9-30,
3010 1210 3081 1249 ex
3112 1194 3283 1250 dictis
3312 1196 3373 1250 in
3400 1195 3593 1267 capite
3624 1211 3720 1249 su-

2062 1282 2302 1354 periori.
2354 1281 2643 1337 Eumdem
2702 1297 2931 1337 annum
2989 1283 3261 1351 assignat
3309 1284 3477 1351 Hugo
3526 1283 3720 1339 abbas

2062 1371 2526 1427 Flaviniacensis
2554 1372 2614 1426 in
2645 1371 2928 1427 chronico
2961 1390 2973 1425 :
3008 1392 3038 1423 ‹
3072 1375 3189 1427 Ηοο
3248 1388 3410 1428 anno
3454 1373 3718 1428 domnus

2064 1460 2192 1517 Odo
2223 1459 2598 1526 venerabilis,
2628 1460 2952 1515 multorum
2976 1460 3479 1516 monasteriorum
3501 1465 3722 1517 restau-

2062 1554 2243 1615 rator,
2277 1565 2415 1604 cum
2438 1548 2696 1604 multum
2720 1547 3053 1604 laborasset
3073 1548 3131 1604 in
3155 1548 3549 1605 restaurenda
3573 1565 3721 1621 pace

294 1658 514 1715 nempe
565 1640 837 1697 Odonem
888 1639 1099 1696 fratres
1142 1655 1533 1705 convocasse,
1588 1638 1953 1695 monasteria
1992 1659 2036 1711 Β
2063 1636 2216 1693 inter
2241 1638 2551 1707 Hugonem
2587 1653 2791 1707 regem
2824 1636 3000 1693 Italiae
3030 1643 3088 1692 et
3142 1638 3480 1693 Albericum
3510 1641 3723 1695 Roma-

292 1730 405 1786 sibi
451 1729 780 1786 commissa
834 1727 1223 1801 disposuisse,
1278 1727 1665 1783 Cluniacense
1710 1726 1956 1782 commi-

294 1820 446 1875 sisse
472 1823 590 1875 Deo
614 1838 626 1874 :
655 1841 682 1867 ‹‹
716 1806 1011 1891 capellam
1041 1817 1424 1874 solummodo
1456 1833 1652 1881 suam,
1678 1841 1704 1865 ››
1727 1817 1841 1872 hoc
1869 1821 1959 1871 est

292 1907 715 1981 supellectilem
742 1922 999 1976 sacram,
1031 1906 1110 1962 ad
1134 1906 1339 1962 missa:
1369 1905 1831 1961 celebrationem
1863 1920 1954 1959 re-

295 1996 585 2063 tinuisse;
644 1999 860 2051 caetera
911 1994 1263 2051 Cluniacum
1314 1993 1804 2050 retransmisisse.
1860 1996 1956 2048 Hae

297 2084 505 2140 forsan
527 2083 786 2139 auctoris
817 2083 1194 2154 conjecturae.
1248 2082 1472 2140 Certius
1501 2087 1589 2137 est
1615 2082 1783 2154 quod
1814 2080 1956 2137 sub-

297 2172 387 2227 dit
416 2172 715 2244 sepultum
744 2171 927 2228 fuisse
959 2170 1230 2227 Odonem
1258 2170 1507 2226 Turonis
1558 2193 1585 2219 «
1619 2170 1680 2224 in
1711 2169 1959 2225 ecclesia

297 2260 459 2316 beati
479 2259 717 2330 Juliani,
745 2276 934 2334 quam
960 2258 1091 2332 ipse
1118 2275 1154 2315 a
1178 2258 1588 2315 fundamentis
1619 2262 1961 2314 construxe-

297 2354 410 2415 rat,
438 2367 467 2401 ι
502 2348 561 2405 id
590 2354 679 2405 est
700 2349 1052 2415 restituerat,
1083 2352 1362 2420 sumptus
1389 2347 1807 2421 suppeditante
1823 2349 1962 2402 Teo-

299 2436 497 2493 tolone
526 2435 1001 2509 archiepiscopo,
1040 2440 1104 2491 ut
1132 2435 1408 2508 superius
1438 2436 1665 2492 dictum
1692 2440 1801 2491 est.
1855 2434 1960 2489 Hic

298 2524 584 2597 loquendi
634 2524 854 2581 modus
882 2524 1193 2582 familiaris
1227 2524 1391 2597 apud
1438 2529 1712 2580 auctores
1742 2522 1960 2595 aliique

300 2612 542 2669 similes.
562 2612 678 2670 Sed
697 2612 1037 2670 audiendus
1060 2613 1305 2686 insuper
1326 2612 1686 2683 Necrologus
1703 2611 1961 2668 coenobii

301 2703 488 2760 sancti
540 2702 760 2760 Juliani
792 2721 805 2759 :
842 2723 871 2756 ‹
910 2706 1236 2777 Postquam
1292 2702 1825 2759 reverendissimus
1873 2702 1962 2757 vir

304 2787 431 2844 Odo
460 2787 650 2844 multa
680 2787 1044 2844 monasteria
1074 2791 1507 2856 construxerat,
1535 2786 1795 2860 plurima
1840 2802 1965 2841 cor-

304 2880 554 2943 rexerat,
586 2877 808 2933 multos
839 2875 1053 2933 mundi
1082 2876 1314 2932 ludicra
1345 2892 1626 2948 spernere
1655 2876 1960 2944 docuerat,

305 2983 374 3022 ac
402 2967 567 3023 utilia
598 2967 870 3023 Ecclesire
925 2966 1260 3062 scripserat,
1304 2966 1567 3037 hymnos
1593 2970 1649 3019 et
1687 2964 1963 3038 antipho-
2004 3007 2045 3062 Ο

307 3071 418 3112 nas
469 3055 630 3112 beati
686 3054 912 3112 Martini
961 3053 1205 3110 laudem
1240 3057 1476 3126 compte
1504 3058 1962 3126 composuerat;

297 3146 431 3216 jam
462 3145 793 3215 silicernus,
815 3144 948 3215 jam
976 3144 1156 3214 longe
1186 3144 1375 3200 aetatis
1402 3143 1569 3199 senio
1598 3143 1812 3212 fessus,
1841 3147 1969 3199 tan-

306 3250 493 3307 quam
517 3234 804 3307 preescius
837 3250 959 3289 suae
988 3232 1338 3299 vocationis,
1378 3236 1711 3305 optaverat,
1744 3237 1809 3288 ut
1838 3248 1967 3287 sar-

309 3324 444 3379 cina
493 3322 770 3396 deposita
823 3323 1021 3379 carnis
1075 3321 1315 3392 glebam
1367 3322 1457 3376 sui
1489 3321 1756 3393 corporis
1798 3322 1970 3392 juxta

310 3428 529 3485 corpus
554 3412 871 3485 peculiaris
895 3411 987 3467 sui
1011 3412 1267 3484 patroni,
1308 3410 1537 3467 domini
1573 3410 1791 3467 scilicet
1821 3414 1970 3467 Mar-

311 3499 436 3569 tini,
469 3502 517 3557 si
546 3506 771 3575 posset,
803 3500 1086 3557 tumulari
1143 3499 1222 3557 ad
1264 3499 1577 3573 proprium
1624 3500 1968 3556 coenobium

314 3606 493 3647 suum
522 3594 786 3647 Turones
804 3590 996 3647 redire
1017 3589 1334 3662 disposuit.
1352 3592 1580 3646 Interea
1617 3589 1971 3645 adveniente

314 3679 471 3736 beati
521 3679 895 3736 solemnitate
951 3678 1196 3745 Martini,
1245 3678 1602 3734 venerabilis
1632 3683 1802 3751 pater
1830 3694 1970 3734 cum

314 3769 437 3825 suis
461 3769 775 3826 monachis
805 3768 887 3825 ad
911 3768 1330 3827 Matutinorum
1360 3766 1653 3824 solemnia
1679 3767 1976 3841 processit

312 3841 503 3914 multo
552 3860 690 3927 ante
743 3856 1276 3914 1ucem....0ctavo
1314 3854 1683 3911 incommodi
1721 3855 1817 3911 die
1845 3871 1975 3912 sen-

314 3947 465 4002 tiens
491 3946 606 4003 sibi
627 3946 841 4002 horam
869 3945 1184 4001 imminere
1204 3949 1555 4015 extremam,
1587 3944 1975 4001 circumstan-

314 4034 477 4091 tibus
500 4033 730 4089 cunctis
754 4033 1057 4102 fratribus,
1084 4032 1301 4088 viatico
1330 4033 1598 4104 corporis
1646 4037 1704 4088 et
1730 4033 1967 4103 sangui-

314 4125 413 4179 nis
443 4121 680 4178 Domini
709 4137 771 4176 se
820 4120 1072 4176 ﬁdeliter
1101 4120 1321 4176 muniri
1373 4121 1603 4176 curavit
1629 4137 1641 4174 :
1670 4122 1887 4177 deinde
1915 4121 1978 4176 in

315 4210 634 4269 ecclesiam
663 4208 851 4266 sancti
875 4207 1094 4280 Albini,
1125 4225 1262 4282 quae
1292 4224 1435 4282 pros
1446 4207 1569 4264 ima
1592 4212 1735 4276 erat,
1783 4224 1848 4264 se
1882 4207 1983 4264 de-

318 4300 668 4372 ferri'jussit,
703 4298 1158 4371 luminibusque
1187 4298 1301 4371 piis
1343 4314 1413 4355 ac
1443 4296 1726 4353 manibus
1772 4297 1836 4354 in
1867 4313 1977 4353 coe-

2016 4352 2064 4406 D

2063 1742 2282 1783 norum
2310 1726 2647 1800 patricium,
2680 1726 2827 1782 obiit
2857 1726 3124 1783 Turonis.
3153 1748 3179 1776 ››
3209 1730 3282 1782 At
3300 1727 3723 1795 corrigendum

2064 1816 2125 1872 id
2172 1817 2334 1889 quod
2371 1816 2639 1889 sequitur
2677 1834 2689 1871 :
2739 1837 2768 1867 «ι
2802 1815 3193 1888 sepultusque
3223 1820 3312 1871 est
3339 1815 3418 1872 ad
3447 1821 3723 1873 sanctum
3793 1874 3797 1878 ,

2067 1905 2379 1961 Martiuum
2407 1923 2420 1969 ;
2454 1923 2483 1956 ι»
2523 1921 2659 1977 quae
2691 1903 2870 1960 etiam
2899 1904 3071 1960 lectio
3097 1904 3417 1960 adhibetur
3445 1904 3525 1960 ad
3553 1920 3724 1960 oram

2066 1993 2332 2050 chronici
2364 1992 2685 2050 Frodoardi
2711 1992 2773 2049 in
2804 1998 2967 2049 textu
2995 1993 3178 2067 paulo
3212 1994 3488 2066 superius
3513 1993 3720 2050 relato.

2065 2087 2136 2137 At
2175 2082 2451 2138 vitiosam
2507 2081 2666 2138 hanc
2715 2098 2844 2138 esse
2894 2081 3210 2138 lectionem
3266 2086 3503 2138 constat
3527 2099 3600 2137 ex
3629 2098 3726 2138 eo-

2065 2170 2207 2226 dem
2265 2172 2547 2227 chronico
2605 2171 2683 2226 ad
2739 2186 2970 2226 annum
3010 2175 3136 2233 9i5,
3163 2187 3288 2243 quo
3317 2187 3479 2227 anno
3504 2171 3723 2227 Teotilo

2064 2259 2423 2316 Turonensis
2453 2259 2943 2332 archiepiscopus
2972 2259 3211 2326 abiisse,
3241 2264 3422 2332 atque
3462 2280 3492 2313 α
3519 2260 3579 2316 in
3601 2276 3726 2316 mo-

2065 2347 2328 2404 nasterio
2386 2347 2575 2402 sancti
2622 2346 2861 2411 Juliani,
2917 2347 3084 2421 quod
3140 2347 3301 2403 idem
3346 2348 3431 2403 vir
3480 2353 3723 2405 sanctus

2068 2451 2312 2491 summa
2335 2434 2667 2491 instituerat
2679 2435 2982 2504 religione,
3003 2437 3173 2507 juxta
3196 2436 3538 2508 sepulcrum
3557 2437 3727 2492 dom-

2068 2524 2128 2580 ni
2158 2523 2382 2581 Odonis
2410 2524 2699 2580 humatus
2730 2544 2760 2575 »
2810 2524 3187 2597 perhibetur;
3242 2546 3272 2577 ‹
3303 2529 3361 2581 et
3388 2525 3602 2581 exinde
3639 2526 3726 2598 ip-

2068 2630 2205 2669 sum
2230 2612 2523 2685 templum
2566 2612 2784 2669 divinis
2833 2612 3111 2669 illustrari
3171 2614 3475 2669 miraculis
3535 2613 3729 2671 decla-

2068 2707 2252 2758 ratur.
2306 2720 2336 2754 ›
2415 2701 2814 2771 Corrigendus
2896 2701 3096 2774 itaque
3178 2702 3499 2775 praedictus
3555 2703 3729 2772 Hugo

2073 2789 2527 2847 Flaviniacensis
2585 2807 2597 2843 :
2656 2789 3047 2859 corrigendus
3104 2789 3245 2846 item
3304 2793 3504 2846 Petrus
3554 2791 3728 2863 Equi-

2072 2879 2249 2947 linus,
2293 2878 2399 2950 qui
2449 2878 2722 2935 Odonem
2781 2902 2808 2931 ς
2842 2878 3107 2935 Cluniaci
3138 2898 3167 2931 »
3220 2880 3525 2952 sepultum
3575 2879 3732 2935 aﬂir-

2074 2972 2217 3023 mat.
2273 2970 2444 3022 Recte
2473 2968 2722 3022 omnino
2752 2979 3096 3039 anonymus
3122 2968 3282 3040 apud
3320 2968 3641 3025 Chesnium
3669 2967 3732 3023 in

2075 3061 2240 3113 tomo
2272 3058 2362 3119 llI,
2395 3071 2534 3127 pag.
2562 3056 2659 3111 341
2700 3074 2712 3110 :
2751 3078 2778 3105 «
2800 3056 3020 3111 Eodem
3044 3057 3224 3112 etiam
3249 3073 3430 3124 anno,
3458 3078 3487 3109 »
3513 3073 3732 3130 nempe

2077 3143 2358 3199 Ludovici
2411 3143 2567 3215 regis
2601 3146 2708 3211 Vll,
2760 3163 2790 3196 «ι
2834 3144 3126 3216 requievit
3181 3145 3241 3200 in
3293 3161 3442 3218 pace
3469 3145 3733 3201 domnus

2079 3232 2227 3301 Odo,
2260 3231 2453 3288 abbas
2500 3231 2829 3288 multorum
2885 3233 3388 3289 monasteriorum
3418 3234 3734 3303 religiosus

2077 3327 2134 3377 et
2161 3321 2451 3394 prudens,
2482 3320 2769 3377 litteratus
2821 3326 2879 3377 et
2906 3321 3216 3394 eloquens,
3255 3326 3312 3378 et
3341 3322 3609 3395 sepultus
3648 3326 3738 3379 est

2078 3410 2327 3467 Turonis
2357 3409 2522 3482 apud
2552 3414 2828 3465 sanctum
2866 3409 3194 3466 lulianum.
3231 3434 3258 3459 »
3291 3412 3515 3466 Locum
3545 3410 3736 3483 sepul-

2080 3505 2224 3557 tura:
2254 3504 2410 3555 recte
2435 3503 2601 3555 notat
2630 3499 2955 3554 chronicon
2976 3498 3379 3567 Malleacense,
3412 3499 3569 3577 male
3612 3498 3737 3555 obi-

2079 3593 2175 3646 tus
2200 3605 2431 3646 annum
2472 3592 2596 3645 938.
2654 3588 2750 3645 His
2792 3588 3077 3645 omnibus
3129 3589 3360 3646 accedit
3410 3588 3739 3645 chronieon

2083 3678 2330 3734 Dolense
2357 3677 2523 3749 apud
2554 3676 2859 3733 Labbeum
2891 3678 2951 3733 in
2983 3682 3145 3733 tomo
3177 3682 3197 3733 ι
3228 3677 3600 3734 Bibliotheca:
3630 3691 3739 3733 no-

2081 3785 2169 3823 vre
2193 3782 2335 3840 pag,
2358 3767 2460 3823 315
2491 3784 2504 3821 :
2530 3786 2561 3820 ‹
2591 3772 2764 3822 Anno
2790 3768 2895 3824 942
2923 3766 3071 3822 obiit
3097 3771 3339 3824 sanctus
3363 3766 3491 3823 Odo
3530 3782 3737 3823 secun-

2083 3858 2198 3914 dus
2225 3857 2418 3914 abbas
2442 3856 2732 3914 Dolensis.
2767 3876 2797 3909 ›
2828 3861 3030 3930 Itaque
3062 3873 3225 3914 anno
3251 3858 3358 3915 942
3376 3857 3456 3913 ad
3485 3873 3739 3931 superos

2082 3944 2363 4015 migravit
2392 3944 2541 4011 Odo,
2595 3960 2790 4001 annos
2834 3950 3012 4002 natus
3051 3949 3312 4017 quatuor
3331 3949 3389 4002 et
3411 3945 3739 4016 sexaginta,

2085 4033 2394 4102 regiminis
2423 4033 2833 4089 Cluniacensis
2865 4050 3026 4091 anno
3055 4034 3267 4106 quinto
3293 4034 3550 4090 decimo.

2160 4122 2249 4176 43.
2310 4121 2449 4190 Ejus
2495 4120 2762 4192 reliquiae
2813 4122 2876 4176 in
2939 4121 3138 4176 Sancti
3197 4121 3416 4176 Juliani
3496 4121 3745 4177 ecclesia

2091 4212 2334 4264 servatae
2390 4211 2529 4263 sunt
2574 4207 2788 4263 saltem
2836 4223 3027 4281 usque
3054 4208 3132 4264 ad
3161 4210 3448 4265 saaculum
3476 4226 3563 4265 xv.
3604 4210 3743 4281 Ejus

2091 4297 2176 4354 rei
2205 4296 2471 4370 primum
2526 4301 2949 4367 argumentum
2999 4296 3156 4352 sumi
3209 4302 3404 4369 potest
3443 4314 3517 4355 ex
3542 4297 3746 4355 litteris

317 4391 446 4447 lum
472 4388 733 4460 intentis,
766 4387 995 4446 Christo
1025 4387 1296 4444 animam
1323 4385 1601 4444 reddidit.
1633 4405 1662 4438 »
1700 4388 1983 4460 Superest
2017 4385 2063 4406 ν
2095 4386 2414 4456 societatis,
2441 4386 2791 4443 Cluniacum
2816 4387 2968 4444 inter
2995 4391 3053 4444 et
3081 4387 3269 4444 sancti
3297 4387 3520 4445 Juliani
3548 4405 3747 4447 caeno-

322 4479 400 4536 ad
424 4479 540 4535 hoc
570 4492 763 4550 usque
805 4479 1045 4550 tempus
1098 4475 1258 4532 istud
1293 4475 1483 4532 sancti
1529 4474 1727 4531 Albini
1780 4479 1980 4532 orato-

321 4567 477 4625 rium
502 4566 661 4623 intra
689 4565 954 4623 claustra
1008 4564 1277 4639 praedicti
1321 4563 1574 4621 ctenobii
1606 4581 1619 4619 :
1650 4583 1681 4617 ‹
1709 4563 1866 4621 Obiit
1886 4580 1984 4620 x1v

324 4656 449 4713 Kal.
481 4654 825 4712 Decembris
857 4674 870 4711 :
904 4653 1173 4727 sepultus
1202 4656 1290 4710 est
1322 4657 1524 4710 autem
1571 4669 1609 4711 a
1638 4669 1796 4726 saape
1826 4653 1987 4710 dicto

322 4744 678 4802 Theotelone
708 4742 989 4817 pontiﬁce
1018 4742 1081 4799 in
1119 4747 1329 4816 crypta
1359 4742 1550 4800 sancti
1597 4741 1841 4814 Juliani,
1874 4741 1987 4798 sub

326 4833 509 4891 altare
531 4833 723 4906 ipsius
750 4831 1055 4905 martyris,
1078 4831 1157 4888 ad
1185 4832 1492 4888 dexteram
1512 4835 1765 4903 partem.
1794 4850 1826 4884 ›
1856 4834 1990 4887 Haec

328 4940 400 4980 ex
429 4922 847 4995 Martyrologio
876 4922 992 4978 loci
1047 4926 1335 4978 renovato
1379 4920 1459 4977 ad
1488 4920 1747 4978 formam
1774 4919 1991 4977 veteris

332 5029 491 5069 anno
524 5014 679 5081 M69,
703 5028 909 5069 mense
929 5011 1105 5081 Julio,
1136 5010 1323 5067 Paulo
1351 5010 1392 5067 ll
1446 5010 1749 5084 pontiﬁce,
1804 5010 1993 5066 Ludo-

332 5101 467 5157 vico
488 5105 552 5159 Xl
581 5118 742 5174 rege,
773 5101 898 5158 Elia
954 5100 1427 5173 archiepiscopo,
1459 5099 1564 5172 qui
1616 5086 1992 5156 characteres

332 5194 474 5246 sunt
498 5190 803 5248 reformati
822 5189 1241 5265 Martyrologii.
1940 5256 1943 5257 γ

402 5279 491 5335 42.
515 5281 759 5336 Annum
805 5295 930 5353 quo
978 5290 1143 5335 mors
1175 5278 1400 5335 Odonis
1428 5276 1665 5345 occidit,
1690 5275 1994 5348 Nalgodus

333 5365 534 5437 signat
557 5368 685 5437 945,
711 5383 895 5440 quem
931 5368 1061 5439 ejus
1095 5365 1491 5423 ordinationis
1530 5381 1761 5421 annum
1798 5364 1860 5421 18
1886 5380 1995 5419 nu-

332 5460 545 5514 merat.
580 5460 799 5513 Verum
822 5456 1193 5527 praeferenda
1210 5460 1302 5512 est
1327 5454 1671 5521 Frodoardi,
1692 5454 1996 5526 scriptoris

300 5547 608 5620 ,aequalis,
642 5544 986 5616 auctoritas,
1014 5546 1117 5619 qui
1149 5546 1417 5604 Odonem
1445 5544 1690 5602 biennio
1729 5548 1865 5601 ante
1894 5544 1995 5601 de-

333 5636 583 5694 cessisse
613 5635 875 5695 aiﬁrmat
900 5632 994 5689 his
1017 5633 1236 5707 verbis,
1260 5652 1399 5709 quae
1455 5634 1517 5691 in
1565 5633 1849 5691 chronico
1879 5632 1996 5689 sub

2090 4478 2261 4535 bium
2280 4477 2438 4534 initae
2460 4492 2621 4533 anno
2640 4481 2773 4534 1117
2794 4494 2997 4543 mense
3028 4477 3265 4535 Octobri
3296 4494 3450 4552 :quo
3479 4483 3747 4552 tempore

2095 4586 2126 4620 ‹
2157 4567 2420 4633 domnus
2448 4565 2690 4623 Pontius
2715 4566 2912 4624 abbas
2941 4566 3208 4624 Cluniaci
3235 4568 3525 4625 orationis
3559 4568 3748 4639 gratia

2092 4655 2341 4713 Turonis
2371 4654 2450 4712 ad
2475 4659 2749 4712 sanctum
2779 4656 3092 4714 Martinum
3122 4656 3451 4714 honoriﬁce
3477 4658 3659 4725 venit,
3692 4661 3751 4713 et

2095 4744 2174 4800 ad
2214 4759 2326 4800 nos
2354 4764 2383 4796 »
2432 4743 2537 4815 (sic
2593 4743 2876 4800 monachi
2925 4744 3117 4801 sancti
3162 4744 3379 4801 Juliani
3428 4744 3491 4801 in
3544 4744 3749 4801 litteris

2094 4832 2441 4905 loquuntur)
2486 4851 2529 4901 _«
2559 4847 2671 4903 pro
2702 4846 2906 4888 amore
2934 4831 3093 4888 beati
3125 4832 3348 4889 Odonis
3379 4832 3618 4905 patroni
3646 4848 3750 4889 no-

2098 4921 2200 4976 stri
2226 4919 2437 4992 suique
2463 4920 2846 4977 devotissime
2867 4919 3124 4991 divertit,
3166 4925 3223 4977 et
3245 4921 3326 4977 ad
3356 4937 3574 4995 corpus
3620 4922 3751 4993 ejus

2098 5008 2298 5079 vigilia
2328 5009 2516 5066 sancti
2547 5009 2811 5081 Dionysii
2839 5026 2980 5065 cum
3019 5010 3237 5067 nostris
3264 5010 3507 5084 suisque
3537 5027 3751 5069 mona-

2100 5096 2229 5152 chis
2246 5097 2497 5153 missam
2528 5097 2603 5154 de
2633 5098 2765 5169 ipso
2810 5097 3157 5155 beatissimo
3197 5099 3403 5157 Odone
3434 5098 3755 5156 celebravit

2101 5185 2324 5242 Deinde
2354 5190 2668 5259 assumpto
2700 5203 2908 5243 secum
2938 5188 3238 5245 Bernardo
3296 5191 3506 5247 Crasso
3558 5186 3754 5259 priore

2102 5292 2232 5342 suo,
2267 5275 2516 5348 aliisque
2548 5276 2849 5345 fratribus,
2882 5276 2945 5332 in
2972 5277 3309 5351 Capitulum
3338 5281 3615 5333 nostrum
3658 5290 3755 5333 ve-

2102 5364 2206 5432 nit,
2240 5381 2270 5415 »
2328 5369 2438 5421 etc.
2498 5368 2696 5437 Longe
2752 5371 2892 5439 post
2955 5366 3018 5422 id
3076 5372 3334 5439 tempus,
3386 5364 3449 5418 id
3478 5367 3571 5420 est
3593 5380 3755 5423 anno

2108 5453 2263 5519 1407,
2313 5456 2575 5510 Joannes
2619 5456 2979 5511 Turonensis
3034 5453 3538 5528 archiepiscopus,
3585 5471 3622 5511 a
3650 5459 3758 5510 Ro-

2100 5542 2271 5599 berto
2300 5544 2489 5600 sancti
2512 5544 2733 5601 Juliani
2763 5544 2981 5601 abbate
3009 5542 3307 5611 invitatus,
3337 5543 3624 5617 reliquias
3669 5558 3760 5597 sa-

2104 5649 2237 5689 cras
2294 5632 2356 5689 in
2419 5648 2607 5690 novas
2656 5633 2859 5689 thecas
2928 5628 3242 5704 transtulit,
3301 5648 3505 5690 coram
3578 5628 3758 5688 Maria
