4154 6180
405 149 474 200 35
1599 140 1657 194 S.
1699 137 1840 192 ODO
1879 135 2102 191 ΑΗΒΑὸ
2143 137 2664 194 GLUNIACENSIS.
3770 145 3838 197 36

409 271 770 325 Francorum
789 264 1016 334 regina,
1047 266 1105 318 et
1130 261 1478 331 Magdalene.
1506 261 1637 331 ejus
1665 259 1809 328 ﬁlia,
1835 261 2062 314 Joanne
2096 259 2144 312 Α
2174 274 2390 328 corpus
2403 261 2599 316 sancti
2617 261 2810 316 Lauri
2829 260 3312 328 abbatis.0uibus
3335 261 3837 318 translationibus

405 356 559 412 duce
590 353 977 419 Borbonnnsi,
1001 352 1226 408 Jacobo
1255 351 1520 408 Marchiae
1545 349 1784 410 comite,
1811 345 2064 416 aliisque

406 443 748 502 clarissimis
769 441 1042 516 personis
1073 457 1086 494 :
1113 455 1267 513 quas
1288 439 1438 496 inter
1461 435 1745 511 reliquias
1765 438 1823 492 in
1847 440 2064 509 quarta

405 546 588 605 capsa
618 551 650 586 «
679 545 897 603 corpus
928 528 1115 585 sancti
1146 528 1370 584 Odonis
1397 527 1632 584 abbatis
1657 546 1687 579 ι
1719 524 2062 581 contineba-

404 626 518 688 tur,
553 625 617 678 ut
667 624 959 676 testantur
990 617 1288 674 solemnes
1313 633 1385 674 ea
1433 617 1509 672 de
1536 631 1600 671 re
1647 613 1872 679 litterm,
1927 629 2063 685 qute

405 711 488 766 sic
512 709 739 766 habent
771 725 784 763 :

473 801 759 862 Joannes,
810 797 1189 852 miseratione
1217 797 1428 852 divi-na
1486 797 1840 850 Turonensis
1867 793 2065 848 are/tis

404 903 732 959 episcopus,
767 888 1058 942 universis
1084 892 1404 956 praesentes
1447 887 1680 941 litteras
1709 883 2063 953 inspectuﬁs

404 980 660 1034 salutem
693 978 756 1032 in
789 977 1038 1031 Domino
1059 977 1501 1046 sempiternam.
1537 973 1837 1044 Quidquid
1865 972 2064 1027 laudis

405 1068 498 1123 vel
525 1066 766 1121 honoris
797 1063 1190 1134 impendimus
1238 1067 1461 1121 sanctis
1497 1065 1624 1128 Dei,
1651 1063 1716 1118 id
1743 1063 1928 1118 eidem
1961 1075 2062 1116 ex-

406 1156 696 1222 hibemus,
759 1160 904 1210 teste
951 1157 1274 1224 propheta,
1328 1155 1578 1224 jubente
1623 1153 1943 1208 Dominum
2001 1151 2064 1205 in

405 1243 628 1300 sanctis
667 1245 796 1312 ejus
821 1243 1183 1299 collaudari.
1235 1242 1650 1311 Perpendente
1667 1242 1870 1310 itaque
1899 1239 2064 1294 bona:

403 1335 700 1391 memoriae
725 1335 1008 1403 defuncto
1033 1333 1232 1402 fratre
1256 1334 1577 1389 Guillelmo
1609 1331 1910 1401 quondam
1966 1329 2068 1384 ab-

407 1424 540 1480 bate
566 1423 914 1479 monasterii
959 1423 1157 1479 sancti
1208 1423 1450 1478 Juliani
1485 1420 1860 1484 Turonensis,
1900 1419 2063 1474 ordi-

405 1510 498 1565 nis
527 1512 726 1566 sancti
750 1510 1080 1573 Benedicti,
1133 1509 1293 1580 quod
1319 1510 1590 1580 quamvis
1631 1507 1879 1562 ecclesia
1917 1507 2066 1561 dicti

2172 349 2256 402 sic
2273 348 2456 416 factis
2485 364 2695 418 capsas
2729 353 2886 418 ipsas
2913 365 3044 405 cum
3077 351 3240 405 ostiis
3266 365 3368 406 seu
3395 351 3696 408 clausuris
3728 367 3835 408 ar~

2171 440 2394 504 genteis
2423 443 2480 494 et
2499 440 2732 494 auratis
2751 453 2788 494 a
2810 439 2961 507 foris
2978 439 3324 507 clausimus,
3357 445 3412 496 et
3433 444 3644 496 nostra
3665 441 3837 499 bene-

2171 525 2430 584 dictione
2457 527 2528 584 de
2551 528 2757 584 divina
2783 529 3195 584 misericordia
3216 530 3427 597 conﬁsi
3444 531 3836 600 munivimus,

2170 618 2515 678 statuentes,
2573 621 2626 671 et
2658 617 2832 671 dictis
2863 617 3154 686 religiosis
3193 618 3432 689 suisque
3479 621 3840 678 successori-

2173 701 2278 757 bus
2306 703 2664 774 injugentes.
2693 712 2875 774 prout
2922 720 3035 774 per
3075 711 3400 775 prtesentes
3430 709 3752 765 statuimus
3779 715 3837 766 et

2169 792 2564 863 injungimus,
2627 800 2686 848 ut
2733 795 2814 850 de
2869 801 3083 850 ctetero
3128 798 3304 852 annis
3370 797 3625 867 singulis
3673 798 3836 855 hunc

2172 883 2588 938 translationis
2619 884 2769 940 diem
2793 885 3006 953 festive
3030 885 3349 951 celebrent,
3377 901 3448 942 ac
3463 887 3688 944 divinis
3718 903 3842 944 ser-

2174 972 2330 1025 vitiis
2359 971 2570 1027 debitis
2590 979 2647 1028 et
2675 975 3028 1042 opportunis
3054 976 3456 1032 solemnizent.
3488 977 3559 1031 In
3581 992 3838 1048 quorum

2171 1061 2432 1115 omnium
2463 1068 2518 1116 et
2543 1063 2920 1132 singulorum
2941 1062 3140 1132 fidem,
3169 1070 3220 1119 et
3246 1065 3648 1121 testimonium
3674 1081 3852 1136 praem

2170 1150 2482 1204 missorum
2499 1149 2668 1206 binas
2693 1157 2930 1207 nostras
2956 1153 3188 1209 litteras
3213 1153 3432 1210 estinde
3455 1155 3612 1222 fieri,
3641 1161 3696 1211 et
3721 1171 3837 1224 per

2171 1239 2435 1292 notarios
2465 1239 2889 1308 infrascriptos
2911 1241 3161 1310 signari,
3198 1244 3504 1314 nostrique
3531 1243 3722 1312 sigilli
3745 1244 3838 1312 fe~

2171 1327 2356 1380 cimus
2414 1330 2777 1396 appensione
2835 1331 3217 1394 communiri,
3247 1347 3508 1402 quarum
3539 1347 3723 1390 unam
3773 1336 3835 1389 in

2169 1417 2400 1484 majore
2426 1429 2606 1484 capsa
2635 1416 2930 1486 praedicta
2962 1418 3340 1481 inclusimus,
3383 1425 3436 1474 et
3463 1421 3650 1477 aliam
3677 1435 3833 1490 pra.

2169 1504 2316 1571 fatis
2344 1503 2550 1560 abbati
2563 1509 2616 1560 et
2642 1507 2962 1560 conventui
2981 1507 3043 1562 in
3071 1508 3355 1564 thesauro
3380 1510 3639 1568 ecclesia
3660 1525 3829 1580 repo-

403 1601 757 1655 monasterii
831 1600 1235 1667 plurimorum
1317 1598 1665 1667 corporibus
1695 1603 2056 1658 sanctorum,
2095 1609 2137 1664 3
2172 1593 2429 1646 nendam
2485 1595 2894 1650 concessimus.
2923 1595 3150 1651 Datum
3195 1597 3257 1652 in
3287 1599 3646 1654 monasterio
3668 1613 3828 1669 prae-

405 1689 681 1756 reliquiis
735 1692 786 1742 et
845 1689 1164 1756 praesentia
1221 1687 1506 1742 decorata
1561 1687 1857 1751 existeret,
1919 1699 2062 1754 quo~

405 1787 540 1831 rum
591 1781 770 1846 atque
813 1777 1071 1832 aliorum
1117 1777 1511 1845 gloriosorum
1572 1780 1938 1836 sanctorum,
1965 1774 2067 1844 qui

405 1865 467 1919 in
529 1864 643 1920 hac
691 1869 902 1920 nostra
943 1865 1184 1920 civitate
1231 1865 1629 1935 requiescunt,
1659 1863 1968 1932 su/fragiis
2009 1866 2066 1918 et

396 1953 697 2022 precibus,
732 1954 948 2009 nedum
969 1955 1397 2010 monasterium
1416 1956 1631 2022 ipsum,
1660 1967 1862 2009 verum
1887 1954 2061 2008 etiam

406 2045 532 2097 tota
563 2042 776 2098 civitas
795 2044 1103 2110 prosperis
1135 2043 1326 2112 viguit
1374 2041 1736 2098 successibus
1762 2055 1784 2096 .'
1811 2042 1944 2110 ipsa
1977 2046 2066 2095 ta-

405 2145 540 2186 men
590 2145 844 2200 corpora
893 2137 948 2186 et
976 2132 1248 2201 reliquiae
1276 2133 1473 2186 minus
1524 2137 1862 2186 reverenter
1890 2136 2064 2186 erant

409 2219 738 2287 recondita,
797 2225 852 2276 et
884 2221 963 2276 eis
999 2219 1228 2275 debitus
1259 2221 1452 2276 honor
1489 2235 1608 2276 non
1641 2220 2060 2275 exhibebatur.

405 2308 629 2364 Devota
685 2309 877 2377 igitur
925 2314 1117 2363 motus
1147 2309 1460 2377 affectione
1487 2309 1671 2364 abbas
1710 2308 2063 2376 praelibatus

409 2397 564 2466 facit
604 2396 746 2452 dum
794 2396 1022 2452 vivebat
1071 2397 1380 2466 fabricare
1417 2397 1680 2468 quinque
1726 2407 1936 2463 capsas
1989 2396 2062 2449 li-

403 2499 606 2556 gneas,
623 2491 880 2555 argento
909 2491 963 2540 et
989 2499 1141 2542 auro
1166 2499 1203 2540 a
1227 2491 1406 2554 parte
1431 2485 1706 2540 interiori
1727 2485 2060 2552 decm'atas,

405 2589 653 2644 sperans
679 2575 1023 2644 huiusmodi
1043 2575 1331 2645 reliquias
1365 2581 1420 2628 et
1440 2587 1696 2641 corpora
1722 2573 1782 2628 in
1831 2572 2062 2628 easdem

401 2663 606 2732 facere
635 2663 941 2719 collocari.
976 2663 1169 2718 Morte
1198 2667 1416 2728 tamen,
1451 2661 1605 2716 sicut
1653 2662 1897 2716 Domino
1927 2661 2061 2729 pla-

405 2753 547 2812 cuit,
577 2756 938 2820 prasventus,
966 2751 1229 2822 nequivit
1248 2764 1362 2819 per
1391 2764 1450 2804 se
1468 2749 1662 2818 ipsum
1689 2750 2061 2818 propositum

405 2841 702 2909 negotium
723 2837 1360 2908 peragere.Desideriis
1385 2842 1580 2893 autem
1605 2838 1730 2906 ejus
1753 2837 2062 2893 adhaeren-

2173 1681 2330 1735 dicto
2361 1681 2456 1736 die
2485 1683 2762 1738 vicesima
2793 1684 3054 1739 secunda
3084 1685 3303 1740 mensis
3330 1687 3636 1753 Januarii,
3667 1703 3829 1758 anno

2172 1769 2411 1824 Domini
2439 1771 2751 1826 millesimo
2773 1771 3358 1842 quadringentesimo
3383 1775 3650 1845 septimo,
3669 1791 3827 1845 pra-

2169 1859 2430 1914 sentibus
2461 1865 2514 1914 et
2543 1859 2709 1916 nobis
2729 1861 3144 1919 assistentibus
3177 1865 3623 1921 vonerabilibus
3636 1867 3830 1936 patri—

2174 1949 2279 2003 bus
2305 1948 2603 2017 fratribus
2663 1951 2930 2006 Guidone
2981 1952 3622 2021 Majoris-Monastem‘i
3641 1971 3832 2026 prope

2181 2037 2462 2103 Turones,
2492 2039 2742 2095 Hoberto
2767 2042 2966 2096 sancti
2986 2041 3226 2098 Juliani
3239 2043 3539 2112 praedicti,
3565 2048 3621 2100 et
3649 2045 3829 2098 Petro

2173 2125 2246 2181 de
2276 2127 2646 2184 Cormeriaco
2673 2133 2894 2184 nostrae
2923 2129 3185 2186 diaecesis
3214 2131 3362 2187 dicti
3388 2132 3619 2188 ordinis
3647 2131 3827 2189 abba-

2173 2214 2349 2284 tibus,
2381 2231 2453 2272 ac
2484 2219 2925 2286 circumspectis
2955 2219 3100 2274 viris
3125 2219 3379 2276 dominis
3405 2223 3636 2278 Joanne
3653 2221 3830 2278 Cam—

2168 2303 2503 2371 pidenario,
2561 2305 2936 2362 decretorum
2974 2307 3234 2376 doctore,
3263 2315 3634 2379 praeceptore
3659 2323 3830 2380 gene-

2171 2393 2295 2446 rali
2312 2394 2509 2453 sancti
2528 2395 2774 2449 Antonii
2791 2395 2864 2451 de
2888 2396 3085 2452 Thuin
3101 2397 3163 2452 in
3185 2398 3566 2464 Almania,et
3595 2404 3833 2455 oratore

2171 2480 2572 2536 illustrissimi
2585 2483 2883 2551 principis
2907 2483 3138 2540 domini
3159 2485 3329 2542 ducis
3355 2487 3644 2554 Austrite,
3666 2488 3834 2544 Guil-

2175 2569 2358 2624 termo
2396 2571 2477 2626 Le
2505 2571 2716 2626 Picart
2749 2571 3148 2641 thesaurario,
3175 2577 3410 2632 Joanne
3458 2577 3704 2645 preselli
3731 2591 3834 2633 ar-

2173 2658 2525 2714 chidiacono
2552 2663 2748 2716 transl
2753 2662 3014 2732 igerensi
3017 2703 3030 2726 ,
3046 2664 3283 2720 Joanne
3300 2665 3514 2719 Nuloti
3525 2665 3835 2722 archidia-

2173 2760 2317 2801 cono
2407 2747 2754 2817 Turonensi,
2837 2751 3087 2806 Nicolao
3155 2751 3488 2806 Perturelli
3551 2751 3828 2819 ofﬁciali,

2189 2835 2420 2891 Victore
2451 2837 2738 2907 Hugneti,
2772 2839 3103 2896 Guillermo
3129 2838 3375 2894 Joubert
3419 2839 3706 2894 canonico
3733 2855 3832 2894 ec-

407 2934 488 2984 tes
518 2928 884 2984 venerabiles
931 2933 984 2983 et
1039 2927 1306 2998 religiosi
1331 2927 1556 2995 fratres
1605 2925 1894 2982 Robertus
1944 2942 2062 2982 mo-
2093 2963 2135 3020 ο
2179 2925 2368 2979 etesias
2401 2932 2618 2982 nostra:
2651 2929 3030 2998 Turonensis,
3060 2943 3167 2986 nec
3190 2944 3310 2984 non
3339 2926 3556 2984 Jacobo
3581 2927 3654 2983 de
3683 2925 3832 2982 Cor-

405 3017 627 3075 demus
657 3017 859 3086 abbas,
889 3021 1160 3087 totusque
1183 3021 1506 3071 conventus
1523 3015 1672 3071 dicti
1692 3016 2058 3083 monasterii,

405 3106 633 3178 illaque
655 3109 943 3176 perﬁcere
958 3111 1366 3186 peroptantes,
1400 3105 1565 3160 nobis
1595 3105 1800 3160 devote
1827 3106 2060 3174 suppli-

406 3201 646 3256 carunt,
679 3200 972 3264 quatenus
1002 3194 1288 3264 reliquias
1329 3198 1382 3248 et
1414 3207 1666 3262 corpora
1703 3199 2063 3262 praeparata

406 3282 470 3336 in
503 3281 643 3336 locis
672 3281 754 3335 ad
783 3279 866 3346 id,
903 3285 967 3335 ut
991 3280 1364 3348 praedicitur,
1390 3283 1748 3336 constructis
1779 3295 2064 3349 reponere

407 3369 819 3439 dignaremur.
865 3369 1086 3422 Notum
1113 3369 1302 3438 igitur
1325 3369 1606 3438 facimus,
1638 3369 1798 3439 quod
1828 3384 1932 3424 nos
1956 3371 2064 3438 pia

406 3463 544 3514 vota
563 3457 863 3529 quondam
891 3458 1110 3526 fratris
1134 3457 1450 3513 Guillelmi
1465 3458 1698 3514 abbatis
1727 3459 2060 3529 memorati,

405 3547 704 3602 dictorum
734 3545 1162 3602 venerabilium
1207 3545 1441 3602 abbatis
1479 3551 1532 3602 et
1572 3551 1896 3601 convent-us
1946 3561 2064 3602 mo-

407 3635 852 3702 dernorum,ad
877 3635 1135 3706 gloriam
1166 3639 1219 3690 et
1257 3634 1764 3706 magniﬁcentiam
1796 3650 2064 3704 omnipo-

408 3725 584 3780 tentis
604 3725 716 3780 Dei
741 3725 986 3781 summis
1005 3724 1318 3793 a/fectibus
1335 3726 1776 3793 amplectentes,
1796 3725 1891 3780 die
1909 3725 2066 3781 datm

403 3814 812 3884 praesentium,
845 3815 909 3869 in
936 3818 1254 3882 conspectu
1283 3812 1782 3870 Chritianissimae
1811 3815 2064 3869 dominae

405 3903 666 3960 domina!
692 3903 906 3960 Mariae
953 3903 1332 3960 Francorum
1361 3903 1588 3974 reginae
1618 3904 2062 3972 illustrissimae,

405 3997 461 4049 et
481 3992 740 4050 domina
769 3993 1150 4064 Magdalenen
1173 3994 1320 4062 ﬁliae
1337 3995 1467 4062 ejus
1493 3993 1758 4064 inclytae,
1786 4007 1859 4050 ac
1888 4006 2062 4064 gene-

403 4097 676 4140 rosarum
691 4083 1041 4153 principum
1060 4083 1438 4139 dominorum
1451 4084 1707 4140 Joannis
1722 4083 1892 4139 ducis
1913 4083 2065 4138 Bor-

407 4171 584 4239 bonii,
605 4177 660 4228 et
683 4171 896 4228 Jacobi
923 4172 1154 4228 comitis
1183 4171 1494 4240 Marchiu,
1527 4173 1905 4243 aliorumque
1929 4173 2066 4242 pla-

404 4261 695 4315 rimorum
717 4259 1030 4324 baronum,
1061 4261 1344 4328 militum,
1373 4265 1426 4316 et
1453 4262 1746 4316 nobilium
1769 4277 2063 4330 persona—

403 4363 562 4412 rum,
584 4361 814 4404 necnon
843 4348 1274 4404 uenerabilium
1301 4353 1360 4404 et
1387 4351 1950 4418 circumspectorum
1977 4351 2062 4406 vi-

404 4451 612 4492 rorum
641 4436 1196 4506 infrascriptorum,
1218 4437 1350 4507 ipsa
1373 4451 1628 4507 carpam
1649 4445 1704 4494 et
1720 4439 2008 4510 reliquias
2026 4455 2064 4496 a

404 4525 700 4583 veteribus
752 4525 1143 4597 sarcophagis
1186 4527 1249 4581 in
1303 4539 1488 4582 novas
1541 4541 1772 4597 capsas,
1810 4544 1920 4598 per
1957 4545 2063 4585 nos

397 4616 576 4686 prius
590 4616 914 4673 secundum
943 4617 1128 4672 vitum
1148 4617 1436 4674 Ecclesia
1459 4619 1864 4686 sanctiﬁcatas
1884 4624 1943 4674 et
1968 4619 2062 4675 be-

405 4707 690 4770 nedictus,
715 4707 984 4777 prapriis
1014 4707 1288 4763 manibus
1321 4709 1744 4764 transtulimus
1773 4713 1829 4763 et
1855 4723 2064 4764 recon-

404 4795 600 4852 dimus
629 4797 951 4852 secundum
981 4796 1252 4853 ordinem
1281 4803 1616 4868 sequentem
1643 4813 1667 4854 .·
1697 4797 1970 4855 videlicet
1996 4799 2061 4854 in

395 4884 602 4953 prima
654 4899 839 4955 capsa
888 4901 1092 4943 versus
1142 4886 1556 4942 dormitorium
1589 4887 1894 4957 saepedicti
1939 4903 2060 4944 mo-

403 4975 657 5030 nasterii
679 4988 896 5045 corpus
916 4977 1112 5031 sancti
1129 4977 1316 5032 Pauli
1339 4976 1599 5046 episcopi
1619 4978 1970 5048 Leonensis;
2001 4978 2064 5034 in

402 5063 666 5120 secunda
687 5077 871 5134 capsa
890 5079 1108 5134 corpus
1145 5065 1342 5122 sancti
1374 5065 1623 5122 Antonii
1659 5065 1892 5122 abbatis
1917 5067 2067 5123 dicti

403 5155 754 5212 monasterii
773 5155 970 5212 sancti
979 5155 1220 5212 Juliani
1243 5155 1641 5212 Turonensis:
1669 5156 1732 5212 in
1766 5157 1944 5213 tertia
1956 5171 2068 5213 au-

405 5249 516 5300 tem
573 5249 628 5302 et
675 5243 872 5302 media
924 5249 981 5300 et
1033 5245 1257 5314 majori
1284 5257 1465 5314 capsa
1479 5250 2060 5315 partes-corporum.

405 5335 600 5388 sancti
626 5334 1018 5392 Pantaleonis
1049 5339 1107 5390 et
1134 5339 1358 5390 sanctae
1391 5334 1713 5400 Columbae,
1758 5350 1883 5392 una
1931 5351 2065 5391 cum

403 5419 682 5489 pluribus
710 5425 848 5479 aliis
877 5423 1168 5496 reliquiis,
1199 5439 1455 5494 quorum
1488 5425 1732 5480 nomina
1762 5423 1929 5494 apud
1955 5440 2062 5478 nos

406 5509 716 5580 incognita
735 5513 1019 5568 existunt.
1044 5513 1118 5568 In
1145 5517 1368 5584 quarta
1417 5527 1596 5582 capsa
1627 5527 1842 5582 corpus
1871 5513 2070 5569 sancti

405 5599 644 5668 Odonis,
669 5600 869 5670 primo
893 5601 1125 5659 abbatis
1147 5603 1582 5665 Cluniacensw,
1601 5610 1654 5661 et
1677 5603 1890 5660 deinde
1907 5602 2066 5658 dicti

403 5691 755 5749 monasterii
771 5691 1314 5750 sanctiJulianiJn
1336 5693 1549 5764 quinta
1573 5700 1627 5750 et
1645 5694 1862 5751 ultima
1878 5706 2060 5761 capsa

2176 3029 2380 3083 meray
2397 3016 2604 3083 priore
2628 3017 2952 3072 ctaustrali
2971 3023 3028 3072 et
3054 3015 3650 3086 inﬁmnario,Joanne
3669 3031 3833 3084 prae-

2165 3103 2348 3170 positi
2375 3103 2844 3165 eleemosinario,
2878 3104 3164 3170 Philippo
3216 3105 3530 3171 praepositi
3565 3117 3835 3160 camera-

2176 3191 2288 3254 rio,
2343 3189 2578 3244 Joanne
2629 3188 2980 3245 Charretier
3033 3190 3313 3256 sacrista,
3368 3191 3702 3248 Guillermo
3742 3194 3835 3248 Du

2187 3279 2326 3334 Vieu
2359 3277 2764 3342 hostellarico,
2797 3279 3027 3334 Joanne
3069 3278 3316 3334 Guibert
3366 3286 3632 3352 cantare,
3691 3280 3833 3335 Gai-

2173 3367 2325 3422 done
2353 3367 2524 3436 Auge
2553 3374 2918 3430 succentore,
2948 3367 3279 3424 Guillermo
3307 3368 3527 3424 Boutet
3550 3369 3625 3426 de
3648 3369 3832 3432 Bovo,

2173 3460 2229 3510 et
2257 3456 2911 3512 Michaele'Betloneau
2941 3457 3015 3512 de
3045 3452 3833 3524 Guerchia,Jacobo'Aude—

2174 3545 2382 3600 ronde
2423 3544 2637 3600 Castra
2695 3547 2990 3616 Regialdi,
3050 3547 3232 3602 Petro
3284 3546 3590 3602 Audebert
3640 3545 3838 3602 sancti

2173 3632 2444 3700 Antonii,
2475 3636 2712 3689 Joanne
2736 3635 2936 3690 Selion
2961 3635 3034 3691 de
3061 3635 3260 3702 Bueil,
3292 3635 3546 3691 Roberto
3586 3635 3836 3692 Helonis

2172 3720 2245 3776 de
2267 3721 2530 3776 Ambitio
2551 3723 2878 3790 prioribus,
2917 3723 3248 3779 Guillermo
3279 3724 3352 3780 de
3373 3724 3624 3794 Linaye,
3655 3725 3840 3780 Joan-

2175 3824 2251 3865 ne
2278 3810 2494 3878 F'afeu,
2524 3811 2706 3865 Petro
2731 3811 3256 3880 Joulaindiacono,
3285 3815 3468 3869 Petro
3497 3813 3833 3880 Sourdeau,

2174 3901 2402 3956 Joanne
2419 3899 2706 3967 Lenfant,
2732 3899 3030 3955 Aimerico
3043 3901 3119 3956 de
3135 3902 3741 3972 Londanier,Joanne
3762 3901 3838 3958 de

2175 3988 2384 4053 Fonte,
2401 3987 2636 4044 Joanne
2660 3987 3128 4051 Budet,Andrea
3147 3990 3222 4047 de
3235 3992 3505 4049 Francia
3525 3998 3581 4048 et
3604 3993 3838 4048 Joanne

2175 4077 2249 4134 de
2279 4078 2489 4143 Turre,
2505 4078 2799 4149 religiosis
2820 4079 2968 4134 dicti
2986 4082 3338 4137 monasterii
3362 4083 3562 4138 sancti
3576 4081 3835 4146 Juliani,

2179 4183 2311 4224 cum
2320 4168 2602 4238 pluribus
2613 4169 2770 4224 aliis.
2779 4170 2878 4225 Sic
2889 4171 2976 4240 sig
2983 4175 3192 4226 natum
3212 4171 3454 4225 T/wuar
3463 4175 3520 4224 et
3533 4171 3835 4238 Magistri.

2248 4259 2338 4312 44.
2370 4257 2462 4314 Ab
2487 4273 2558 4313 eo
2579 4261 2850 4330 tempore
2869 4259 3036 4316 nulla
3063 4259 3138 4316 de
3187 4257 3451 4330 reliquiis
3495 4259 3554 4314 S.
3606 4257 3836 4314 Odonis

2101 4319 2146 4373 Β
2180 4345 2403 4401 mentio
2427 4345 2630 4402 relicto.
2650 4352 2738 4402 est
2757 4347 2818 4403 in
2834 4346 3244 4404 monumentis
3255 4345 3514 4403 cosnobii
3533 4347 3725 4404 sancti
3739 4348 3840 4403 Ju-

2178 4433 2323 4491 liani
2347 4450 2360 4489 :
2386 4433 2490 4490 ubi
2516 4438 2721 4492 tamen
2741 4453 2810 4493 os
2847 4437 3005 4494 tibiae
3026 4439 3158 4509 ejus
3181 4442 3544 4495 asservatur.
3571 4439 3840 4494 Fortasse

2174 4524 2315 4580 inde
2331 4528 2654 4596 asportatos
2671 4531 2809 4582 sunt
2822 4527 2884 4582 in
2898 4527 3221 4585 insulam-.1
3229 4527 3442 4585 ordani
3463 4542 3652 4600 prope
3673 4525 3842 4584 Tolo-

2177 4631 2306 4670 sam
2319 4614 2515 4686 (cujus
2525 4614 2641 4672 loci
2651 4617 2926 4674 canonici
2939 4633 3042 4672 eas
3062 4634 3124 4674 se
3144 4617 3366 4675 habere
3389 4615 3738 4687 glorientur)
3755 4615 3843 4671 in-
3903 4606 3907 4614 ’

2177 4708 2422 4776 gruente
2439 4705 2854 4762 haereticorum
2872 4711 3241 4780 tempestate,
3255 4706 3361 4779 qui
3375 4703 3679 4760 Τωοηὶοω
3703 4701 3840 4757 civi-

2175 4795 2310 4851 tatis
2341 4811 2546 4853 sacras
2581 4797 2826 4854 exuvias
2859 4797 3118 4870 profano
3137 4795 3418 4852 incendio
3445 4791 3835 4863 dissiparant,

2174 4901 2298 4942 non
2310 4891 2625 4959 parcentes
2643 4888 2832 4944 sancti
2844 4885 3071 4944 Martini
3081 4883 3523 4957 reliquiis,quas
3535 4879 3698 4936 orbis
3711 4882 3842 4938 uni-

2174 4991 2387 5032 versus
2419 4993 2660 5050 semper
2684 4977 2746 5032 in
2767 4977 2996 5032 honore
3015 4973 3330 5030 habuerat.
3364 4975 3564 5042 Neque
3593 4969 3841 5046 insuper

2175 5065 2528 5122 habendum
2540 5065 2820 5138 cst,quod
2830 5065 2904 5121 de
2917 5079 3166 5136 corpore
3177 5059 3374 5117 sancti
3387 5059 3558 5118 Lauri
3577 5060 3836 5130 abbatis,

2175 5154 2347 5224 cujus
2370 5169 2552 5226 supra
2584 5153 2990 5220 meminimus,
3015 5152 3076 5206 in
3102 5148 3414 5222 praemisso
3440 5149 3834 5208 instrumento

2173 5243 2552 5313 legitur,cum
2575 5242 2742 5300 nulla
2776 5242 2906 5312 ejus
2935 5239 3162 5296 mentio
3203 5239 3361 5297 facta
3383 5241 3461 5297 sit
3481 5241 3542 5297 in
3563 5243 3841 5310 Martyro-

2173 5332 2335 5402 logio
2345 5331 2917 5388 Gallicano.Festum
2929 5331 3059 5402 ejus
3072 5330 3238 5403 apud
3250 5336 3525 5388 sanctum
3536 5327 3838 5386 Julianum

2175 5435 2370 5493 nuper
2378 5420 2669 5490 agebatur
2683 5419 2777 5476 die
2789 5419 2985 5492 prima
3001 5419 3273 5477 Octobris
3291 5421 3495 5478 :modo
3512 5419 3574 5476 in
3590 5431 3838 5490 sequen-

2175 5515 2295 5568 tem
2324 5507 2644 5566 remissum
2673 5513 2761 5566 est
2784 5509 2864 5564 ob
2885 5509 3103 5568 festum
3133 5511 3358 5586 duplex
3379 5514 3433 5566 S.
3470 5507 3738 5578 Remigii.
3773 5510 3833 5564 S.

2186 5599 2354 5656 Pauli
2379 5600 2646 5673 episcopi
2669 5601 2983 5657 Leonensis
3001 5618 3220 5676 corpus
3239 5601 3638 5658 Floriacenses
3651 5596 3841 5656 nostri

2189 5689 2302 5747 sibi
2315 5689 2624 5750 vindicant
2643 5692 2990 5752 auctoritate
3009 5691 3288 5761 Aimoini,
3311 5689 3416 5762 qui
3435 5687 3584 5746 illud
3611 5704 3650 5746 θ.
3686 5685 3840 5745 Mab-
