4154 6180
310 87 376 189 ’7⁴
1272 122 1821 183 PROLEGOMENA.
1862 150 1927 158 -ο
1978 117 2287 173 ELOGIUM
2336 120 2390 175 S.
2445 118 2724 173 ODONIS.
3657 123 3727 179 as

277 187 305 237 3

276 345 639 402 translatum
697 342 906 398 asserit
954 342 1014 397 in
1042 341 1141 397 lib.
1180 359 1216 395 11
1267 341 1342 396 de
1395 337 1699 394 miraculis
1752 338 1805 390 8.
1840 335 1940 387 Be-

275 434 497 492 ncdicti
531 448 663 506 cap.
692 436 775 486 Η.

346 530 435 581 45.
473 521 668 580 Redeo
719 521 796 577 ad
854 524 1132 577 sanctum
1190 519 1482 586 Odonem,
1537 518 1708 586 cujus
1753 512 1946 568 cultus

275 612 443 686 apud
476 610 897 669 Cluniacenses
926 614 1202 682 receptus
1240 613 1326 664 est
1349 609 1476 678 jam
1506 606 1643 662 inde
1674 603 1752 659 ab
1782 600 1948 656 obitu

277 704 490 776 ipsius,
542 704 598 756 et
652 699 900 772 quidem
946 716 1048 754 χιιι
1099 699 1224 755 Kal.
1287 696 1653 761 Decembris,
1708 694 1950 764 propter

276 797 555 847 octavam
622 789 812 845 sancti
868 787 1115 856 Martini,
1172 787 1233 842 in
1300 803 1488 859 quam
1552 782 1756 839 incidit
1822 781 1951 848 ejus

278 880 486 935 mortis
516 879 666 934 dies.
701 879 789 935 Ob
816 894 952 933 eam
978 879 1067 947 (ut
1097 878 1261 949 puto)
1287 876 1581 931 rationem
1603 889 1673 927 ea
1701 871 1796 925 die
1829 885 1949 923 mc-

288 973 560 1025 moratur
590 968 649 1023 in
673 966 1106 1039 Martyrologiis
1136 964 1460 1020 Brivatensi
1490 981 1601 1018 ms.
1628 966 1684 1017 et
1711 960 1955 1033 quibus-

276 1058 421 1114 dam
456 1058 610 1113 aliis.
645 1054 821 1127 Apud
876 1053 1219 1109 Udalricum
1274 1054 1335 1108 in
1364 1053 1467 1108 lib.
1501 1069 1518 1107 1
1569 1048 1951 1107 consuetudi-

280 1163 430 1201 uum
486 1143 969 1199 Cluniacensium
1045 1158 1180 1215 cap.
1238 1145 1322 1211 Η,
1395 1140 1493 1195 ubi
1553 1140 1800 1194 diversa
1851 1152 1955 1208 per

282 1250 512 1291 annum
542 1232 946 1289 solemnitates
967 1236 1369 1300 recensentur,
1397 1254 1422 1277 ‹‹
1447 1227 1739 1301 depositio
1765 1224 1956 1281 sancti

282 1323 508 1379 Odonis
544 1344 569 1371 »
614 1325 965 1377 numeratur
1016 1322 1169 1376 inter
1217 1334 1339 1385 eas,
1391 1336 1527 1391 qua
1566 1344 1590 1366 ‹‹
1624 1318 1681 1373 in
1741 1316 1893 1372 albis
1929 1338 1954 1363 ι)

283 1411 582 1468 coluntur.
654 1409 995 1467 Honoriﬁca
1044 1411 1174 1480 ejus
1231 1408 1526 1465 memoria
1586 1407 1842 1462 habetur
1896 1406 1955 1459 in

278 1500 725 1572 Martyrologiis,
775 1502 1068 1566 Romano,
1125 1498 1527 1568 Benedictino,
1586 1500 1661 1566 ct,
1722 1500 1785 1550 ut
1838 1493 1957 1549 alia

278 1590 569 1657 omittam,
620 1589 680 1644 in
731 1588 1053 1654 Gallicano,
1100 1588 1160 1643 in
1206 1603 1329 1660 quo
1376 1592 1462 1643 ter
1506 1588 1579 1642 de
1625 1601 1696 1641 eo
1737 1584 1952 1653 agitur,

277 1692 539 1751 nemque
570 1696 647 1733 x11
682 1684 736 1733 et
768 1694 869 1733 χιιι
897 1678 1029 1732 Kal.
1070 1677 1349 1733 Decemb.
1384 1681 1441 1732 et
1471 1678 1530 1730 in
1566 1674 1954 1747 Supplemen-

282 1774 339 1824 to
368 1786 464 1823 x1v
506 1768 751 1825 easdem
806 1767 1140 1824 Kalendas:
1192 1792 1216 1816 ‹‹
1252 1766 1432 1840 Apud
1460 1767 1655 1822 insula
1681 1763 1956 1821 Jordanis

286 1874 474 1930 prope
527 1857 823 1923 Tolosam,
874 1857 1182 1913 veneratio
1237 1855 1627 1911 sacratissimi
1687 1852 1954 1923 corporis

281 1947 468 2001 sancti
498 1947 722 2002 Odonis
754 1944 991 2001 abbatis
1042 1945 1469 2011 Cluniacensis,
1512 1960 1581 1999 co
1628 1961 1697 1998 cx
1732 1941 1956 2007 gremio

281 2034 545 2089 ecclesia
575 2038 630 2090 S.
660 2033 877 2088 Juliani
898 2034 1280 2102 Turonensis,
1316 2032 1419 2087 ubi
1448 2033 1680 2086 solutus
1704 2030 1957 2085 nexibus

284 2121 559 2178 mortalis
623 2121 753 2177 vita
828 2121 1203 2195 sepulturam
1280 2121 1540 2196 primum
1631 2122 1956 2191 receperat,

286 2211 573 2267 translati.
621 2235 645 2257 ››
680 2211 944 2283 Denique
1001 2208 1271 2266 Odonem
1304 2215 1368 2265 ut
1395 2234 1419 2259 ‹‹
1460 2214 1732 2265 sanctum
1764 2232 1790 2255 »
1827 2213 1956 2263 lier-

284 2300 513 2357 nardus
543 2299 603 2355 in
659 2298 940 2372 apologia
983 2298 1061 2354 ad
1104 2298 1483 2354 Guillelmum
1544 2298 1846 2366 abbatem,
1901 2305 1955 2353 et

282 2395 419 2445 ante
450 2404 589 2444 eum
622 2388 937 2458 Gregorius
952 2389 1041 2441 VII
1060 2388 1121 2442 in
1150 2387 1399 2443 concilio
1420 2390 1711 2457 Romano,
1744 2404 1954 2443 omnes

282 2482 420 2534 ante
453 2494 514 2532 se
546 2477 963 2534 Cluniacenses
996 2476 1245 2532 abbates
1278 2499 1303 2525 «
1326 2482 1565 2532 sanctos
1604 2500 1627 2525 ››
1660 2477 1948 2545 agnoscit.

284 2571 362 2623 De
420 2571 475 2623 8.
538 2566 743 2621 Odone
794 2580 991 2621 sermo
1041 2566 1296 2621 habetur
1343 2566 1493 2621 inter
1542 2565 1951 2621 additamenta

282 2655 662 2711 bibliothecae
703 2654 1131 2725 Cluniacensis,
1166 2654 1223 2710 in
1270 2656 1398 2726 ejus
1426 2654 1607 2711 natali
1638 2654 1949 2727 legendus,

284 2745 387 2816 qui
438 2743 587 2801 nihil
636 2743 799 2800 aliud
844 2749 930 2800 est
958 2758 1143 2816 quam
1178 2760 1372 2799 sermo
1415 2747 1470 2800 8.
1504 2743 1736 2799 Maximi
1778 2743 1851 2797 de
1886 2744 1946 2797 B.

284 2834 539 2890 Eusebio
569 2834 853 2906 episcopo
884 2828 1255 2887 Vercellensi.
1291 2833 1553 2904 Denique
1587 2835 1642 2889 S.
1678 2833 1949 2887 Odonem

287 2948 311 2971 ‹ι
348 2922 651 2978 miraculis
685 2921 879 2976 vivere
918 2944 943 2969 ››
971 2925 1216 2975 testatur
1242 2920 1448 2975 Petrus
1481 2920 1804 2991 Equilinus.

393 3015 527 3066 CAP.
564 3010 699 3065 Vlll.
729 3043 795 3050 —
831 3011 1048 3065 Odonis
1079 3011 1301 3078 scripta
1334 3016 1387 3064 et
1412 3010 1554 3065 scite
1573 3010 1733 3065 dicta
1775 3026 1847 3063 ae

804 3082 1068 3137 moribus
1092 3081 1299 3136 saeculi
1324 3082 1436 3135 sui.

357 3174 445 3225 46.
477 3170 589 3227 Sed
640 3174 881 3241 tempus
908 3174 1013 3237 est,
1048 3173 1109 3224 ut
1140 3169 1361 3224 caeteris
1388 3168 1624 3224 omissis
1654 3168 1730 3224 ad
1764 3168 1950 3240 ipsius

287 3259 512 3315 Odonis
552 3274 737 3330 opera
788 3262 1230 3324 convertamur,
1263 3272 1523 3329 quorum
1555 3256 1671 3311 alia
1704 3258 1948 3311 canoni-

287 3364 416 3417 cus,
450 3346 565 3402 alia
587 3347 943 3413 monachus,
973 3346 1091 3402 alia
1119 3346 1351 3418 scripsit
1382 3346 1591 3400 abbas.
1621 3348 1683 3399 Et
1702 3346 1948 3418 quidem

286 3436 616 3492 canonicus
676 3435 937 3505 Gregorii
1004 3439 1073 3491 Μ.
1126 3435 1379 3490 moralia
1417 3435 1476 3489 in
1519 3434 1950 3507 compendium

292 3525 537 3595 redegit.
581 3526 656 3579 de
694 3540 817 3597 quo
848 3540 1034 3597 supra
1076 3525 1137 3579 in
1180 3524 1370 3596 capite
1400 3529 1432 3579 2
1464 3528 1643 3595 atque
1688 3524 1951 3595 hymnos

287 3615 362 3671 de
394 3618 448 3671 S.
485 3614 729 3671 Martino
760 3619 817 3670 et
841 3614 1205 3687 antiphonas
1238 3614 1594 3685 composuit,
1622 3630 1693 3671 ex
1724 3617 1950 3670 Joanne

285 3704 348 3759 in
376 3703 479 3759 lib.
510 3720 546 3771 1,
574 3718 744 3759 num.
775 3703 856 3759 10.
886 3706 1017 3759 iam
1055 3703 1393 3758 monachus
1418 3707 1537 3757 tres
1567 3701 1800 3758 libellos
1830 3726 1855 3751 ‹‹
1879 3720 1952 3758 ex

284 3792 549 3849 Jeremia
579 3791 859 3849 vaticinio
893 3816 919 3842 »
947 3792 1021 3848 de
1050 3791 1384 3848 sacerdotio
1409 3791 1695 3859 condidit,
1729 3807 1952 3864 eosque

287 3883 571 3955 Turpioni
623 3882 1028 3939 Lemovicensi
1052 3882 1337 3955 episcopo
1366 3881 1760 3954 nuncupavit,
1792 3882 1955 3954 apud

287 3974 587 4027 Joannem
617 3972 676 4025 in
702 3972 803 4025 lib.
837 3986 876 4037 1,
908 3987 1076 4025 num.
1110 3976 1197 4025 37.
1224 3973 1343 4025 Hos
1374 3972 1559 4025 libros
1585 3972 1956 4043 «occupatio-

286 4074 441 4113 num
470 4080 495 4106 »
529 4058 658 4129 ejus
690 4057 935 4112 nomine
965 4057 1217 4129 quidam
1248 4057 1533 4124 afﬁciunt,
1558 4058 1698 4112 editi
1729 4080 1754 4106 «
1786 4059 1960 4113 colla.

282 4148 475 4216 tiones
506 4167 534 4195 »
557 4144 885 4218 appellant.
933 4144 1136 4200 Abbas
1181 4143 1441 4216 denique
1482 4142 1598 4198 alia
1645 4142 1958 4198 elucubra-

280 4237 383 4303 vit,
410 4235 630 4292 scilicet
646 4235 833 4291 libros
864 4239 1127 4308 quatuor
1140 4234 1216 4290 de
1237 4233 1354 4289 vita
1378 4236 1432 4289 S.
1457 4228 1691 4288 Geraldi
1725 4232 1957 4288 comitis

286 4324 728 4395 Auriliacensis,
762 4323 1000 4380 Aimoni
1049 4322 1257 4379 abbati
1288 4321 1541 4378 canobii
1587 4324 1642 4378 8.
1676 4320 1953 4378 Martialis

284 4414 718 4472 Lemovicensis
766 4418 855 4482 (ut
900 4413 1010 4469 fert
1049 4413 1164 4469 loci
1206 4412 1557 4482 chronicon)
1611 4410 1955 4484 inscriptos.

284 4504 600 4561 Aimonem
657 4504 1026 4560 Tutelensem
1079 4503 1364 4560 abbatem
1409 4505 1582 4558 vocat
1629 4501 1956 4557 chronicon

283 4594 719 4650 Aureliacense.
758 4597 980 4649 Forsan
1013 4594 1249 4665 utrique
1275 4592 1411 4647 loco
1428 4591 1685 4664 praefuit.
1714 4591 1957 4662 Scripsit

283 4684 410 4740 Odo
442 4683 635 4740 abbas
665 4682 932 4739 libellum
960 4683 1035 4739 de
1064 4682 1403 4739 reversione
1431 4680 1700 4754 corporis
1723 4683 1777 4737 S.
1806 4684 1953 4737 Mar-

284 4774 385 4837 tini
428 4789 460 4829 c
516 4773 883 4844 Burgundia,
931 4777 1145 4843 rogatu
1198 4772 1476 4828 Fulconis
1531 4771 1673 4827 Boni
1719 4770 1952 4826 comitis

283 4861 760 4934 Andegavensis;
794 4862 974 4917 breve
1010 4862 1299 4933 scriptum
1332 4884 1359 4908 ‹‹
1400 4861 1474 4915 de
1501 4875 1573 4916 eo
1608 4860 1775 4932 quod
1804 4863 1950 4915 Mar-

290 4948 450 5004 tinus
476 4966 589 5021 par
610 4950 843 5007 dicatur
874 4950 1181 5023 apostolis,
1216 4972 1243 4999 »
1273 4950 1589 5021 variosque
1621 4963 1945 5011 sermones,

285 5053 549 5109 quorum
579 5039 639 5094 in
670 5039 840 5095 editis
881 5044 1133 5112 quartus
1176 5043 1231 5095 et
1262 5039 1508 5095 ultimus
1534 5042 1624 5094 est
1662 5039 1736 5093 de
1779 5053 1946 5094 com-

280 5126 559 5184 bustione
603 5127 862 5186 basilicae
893 5130 956 5184 Β.
991 5129 1235 5186 Martini.
1271 5131 1622 5185 Sermonem
1652 5128 1725 5183 de
1751 5128 1808 5181 S.
1836 5128 1944 5182 Be-

279 5216 539 5285 nedicto,
581 5218 642 5273 in
698 5220 827 5289 ejus
891 5219 1280 5276 translatione
1340 5218 1583 5274 Floriaci
1645 5216 1941 5287 habitum,

277 5304 485 5363 laudat
515 5307 1015 5379 chronographus
1047 5325 1390 5380 anonymus
1417 5306 1582 5379 apud
1621 5306 1941 5361 Chesnium

276 5396 334 5452 in
388 5401 553 5453 tomo
603 5397 695 5467 IIl,
727 5412 866 5469 pag.
902 5401 1021 5452 3/11.
1048 5400 1178 5453 Haec
1206 5398 1411 5454 omnia
1442 5397 1720 5462 leguntur
1760 5396 1821 5450 in
1852 5396 1941 5451 bi-

276 5485 575 5543 bliotheca
606 5486 974 5543 Cluniacensi
1021 5503 1159 5542 cum
1188 5489 1431 5560 hymnis
1459 5486 1534 5542 de
1566 5486 1941 5543 sanctissimo

276 5576 685 5647 Sacramento,
717 5580 773 5633 et
802 5576 876 5631 de
904 5575 1080 5632 Maria
1108 5577 1474 5645 Magdalena.

274 221 432 313 bone
482 255 767 328 episcopo
824 252 884 307 in
945 252 1308 308 Floriacense
1367 247 1710 305 coenobium
1759 244 1939 299 fuisse
1976 242 2025 295 Α
2132 243 2224 294 47.
2258 241 2474 295 Prater
2502 239 2715 307 editos,
2732 238 2917 295 vitam
2938 243 2992 294 S.
3014 241 3237 297 Martini
3257 243 3507 298 correxit
3530 244 3729 298 Roma

2054 328 2223 399 apud
2243 333 2299 382 8.
2320 328 2596 394 Paulum,
2615 343 2873 399 eamque
2904 329 3188 398 glossulis
3217 330 3563 403 explanavit
3582 335 3727 387 teste

2052 419 2284 473 Joanne
2303 417 2365 473 in
2394 418 2497 473 lib.
2538 435 2598 486 ιι,
2627 433 2797 472 num.
2826 424 2915 487 22,
2960 419 3121 474 Idem
3151 426 3359 476 auctor
3404 421 3465 475 in
3495 420 3597 476 lib.
3638 436 3723 487 ιιι,

2054 522 2221 561 num.
2263 508 2341 569 ll.
2378 507 2745 562 mentionem
2790 506 2931 561 facit
2956 506 3091 562 libri
3132 508 3208 563 de
3240 510 3505 565 adventu
3529 512 3585 564 S.
3622 512 3724 564 Be-

2057 596 2273 651 nedicti
2320 597 2380 652 in
2428 612 2656 668 pagum
2711 596 3223 667 Aurelianensem,
3275 613 3459 669 quem
3506 598 3727 653 librum

2058 686 2347 741 excidisse
2395 686 2690 741 dolemus.
2744 684 2998 741 Libellus
3030 686 3105 741 de
3154 686 3273 741 vita
3321 688 3585 755 Gregorii
3613 691 3726 743 Tu-

2058 774 2332 829 ronensis
2363 775 2647 847 episcopi,
2683 775 2880 846 qualis
2913 774 3074 847 apud
3111 775 3348 831 Surium
3394 776 3588 831 editus
3613 781 3725 841 est,

2061 888 2087 913 ‹‹
2115 864 2305 919 Odoni
2349 865 2553 919 abbati
2581 885 2610 916 ι
2658 865 2934 920 tribuitur
2976 866 3036 919 in
3066 864 3373 919 nonnullis
3417 865 3727 920 codicibus

2059 971 2203 1009 mss.
2241 955 2375 1009 Hac
2428 954 2551 1010 vita
2582 955 2665 1009 sic
2712 953 3057 1010 inscribitur
3113 955 3172 1009 in
3203 956 3408 1011 codice
3442 956 3501 1009 L.
3539 955 3728 1025 Sergii

2060 1042 2505 1109 Andegavensis
2531 1061 2542 1097 :
2570 1066 2595 1090 ‹‹
2626 1044 2908 1113 Prologus
2937 1043 2997 1098 in
3018 1043 3202 1099 vitam
3226 1045 3419 1099 sancti
3440 1043 3725 1114 Gregorii.

2063 1131 2347 1188 Omnium
2385 1131 2633 1203 quidem
2671 1136 3037 1199 sanctorum,
3074 1154 3099 1177 υ
3133 1137 3241 1187 etc.
3282 1136 3337 1187 et
3366 1137 3499 1204 post
3526 1132 3726 1205 prolo-

2066 1236 2243 1289 gum:
2282 1243 2307 1269 α
2344 1220 2554 1291 Incipit
2581 1220 2700 1277 vita
2733 1224 2786 1275 S.
2823 1221 3083 1289 Gregorii
3130 1221 3392 1294 episcopi
3430 1225 3728 1278 Turonen-

2065 1309 2147 1364 sis
2204 1309 2281 1364 ab
2313 1309 2520 1364 Odone
2574 1308 2752 1364 edita.
2804 1308 3119 1377 Gregorius
3164 1309 3379 1363 Celtico
3404 1310 3728 1366 Galliarum

2065 1402 2278 1468 tractu,
2314 1420 2339 1443 η
2373 1403 2483 1453 etc.
2520 1401 2587 1453 Ut
2617 1398 2782 1453 hunc
2842 1397 3110 1452 libellum
3145 1398 3337 1455 Odoni
3386 1402 3589 1454 nostro
3629 1402 3727 1455 tri-

2066 1486 2275 1556 buam,
2316 1485 2454 1540 facit
2494 1489 2550 1540 et
2578 1488 2883 1540 Turonum
2912 1484 3136 1550 civitas,
3169 1490 3226 1540 et
3266 1487 3319 1541 8.
3355 1485 3570 1542 Juliani
3604 1500 3730 1543 mo-

1998 1592 2037 1644 Β
2067 1574 2414 1641 nasterium,
2444 1574 2610 1646 quod
2662 1575 2941 1643 Gregorio
3002 1575 3258 1631 multum
3288 1575 3515 1642 debuit,
3549 1581 3729 1648 atque

2067 1664 2337 1719 Odonem
2392 1663 2677 1719 abbatem
2730 1664 2961 1719 habuit.
2997 1668 3058 1719 ln
3093 1665 3485 1721 membraneo
3524 1665 3729 1721 codice

2066 1753 2516 1808 Carmelitarum
2570 1753 3051 1808 excalceatorum
3101 1754 3262 1825 apud
3317 1754 3595 1820 Parisios,
3622 1756 3730 1826 qut

2067 1842 2257 1896 codex
2285 1842 2429 1897 olim
2475 1842 2584 1897 fuit
2624 1864 2651 1891 ‹‹
2684 1844 2739 1898 8.
2773 1841 2991 1897 Juliani
3021 1843 3379 1897 Turonensis
3410 1843 3667 1899 canobii
3698 1867 3725 1892 ι»

2065 1931 2368 2003 prolixum
2400 1930 2652 1986 habetur
2681 1946 2837 2002 opus
2868 1931 3181 1986 metricum
3214 1932 3327 1985 sub
3362 1933 3473 1987 hoc
3514 1932 3682 1989 titulo
3711 1950 3724 1987 :

2070 2043 2098 2067 ‹‹
2126 2021 2333 2092 incipit
2376 2020 2693 2091 occupatio
2727 2020 2936 2076 domui
2968 2021 3191 2076 Odonis
3232 2021 3493 2087 abbatis,
3527 2042 3556 2071 »
3581 2022 3727 2077 inci—

2069 2108 2236 2179 piens
2266 2109 2344 2163 ab
2374 2108 2468 2162 his
2500 2108 2773 2163 versibus
2804 2126 2816 2162 :

2162 2194 2330 2260 Frater
2353 2196 2561 2260 amande
2585 2196 2758 2260 nimis,
2790 2206 2843 2260 te
2862 2197 2976 2260 pius
3006 2198 3183 2260 implet
3212 2211 3348 2246 amor
3375 2200 3566 2260 gaudeo
3589 2214 3600 2247 ξ

2158 2258 2479 2329 iustitiaque
2510 2258 2643 2329 sitis,
2666 2258 2876 2321 pectoris
2900 2268 2972 2329 est
3012 2258 3148 2324 quod
3182 2260 3354 2329 honor,
3382 2258 3477 2329 'est_
3494 2262 3661 2311 decus.

2159 2322 2253 2386 ροι-
2286 2319 2441 2381 gemis
2464 2335 2574 2386 esse
2594 2319 2775 2386 ﬂuens,
2811 2319 3068 2386 quaris‘ét
3100 2321 3229 2386 unde
3264 2331 3424 2369 tamen
3443 2323 3510 2386 de
3538 2332 3637 2374 tuo.

2158 2382 2277 2432 [nde
2302 2395 2475 2445 poema
2499 2382 2656 2436 voles,
2688 2382 2809 2430 forte
2825 2382 2973 2446 ’quod
2998 2382 3089 2431 hoc
3112 2383 3316 2445 religet,
3341 2397 3402 2432 ne
3432 2383 3573 2432 fluat.

2133 2467 2376 2519 Constat
2414 2469 2677 2535 quatuor
2720 2463 2904 2532 libris,
2936 2478 3197 2536 quorum
3248 2464 3479 2535 primus
3527 2469 3614 2519 est
3653 2464 3728 2520 de

2060 2552 2301 2624 opiticio
2335 2552 2452 2615 Dei,
2476 2553 2778 2608 secundus
2806 2553 2881 2608 de
2907 2554 3205 2609 creatione
3222 2553 3504 2622 hominis,
3526 2554 3729 2609 tertius

2059 2643 2134 2697 de
2172 2643 2446 2713 ejusdem
2478 2656 2644 2709 casu,
2672 2648 2731 2697 et
2770 2644 3147 2715 corruptione
3178 2643 3459 2698 humana
3499 2648 3728 2699 natura

2059 2730 2267 2802 lapsa,
2327 2737 2576 2802 quartus
2625 2730 2700 2785 de
2762 2731 3030 2785 Patrtbus
3082 2732 3299 2786 Veteris
3363 2731 3729 2787 Testamenti

2063 2835 2252 2891 usque
2281 2819 2358 2875 ad
2389 2819 2691 2875 Christum
2715 2824 3140 2890 reparatorem.
3172 2821 3234 2874 In
3264 2820 3381 2875 ﬁne
3408 2837 3419 2874 :
3446 2820 3730 2892 «Explicit

2014 2910 2376 2987 ;occupatio
2421 2908 2630 2961 domui
2672 2907 2896 2962 Odonis
2947 2907 3255 2962 abbatis»
3310 2908 3554 2964 Videtur
3596 2925 3727 2965 esse

2062 2995 2252 3050 sancti
2273 2995 2517 3060 Odonis,
2540 3000 2667 3048 tum
2692 3000 2932 3064 propter
2956 2994 3385 3049 monasterium
3409 2998 3463 3051 S.
3484 2996 3725 3061 Juliani,

2059 3098 2131 3139 ex
2156 3099 2280 3156 quo
2307 3086 2588 3154 acceptus
2619 3082 2831 3152 codex,
2863 3083 2967 3137 ubi
3021 3082 3149 3139 Odo
3196 3082 3387 3139 abbas
3417 3083 3523 3139 am
3554 3100 3565 3137 :
3600 3089 3728 3139 tum

2060 3177 2303 3244 propter
2344 3170 2567 3226 codicis
2610 3170 2988 3243 scripturam,
3031 3186 3166 3242 qua
3221 3172 3446 3226 Odonis
3493 3177 3728 3228 atatem

2060 3262 2250 3333 sapit:
2286 3267 2413 3316 tum
2444 3264 2687 3332 propter
2733 3260 3004 3327 titulum;
3033 3275 3175 3316 nam
3207 3262 3338 3331 ejus
3377 3261 3726 3318 collationes

2058 3351 2114 3405 in
2152 3349 2355 3405 codice
2399 3347 2806 3403 Silviniacensi
2834 3348 3277 3404 inscribuntur:
3313 3370 3339 3397 ‹‹
3370 3350 3726 3422 Occupatio-

2058 3456 2166 3495 nes
2200 3437 2390 3493 sancti
2435 3437 2678 3493 Odonis.
2714 3441 2776 3491 In
2830 3437 2943 3491 illis
2985 3437 3131 3492 nihil
3160 3437 3549 3493 historicum:
3582 3439 3728 3494 satis

2059 3533 2195 3599 apte
2220 3526 2296 3581 de
2323 3525 2535 3593 gratia.
2571 3525 2875 3590 Barenius,
2909 3530 3012 3581 aut
3038 3530 3193 3581 certe
3221 3527 3611 3583 concinnatur
3640 3526 3727 3582 in-

2059 3616 2207 3672 dicis
2265 3615 2578 3671 annalium
2630 3615 2775 3672 tomi
2825 3614 2896 3682 X,
2958 3615 3151 3671 Odoni
3205 3620 3411 3671 nostro
3484 3616 3729 3672 ascribit

2058 3706 2281 3761 librum
2324 3705 2397 3760 de
2450 3705 2568 3760 vita
2617 3707 2673 3761 S.
2720 3705 2899 3760 Mauri
2951 3704 3213 3774 abbatis,
3260 3721 3443 3777 quem
3500 3705 3726 3764 Odonis

2060 3792 2300 3850 abbatis
2333 3793 2699 3849 l-‘ossatensis
2718 3806 2849 3849 esse
2865 3797 3115 3849 constat.
3145 3792 3348 3849 Eidem
3368 3793 3547 3850 etiam
3576 3794 3727 3851 falso

2062 3882 2402 3938 tribuuntur
2431 3882 2714 3937 chronica
2741 3881 3046 3953 quadam,
3087 3896 3350 3953 quorum
3394 3886 3604 3939 auctor
3640 3886 3729 3938 est

2066 3994 2095 4019 ‹‹
2120 3970 2380 4025 Thomas
2430 3970 2809 4035 Luochensie,
2855 3970 2959 4040 qui
3002 3969 3216 4025 breves
3256 3970 3569 4025 chronicas
3618 3986 3727 4026 no-

2064 4058 2228 4113 mine
2254 4058 2478 4112 Odonis
2506 4056 2841 4119 intitulavit,
2860 4078 2888 4103 »
2933 4060 2996 4110 ut
3021 4071 3093 4109 ex
3132 4056 3320 4126 ipsius
3349 4055 3600 4111 Thoma
3626 4072 3731 4113 ore

2068 4144 2274 4201 didicit
2295 4144 2545 4215 scriptor
2572 4143 2833 4199 Historia
2849 4142 3168 4198 consulum
3186 4141 3731 4216 Andegavensium,

2070 4236 2131 4291 in
2190 4239 2353 4291 tomo
2379 4238 2420 4290 X
2473 4233 2757 4307 spicilegii
2803 4249 2945 4307 pag.
2978 4237 3104 4289 400.
3146 4234 3417 4291 Odonem
3446 4249 3628 4308 porro
3667 4236 3730 4292 in

2071 4324 2496 4397 componendo
2556 4323 2960 4380 ecclesiastico
3018 4326 3197 4381 cantu
3242 4325 3500 4397 peritum
3549 4324 3730 4383 fuisse

2068 4415 2243 4470 docet
2266 4414 2419 4470 inter
2446 4414 2596 4471 alios
2632 4413 2971 4484 Sigebertus
3001 4413 3061 4469 in
3092 4413 3193 4469 lib.
3227 4414 3303 4470 de
3341 4415 3730 4488 scriptoribus

2068 4520 2200 4576 cap.
2258 4507 2390 4559 £24:
2442 4526 2469 4552 «
2511 4503 2639 4560 Odo
2670 4504 2957 4565 musicus,
2983 4518 3057 4559 ex
3098 4503 3513 4561 archicantore
3544 4509 3727 4563 Turo-
3802 4545 3817 4556 .

2064 4594 2234 4650 nensi
2261 4594 2600 4650 monachus
2628 4598 2686 4650 et
2712 4594 2945 4667 primus
2974 4593 3166 4649 abbas
3206 4592 3634 4663 Cluniacensis,
3667 4596 3727 4651 in

2062 4682 2323 4739 homiliis
2393 4682 2723 4737 scribendis
2768 4686 2825 4737 et
2878 4681 3317 4754 declamandis,
3354 4686 3415 4737 et
3465 4683 3729 4740 maxime

2059 4773 2122 4827 in
2206 4770 2642 4843 componendis
2712 4774 3059 4827 sanctorum
3127 4771 3403 4827 cantibus
3461 4770 3725 4842 elegans,

2058 4859 2368 4930 ingenium
2422 4858 2653 4915 habuit.
2680 4876 2711 4911 »
2759 4859 2899 4929 Ejus
2950 4859 3188 4915 videtur
3229 4874 3358 4916 esse
3410 4863 3624 4917 cantus
3652 4861 3728 4917 de

2057 4952 2112 5005 S.
2159 4948 2428 5005 Martino.

2128 5044 2216 5095 48.
2243 5040 2307 5094 In
2329 5038 2639 5111 opusculis
2660 5038 2785 5093 suis
2812 5038 2963 5109 Odo,
2996 5038 3261 5095 maxime
3291 5056 3434 5097 vero
3458 5040 3519 5096 in
3551 5040 3728 5097 colla.

2054 5128 2337 5190 tionibus,
2368 5127 2653 5199 quadam
2692 5127 3023 5200 prastingit
3068 5129 3485 5186 observatione
3514 5129 3721 5195 digna.

2054 5217 2525 5275 Christianorum
2546 5216 2866 5290 prolapsos
2883 5232 3082 5274 mores
3098 5218 3261 5289 luget
3276 5217 3456 5274 variis
3472 5216 3533 5269 in
3555 5213 3720 5271 locis-

2053 5312 2116 5363 In
2148 5305 2252 5361 lib.
2281 5322 2339 5375 ιι,
2373 5320 2505 5377 cap.
2538 5311 2601 5361 t7
2619 5323 2633 5361 ε
2670 5327 2699 5360 ιι
2728 5305 2986 5362 Dicimus
3015 5323 3159 5378 ergo
3188 5306 3353 5379 quod
3374 5319 3721 5375 possumus:

2052 5402 2119 5453 ut
2166 5413 2278 5453 nos
2322 5396 2397 5452 de
2445 5412 2775 5469 pravorum
2817 5398 3205 5471 perversitate
3249 5393 3458 5451 saltem
3497 5395 3725 5469 aliquid

2052 5485 2266 5541 dolore
2294 5491 2716 5543 monstremus.
2750 5490 2841 5541 An
2866 5500 2993 5541 non
3024 5482 3235 5537 merito
3258 5481 3588 5543 dolendum
3608 5487 3719 5549 est,

2052 5575 2219 5648 quod
2237 5576 2666 5643 Christianitas,
2678 5590 2817 5646 qua
2832 5574 3063 5644 quanto
3080 5574 3417 5645 provectior
3426 5579 3535 5643 est,
3554 5574 3721 5628 tanto
