4154 6180
519 139 586 210 39
1695 138 1750 193 s.
1793 138 1938 194 ono
1995 134 2222 192 ABBAS
2259 128 2779 188 CLUNACIENSIS.
3891 131 3971 184 ω

519 255 714 327 magis
739 253 1007 311 roborari
1031 253 1268 322 debuit;
1301 255 1384 311 sic
1405 260 1650 312 econtra
1666 257 1745 314 ab
1767 262 1925 315 statu
1945 258 2181 315 rectitu-
2220 256 2272 310 A
2305 269 2413 309 seu
2443 250 2817 320 Gualburgis,
2850 247 3153 306 miraculis
3173 246 3422 303 celebris
3451 263 3464 300 :
3498 247 3673 318 cujus
3698 247 3971 321 reliquiae

519 342 676 398 dinis
719 343 1064 398 incurvatur
1107 347 1172 397 ut
1221 343 1351 414 ejus
1384 343 1590 412 religio
1629 351 1845 409 cuncta
1892 346 2183 403 defecisse

425 447 430 456 ·
521 431 838 488 videatur?
891 431 1112 488 Omnes
1164 432 1325 488 enim
1372 433 1568 489 festini
1623 439 1681 490 et
1727 436 2059 510 praecipites
2108 435 2186 491 ad

521 519 748 576 malum
810 519 1126 590 currimus,
1169 541 1198 573 ›
1248 527 1357 578 etc.
1409 525 1474 578 Et
1524 522 1585 578 in
1633 522 1735 580 lib.
1788 543 1826 592 ι,
1875 543 2006 598 cap.
2051 529 2110 580 41
2169 545 2182 583 :

523 607 843 665 Sciendum
897 623 1064 675 sane,
1124 609 1264 681 quia
1325 611 1476 666 sicut
1535 612 1755 668 nostris
1811 613 2184 687 temporibus

518 695 724 752 omnia
755 712 908 769 pene
961 713 1140 752 suum
1171 692 1443 754 ordinem
1477 699 1884 772 perdiderunt,
1917 702 2186 775 plerique

517 785 806 860 prodigas
836 801 1036 842 rerum
1078 803 1324 844 suarum
1369 804 1664 862 expensas
1694 791 2042 848 charitatem
2081 807 2186 847 no-

520 875 790 931 minant:
827 891 964 930 cum
1009 891 1102 931 res
1133 876 1209 931 ad
1239 877 1480 933 inanem
1514 877 1767 944 gloriam
1796 879 2038 952 profuse
2064 880 2184 936 dis-

520 979 746 1036 pensae,
779 964 1065 1020 comestio
1095 964 1189 1020 vel
1227 964 1440 1022 effusio
1483 967 1676 1036 magis
1701 969 2003 1024 discendae
2047 969 2184 1038 sint,

521 1068 710 1125 quam
736 1052 1014 1119 charitas,
1058 1075 1084 1102 ››
1115 1058 1223 1109 etc.
1257 1058 1384 1109 tum
1415 1054 1476 1110 in
1505 1055 1608 1111 lib.
1633 1073 1692 1127 ιι,
1719 1073 1851 1126 cap,
1885 1062 1950 1114 37
1979 1075 1991 1112 :
2022 1081 2048 1107 ‹‹
2084 1060 2188 1113 Lu-

522 1139 789 1209 gendum
809 1143 897 1196 est
925 1141 977 1196 ei
1006 1141 1318 1212 praesentis
1347 1143 1481 1198 vitae
1511 1147 1770 1216 tempus,
1798 1144 1860 1200 in
1894 1160 2017 1218 quo
2049 1148 2190 1200 sunt

523 1228 607 1284 ita
635 1229 842 1285 omnia
869 1228 1142 1300 confusa,
1177 1234 1238 1286 ut
1271 1231 1526 1288 veritatis
1578 1233 1825 1306 quidem
1857 1249 1966 1290 nec
2009 1233 2186 1290 vcsti-

525 1317 692 1388 gium
721 1333 980 1390 usquam
999 1317 1224 1391 videas,
1257 1319 1536 1393 nequitia:
1567 1337 1708 1377 vero
1730 1327 1908 1394 atque
1938 1321 2188 1377 luxuriae

525 1411 740 1464 cuncta
789 1423 918 1464 esse
963 1407 1190 1480 repleta
1235 1409 1586 1482 prOSpicias,
1628 1426 1737 1466 nec
1777 1410 2004 1482 aliquid
2029 1411 2188 1481 juste

523 1499 800 1570 recteque
849 1496 1094 1552 servari.
1127 1497 1393 1552 Humiles
1433 1502 1490 1554 et
1517 1498 1814 1554 invalidos
1840 1503 2019 1571 atque
2045 1515 2189 1572 pau-

523 1586 787 1658 periores
815 1584 1022 1640 videas
1049 1599 1086 1640 θ.
1112 1583 1385 1656 superbis
1414 1588 1471 1641 et
1508 1585 1850 1658 potentibus
1879 1585 2188 1643 divitibus-

525 1688 643 1744 que
675 1672 1010 1746 comprimi,
1045 1671 1250 1742 aﬂligi,
1279 1677 1458 1746 atque
1487 1673 1703 1744 injuste
1754 1674 1928 1731 laedi:
1969 1675 2188 1731 hones-

525 1764 654 1818 tum
685 1777 826 1817 vero
856 1777 1228 1834 quemquam
1255 1767 1313 1819 et
1335 1763 1602 1836 quietum
1622 1763 2190 1820 multisltesionibus

527 1849 864 1923 perturbari
908 1869 920 1906 :
986 1855 1230 1910 econtra
1295 1867 1791 1926 unumquemque
1857 1853 2190 1924 pessimum

529 1937 794 2010 potentia
823 1939 1135 2006 cumulari,
1177 1939 1498 1996 terribilem
1525 1939 1673 2002 ﬁeri.
1709 1945 1766 1998 et
1790 1941 2023 1998 tumido
2057 1959 2190 1998 suc-

529 2042 701 2082 cessu
729 2025 792 2082 in
819 2025 994 2082 malis
1023 2026 1260 2096 augeri:
1289 2027 1511 2100 quibus
1536 2043 1647 2084 nec
1671 2027 1946 2100 judicum
1973 2033 2190 2100 metus,

529 2131 640 2171 nec
669 2114 994 2172 reverentia
1025 2131 1207 2171 sacrre
1232 2116 1596 2174 auctoritatis
1616 2117 1941 2190 praevalere
1970 2122 2188 2191 potest,

531 2219 641 2260 nec
669 2219 876 2259 eorum
905 2204 1228 2276 perniciem
1253 2204 1549 2262 ullatenus
1578 2206 1874 2263 cohibere.
1913 2207 2026 2263 Sed
2043 2206 2193 2280 quid

531 2291 606 2348 de
648 2291 951 2363 judicibus
990 2291 1295 2348 dicimus?
1344 2297 1488 2350 Nam
1537 2299 1595 2350 et
1632 2293 1746 2366 ipsi
1789 2293 1894 2366 qui
1940 2294 2018 2350 ad
2064 2295 2192 2350 haec

531 2379 916 2453 reprimenda
944 2381 1244 2438 constituti
1264 2381 1518 2449 fuerant,
1547 2382 1849 2452 graviores
1883 2387 2194 2455 tempesta-

532 2472 621 2524 tes
676 2472 734 2524 et
787 2467 1252 2544 perniciosiores.
1290 2469 1351 2524 in
1399 2470 1651 2526 miseros
1707 2475 1999 2526 exercent.
2060 2474 2194 2526 Haec

534 2561 736 2612 autem
760 2555 968 2628 iniqua
992 2561 1171 2628 atque
1199 2557 1420 2629 injusta
1442 2557 1818 2630 inaequalitas
1840 2574 1963 2614 non
1995 2558 2192 2614 solum

521 2643 596 2718 ‘in
621 2644 898 2714 urbibus,
928 2645 1034 2700 sed
1053 2645 1114 2700 in
1143 2644 1336 2715 agris;
1365 2649 1423 2702 et
1443 2661 1563 2702 non
1587 2645 1784 2702 solum
1804 2647 1862 2702 in
1887 2652 2062 2716 terra,
2089 2647 2196 2704 sed

535 2738 590 2789 et
615 2733 676 2789 in
707 2733 862 2790 mari
915 2733 1304 2790 committitur
1345 2741 1402 2792 et
1451 2739 1774 2792 exercetur.
1809 2759 1836 2786 ››
1868 2735 2078 2792 Subdit
2132 2737 2195 2792 in

537 2838 672 2896 cap.
703 2825 761 2879 41
790 2843 802 2880 :
834 2845 861 2874 «
893 2823 1062 2890 Quod
1095 2829 1296 2880 autem
1325 2824 1476 2882 inter
1521 2825 1728 2882 omnia
1760 2826 1920 2882 mala
1957 2827 2196 2896 gravius

537 2917 731 2982 nocet,
747 2913 828 2969 ita
842 2913 1141 2986 pessimus
1161 2915 1450 2986 peccandi
1465 2931 1613 2971 usus
1620 2915 1751 2985 jam
1767 2915 2198 2972 consuetudine

537 3001 854 3058 roboratus
871 3007 977 3071 est,
995 3007 1057 3059 ut
1071 3017 1223 3075 pene
1244 3003 1445 3061 nullus
1457 3008 1622 3077 justo
1633 3003 1861 3076 judicio
1883 3007 2194 3078 peccatum

536 3090 871 3148 discernere
927 3096 1152 3164 queat:
1215 3091 1321 3149 sed
1375 3093 1530 3149 sicut
1583 3097 1784 3149 Aaron
1833 3091 1968 3148 ﬁliis
2017 3091 2194 3148 Israel

537 3179 683 3236 deos
723 3179 1129 3251 quaerentibus
1173 3195 1297 3236 non
1325 3180 1551 3249 restitit,
1583 3179 1666 3236 sic
1705 3195 1915 3235 omnes
1945 3185 2048 3236 aut
2089 3179 2198 3236 ini-

540 3267 645 3340 qui
703 3271 863 3334 sunt,
901 3273 1006 3323 aut
1057 3267 1352 3340 iniquitati
1410 3267 1648 3324 cedunt.
1685 3291 1712 3317 »
1745 3271 1895 3338 Lege
1943 3273 2000 3326 et
2063 3285 2198 3341 quae

541 3359 874 3428 sequuntur
904 3356 964 3412 in
993 3355 1116 3411 ﬁne
1141 3355 1314 3413 istius
1331 3355 1625 3429 capitis,et
1639 3356 1774 3412 libri
1802 3373 1880 3424 ιιι,
1915 3363 2095 3430 caput
2109 3361 2198 3414 28.

540 3443 672 3501 Tria
691 3461 832 3501 vero
862 3444 1045 3501 seculi
1073 3445 1166 3500 sui
1192 3444 1336 3500 vitia
1358 3444 1621 3502 maxime
1644 3446 1861 3518 carpit:
1887 3445 2200 3520 malitiam,

540 3550 676 3606 quae
725 3533 805 3590 ad
859 3533 1148 3590 violentos
1191 3533 1474 3607 pertinet;
1525 3535 1895 3607 superbiam,
1926 3539 1982 3592 et
2025 3535 2202 3592 luxu-

541 3622 739 3692 riam;
790 3639 924 3696 quae
980 3623 1124 3680 vitia
1179 3625 1240 3680 in
1314 3623 1482 3679 libris
1553 3625 1752 3696 primo
1811 3628 1869 3681 et
1935 3625 2203 3683 secundo

541 3711 822 3782 exagitat.

611 3805 701 3859 49.
735 3804 1023 3869 Quartum
1052 3801 1220 3860 addit
1241 3803 1304 3860 in
1322 3803 1426 3861 lib.
1455 3821 1514 3872 ιι,
1549 3820 1684 3878 cap.
1715 3809 1784 3862 28
1805 3822 1818 3861 :
1843 3828 1872 3856 ‹‹
1897 3807 1964 3861 Et
1991 3804 2066 3861 de
2090 3805 2205 3861 hoc

543 3890 790 3964 quidem
817 3891 985 3965 quod
1008 3891 1104 3949 vel
1131 3908 1239 3966 per
1263 3893 1393 3950 haec
1417 3893 1530 3950 tria
1556 3893 1718 3962 vitia,
1741 3893 1834 3950 vel
1864 3909 1970 3967 per
1993 3897 2208 3951 caetera

542 3997 678 4056 quae
707 3997 1060 4040 enumerare
1089 3983 1292 4056 pudet,
1313 3999 1351 4042 a
1381 3983 1611 4042 Christo
1642 3987 1986 4059 apostatare
2003 3984 2210 4042 viden—

543 4077 658 4140 tur,
685 4073 862 4132 valde
891 4073 1225 4131 dolendum
1271 4077 1392 4132 est:
1429 4074 1536 4132 sed
1577 4074 1770 4132 multo
1797 4073 1934 4150 plus
1973 4075 2048 4132 de
2083 4075 2200 4132 hoc

543 4164 710 4238 quod
761 4162 909 4220 illud
955 4169 1406 4222 sacrosanctum
1471 4165 1848 4238 mysterium,
1915 4163 2208 4222 Dominiei

541 4251 813 4306 videlicet
840 4251 1126 4323 corporis,
1160 4255 1442 4308 temerate
1470 4256 1862 4322 praesumunt.
1894 4253 2018 4308 Hoc
2047 4252 2208 4308 enim

2297 358 2437 398 cum
2465 342 2526 396 in
2556 339 2724 396 altari
2758 339 2970 412 positae
3005 337 3282 404 fuissent,
3313 351 3623 392 cessavere
3648 337 3966 395 miracula.

2300 430 2684 504 Stupentibus
2733 427 3084 501 peregrinis,
3115 425 3358 482 cuidam
3385 440 3458 482 ex
3487 424 3742 482 inﬁrmis
3794 426 3968 498 virgo

2296 535 2614 593 apparens.
2659 540 2685 568 ‹‹
2728 517 2972 585 Idcirco,
3021 515 3232 589 inquit,
3289 530 3410 570 non
3452 515 3773 585 sanamini,
3822 516 3972 590 quia

2295 608 2558 682 reliquiae
2604 623 2756 664 meae
2788 611 2928 662 sunt
2976 621 3156 678 super
3198 604 3386 661 altare
3415 603 3667 674 domini,
3691 597 3807 662 ubi
3839 623 3962 666 ma-

2291 699 2476 770 jestas
2519 697 2704 753 divini
2730 695 2997 770 mysterii
3025 695 3204 752 debet
3229 694 3615 750 solummodo
3645 695 3954 752 celebrari.

2297 787 2466 852 Quod
2492 803 2628 842 cum
2651 785 2746 841 ille
2763 783 3116 840 custodibus
3137 783 3398 845 referret,
3418 782 3681 838 tulerunt
3706 799 3962 856 capsam

2296 881 2352 932 et
2417 875 2688 948 protinus
2733 873 3028 929 miracula
3075 873 3204 928 ﬁeri
3263 877 3592 945 coeperunt.
3630 873 3686 928 Si
3735 889 3900 944 ergo,
3937 899 3962 924 ››

2296 965 2464 1022 addit
2516 963 2664 1030 Odo,
2711 987 2738 1013 «
2779 962 2860 1018 ob
2907 962 3061 1018 illius
3109 961 3372 1034 mysterii
3417 961 3811 1018 reverentiam
3854 979 3966 1020 nec

2296 1054 2428 1126 ipsa
2457 1069 2566 1110 sua
2610 1052 2866 1124 pignora
2911 1051 3100 1107 sancti
3142 1050 3352 1106 volunt
3395 1050 3644 1122 propius
3673 1049 3957 1116 vi‘cinari;

2296 1143 2443 1216 quid
2471 1141 2842 1198 censendum
2872 1145 2962 1198 est
2989 1141 3064 1198 de
3091 1139 3490 1196 immunditiis
3517 1142 3546 1196 ἶ)
3577 1159 3606 1192 ›

2367 1235 2456 1286 50.
2490 1231 2667 1286 Aliud
2695 1232 2922 1286 factum
2960 1235 3049 1286 est
3078 1229 3152 1286 de
3181 1229 3453 1302 quodam
3481 1229 3711 1284 latrone
3737 1229 3795 1285 in
3832 1229 3965 1302 ipsa

2299 1321 2532 1378 sceleris
2561 1319 2874 1377 occasione
2905 1319 3231 1386 interfecto,
3263 1319 3437 1390 cujus
3470 1335 3690 1392 corpus
3720 1335 3858 1375 cum
3887 1319 3967 1376 ad

2299 1409 2610 1466 ecclesiam
2634 1407 2898 1464 delatum
2935 1412 3110 1474 esset,
3150 1407 3432 1464 sacerdos
3460 1423 3572 1480 pro
3610 1423 3681 1463 eo
3713 1407 3966 1464 missam

2298 1499 2596 1556 celebrare
2626 1497 2822 1570 coepit.
2852 1499 3046 1554 «Cum
3076 1512 3218 1566 ergo
3249 1495 3328 1552 ad
3352 1496 3539 1553 verba
3569 1497 3962 1553 consecratio-

2228 1605 2269 1658 Β
2298 1589 2391 1645 nis
2433 1586 2740 1643 Dominica
2769 1585 2970 1642 venire
3001 1585 3268 1655 deberet,
3299 1585 3591 1642 terrebilis
3633 1585 3866 1642 sonitus
3898 1585 3962 1640 in

2301 1682 2449 1734 tecto
2471 1675 2732 1732 ecclesiae
2763 1673 3121 1747 percrebuit,
3139 1678 3197 1730 et
3221 1673 3429 1743 altare,
3457 1673 3610 1729 sicut
3626 1674 3746 1729 huc
3775 1689 3966 1746 usque

2299 1768 2480 1838 patet,
2514 1779 2704 1836 usque
2734 1763 2816 1819 ad
2829 1763 3094 1820 radicem
3121 1763 3374 1818 scissum
3403 1766 3510 1829 est,
3545 1761 3753 1834 sicque
3777 1777 3969 1817 sacer-

2299 1853 2411 1908 dos
2441 1869 2579 1908 cum
2610 1852 2893 1908 omnibus
2943 1851 3168 1921 ingenti
3200 1867 3424 1924 pavore
3457 1849 3767 1924 perculsus
3792 1850 3964 1920 fugit,

2299 1946 2356 1997 et
2381 1957 2492 2014 pro
2522 1945 2795 2014 apostata
2824 1940 3159 1996 sacrificare
3179 1939 3446 1995 cessavit.
3480 1939 3600 1994 Hoc
3631 1943 3837 1994 contra
3861 1953 3968 1992 eos

2299 2031 2526 2087 dictum
2559 2029 2689 2098 sit,»
2720 2029 2914 2102 inquit
2941 2029 3028 2084 vir
3049 2033 3318 2096 sanctus,
3343 2050 3370 2078 ‹‹
3394 2027 3498 2100 qui
3519 2043 3626 2101 pro
3657 2025 3966 2082 sceleratis

2301 2121 2380 2176 ob
2424 2121 2678 2189 gratiam
2725 2134 2934 2174 eorum
2989 2134 3052 2174 se
3101 2122 3374 2173 oraturos
3430 2115 3802 2188 pollicentur.
3839 2137 3864 2163 »
3902 2113 3968 2170 Id

2301 2213 2546 2264 notasse
2578 2206 2808 2262 videtur
2838 2205 2966 2263 Odo
2997 2205 3077 2262 ad
3107 2204 3559 2260 convellendam
3606 2219 3816 2259 eorum
3846 2201 3967 2274 opi-

2299 2296 2564 2362 nionem,
2588 2295 2692 2367 qui
2712 2294 3011 2361 dicebant,
3036 2291 3344 2362 Augustini
3372 2290 3582 2347 forsan
3624 2289 3968 2347 testimonio

2300 2401 2425 2441 non
2456 2400 2598 2440 sane
2629 2383 2922 2439 intellecto
2954 2381 3214 2447 adducti,
3243 2379 3546 2437 damnatis
3567 2379 3765 2436 missae
3793 2378 3970 2435 sacri-

2301 2472 2504 2528 ﬁcium
2535 2471 2841 2545 prodesse,
2863 2471 2958 2526 vel
2987 2475 3052 2526 ut
3080 2486 3116 2526 a
3140 2469 3332 2543 poenis
3353 2469 3598 2524 omnino
3621 2467 3966 2532 liberentur,

2302 2561 2398 2618 vel
2428 2565 2488 2616 ut
2519 2559 2884 2617 tolerabilius
2904 2559 3284 2616 damnentur.
3317 2558 3456 2630 Ejus
3477 2557 3776 2630 opinionis
3798 2555 3969 2612 locus

2303 2655 2390 2706 est
2419 2649 2584 2722 apud
2613 2647 3016 2705 Adrevaldum
3049 2647 3110 2702 in
3138 2647 3290 2702 libro
3329 2647 3404 2702 de
3433 2645 3736 2702 miraculis
3777 2643 3968 2700 sancti

2307 2737 2602 2795 Benedicti
2631 2754 2762 2810 cap.
2795 2738 2884 2806 21,
2919 2736 3021 2792 ubi
3061 2736 3142 2792 ait
3168 2735 3563 2792 Floriaceuses
3593 2750 3703 2806 pro
3734 2733 3968 2789 anima-

2303 2828 2420 2884 bus
2450 2827 2807 2900 praadonum
2835 2825 2896 2882 in
2925 2825 3051 2882 acie
3083 2840 3380 2880 caesorum
3419 2838 3626 2896 preces
3653 2822 3733 2878 ad
3765 2823 3968 2878 Domi-

2235 2956 2277 3010 C
2306 2933 2455 2972 num
2480 2915 2711 2972 fudisse
2735 2933 2748 2970 :
2779 2938 2806 2964 ‹‹
2831 2919 3128 2987 quatenus
3149 2913 3258 2969 etsi
3287 2911 3590 2985 perpetuis
3627 2927 3754 2967 non
3779 2926 3970 2966 mere-

2305 3011 2509 3062 rentur
2579 3003 2815 3061 absolvi
2887 3003 3271 3069 cruciatibus,
3355 3001 3564 3057 saltem
3633 2999 3972 3056 minoribus

2307 3095 2700 3150 multarentur
2728 3107 2765 3148 a
2812 3091 3024 3148 scricto
3069 3090 3279 3146 Judice
3335 3089 3552 3161 pomis.
3586 3111 3612 3138 ››
3654 3091 3852 3143 Exstat
3907 3087 3970 3142 in

2308 3181 2512 3238 codice
2557 3179 2890 3237 Gellonensi
2942 3181 3282 3252 pervetusto
3335 3200 3362 3227 «
3397 3177 3583 3233 missa
3638 3193 3748 3250 pro
3795 3175 3972 3246 cujus

2309 3270 2515 3327 anima
2554 3269 2882 3339 dubitatur,
2919 3291 2945 3318 ››
2977 3267 3039 3324 in
3064 3283 3188 3340 qua
3217 3267 3346 3323 haec
3377 3267 3567 3324 oratio
3591 3283 3604 3321 :
3633 3289 3660 3315 «
3688 3263 3974 3336 Omnipo-

2311 3364 2440 3417 tens
2497 3363 2554 3414 et
2600 3358 2940 3414 misericors
2985 3358 3162 3424 Deus,
3215 3357 3320 3430 qui
3375 3356 3565 3412 habes
3612 3357 3972 3427 potestatem

2310 3447 2691 3516 mortiﬁcare,
2724 3455 2782 3504 et
2836 3447 3047 3504 iterum
3081 3447 3402 3517 viviﬁcare,
3449 3445 3744 3502 deducere
3775 3442 3853 3499 ad
3883 3442 3973 3498 in-

2311 3538 2469 3594 feros
2498 3541 2555 3594 et
2569 3537 2872 3603 reducere,
2891 3541 2948 3592 et
2972 3552 3152 3591 vocas
3181 3551 3254 3592 ea
3276 3551 3412 3607 quae
3429 3549 3551 3590 non
3582 3535 3722 3588 sunt
3741 3533 3972 3588 tantam

2312 3643 2385 3684 ea
2408 3643 2546 3699 quae
2571 3629 2728 3691 sunt,
2761 3625 2934 3696 cujus
2957 3627 3226 3697 potestas
3257 3623 3317 3680 in
3349 3622 3500 3678 coelo
3529 3625 3587 3678 et
3615 3621 3674 3678 in
3705 3625 3878 3688 terra,
3909 3619 3975 3674 in

2313 3714 2467 3772 mari
2491 3718 2549 3770 et
2573 3713 2637 3770 in
2662 3712 2865 3770 inferis
2887 3712 3066 3786 plena
3085 3711 3334 3768 assistit:
3368 3716 3422 3768 te
3443 3709 3699 3767 humiles
3720 3713 3974 3766 tremen-

2314 3809 2520 3876 tesque
2549 3803 2946 3876 deprecamur
2994 3817 3102 3874 pro
3149 3801 3354 3858 anima
3383 3799 3590 3856 famuli
3641 3798 3746 3868 tui,
3783 3811 3974 3870 quam

2313 3891 2541 3949 traxisti
2589 3891 2665 3948 de
2713 3889 2992 3965 praesenti
3051 3889 3270 3946 szecuio
3313 3889 3560 3960 'absque
3608 3883 3974 3961 paenitentiae

2316 3981 2530 4055 spatio,
2561 3985 2627 4038 ut
2655 3979 2703 4036 si
2734 3978 2980 4037 forsitan
3010 3977 3090 4036 ob
3120 3977 3470 4052 gravitatem
3501 3976 3818 4034 criminum
3847 3988 3974 4029 non

2316 4075 2577 4128 meretur
2605 4085 2846 4141 surgere
2885 4069 2964 4127 ad
2993 4069 3268 4142 gloriam,
3299 4085 3406 4142 per
3442 4067 3568 4123 haec
3599 4081 3773 4121 sacra
3801 4061 3974 4119 obla-

2317 4163 2492 4220 tionis
2528 4161 2818 4218 libamina
2844 4159 2938 4216 vel
2968 4157 3296 4228 tolerabilia
3321 4157 3468 4211 ﬁant
3495 4155 3631 4224 ipsa
3657 4156 3976 4208 tormenta.

2321 4273 2349 4299 «
2380 4253 2512 4305 Haec
2542 4249 2781 4320 aliaque
2833 4263 2906 4302 ex
2959 4251 3124 4302 tomo
3153 4243 3208 4298 X
3231 4242 3728 4310 Pragmentorum
3785 4238 3978 4294 nostri

542 4303 1142 4409 asseasse
1168 4303 1437 4394 sint};
1459 4303 1875 4406 ὅῶἱιῖεῗῐξιῖἐέ,
1896 4303 2209 4410 Eua—1i;-
2243 4303 2287 4357 θ
2319 4303 2968 4406 οιῌιέάίιδιεῇιιειιιοιίί.
3001 4333 3067 4386 In
3115 4303 3586 4400 Paralipomenis
3636 4325 3711 4382 de
3767 4331 3980 4384 sancto

543 4424 812 4482 minibus
841 4440 1133 4482 concessa
1152 4428 1327 4492 sunt;
1361 4425 1552 4480 ethoc
1579 4429 1672 4480 est
1699 4424 1866 4498 quod
1895 4427 2051 4482 Deus
2079 4441 2210 4482 ma-

539 4513 662 4587 jori
709 4513 998 4572 charitate
1047 4512 1402 4570 mortalibus
1455 4511 1748 4570 indulsit:
1781 4513 1927 4587 quia
1978 4515 2039 4570 in
2095 4515 2210 4571 hoc

545 4601 834 4678 mysterio
867 4602 1030 4660 salus
1059 4601 1276 4660 mundi
1323 4605 1445 4660 tota
1473 4600 1760 4659 consistit.
1792 4605 1860 4659 Et
1883 4606 2037 4659 certe
2062 4603 2212 4660 dum

545 4693 790 4766 indigne
817 4695 1119 4761 tractatur,
1151 4707 1261 4766 per
1285 4691 1404 4748 hoc
1427 4689 1692 4749 maxime
1721 4689 1926 4748 divina
1944 4691 2210 4764 quotidie

547 4781 832 4852 majestas
859 4779 1196 4853 injuriatur.
1221 4781 1301 4836 De
1325 4779 1442 4837 hoc
1463 4795 1607 4851 ergo
1634 4779 1966 4838 dolendum
1995 4784 2102 4850 est,
2135 4779 2210 4836 de

547 4867 662 4924 hoc
714 4869 1082 4926 omnimodis
1132 4869 1691 4942 ingemiscendum:
1723 4873 1790 4927 ut
1810 4869 1859 4926 si
1889 4869 2210 4928 emendare

548 4971 672 5013 non
710 4973 1060 5030 possumus,
1091 4958 1188 5016 vel
1225 4957 1472 5016 dolendi
1499 4958 1787 5018 affectum
1813 4959 1990 5016 nobis
2015 4959 2210 5016 inesse

547 5045 948 5126 reclamando
968 5051 1397 5111 monstremus,
1423 5063 1500 5104 ne
1531 5047 1680 5104 forte
1705 5064 1823 5106 vox
1851 5048 2062 5106 Christi
2097 5063 2212 5106 nos

549 5139 764 5206 arguat
785 5135 992 5192 dicens
1017 5153 1030 5191 :
1055 5159 1084 5186 »
1121 5135 1384 5194 Sustinui
1411 5138 1516 5210 qui
1540 5136 1722 5194 simul
1745 5137 2211 5208 contristaretur,

549 5229 606 5281 et
625 5241 749 5282 non
775 5223 904 5281 fuit.
934 5247 962 5273 ‹‹
987 5224 1159 5290 Quod
1187 5224 1446 5298 denique
1475 5225 1829 5298 mysterium
1871 5225 2214 5300 primordiis

549 5315 822 5372 Ecclesiae
850 5330 975 5372 non
1003 5317 1130 5372 tam
1160 5314 1518 5388 frequenter,
1551 5319 1617 5371 ut
1635 5331 1816 5385 nunc,
1849 5315 2211 5374 celebratur:

554 5405 758 5458 tamen
785 5408 1016 5476 quanto
1044 5404 1258 5474 rarius,
1289 5408 1452 5460 tanto
1481 5403 1816 5475 religiosius
1836 5405 2148 5477 agebatur.
2180 5426 2210 5460 ι)

553 5493 687 5548 Haec
740 5491 832 5546 vir
858 5495 1164 5566 piissimus
1194 5512 1207 5550 :
1259 5494 1364 5568 qui
1393 5494 1514 5551 duo
1543 5493 1703 5551 facta
1728 5495 1905 5552 refert
1931 5494 2212 5565 insignia,

553 5595 816 5656 quorum
843 5581 1109 5655 primum
1131 5587 1220 5642 est
1247 5583 1322 5640 de
1345 5581 1608 5656 reliquiis
1635 5587 1857 5640 sancte
1879 5582 2212 5655 Walburgis

2315 4421 2660 4493 Pachomio,
2690 4435 2826 4494 quae
2846 4419 2907 4476 in
2937 4423 3101 4475 tomo
3127 4419 3197 4474 IlI
3213 4415 3344 4475 Maii
3366 4414 3531 4490 apud
3553 4413 3978 4472 Bollandianos

2314 4527 2457 4586 pag.
2484 4515 2587 4568 336
2615 4509 2935 4581 habentur,
2964 4507 3048 4565 ita
3077 4506 3378 4564 orationes
3423 4521 3534 4579 pro
3563 4503 3866 4562 damnatis
3885 4502 3980 4560 in-

2314 4601 2704 4670 terdicuntur,
2736 4603 2799 4656 ut
2849 4603 3050 4655 tamen
3087 4613 3159 4655 ea
3204 4612 3390 4672 poma
3445 4594 3524 4652 ad
3553 4609 3765 4651 eorum
3810 4591 3979 4649 refri-

2316 4691 2548 4764 gerium
2571 4688 2856 4762 prodesse
2885 4691 3144 4763 putetur.
3162 4685 3430 4743 Defuncti
3449 4681 3733 4740 monachi
3760 4697 3980 4753 corpus

2315 4779 2672 4838 efferebatur
2692 4779 2942 4836 absente
2971 4775 3318 4844 Pachomio,
3345 4775 3449 4848 qui
3467 4773 3712 4830 obviam
3735 4785 3980 4843 pompae

2316 4870 2530 4937 factus,
2543 4868 2810 4944 psalmos
2837 4867 3062 4925 cantari
3081 4866 3284 4925 vetuit.
3305 4867 3372 4921 Et
3382 4863 3462 4921 ad
3481 4859 3743 4918 defuncti
3769 4874 3986 4932 paren-

2316 4964 2404 5017 tes
2427 4959 2579 5015 inter
2612 4957 2765 5014 alia:
2795 4957 2886 5014 «Si
2901 4957 3123 5029 enim,»
3155 4953 3367 5029 inquit,
3401 4967 3576 5008 «cum
3605 4947 3983 5022 psalmorum

2318 5052 2499 5105 cantu
2528 5047 2576 5104 ei
2610 5052 2925 5121 parentare
2955 5043 3284 5111 volueritis,
3313 5041 3516 5115 plures
3543 5037 3896 5094 defunctum
3927 5038 3984 5090 et

2319 5137 2622 5210 graviores
2649 5137 2972 5194 cruciatus
3002 5133 3363 5207 excipient...
3397 5133 3545 5186 Eam
3575 5127 3654 5186 ob
3679 5141 3806 5183 rem
3832 5136 3981 5191 rogo

2319 5243 2446 5289 vos,
2470 5229 2538 5282 ut
2557 5225 2604 5282 si
2621 5225 2918 5282 cruciatus
2933 5221 3198 5280 defuncti
3217 5219 3432 5293 cupitis
3458 5216 3708 5275 reddere
3731 5210 3985 5268 leviores

2321 5317 2448 5374 sine
2477 5315 2732 5388 psalmis
2751 5331 2892 5371 eum
2915 5311 3236 5386 sepulturae
3255 5307 3576 5366 mandetis.
3595 5303 3802 5361 Posset
3821 5299 3987 5388 enim

2323 5387 2499 5473 Deus,
2533 5421 2672 5461 cum
2701 5403 2900 5459 bonus
2931 5405 3004 5457 snt
3051 5404 3108 5457 et
3131 5399 3489 5460 misericors,
3523 5397 3602 5453 ob
3631 5395 3786 5451 hanc
3818 5389 3874 5446 ei
3898 5387 3988 5444 fa-

2323 5498 2482 5550 ctam
2510 5491 2908 5564 ignominiam
2931 5490 3202 5564 requiem
3231 5490 3500 5564 aliquam
3531 5484 3584 5540 ei
3611 5481 3901 5554 praebere,
3933 5479 3993 5533 et

2324 5583 2386 5639 in
2415 5598 2549 5639 eam
2579 5598 2713 5654 quae
2755 5596 3010 5654 superne
3039 5579 3216 5640 datur
3241 5579 3426 5637 vitam
3466 5585 3768 5630 revocare.
3793 5591 3820 5620 »
3855 5567 3992 5623 Haec
