4154 6180
189 142 255 194 41
307 123 312 127 ’
864 146 870 151 ’
1254 131 1789 189 PROLEGOMENA.
1819 158 1886 166 -

1998 119 2212 183 OGIUM
2243 131 2299 185 S.
2334 132 2588 187 ODONIS
3539 141 3612 193 δί

192 268 500 335 postrema
548 259 732 314 verba
771 256 1057 329 expungit
1100 255 1563 329 Papebrochius,
1596 251 1853 326 (tametsi
1884 253 1929 304 A
1958 250 2109 305 inter
2137 253 2560 324 proprietarios
2588 255 2854 327 deputat,
2891 280 2919 306 «
2950 257 3053 330 qui
3082 258 3157 314 de
3198 258 3455 332 propriis
3504 260 3617 315 cis-

195 352 476 421 Ieguntur
507 349 566 403 in
609 353 827 403 Graeco)
862 363 934 401 ne
978 346 1260 417 cuiquam
1304 343 1667 400 offendicula
1717 342 1850 397 sint.

200 443 281 495 Ex
313 438 488 494 simili
530 437 908 509 persuasione
940 436 1175 505 'l‘rajani
1205 434 1409 489 fabula
1450 429 1853 506 promanavit,

198 528 274 583 de
300 542 425 599 qua
454 525 581 580 vide
613 524 1031 596 Hepidannum
1062 523 1123 577 in
1150 523 1294 577 actis
1335 526 1550 577 sanctae
1582 519 1855 574 Wibora—

190 616 293 671 dae
324 614 584 670 reclusas.
620 619 689 668 At
732 614 909 668 etiam
961 613 1008 666 si
1055 611 1214 666 istud
1271 611 1614 666 membrum
1665 612 1855 663 extre-

201 720 371 758 mum
421 718 776 771 resecemus,
804 706 1005 755 manet
1032 705 1231 755 tamen
1276 716 1411 755 eam
1449 696 1857 771 quorumdam

203 792 383 864 fuisse
414 792 886 863 persuasionem,
920 805 998 844 an
1046 805 1331 857 errorem,
1364 788 1666 843 damnatis
1716 800 1862 857 quo-

202 896 323 951 quo
353 880 593 934 tandem
624 880 808 934 modo
852 895 1066 950 pcenas
1098 883 1352 933 aeternas
1401 893 1577 948 posse
1606 874 1731 930 ﬁeri
1780 873 1861 927 le-

204 970 415 1025 viores.
477 969 700 1023 Verum
776 968 1075 1039 quidquid
1144 969 1215 1021 sit
1268 968 1340 1021 de
1398 966 1497 1021 illa
1560 965 1862 1036 opinione,

203 1073 392 1130 quam
450 1057 792 1112 communis
842 1056 1019 1111 hodie
1073 1054 1487 1125 theologorum
1536 1068 1867 1109 consensus

204 1145 488 1217 explodit,
513 1150 741 1199 certum
794 1148 882 1198 est
912 1148 1064 1199 recte
1094 1142 1497 1215 improbatam
1530 1157 1739 1197 eorum
1785 1156 1865 1195 au

207 1233 467 1303 daciam,
493 1232 591 1305 qui
612 1249 721 1304 pro
752 1231 1121 1304 quibuslibet
1139 1228 1868 1300 indiscriminatim,etiam

209 1323 268 1377 in
289 1322 538 1376 ferventi
561 1321 825 1376 criminis
857 1326 993 1376 actu
1014 1320 1285 1386 mortuis,
1314 1324 1696 1375 sacrosancto
1727 1318 1869 1373 mis-

208 1427 287 1466 sae
319 1410 610 1465 sacriﬁcio
634 1415 947 1481 parentare
967 1424 1090 1464 non
1116 1413 1411 1473 verentur,
1435 1408 1601 1480 quod
1621 1408 1872 1463 damna-

208 1498 286 1553 vit
307 1497 626 1552 concilium
648 1496 1022 1551 Valentinum
1044 1495 1376 1551 secundum
1400 1511 1631 1551 canone
1657 1500 1720 1550 12
1737 1510 1874 1550 con—

1960 338 2109 425 tellis
2128 345 2550 413 sumptuosum
2576 342 2654 397 ad
2695 345 2978 415 mysteria
3017 348 3360 418 peragenda
3398 349 3620 422 produ-

1960 432 2102 482 cunt
2164 436 2544 502 apparatum,
2604 447 2786 505 quem
2855 439 3061 491 contra
3126 439 3621 517 cqnsuetudinem

1963 517 2454 592 sanctionemque
2477 526 2824 578 sanctorum
2850 525 3090 579 Patrum
3107 525 3182 581 de
3201 526 3411 599 iniquo
3426 544 3622 585 mam-

1962 621 2146 661 mona
2175 608 2513 680 acquirunt,
2538 610 2789 683 etquasi
2818 611 2897 667 ad
2923 616 3202 669 ornatum
3232 616 3492 673 ecclesiae
3536 634 3631 674 re-

1963 692 2173 761 licturi,
2200 697 2392 751 securi
2423 699 2752 769 possident,
2780 723 2807 749 »
2838 700 2899 755 in
2915 699 3017 756 lib.
3040 716 3097 768 ιι,
3123 717 3254 774 cap.
3281 707 3367 759 34.
3392 707 3457 760 Et
3485 722 3626 778 pro-

1965 783 2381 854 prietariorum
2400 787 2645 858 objectis
2661 789 3035 861 respondens
3055 790 3117 846 in
3138 808 3269 864 cap.
3291 797 3377 848 36.
3414 816 3440 840 «
3466 794 3522 849 Si
3548 796 3627 851 ob

1967 871 2412 941 negligentiam,
2442 899 2467 923 ››
2491 877 2702 949 inquit,
2736 900 2762 926 ‹‹
2800 879 3260 951 praepositorum
3302 881 3629 938 solummo-

1970 959 2069 1027 do,
2090 964 2289 1037 etnon
2319 964 2512 1032 magis
2542 965 2621 1020 ob
2653 966 2997 1039 cupidinem
3030 985 3205 1024 suam
3236 971 3480 1042 propria
3519 972 3629 1026 ha-

1969 1048 2197 1116 berent,
2230 1066 2354 1105 non
2384 1051 2531 1108 alios
2552 1053 2738 1123 cibos,
2770 1071 2892 1111 non
2921 1055 3067 1112 alias
3099 1062 3311 1123 vestes,
3336 1074 3523 1131 quam
3544 1075 3635 1113 re-

1974 1136 2257 1205 gulariter
2287 1140 2638 1196 constitutas
2668 1149 3110 1213 praesumerent.
3140 1169 3166 1195 ››

2050 1230 2136 1280 5‘2.
2170 1229 2302 1282 Haec
2333 1228 2727 1286 sufﬁciantad
2754 1232 3294 1291 demonstrandum
3317 1237 3504 1292 sancti
3524 1236 3635 1293 viri

1978 1314 2242 1370 studium
2264 1317 2323 1371 in
2354 1334 2480 1373 rem
2508 1319 2903 1376 Christianam
2931 1327 2986 1377 et
3015 1324 3409 1380 monasticam
3434 1344 3445 1380 :
3497 1343 3634 1399 quae

1978 1402 2414 1475 increpationes
2465 1407 2951 1466 utinam.nostro
2996 1411 3173 1467 etiam
3220 1414 3473 1485 tempori
3514 1430 3635 1469 non

1981 1494 2379 1561 convenirent,
2414 1495 2473 1551 in
2505 1513 2627 1569 quo
2658 1498 2673 1569 (
2686 1504 2745 1553 ut
2765 1498 2837 1554 de
2874 1501 3173 1556 nonnullis
3205 1503 3520 1558 monachis
3549 1502 3638 1558 lo-

210 1592 299 1643 tra
322 1585 655 1642 duellistas.
682 1585 744 1640 Id
769 1585 843 1640 de
872 1585 1181 1658 quibusvis
1211 1584 1388 1639 etiam
1420 1584 1721 1640 damnatis
1762 1588 1875 1639 sta-
1915 1605 1956 1658 B
1981 1583 2155 1653 quar)
2176 1583 2549 1653 regularibus
2571 1585 2870 1658 institutis,
2894 1605 3031 1661 quae
3054 1590 3239 1646 sancti
3259 1594 3454 1647 Patres
3476 1596 3641 1648 tanta

211 1676 316 1731 tuit
336 1675 708 1745 Augustinus
740 1675 797 1729 in
842 1674 924 1729 lib
962 1691 1054 1729 xm
1096 1674 1169 1728 de
1200 1674 1441 1729 Civitate
1466 1674 1584 1740 Dei,
1620 1690 1755 1746 cap.
1780 1675 1873 1728 2i.

212 1786 239 1813 ‹‹
268 1764 488 1819 Eadem
513 1763 713 1835 itaque
731 1779 914 1819 causa
945 1768 1055 1827 est,
1087 1779 1194 1818 cur
1212 1778 1336 1818 non
1364 1767 1564 1818 oretur
1597 1766 1734 1818 tunc
1764 1777 1875 1835 pro

210 1852 561 1909 hominibus
585 1857 808 1907 aeterno
822 1853 945 1922 igni
965 1852 1310 1924 puniendis,
1334 1868 1471 1923 quae
1493 1868 1679 1907 causa
1701 1854 1879 1917 est,ut

211 1957 405 2013 neque
438 1957 620 2007 nunc,
646 1956 842 2012 neque
866 1945 1005 1995 tunc
1034 1945 1234 1995 oretur
1255 1956 1364 2011 pro
1397 1940 1625 2009 angelis
1659 1939 1828 1994 malis
1862 1956 1873 1993 :

214 2047 349 2103 quae
372 2030 581 2085 itidem
603 2045 791 2084 causa
822 2034 930 2098 est,
960 2034 1026 2083 ut
1044 2029 1345 2111 \quamvis
1379 2045 1486 2099 pro
1530 2028 1879 2095 hominibus

214 2136 377 2175 nunc
396 2118 545 2173 Vivis
564 2117 969 2183 oretur,etiam
990 2118 1165 2173 malis
1188 2135 1199 2172 :
1225 2121 1427 2172 tamen
1443 2117 1571 2186 jam
1588 2132 1697 2171 nec
1723 2132 1883 2171 nunc

217 2213 418 2264 oretur
448 2223 558 2279 pro
586 2205 929 2261 inﬁdelibus
954 2206 1274 2278 impiisque
1311 2206 1629 2260 defunctis.
1656 2230 1681 2254 ››
1713 2205 1884 2270 Quod

217 2303 419 2353 autem
458 2295 704 2351 inferius
745 2310 1051 2367 exponens
1098 2311 1306 2350 eorum
1358 2294 1738 2361 sententiam,
1779 2294 1884 2366 qui

218 2385 317 2440 Dei
344 2383 755 2440 miserationes
779 2406 805 2431 ‹‹
833 2399 1023 2455 usque
1047 2384 1124 2439 ad
1143 2383 1262 2439 alia
1282 2383 1607 2455 impiorum
1631 2387 1886 2438 tormen-

118 2509 139 2515 —
217 2479 278 2532 ta
297 2473 669 2547 protendunt
693 2490 706 2541 ;
729 2496 756 2522 »
773 2472 834 2528 id
859 2473 940 2528 ita
967 2473 1272 2544 permittit,
1298 2487 1420 2528 non
1453 2472 1788 2542 conﬁrmat,
1822 2477 1885 2528 ut

218 2562 382 2636 impii
406 2579 619 2635 pmnas
650 2585 678 2610 «
706 2562 986 2629 mitiores,
1021 2578 1206 2634 quam
1243 2563 1450 2617 merita
1481 2566 1619 2618 sunt
1649 2577 1880 2627 eorum,

216 2652 587 2724 levioresque
610 2650 931 2723 patiantur,
960 2674 986 2700 »
1036 2666 1156 2706 non
1186 2656 1387 2706 tamen
1430 2649 1638 2706 habita
1667 2649 1883 2705 suffra-

162 2748 165 2751 '
220 2741 477 2810 giorum,
522 2740 624 2795 sed
658 2738 1080 2795 misericordiae
1114 2739 1213 2794 Dei
1244 2737 1489 2794 ratione.
1521 2742 1720 2810 Neque
1747 2753 1883 2794 vero

218 2829 381 2884 idem
410 2832 652 2883 sanctus
682 2827 891 2882 doctor
917 2827 977 2881 in
1010 2826 1327 2881 Enchiridii
1355 2842 1406 2880 e.
1439 2830 1558 2894 HO,
1595 2825 1886 2882 sacriﬁcia

222 2917 407 2987 sentit,
422 2915 708 2988 prodesse
736 2914 1037 2970 damnatis
1067 2914 1142 2970 ad
1164 2929 1410 2986 poenam
1442 2919 1746 3006 aeternam,
1780 2913 1885 2969 sed
1918 2955 1957 3006 Ο

223 3007 301 3062 ad
330 3005 779 3077 temporariam.
802 3026 828 3052 «
864 3006 964 3059 Est
993 3002 1153 3058 enim
1191 3002 1442 3074 quidam
1468 3001 1711 3057 vivendi
1754 3016 1884 3058 mo-

223 3095 361 3163 dus,
382 3110 494 3150 nec
526 3098 649 3150 tam
678 3093 898 3158 bonus,
930 3097 993 3147 ut
1016 3108 1139 3147 non
1163 3092 1425 3165 requirat
1450 3092 1567 3147 ista
1592 3102 1751 3162 post,
1776 3107 1887 3147 nec

222 3182 588 3250 tammalus,
621 3188 687 3238 ut
713 3182 766 3238 ei
814 3198 937 3237 non
984 3181 1215 3254 prosint
1253 3180 1366 3237 ista
1412 3185 1548 3253 post
1592 3184 1884 3235 mortem:

222 3278 502 3330 mortem.
533 3296 558 3322 ››
588 3273 678 3328 Ad
708 3273 981 3329 ordinem
1009 3276 1291 3328 revertor.

298 3369 387 3418 51.
433 3364 732 3420 Monachis
774 3362 956 3418 etiam
1007 3362 1134 3418 Odo
1178 3376 1448 3432 congrua
1486 3361 1592 3418 dat
1636 3360 1886 3430 monita,

227 3452 714 3523 condignamque
743 3468 1059 3509 censuram
1089 3451 1350 3519 adhibet,
1387 3451 1720 3523 praesertim
1747 3467 1889 3507 con-

226 3551 316 3601 tra
366 3544 810 3617 proprietarios,
861 3545 1134 3601 carnium
1186 3543 1572 3612 comedones,
1632 3542 1893 3615 religiosi

223 3634 466 3692 habitus
496 3638 676 3706 atque
699 3634 922 3704 regulae
952 3634 1462 3707 praevaricatores,
1485 3649 1642 3706 quos
1670 3656 1697 3682 ‹‹
1719 3649 1893 3707 apos-

226 3727 379 3780 tatas
406 3745 433 3773 »
463 3728 663 3789 vocat,
695 3724 956 3780 adducto
989 3723 1253 3795 Gregorii
1300 3722 1640 3779 testimonio
1684 3739 1758 3778 ex
1781 3722 1891 3778 ho-

226 3810 392 3868 milia
415 3826 580 3867 nona
606 3810 669 3866 in
700 3810 1084 3867 Ezechielem.
1108 3832 1135 3860 ‹‹
1165 3810 1315 3876 Quia
1340 3810 1491 3867 sicut
1510 3814 1785 3883 apostata
1806 3813 1895 3865 est

226 3899 332 3973 qui
358 3901 432 3956 de
460 3900 578 3956 ﬁde
607 3900 830 3957 recedit
857 3918 894 3957 a
941 3902 1092 3957 Deo:
1148 3902 1229 3957 ita
1269 3900 1375 3973 qui
1423 3900 1501 3956 ad
1542 3915 1895 3973 perversum

226 4004 385 4061 opus
416 3993 556 4060 post
583 3989 918 4060 professam
946 3989 1296 4059 religionem
1319 3988 1489 4055 redit,
1514 3989 1593 4044 ab
1624 3988 1897 4061 omnipo-

228 4080 390 4133 tente
418 4077 537 4131 Deo
569 4080 842 4147 apostata
876 4077 1108 4148 absque
1138 4077 1260 4132 ulla
1307 4076 1678 4133 dubitatione
1709 4077 1898 4148 depu-

228 4168 409 4234 tatur,
441 4163 674 4220 etiamsi
701 4163 887 4220 ﬁdem
920 4167 1119 4220 tenere
1166 4164 1463 4220 videatur.
1510 4169 1600 4220 An
1635 4180 1761 4220 non
1810 4169 1900 4220 est

232 4254 562 4328 apostasia,
593 4275 621 4303 ‹‹
655 4253 857 4309 subdit
887 4253 1035 4322 Odo,
1069 4275 1097 4303 «
1130 4253 1205 4309 de
1235 4253 1446 4310 habitu
1474 4253 1567 4309 vel
1594 4253 1752 4310 victu
1784 4256 1899 4310 tra-

234 4344 489 4400 ditiones
528 4346 767 4400 Patrum
818 4348 1221 4415 contemnere,
1262 4360 1403 4400 cum
1430 4346 1586 4400 Deus
1615 4345 1902 4401 terminos

234 4437 474 4491 Patrum
506 4433 840 4503 transgredi
871 4433 1240 4489 interdixerit
1273 4451 1284 4488 :
1336 4433 1737 4506 despectaque
1778 4433 1901 4489 vic-

237 4528 332 4579 tus
356 4523 641 4596 qualitate
670 4523 763 4579 vel
808 4523 1136 4599 quantitate
1180 4538 1289 4596 per
1325 4522 1575 4579 beatum
1624 4522 1903 4578 Benedic-

239 4615 368 4668 tum
404 4611 675 4684 prreﬁxa,
718 4612 1081 4682 sanguineas
1127 4611 1317 4684 dapes
1362 4627 1501 4668 eum
1547 4609 1684 4666 ﬁliis
1728 4610 1910 4667 Israel

239 4700 583 4757 desiderare
606 4702 633 4756 ?
665 4702 758 4756 An
790 4717 913 4758 non
945 4705 1034 4757 est
1061 4701 1367 4774 apostasia
1403 4699 1694 4756 humilem
1732 4701 1909 4757 vesti-

242 4794 369 4846 tum
392 4805 694 4863 spernere,
722 4795 779 4847 et
804 4791 1084 4847 decorem
1126 4790 1463 4846 vestimenti
1500 4805 1767 4862 quaerere
1798 4791 1810 4845 !
1856 4804 1914 4856 et

244 4894 325 4934 an
352 4884 621 4936 ventrem
671 4879 864 4935 colere
910 4896 1033 4935 non
1078 4882 1165 4935 est
1206 4879 1533 4952 apostasia,
1570 4895 1709 4934 cum
1761 4880 1913 4935 ﬂens

246 4966 465 5021 Paulus
542 4971 923 5041 protestetur,
998 4968 1161 5040 quod
1228 4967 1620 5037 ligurgitones
1685 4967 1912 5023 inimici

248 5058 467 5112 sanctae
499 5058 689 5114 crucis
720 5063 877 5127 sunt,
908 5062 969 5114 et
996 5062 1265 5114 ventrem
1305 5072 1416 5129 pro
1446 5060 1565 5115 Deo
1603 5057 1913 5114 habeant?

247 5144 430 5201 Nobis
457 5144 703 5219 inquam
732 5150 862 5205 haec
915 5146 1231 5221 apostasiae
1269 5146 1454 5203 verba
1502 5147 1865 5203 conveniunt
1897 5164 1910 5202 :

249 5231 748 5310 quandoquidem
796 5238 1101 5309 religionis
1148 5236 1447 5305 habitum,
1478 5253 1584 5310 per
1631 5241 1718 5293 tot
1759 5241 1915 5293 retro

251 5341 551 5382 annorum
595 5327 891 5382 curricula
928 5330 1245 5396 retentum,
1277 5325 1650 5382 lascivientes
1692 5325 1931 5397 quique.

250 5413 403 5469 inter
422 5431 538 5470 nos
574 5418 630 5469 et
656 5413 992 5485 petulantes
1022 5416 1081 5470 in
1110 5415 1223 5470 hac
1249 5419 1455 5470 nostra
1483 5418 1654 5469 mtate
1686 5419 1918 5479 mutare

254 5503 385 5557 ausi
415 5507 574 5558 sunt.
614 5526 641 5549 ››
684 5502 819 5555 Haec
850 5499 944 5554 ille
974 5502 1035 5555 in
1071 5502 1172 5557 lib.
1216 5519 1296 5563 IlI,
1341 5519 1472 5576 cap.
1512 5508 1595 5558 17.
1630 5501 1769 5557 Vide
1812 5502 1914 5556 lib.

254 5607 316 5665 ιι,
356 5608 491 5665 cap.
542 5598 571 5647 7
617 5595 674 5649 et
717 5588 990 5663 ejusdem
1031 5589 1135 5644 lib.
1183 5594 1264 5659 Ill,
1314 5607 1450 5665 cap.
1506 5596 1593 5649 22.
1647 5590 1736 5647 Ad
1790 5591 1919 5647 haec

590 5698 843 5757 PATROL.
878 5696 1190 5754 CXXXIII.

1981 1671 2263 1742 religione
2315 1680 2642 1731 sanxerunt
2686 1681 2741 1732 et
2770 1677 3187 1747 observarunt,
3218 1684 3342 1736 tam
3396 1681 3639 1739 modica

1982 1760 2188 1831 religio
2217 1761 2601 1835 impenditur.

2053 1850 2367 1906 CAP.IX.—-
2390 1852 2608 1909 Odonis
2623 1856 2920 1925 praecipui
2942 1858 3188 1927 quidam
3219 1859 3528 1929 (lisczpuli.

2058 1944 2144 1995 53.
2177 1941 2265 1996 Ad
2295 1941 2734 1999 absolvendum
2763 1945 2984 2001 Odonis
3014 1947 3276 2017 elogium
3309 1949 3647 2007 necessaria

1988 2031 2080 2081 est
2108 2028 2314 2084 notitia
2362 2030 2491 2100 ejus
2523 2031 2975 2105 discipulorum,
3007 2052 3079 2091 ex
3126 2036 3346 2108 quibus
3386 2039 3648 2094 maxime

1989 2114 2211 2187 pendet
2257 2118 2525 2187 magistri
2557 2121 2932 2180 existimatio.
2974 2125 3089 2181 Sed
3130 2125 3276 2181 illud
3324 2128 3438 2184 hac
3487 2128 3548 2183 in
3586 2143 3649 2183 re

1991 2204 2361 2261 incommodi
2391 2213 2497 2277 est,
2524 2211 2689 2280 quod
2720 2216 2916 2268 vetera
2946 2214 3061 2269 hac
3089 2215 3163 2270 de
3201 2232 3263 2271 re
3295 2233 3652 2273 monumen-

1994 2297 2052 2349 ta
2082 2310 2192 2349 nos
2219 2294 2520 2363 deﬁciunt;
2547 2302 2601 2353 et
2632 2298 2678 2353 si
2704 2302 2960 2356 Joannes
2981 2303 3281 2373 quosdam
3302 2306 3477 2361 nobis
3504 2307 3656 2362 Odo-

1993 2382 2085 2437 nis
2115 2383 2441 2456 discipulos
2479 2386 2735 2453 exhibet,
2767 2390 2933 2445 nuda
2984 2390 3103 2446 fere
3148 2408 3359 2448 eorum
3403 2395 3655 2450 nomina

1991 2470 2195 2526 litteris
2222 2473 2617 2543 consignavit.
2654 2480 2767 2531 Hos
2795 2478 2947 2534 inter
2987 2482 3509 2538 commemorandi
3557 2500 3653 2540 ve-

1991 2562 2164 2617 niunt
2201 2562 2502 2629 Arnulfus,
2535 2570 2590 2621 et
2623 2567 2965 2637 Landricus,
3000 2586 3069 2625 ex
3096 2570 3317 2643 quibus
3347 2572 3537 2628 multa
3579 2573 3655 2629 de

1994 2650 2199 2706 Odone
2231 2668 2294 2707 se
2334 2654 2636 2725 accepisse
2681 2658 2941 2713 Joannes
2983 2657 3158 2715 refert
3204 2659 3265 2715 in
3308 2661 3653 2732 praefatione

1993 2755 2137 2796 sua:
2168 2756 2431 2812 quorum
2458 2743 2711 2799 alterum
2739 2746 3094 2815 magistrum
3126 2764 3194 2803 ac
3223 2755 3655 2822 praeceptorem

1994 2845 2192 2897 suum,
2244 2830 2497 2886 alterum
2542 2833 2903 2890 eonfratrem
2954 2842 3147 2892 vocat.
3202 2838 3297 2893 His
3345 2839 3656 2910 subjungi-

1995 2922 2087 2972 tur
2110 2935 2122 2972 :
2150 2942 2176 2966 ‹‹
2204 2920 2473 2973 Domnus
2498 2920 2934 2977 Hildebrannus
2956 2939 3064 2979 seu
3086 2925 3542 2993 Hildebrandus,
3567 2928 3657 2983 vir

1996 3006 2083 3075 (ut
2109 3006 2271 3061 idem
2301 3007 2403 3077 ait)
2425 3007 2744 3075 veridieus,
2780 3014 2835 3064 et
2864 3011 3127 3066 Cluniaci
3154 3014 3659 3087 coanobiiprrepo-

1997 3094 2163 3163 situs,
2208 3095 2269 3149 in
2315 3096 2810 3169 regularibusquc
2863 3098 3192 3171 disciplinis
3226 3103 3356 3172 ejus
3402 3120 3661 3177 praecep-

1998 3187 2106 3250 tor,
2142 3205 2169 3233 ››
2201 3184 2306 3256 qui
2334 3183 2394 3239 in
2428 3185 2837 3257 compluribus
2867 3186 3277 3245 instrumentis
3304 3191 3509 3248 Odone
3549 3193 3658 3248 ab-

1996 3271 2131 3327 bate
2176 3271 2430 3328 conditis
2468 3272 2770 3342 laudatur,
2818 3279 2876 3331 et
2932 3277 3268 3334 cancellarii
3316 3279 3439 3335 vice
3489 3281 3659 3338 subs-

1999 3360 2204 3433 cripsit
2250 3360 2562 3433 praemisso
2622 3361 2935 3435 diplomati
2983 3365 3282 3423 Adelaidis
3321 3368 3656 3427 comitissae.

2000 3450 2166 3506 Idem
2196 3450 2461 3507 Cluniaci
2489 3451 2652 3524 prior
2680 3458 2807 3510 erat
2845 3470 3006 3510 anno
3044 3461 3101 3511 t7
3142 3457 3422 3513 Ludovici
3446 3462 3660 3515 Trans-

1998 3539 2240 3612 marini,
2268 3556 2340 3595 ex
2364 3540 2569 3598 charta
2585 3525 2929 3599 °centesima
2962 3545 3075 3600 sub
3104 3546 3388 3602 Aimardo
3418 3547 3656 3605 abbate.

2002 3629 2169 3685 Alius
2203 3629 2477 3700 ejusdem
2506 3631 2767 3686 nominis
2806 3633 2970 3705 prior
2999 3633 3262 3693 Cluniaci
3301 3636 3518 3692 exstitit
3558 3655 3665 3692 sae-

2002 3718 2136 3775 culo
2162 3735 2242 3791 x1,
2271 3719 2319 3773 is
2350 3718 2453 3791 qui
2472 3725 2688 3791 postea
2712 3721 2774 3776 in
2797 3722 3004 3778 sedem
3026 3725 3360 3780 Romanam
3382 3742 3663 3801 assump-

2002 3811 2119 3878 tus,
2148 3807 2411 3877 Gregorii
2441 3808 2532 3863 VII
2564 3824 2788 3865 nomen
2823 3810 2968 3867 tulit.
3003 3815 3217 3868 Prreter
3243 3813 3378 3870 illos
3404 3815 3665 3872 Joannes

2003 3898 2066 3953 in
2113 3895 2379 3953 secundo
2434 3897 2587 3954 libro
2628 3899 2899 3955 nominat
2928 3901 3164 3957 Petrum
3221 3903 3663 3976 presbyterum,

2006 3987 2364 4043 Balduinum
2393 3986 2677 4043 abbatem
2723 3990 3106 4046 Casinensem
3160 3997 3215 4047 et
3255 3993 3443 4047 sancti
3480 3994 3662 4060 Pauli,

2008 4075 2269 4130 Firmum
2335 4074 2464 4145 ejus
2517 4091 2895 4144 germanum,
2963 4078 3254 4132 domnum
3320 4079 3669 4133 «Gothefre-

2009 4164 2179 4229 dum,
2209 4167 2265 4219 et
2292 4163 2446 4218 duos
2476 4163 2850 4220 venerabiles
2881 4165 3037 4220 viros
3060 4181 3133 4220 ex
3170 4165 3382 4221 eadem
3414 4182 3664 4237 congre-

2012 4253 2271 4324 gatione,
2304 4269 2566 4327 quorum
2600 4269 2756 4309 unus
2780 4254 3257 4311 Archembaldus
3272 4255 3666 4325 vocabatur,»

2010 4342 2244 4417 ipsique
2272 4344 2485 4399 Joanni
2521 4343 2725 4399 «bene
2750 4349 2927 4399 notus
2957 4363 2969 4400 ε
3013 4345 3157 4400 alter
3187 4361 3324 4402 vero
3365 4346 3606 4416 ignotus
3641 4370 3668 4397 »

2012 4433 2206 4489 dictus
2240 4454 2265 4480 ‹‹
2295 4431 2629 4500 Adalasius,
2659 4432 2766 4488 viri
2805 4449 3043 4506 nempe,
3080 4457 3105 4483 »
3156 4433 3368 4506 inquit,
3402 4458 3429 4483 ‹‹
3458 4436 3670 4508 opina~

2013 4521 2247 4589 tissimi,
2289 4540 2317 4572 »
2370 4521 2475 4594 qui
2532 4523 2858 4578 multorum
2917 4523 3357 4579 monachorum
3414 4527 3673 4581 «Patres

2016 4628 2177 4668 nunc
2237 4615 2378 4667 sunt
2432 4611 2642 4668 effecti.
2672 4635 2698 4661 »
2757 4612 3235 4668 Archembaldus
3290 4634 3315 4661 ‹‹
3343 4613 3672 4670 Cluniensis

2017 4700 2275 4758 coenobii
2305 4700 2606 4773 praelatus,
2642 4723 2670 4750 »
2698 4700 2762 4755 id
2792 4705 2880 4757 est
2903 4702 3281 4774 praepositus,
3309 4700 3589 4756 laudatur
3613 4702 3675 4757 in

2019 4793 2225 4847 charta
2252 4789 2535 4844 Bernonis
2563 4789 2920 4845 Matiscensis
2946 4790 3231 4864 episcopi,
3257 4790 3399 4846 data
3420 4806 3581 4847 anno
3612 4795 3675 4846 IO

2021 4878 2253 4936 Rodolﬁ
2294 4877 2488 4947 regis;
2537 4878 2816 4952 idemque
2862 4880 3114 4949 videtur,
3158 4879 3260 4951 qui
3311 4879 3503 4936 Odoni
3562 4880 3681 4936 suf-

2022 4969 2210 5024 fectus
2230 4971 2318 5023 est
2347 4967 2406 5022 in
2436 4968 2703 5037 regimen
2729 4968 2985 5025 coenobii
3018 4968 3421 5038 Floriacensis,
3451 4969 3525 5024 de
3554 4987 3677 5042 quo

2023 5056 2333 5113 Aimoinus
2383 5057 2443 5112 in
2491 5056 2596 5112 lib.
2628 5074 2646 5111 ι
2699 5057 2773 5112 de
2813 5057 3101 5115 Miraculis
3149 5059 3340 5114 sancti
3382 5057 3680 5114 Benedicti

2023 5164 2187 5203 num.
2240 5146 2320 5202 13.
2354 5145 2640 5202 Wlfaldus
2687 5146 2816 5217 ejus
2859 5163 3185 5215 successor,
3237 5148 3409 5218 cujus
3457 5144 3680 5201 mentio

2025 5236 2192 5309 apud
2219 5238 2509 5292 Joannem
2548 5235 2609 5290 in
2647 5235 2800 5291 libro
2834 5237 3022 5305 tertio,
3057 5236 3199 5292 alibi
3246 5253 3282 5292 a
3334 5233 3509 5289 nobis
3555 5232 3682 5289 lau-

2025 5322 2269 5380 dandus
2302 5323 2361 5378 in
2392 5324 2537 5379 actis
2568 5325 2755 5380 sancti
2785 5324 3050 5381 Abbonis
3080 5324 3335 5380 abbatis.
3370 5321 3468 5376 His
3504 5321 3682 5378 etiam

2029 5413 2413 5470 annumerari
2466 5416 2661 5484 potest
2725 5412 3056 5477 Aligernus,
3116 5427 3188 5463 ex
3244 5410 3565 5483 praeposito
3625 5412 3682 5466 S.

2029 5501 2195 5557 Pauli
2224 5500 2302 5556 ad
2332 5499 2545 5556 urbem
2570 5500 2763 5556 abbas
2793 5496 3145 5557 Casinensis,
3184 5497 3258 5552 de
3301 5516 3423 5571 quo
3463 5500 3558 5557 hic
3608 5496 3685 5551 ad

2033 5607 2264 5647 annum
2294 5593 2417 5646 986.

3337 5699 3368 5748 2
3436 5682 3449 5693 κ
