4158 6192
478 146 548 198 43
1672 141 1728 194 s.
1763 137 1905 202 ono
1935 97 2162 192 ABBAS
2193 135 2715 198 CLUNIACENSIS.
3833 144 3908 197 44

548 269 638 322 54.
667 261 1000 328 Adalasius,
1029 275 1170 316 mox
1203 277 1238 316 a
1263 263 1491 318 Joanne
1533 267 1924 330 memoratus,
1955 261 2132 316 indu-
2164 263 2210 314 A
2243 269 2369 319 erat
2398 265 2696 321 Aribertus
2727 247 2827 321 ille
2852 265 2926 320 de
2964 281 3086 338 quo
3117 265 3251 320 haec
3272 269 3476 319 narrat
3515 263 3643 320 Odo
3675 264 3802 336 ipse
3843 263 3908 320 in

474 355 572 412 hie
600 355 650 411 is
675 357 761 410 est
792 374 819 400 «
843 349 1120 419 Adacius,
1149 373 1177 399 »
1210 350 1306 406 cui
1335 351 1446 406 sub
1474 351 1681 408 Odone
1707 350 1984 408 coabbati
2005 351 2132 406 Sar-

473 443 716 502 latensis
777 456 846 496 ac
910 438 1234 494 Tutelensis
1299 441 1804 496 monasteriorum
1867 439 2132 510 regimen

477 529 866 588 commissum
897 531 1004 592 est,
1031 530 1096 581 ut
1125 527 1400 599 superius
1428 527 1689 582 diximus
1720 529 1780 583 in
1811 545 1940 600 cap.
1972 533 2023 582 5.
2052 528 2134 582 Ei-

472 619 610 674 dem
643 617 729 689 (ut
757 619 924 688 puto)
958 614 1181 670 Adaeio
1215 616 1549 672 Bernardus
1590 633 1813 685 comes,
1865 639 1893 664 «
1927 632 2131 671 assen-

472 706 753 764 tientibus
804 705 981 760 beata
1033 703 1161 776 ejus
1213 721 1420 770 uxore,
1478 711 1536 762 et
1595 706 1730 761 ﬁliis
1793 705 2130 768 Guillermo,

474 796 826 861 Gausberto,
861 810 969 850 seu
1000 793 1262 849 Arnaldo
1284 798 1341 849 et
1370 794 1670 850 Bernardo
1691 795 1913 867 pariter
1933 793 2133 850 faven-

469 886 654 952 tibus,
688 882 1120 939 monasterium
1159 887 1381 938 sanctae
1430 882 1591 940 Suris
1635 883 1930 938 vocabulo
1978 881 2134 936 Geri-

473 975 595 1044 dia,
637 989 777 1029 cum
826 972 990 1028 omni
1040 971 1336 1028 abbatia»
1385 972 1582 1042 tradit,
1640 995 1667 1021 ‹‹
1693 978 1749 1027 et
1795 971 2130 1040 monachis,

473 1063 696 1136 quibus
724 1059 1070 1130 regulariter
1099 1062 1294 1118 vivere
1324 1062 1472 1118 inibi
1501 1062 1614 1118 sub
1641 1063 1912 1133 ejusdem
1942 1066 2134 1134 potes-

475 1159 590 1208 tate
629 1152 935 1225 placuerit,
968 1155 1034 1206 ut
1080 1155 1202 1207 tam
1264 1152 1606 1207 coenobium
1659 1169 1846 1224 quam
1890 1167 2132 1206 omnem

475 1241 785 1298 abbatiam
809 1244 1046 1296 teneant
1067 1243 1121 1295 et
1145 1241 1494 1313 possideant
1517 1241 1640 1298 sine
1666 1240 1788 1296 ulla
1809 1240 2136 1296 contradic-

475 1331 666 1398 tione;
701 1333 918 1402 etpost
948 1329 1178 1384 obitum
1225 1329 1434 1384 domni
1463 1329 1666 1384 Adaeii
1696 1329 1955 1396 abbatis,
1983 1345 2134 1400 qua-

473 1419 592 1474 lem
627 1418 920 1474 voluerint
951 1418 1286 1474 secundum
1325 1417 1595 1486 regulam
1627 1417 1814 1473 sancti
1839 1417 2134 1473 Benedicti

474 1508 756 1564 abbatem
780 1507 894 1562 sibi
915 1506 1156 1576 eligant,
1185 1530 1211 1554 ››
1239 1507 1320 1561 ita
1351 1511 1416 1560 ut
1446 1529 1471 1554 ‹‹
1498 1505 1615 1560 sint
1638 1505 1751 1577 ipsi
1773 1506 2052 1562 monachi
2074 1507 2134 1561 in

473 1596 842 1668 subjectione
864 1595 1020 1666 regis
1040 1595 1120 1650 ad
1139 1595 1341 1651 locum
1363 1595 1598 1651 salvum
1625 1595 1988 1662 faciendum,
2012 1611 2134 1651 non

473 1686 651 1741 etiam
676 1685 756 1742 ad
778 1683 1005 1757 aliquid
1046 1685 1531 1756 persolvendum.
1563 1708 1588 1733 ››
1620 1687 1838 1741 Omnes
1868 1701 2010 1741 vero
2057 1685 2131 1740 ad

473 1774 656 1844 hujus
686 1773 825 1828 facti
857 1773 1300 1829 exsecutionem
1319 1773 1647 1829 obtestatur
1673 1790 1778 1844 per
1805 1775 2011 1830 omnia
2039 1791 2133 1830 sa-

475 1879 593 1929 cra,
629 1885 657 1910 ‹‹
685 1867 742 1918 et
771 1879 878 1934 per
915 1862 1195 1918 meritum
1239 1862 1430 1918 beatae
1482 1863 1662 1932 Suris,
1696 1863 1869 1933 cujus
1917 1877 2134 1935 corpus

473 1951 534 2007 in
567 1952 814 2024 praefato
839 1951 972 2008 loco
997 1951 1334 2023 requiescit.
1364 1975 1390 2001 ››
1421 1953 1635 2008 Charta
1687 1953 1811 2006 haec
1857 1953 2135 2008 destituta

474 2044 562 2095 est
589 2039 884 2096 chronicis
913 2041 1070 2096 notis
1100 2039 1161 2094 in
1193 2040 1488 2096 chartario
1519 2041 1774 2096 cmnobii
1805 2041 1879 2096 de
1927 2039 2136 2110 regula

477 2129 642 2201 apud
674 2129 1256 2202 Novempopulanos,
1290 2146 1362 2186 ex
1390 2145 1513 2202 quo
1543 2134 1712 2185 eruta
1741 2134 1831 2186 est
1859 2147 1894 2186 a
1927 2135 2135 2185 nostro

473 2217 878 2289 Stephanotio.

661 2305 756 2360 His
778 2305 1062 2362 omnibus
1083 2304 1306 2361 Odonis
1327 2305 1633 2377 discipulis
1647 2308 1907 2361 Joannes
1931 2321 2136 2361 acccn.

473 2393 756 2449 setetiam
779 2393 1082 2474 Adolt'um,
1115 2394 1558 2460 Nheodardum,
1588 2399 1644 2450 et
1680 2394 2030 2449 Eliziardum
2063 2411 2136 2450 ex

461 2482 687 2560 .comite
711 2479 1103 2538 monachum.
1152 2485 1373 2538 Forsan
1397 2498 1469 2537 ex
1499 2482 1786 2538 Bernonis
1825 2482 2135 2554 discipulis

1085 2613 1143 2626 ⁸*

2241 353 2325 408 lib
2355 369 2394 408 u
2420 352 2494 409 de
2521 354 2642 409 vita
2672 355 2860 409 sancti
2891 353 3142 417 Geraldi,
3176 369 3308 425 cap.
3347 359 3428 409 19.
3465 375 3492 401 ‹‹
3519 352 3792 417 Quadam
3824 353 3910 408 vi-

2243 457 2308 498 ee
2339 459 2478 497 cum
2507 443 2653 498 illud
2686 444 2814 512 iter,
2837 467 2862 493 υ
2913 459 3129 514 nempe
3162 446 3522 509 Romanum,
3576 464 3602 490 «
3629 456 3908 498 excurre-

2243 535 2346 594 ret,
2381 531 2708 603 quemdam
2741 533 3129 593 monachum.
3153 531 3393 586 nomine
3428 529 3910 596 Aribertum,du-

2243 619 2416 674 cebat
2445 637 2670 688 secum,
2695 636 2932 688 magum
2965 621 3183 675 scilicet
3209 619 3584 674 abstinentiae
3616 617 3905 678 virum....

2245 709 2486 762 Factum
2530 713 2618 763 est
2657 708 2983 779 aliquando
3036 714 3097 762 ut
3139 708 3374 762 deesset
3413 707 3907 778 pulmentarium,

2242 812 2365 868 quo
2413 797 2742 852 abstemius
2783 797 2876 852 ille
2922 814 3057 850 eum
3111 813 3264 868 pane
3309 801 3662 852 vesceretur.
3697 797 3909 852 Senior

2243 899 2380 939 vero
2442 887 2706 940 studiose
2753 885 3016 957 requirit,
3049 901 3125 940 an
3171 889 3523 940 consuetum
3573 885 3653 939 illi
3699 885 3905 940 cibum

2243 973 2495 1028 ministri
2539 974 2930 1046 paravissent.
2999 973 3518 1040 Respondentibus
3572 972 3704 1038 illis,
3736 975 3904 1046 quod

2243 1063 2390 1119 nihil
2418 1069 2633 1136 praeter
2659 1080 2877 1136 panem
2924 1063 3231 1128 haberent,
3265 1063 3626 1119 anxiabatur
3672 1063 3766 1118 ille
3813 1063 3900 1117 di-

2245 1167 2416 1207 cens:
2449 1154 2491 1208 Ο
2521 1151 2664 1223 quid
2699 1152 2872 1207 nobis
2898 1152 3074 1206 hodie
3105 1152 3384 1220 Contigit!
3421 1155 3534 1207 Nos
3555 1166 3766 1208 omnes
3784 1152 3905 1224 ple-

2244 1257 2388 1295 nam
2417 1240 2798 1296 refectionem
2825 1241 3141 1309 habemus,
3173 1246 3229 1296 et
3249 1241 3353 1295 iste
3379 1241 3474 1296 Dei
3507 1257 3717 1296 servus
3737 1241 3797 1296 in
3821 1247 3906 1296 at-

2244 1329 2588 1384 tenuatione
2617 1329 2742 1384 erit.
2781 1332 2910 1384 Erat
2936 1334 3136 1386 autem
3168 1329 3294 1384 dies
3333 1329 3707 1385 abstinentiae
3749 1331 3908 1384 solu-

2248 1425 2356 1474 tus.
2383 1421 2638 1491 Tempus
2687 1417 2973 1476 abluendi
3002 1434 3220 1473 manus
3247 1419 3374 1488 jam
3401 1424 3663 1487 venerat,
3693 1424 3752 1475 et
3799 1421 3904 1474 Sa-

2246 1507 2401 1564 muel
2420 1509 2523 1579 qui
2536 1507 2650 1562 hoc
2667 1523 2930 1578 praesens
2955 1513 3174 1570 narrat,
3195 1508 3272 1562 ad
3291 1507 3661 1563 ati‘ereudam
3679 1523 3904 1580 aquam

2245 1597 2530 1651 cucurrit:
2557 1611 2695 1650 cum
2719 1596 2865 1650 forte
2889 1597 3102 1668 reperit
3123 1596 3476 1668 pisciculum
3497 1596 3558 1652 in
3583 1595 3772 1652 littore
3801 1613 3903 1651 ex-

2245 1685 2506 1758 positum
2537 1690 2592 1740 et
2627 1684 3041 1756 palpitantem,
3064 1684 3170 1756 qui
3204 1685 3335 1756 ipso
3377 1684 3613 1740 vidente
3642 1685 3718 1740 de
3744 1700 3906 1757 aqua

2245 1771 2556 1828 exsilierat.
2587 1793 2614 1822 »
2638 1771 2866 1827 Gratias
2894 1774 3014 1828 Deo
3045 1771 3162 1842 egit
3192 1773 3515 1828 Gernldus:
3552 1793 3579 1824 α
3605 1779 3732 1828 tum
3765 1787 3906 1829 vero

2245 1861 2710 1916 consedentibus
2738 1860 2820 1916 ad
2853 1877 3126 1917 mensam
3155 1861 3416 1917 comedit
3439 1861 3534 1916 ille
3570 1862 3903 1918 abstemius

2250 1966 2441 2021 usque
2473 1950 2613 2004 satis
2638 1972 2666 1998 ››
2693 1949 2767 2004 de
2792 1949 2958 2022 pisce
2989 1955 3218 2022 parato,
3238 1955 3467 2022 partem
3484 1951 3774 2022 reliquam
3802 1955 3907 2006 Ge-

2244 2038 2447 2094 raldus
2500 2039 2910 2106 manducavit,
2973 2061 2998 2089 u
3061 2044 3120 2094 et
3169 2039 3451 2094 omnibus
3495 2039 3601 2110 qui
3652 2039 3906 2095 aderant

2242 2127 2567 2200 particulas
2595 2143 2703 2199 pro
2730 2127 3144 2182 benedictione
3173 2127 3357 2183 dedit.
3387 2149 3415 2176 »
3445 2126 3547 2182 Ubi
3579 2127 3768 2182 obiter
3797 2127 3904 2182 ad-

2245 2223 2422 2280 verte,
2454 2217 2834 2290 pulxneutarii
2854 2219 3095 2273 nomine
3120 2221 3300 2273 etiam
3327 2218 3617 2274 ferculum
3641 2235 3708 2276 ex
3743 2219 3906 2292 pisce

2247 2307 2591 2373 significari.
2621 2307 2754 2362 Haec
2787 2307 2858 2362 de
2893 2307 3182 2370 Ariberto,
3215 2311 3394 2378 atque
3423 2307 3498 2361 de
3535 2307 3762 2362 Odonis
3787 2307 3906 2363 elo-

2245 2395 2343 2465 gio
2374 2395 2563 2452 satis:
2611 2397 2739 2466 jam
2789 2396 2978 2452 vitam
3034 2396 3164 2466 ejus
3214 2411 3288 2450 ex
3337 2398 3563 2452 Jcanne
3615 2396 3903 2468 primum,

2247 2483 2464 2539 deinde
2489 2499 2560 2540 ex
2590 2484 2858 2553 Nalgodo
2889 2483 3234 2541 audiamus.

1437 2703 1767 2822 ’ῊΤΑ
1837 2701 2347 2824 SANCTI
2397 2703 2822 2828 ODON
2853 2707 2969 2822 is“.

1741 2906 1974 2945 ABBATIS
2005 2906 2036 2948 C
2046 2908 2398 2949 LUNIACENSIS
2431 2909 2658 2949 SECI'NDI

801 3000 1273 3151 Scripta
1335 3005 1919 3117 aJoanne
1955 3004 2572 3136 monac/20,
2628 3005 2894 3151 ejus
2954 3001 3573 3152 discipulo.

1392 3171 1590 3245 (Apud
1620 3172 1860 3237 Mabill.,
1891 3176 2036 3230 Acta
2070 3176 2166 3232 SS.
2201 3175 2332 3230 0rd.
2368 3179 2423 3231 S.
2463 3175 2700 3241 Bened.,
2737 3177 2880 3230 Sese.
2912 3176 2995 3245 V.)

1985 3320 2400 3333 _

1520 3423 2134 3574 PROLOGUS

681 3655 986 3712 Johannes
1014 3657 1208 3726 operis
1239 3657 1572 3714 hortatores
1599 3665 1904 3716 memorat.

545 3730 594 3781 1.
629 3725 894 3782 Dominis
933 3731 990 3782 et
1026 3725 1085 3782 in
1115 3729 1347 3785 Christo
1376 3729 1660 3785 fratribus
1701 3731 2120 3786 Salernieeusi-

469 3795 816 3873 bus__servus
841 3797 1055 3873 Christi
1081 3801 1254 3873 Jesus‘
1277 3797 1472 3873 frater,
1488 3806 1562 3873 (t)
1591 3803 1868 3873 Joannes.

539 3867 780 3941 Librum
805 3884 990 3941 quem
1013 3869 1398 3926 doctissimus
1426 3867 1510 3926 vir
1547 3867 1846 3928 Palladius
1888 3872 1962 3928 de
2003 3871 2122 3928 vita

465 3941 522 3995 et
549 3939 862 3996 virtutibus
884 3940 1195 3997 beatorum
1222 3942 1602 3998 eremitarum
1625 3945 1866 3998 Patrum
1897 3949 2122 4000 temno-

461 4009 630 4066 ribus
640 4012 928 4086 Theodosi
941 4012 1320 4086 imperatoris
1335 4014 1882 4086 composuit,semel
1895 4031 1931 4086 a
1947 4009 2121 4070 vobis

465 4087 708 4158 coactus
734 4083 991 4140 scribere
1024 4083 1098 4158 ζῇ)
1130 4101 1251 4158 non
1297 4083 1489 4158 grave
1520 4085 1770 4158 pertuli:
1824 4085 1930 4140 sed
1978 4103 2120 4158 mox

464 4152 720 4209 subnixo
741 4171 1011 4226 corpore.
1031 4152 1327 4226 ﬂexisque
1339 4152 1600 4212 articulis
1621 4156 1878 4212 scribere
1894 4173 2032 4214 cura
2043 4157 2096 4211 vi

461 4229 673 4300 vestrae
706 4199 934 4300 utilit'ati
965 4199 1344 4300 commodius
1382 4226 1528 4300 nihil
1560 4244 1654 4282 me
1685 4244 1859 4300 agerc
1891 4199 2120 4300 aliquid

463 4293 589 4366 fore
603 4295 828 4366 censui.
853 4295 1036 4361 Igitur
1061 4297 1238 4366 empti
1263 4297 1458 4366 operis
1486 4298 1633 4352 dum
1666 4293 2014 4352 anhelanter
2041 4298 2119 4353 ad

461 4362 646 4438 tinem
671 4364 877 4438 vellem
909 4362 1270 4436 percurrere,
1303 4362 1683 4438 stomachieo
1713 4367 1868 4438 coepi
1914 4367 2120 4422 dolore

462 4433 651 4504 afﬂigi
670 4433 1068 4510 vehementer.
1094 4438 1110 4488 Ι
1119 4433 1586 4510 ntereacoutigit
1605 4437 1700 4492 die
1716 4433 1984 4510 quadam
2005 4455 2120 4496 me-

463 4519 602 4560 cum
633 4505 843 4561 adesse
874 4505 1070 4561 virum
1098 4507 1498 4563 venerabilem
1518 4505 1818 4564 domuum
1842 4510 2122 4566 Adhelra—

459 4574 608 4650 dum
628 4576 988 4650 confratrem
1011 4583 1306 4644 nostrum,
1323 4592 1564 4650 unaque
1587 4596 1725 4634 cum
1747 4595 1817 4636 eo
1840 4581 1992 4637 sacri
2021 4583 2120 4638 Sa-

455 4644 713 4725 lernitati
749 4648 950 4725 palatii
987 4654 1325 4725 exactorem
1357 4649 1430 4725 (_3_)
1468 4644 1789 4722 annnem,
1819 4652 1924 4725 qui
1954 4652 2118 4725 inﬁr-

455 4717 677 4794 mitatis
688 4717 837 4794 mete
861 4719 1192 4794 toleratiam
1205 4717 1616 4794 providentes,
1634 4717 1952 4794 emper‘unt
1971 4724 2118 4780 mihi

457 4789 817 4865 sanctissimi
833 4791 1016 4865 patris
1027 4789 1435 4865 nostri'domni
1454 4793 1677 4850 Odonis
1691 4789 1851 4865 piam
1866 4800 1923 4850 et
1942 4811 2118 4852 vene-

453 4858 705 4916 rabilem
727 4858 1132 4936 eximiamque
1158 4863 1419 4920 inserere
1442 4858 1820 4934 memoriam,
1864 4866 2118 4924 scientes

523 4964 600 5036 (t)
621 4965 709 5021 Sic
728 4965 922 5023 fratris
950 4985 1175 5024 nomen
1197 4969 1594 5026 assumebant
1618 4987 1738 5028 non
1760 4971 1956 5028 solum
1981 4989 2114 5030 mo-

451 5033 651 5116 nachi,
677 5037 1280 5116 sedetiamabbates,
1305 5039 1539 5116 cumde
1557 5059 1618 5098 se
1648 5042 1759 5114 ipsi
1777 5043 2113 5116 loqueban-

450 5112 566 5178 tur,
591 5111 656 5164 ut
686 5108 746 5186 _S.
785 5109 1129 5186 Benedictus
1158 5107 1313 5186 infra
1351 5112 1411 5168 in
1443 5111 1546 5168 lib.
1578 5129 1645 5186 In
1668 5107 1908 5186 num.'8
1943 5131 1956 5168 :
1991 5117 2112 5186 Ego

450 5194 582 5258 sum
605 5181 760 5258 setas
783 5182 988 5258 frater
1015 5183 1394 5258 Benedictus,
1427 5188 1561 5256 ete.,
1589 5181 2111 5258 itidemqueapud

446 5251 873 5328 Adrevaldpm.
909 5253 1000 5308 Sic
1049 5255 1124 5310 de
1167 5270 1236 5328 se
1271 5251 1571 5328 perpetuo
1614 5256 1676 5312 in
1724 5251 2111 5328 epistolis'lo-

447 5271 873 5308 Aal‘eVﬂluum.
909 5271 1000 5308 sic
1049 5271 1124 5310 ae
1167 5271 1228 5311 se
1265 5271 1571 5382 lperpetuo
1614 5271 1676 5312 1n
1724 5271 1991 5328 epistous
2028 5271 2108 5314 ιο-

447 5328 716 5404 quuntur
745 5325 952 5404 Petrus
995 5325 1278 5404 Venerab'
1305 5327 1375 5396 is,
1409 5328 1462 5382 S.
1501 5327 1858 5404 Bernartius,
1889 5327 2108 5401 aliique

447 5393 930 5469 im_o_a_li_quando
959 5397 1226 5469 episcopi
1257 5415 1329 5453 ex
1357 5393 1690 5454 monachis.

521 5411 570 5447 ιο
602 5411 930 5519 aliquando
959 5413 1226 5469 episcopi
1257 5415 1329 5453 ex
1357 5411 1690 5454 monacms.

521 5464 592 5534 (2)
625 5463 686 5519 Vi
727 5481 794 5548 es
819 5472 884 5548 ut
916 5469 1272 5548 nonsolum
1307 5469 1532 5548 indocti
1545 5469 1860 5548 rudesque
1884 5469 2104 5525 littera-

445 5536 742 5612 rurn,_sed
783 5539 961 5612 etiam
992 5540 1225 5596 litterati
1259 5539 1590 5612 scribendis
1612 5536 1931 5612 codicibus
1959 5555 2102 5612 ope:

442 5621 574 5662 ram
588 5605 835 5664 dabant.
855 5610 983 5666 Alia
1007 5612 1232 5682 passim
1267 5609 1542 5682 exempla
1570 5608 1751 5666 obvia
1771 5616 1911 5666 sunt
1938 5605 2103 5683 apud

2227 3430 2284 3514 Α
2305 3425 2567 3515 iiCTO
2579 3430 2652 3515 lt
2665 3429 2794 3515 IS.

2151 3664 2191 3716 C
2233 3677 2352 3734 prae
2383 3662 2672 3734 omnibus
2705 3675 2941 3734 semper
2971 3661 3118 3716 mihi
3137 3662 3308 3734 pium
3329 3675 3458 3734 esse
3489 3665 3670 3733 atque
3697 3660 3898 3734 dulce,

2234 3731 2330 3806 vel
2360 3733 2508 3806 aliis
2547 3733 2776 3806 aliquid
2817 3731 2892 3789 de
2931 3749 3003 3789 eo
3051 3731 3320 3800 narrare,
3345 3731 3440 3806 vel
3484 3731 3634 3788 mete
3662 3731 3902 3806 utilitati

2231 3804 2540 3877 quiddam
2577 3803 2864 3860 conferre.
2907 3807 3004 3877 Ast
3051 3820 3163 3873 ego
3203 3820 3329 3860 non
3378 3803 3700 3860 immemor
3745 3803 3904 3859 illius

2231 3873 2397 3947 quod
2430 3874 2722 3946 scriptum
2771 3881 2896 3932 est:
2929 3875 3318 3947 Sapientiam
3367 3881 3716 3947 sanctorum
3763 3891 3904 3931 nar-

2233 3945 2374 4002 rant
2417 3945 2650 4016 populi,
2685 3952 2742 4002 et
2793 3945 3029 4003 laudem
3061 3961 3264 4003 eorum
3303 3948 3546 4003 nuntiat
3593 3945 3864 4003 Ecclesia
3881 3959 3904 4002 .'

2231 4023 2847 4091 assumptosermone
2876 4018 3006 4088 ejus
3050 4017 3182 4087 illis,
3217 4022 3282 4074 ut
3311 4017 3720 4091 percunctari
3741 4022 3902 4088 sunt,

2232 4088 2384 4162 coepi
2413 4087 2706 4162 originem
2757 4087 3078 4162 exponere.
3121 4091 3251 4162 Quo
3301 4087 3508 4162 audito
3555 4087 3906 4162 indiderunt

2230 4159 2397 4240 mihi,
2422 4159 2748 4240 si_eum.§ut.
2764 4159 2903 4216 tunc
2925 4161 3274 4240 proﬁtebar)
3293 4160 3604 4240 diligerem
3632 4177 3644 4226 ;
3669 4159 3905 4240 prolata

2229 4230 2426 4285 verbis
2445 4229 2568 4286 sine
2587 4227 2893 4300 dilatione,
2919 4227 2982 4287 ut
3004 4231 3178 4286 bonae
3202 4227 3563 4286 haereditatis
3579 4227 3904 4300 commoda

2230 4301 2482 4375 posteris
2513 4297 3269 4375 transcripta'dim‘itterem.
3292 4301 3496 4371 Itaque
3527 4297 3705 4375 corde
3735 4297 3902 4355 volu-

2231 4378 2364 4443 tans
2387 4372 2607 4428 horum
2641 4372 2908 4428 virorum
2939 4372 3318 4443 vehementer
3345 4373 3671 4443 praecepta
3693 4383 3902 4426 aman-

2231 4442 2487 4524 tiumjal.
2497 4485 2516 4515 ,
2537 4444 2801 4524 amans]2
2815 4443 2983 4524 prius
2999 4443 3092 4514 (ut
3111 4441 3298 4524 moris
3324 4441 3418 4497 est
3437 4441 3901 4524 monachorum)

2229 4513 2502 4570 conticui
2541 4515 2621 4571 ad
2662 4513 2990 4583 modicum,
3041 4513 3282 4580 veritus,
3309 4528 3392 4583 ne
3436 4513 3751 4583 temerario
3799 4529 3901 4569 ore

2228 4585 2375 4642 tanti
2422 4584 2531 4667 viri
2587 4586 2770 4667 vitam
2821 4582 3018 4667 potius
3062 4582 3383 4667 narrando.
3413 4582 3898 4652 dehonestarem,

2227 4669 2414 4737 quam
2445 4655 2626 4737 digne
2653 4653 3093 4737 describerent;
3127 4659 3185 4710 et
3219 4653 3386 4737 quod
3419 4669 3534 4737 nec
3591 4668 3898 4737 gramma-

2231 4725 2358 4784 ticae
2389 4725 2536 4784 artis
2561 4727 2782 4783 locutio
2812 4742 2950 4783 mea
2974 4725 3286 4784 decorarét
3312 4725 3518 4796 verba,
3545 4737 3741 4797 neque
3765 4725 3901 4795 dig-

2227 4813 2343 4854 nus
2371 4797 2622 4855 videbar
2659 4799 2840 4869 hujus
2872 4797 3236 4869 sanctissimi
3264 4797 3377 4854 viri
3402 4812 3648 4855 narrare
3689 4797 3896 4866 vitam,

2227 4869 2406 4926 etiam
2436 4869 2484 4925 si
2511 4868 2800 4941 loquendi
2827 4868 3064 4926 adesset
3083 4869 3358 4926 facultas.

2222 4979 2470 5048 veteres,
2505 4973 2873 5048 Hieronymi,
2913 4975 3389 5048 Bedes,_Rabani_,
3422 4978 3478 5031 et
3507 4973 3786 5048 aliorum.

2295 5047 2374 5126 (3)
2399 5049 2652 5126 Exactor
2682 5044 2832 5104 sacri
2859 5047 3064 5126 palatii
3091 5044 3319 5126 'tpi’san
3357 5046 3600 5126 isherat,
3633 5044 3740 5118 qui
3777 5060 3896 5126 pu-

2219 5115 2392 5189 blicas
2439 5115 2708 5189 pecuniae
2757 5115 3090 5189 prtéfeetus.
3121 5118 3308 5174 Paulo
3359 5115 3527 5173 aliter
3572 5115 3896 5186 An'segfsus

2223 5135 2392 5172 011683
2439 5135 2708 5189 pecuniae
2801 5135 3090 5174 Γεθιθοῑιιε.
3121 5135 3308 5174 rauto
3359 5135 3527 5173 auter
3572 5135 3896 5186 AHSBngUS

2223 5186 2415 5268 abbas
2459 5187 2571 5268 sub
2591 5135 2950 5268 _Egin_£ardo
3002 5189 3301 5268 regalium
3353 5201 3596 5268 operum
3639 5189 3896 5268 exactor

2219 5257 2436 5314 dicitur
2463 5259 2526 5315 in
2557 5257 2841 5317 chronico
2873 5257 3324 5317 Fonteﬂanensi.
3353 5257 3434 5316 Ex
3454 5261 3570 5316 hoc
3599 5261 3786 5316 etiam
3805 5257 3895 5313 lo-

2221 5345 2293 5410 co
2327 5335 2510 5410 patet,
2537 5333 2963 5410 sacri‘palatiz;
2978 5347 3202 5410 nomen
3235 5331 3498 5410 audiisse
3521 5336 3658 5410 ante
3691 5327 3898 5410 Frede-

2215 5401 2412 5474 ricum
2439 5401 2876 5460 zEnobarbum.
2927 5403 3098 5467 Quod
3131 5403 3262 5474 jam
3295 5408 3474 5460 antea
3521 5402 3894 5474 demonstra.

2215 5470 2412 5544 vimus
2440 5477 2650 5544 contra
2680 5473 3068 5544 Conringium
3097 5469 3159 5530 in
3189 5474 3294 5532 lib.
3323 5491 3365 5530 ιι
3397 5474 3472 5530 de
3503 5477 3581 5530 Re
3601 5469 3896 5544 diploma-

2217 5542 2357 5614 tica,
2392 5559 2508 5616 cap
2544 5543 2628 5616 ll,
2659 5561 2827 5600 num.
2866 5542 2946 5602 13.
