4154 6180
513 117 612 170 {07

1543 111 1599 166 S.
1641 109 1912 167 ODONIS
1964 108 2260 165 ABBATIS
2311 105 2814 166 CLUNIACENSIS
2851 107 2896 164 ῐῙ

3837 108 3972 164 108

509 253 648 298 mus
699 237 1024 306 imaginem
1077 233 1255 306 primi
1299 232 1562 292 hominis
1615 234 1829 306 Adam,
1859 234 1938 290 ita
1981 233 2156 306 nobis
2197 243 2243 298 Α
2276 231 2549 304 Sequitur
2573 237 2772 288 sextus
2799 231 3202 306 anaphoricus
3227 245 3461 306 sensus,
3487 230 3591 303 qui
3617 231 3966 306 estrelati—

512 308 758 365 secundi
806 305 996 362 Adam
1051 305 1193 361 novi
1243 305 1505 361 hominis
1561 305 1762 362 vultus
1813 305 2158 361 referendus

511 386 619 436 est.
647 378 918 450 Sequitur
937 393 1008 450 ex
1030 378 1244 450 eodem
1273 377 1406 432 loco
1435 394 1646 450 sensus
1675 379 2064 450 anagogicus,
2083 375 2160 450 id

510 456 617 518 est,
653 447 860 504 sensus
889 448 1230 505 reductivus
1263 465 1298 503 a
1353 449 1724 506 terrestribus
1755 447 1836 504 ad
1875 447 2156 506 ccelestia.

511 520 852 576 Continetnr
903 519 1009 575 ubi
1056 519 1198 576 dicit
1251 535 1378 574 esse
1409 519 1688 575 Israelem
1735 519 1857 584 Dei,
1891 525 1946 575 et
1979 525 2161 574 Israe-

507 593 625 647 lem
657 591 874 656 carnis,
905 591 968 646 id
1017 595 1122 659 est,
1155 595 1220 646 ut
1247 591 1398 646 sicut
1427 591 1530 645 ﬁlii
1563 591 1812 648 Abrahae
1841 591 1996 646 illius
2039 591 2158 644 hae-

507 664 678 719 redes
725 663 964 718 fuerunt
1024 662 1356 718 secundum
1415 678 1678 728 carnem,
1733 663 1792 716 in
1833 659 2161 718 obtinenda

509 740 662 791 terra
693 751 894 806 quam,
911 735 1279 806 promiserat,
1294 733 1374 789 illi
1407 737 1580 806 Deus.
1617 736 1694 789 ita
1717 734 1894 806 etiam
1927 733 2030 806 ﬁlii
2059 731 2160 806 dei

509 811 682 862 erunt
701 803 970 877 haeredés
1001 806 1168 876 regni
1195 805 1285 864 sui
1307 805 1638 862 secundum
1671 805 1942 877 spiritum
1969 805 2028 858 in
2059 803 2161 858 ob-

509 877 756 934 tinenda
779 876 1180 949 promissione
1209 877 1344 934 vitae
1373 880 1626 942 (sternte,
1686 876 1830 949 quia
1864 880 1950 932 est
2007 881 2162 949 terra

508 945 855 1004 viventium.
917 949 1317 1020 Confirmatur
1363 949 1470 1020 iste
1500 945 1738 1020 Asensu's
1779 947 1862 1020 ab
1889 945 2161 1020 apostolo

509 1020 697 1075 Paulo
722 1022 910 1090 (Rom.
945 1021 1092 1090 Vlll),
1127 1019 1228 1074 ubi
1275 1019 1416 1074 dicit
1465 1018 1681 1074 electos
1713 1019 1812 1073 Dei
1840 1017 1963 1073 fore
1991 1017 2162 1090 glori-

507 1089 804 1172 _ﬁcando_s.
839 1091 1090 1172 Quintus
1116 1107 1324 1146 sensus
1354 1095 1441 1146 est
1469 1091 1726 1172 typicus.
1761 1093 1842 1148 Ex
1870 1090 1985 1144 hoc
2029 1089 2160 1161 ipso

507 1163 662 1230 loco,
693 1163 752 1238 id
782 1167 896 1238 est,
919 1165 978 1218 in
1007 1178 1264 1238 persona
1295 1177 1435 1238 una,
1470 1161 1617 1238 alius
1637 1177 1914 1238 persona}
1941 1177 2159 1238 reprae-

509 1233 853 1294 sentativus.
877 1235 962 1290 Ita
989 1232 1191 1294 autem,
1213 1249 1274 1288 se
1305 1233 1505 1292 habet.
1539 1232 1700 1290 Sicut
1723 1232 2032 1290 Abraham
2057 1233 2159 1290 ha-

505 1305 638 1360 buit
666 1305 818 1386 d‘uo‘s
847 1305 1020 1386 filios,
1070 1305 1150 1386 ita
1180 1307 1352 1386 Deus,
1407 1304 1578 1386 cujus
1610 1303 1916 1386 Abraham
1941 1303 2049 1386 fuit
2073 1307 2160 1386 ty:

501 1393 640 1448 pus,
668 1447 677 1448 ί
701 1375 910 1448 habet,
935 1373 1060 1430 duo
1105 1375 1334 1430 foedera
1407 1373 2158 1448 spiritualis_contubernii

506 1444 643 1501 cum
664 1447 1037 1518 hominibus,
1092 1462 1164 1501 ex
1199 1462 1340 1518 quo
1369 1444 1696 1518 nascantur
1722 1445 1888 1500 liberi
1918 1444 2155 1518 diversi,

507 1518 840 1572 secundum
875 1515 1264 1586 fcrduslegis’,
1293 1517 1466 1582 servi,
1513 1532 1782 1588 quorum,
1833 1521 2008 1588 typus
2051 1515 2158 1572 fuit

2269 301 2388 359 vus
2411 309 2774 376 temporum,
2799 309 2864 376 ut
2889 301 3092 376 q’ualia
3113 301 3618 376 fuerinttempora
3639 301 3752 358 sub
3777 304 3966 360 Isaa-

2271 392 2341 430 co
2373 379 2428 430 et
2461 373 2726 442 lsrhaele,
2759 373 3040 431 talia—sint
3072 374 3183 428 sub
3217 373 3472 428 Ecclesia
3496 379 3553 428 et
3584 376 3954 445 Synagoga,

2270 451 2412 520 etut
2431 447 2646 504 Ismael
2671 447 3145 520 persequebatur
3173 449 3468 520 Isaacum,
3491 445 3572 500 ita
3605 448 3958 520 Synagoga

2269 518 2587 574 insectatur
2613 517 2955 574 Ecclesiam.
2991 517 3277 571 Probatur
3300 517 3406 571 iste
3435 532 3645 570 sensus
3671 532 3706 572 a
3737 519 3958 573 Domi-

2269 605 2368 658 no,
2403 589 2504 644 ubi
2535 590 2674 644 dicit
2707 607 2718 643 :
2756 593 2896 644 Cum
2939 589 3208 644 videritis
3231 588 3725 643 abominationem
3761 589 3952 645 deso-

2273 662 2513 716 lationis
2534 666 2788 716 stantem
2819 663 2882 716 in
2918 663 3042 715 loco
3072 664 3461 731 sancto,etc.,
3489 659 3648 731 ,sicut
3675 660 3952 731 praedic-

2271 737 2397 786 tum
2427 736 2515 786 est
2545 748 2580 786 a
2635 732 2890 787 Daniele.
2938 730 3204 786 Ostendit
3233 730 3390 785 enim
3439 730 3530 784 his
3557 730 3750 785 verbis
3787 732 3950 788 talia

2269 802 2468 860 futura
2499 806 2790 875 tempora.
2827 803 3104 875 Superest
3133 801 3445 875 mysticus.
3471 801 3689 875 Sensus
3715 802 3813 857 ille
3845 809 3950 859 est

2271 877 2428 932 totus
2481 873 2736 942 divinus,
2795 879 2852 930 et
2881 873 2940 930 in
2971 875 3084 928 hoc
3133 875 3312 930 etiam
3342 873 3474 928 loco
3505 873 3846 928 continetur
3873 876 3946 930 in

2269 946 2504 1000 ratione
2519 943 2805 1000 libertatis
2836 945 3058 1014 gloriae,
3083 961 3216 1016 quae
3240 961 3376 999 cum
3399 943 3636 1000 nullare
3653 945 3944 1016 humana

2269 1021 2374 1072 aut
2394 1021 2591 1088 creata
2613 1017 2862 1071 omnino
2893 1015 3232 1088 comparari
3265 1021 3479 1088 potest.
3509 1015 3788 1088 Mysticus
3823 1033 3944 1073 au-

2269 1092 2388 1146 tem
2426 1087 2586 1144 idem
2608 1093 2699 1160 est
2727 1093 2906 1160 atque
2935 1087 3280 1160 ineffabilis,
3333 1087 3394 1160 in
3425 1103 3546 1158 quo
3587 1087 3942 1144 declaratur

2267 1175 2390 1214 non
2420 1175 2596 1230 posse
2626 1159 2684 1213 id
2718 1159 2951 1230 concipi
3005 1159 3304 1214 intellectu
3354 1159 3643 1224 humano,
3697 1160 3936 1216 nedum

2269 1230 2559 1306 angelico.
2603 1230 2770 1306 _Quia
2800 1230 3206 1306 quodcunune
3249 1230 3560 1306 concipere
3591 1233 3935 1306 potestiho-

2269 1317 2369 1356 mo
2401 1301 2460 1356 in
2481 1300 2799 1366 intellectu,
2819 1300 3000 1356 simul
3025 1305 3082 1356 et
3107 1300 3274 1356 affari
3299 1300 3456 1356 valet
3474 1300 3769 1358 sermone.
3789 1305 3935 1360 Pro-

2267 1371 2445 1455 batur
2487 1376 2688 1455 autem
2745 1372 3036 1455 absolute,
3081 1372 3185 1428 ubi
3211 1372 3436 1455 dicitur
3455 1372 3620 1455 apud
3651 1375 3870 1455 Isaiam
3913 1393 3926 1429 :

2267 1445 2401 1500 Non
2445 1449 2638 1514 potest
2669 1445 2985 1500 ascendere
3013 1445 3075 1498 in
3131 1460 3233 1500 cor
3278 1445 3550 1502 hominis.
3586 1446 3744 1507 quod
3763 1448 3930 1502 Deus

2263 1515 2636 1584 praeparavit
2675 1515 3059 1585 diligentibus
3089 1531 3165 1570 se.
3215 1515 3462 1570 Ultimus
3499 1531 3709 1571 sensus
3751 1517 3932 1574 boar-

505 1589 744 1667 lsmael,
768 1593 824 1667 e_t
861 1585 1603 1667 il_lius_sob01es_'perpetuo
1635 1585 1944 1667 serviens;
1988 1590 2043 1642 et
2069 1604 2155 1642 se-
2195 1603 2240 1658 Β
2268 1586 2630 1667 cademicus,
2664 1585 2725 1640 id
2755 1591 2863 1667 est,
2893 1603 3030 1667 quo.
3043 1586 3178 1667 ipsa
3210 1587 3501 1667 principia
3531 1603 3739 1667 reruni
3761 1604 3930 1645 com-

505 1659 987 1731 cundumfredus
1017 1659 1664 1726 Evangeliinascuntur
1677 1659 1867 1731 liberi,
1896 1675 2157 1731 quorum

503 1735 685 1811 typus
707 1730 815 1811 fuit
833 1732 1018 1811 Isaac,
1045 1735 1101 1785 et
1121 1731 1634 1811 suaa_propagines
1662 1729 1935 1811 libertate
1973 1729 2157 1811 picta:

505 1801 840 1874 tis’donatre
861 1801 920 1856 in
950 1817 1216 1874 regnum,
1239 1801 1358 1856 D'ei.
1388 1801 1454 1856 ln
1483 1819 1606 1874 quo
1661 1801 1838 1874 etiam
1873 1801 2158 1874 successit

504 1873 650 1945 alter
679 1877 859 1945 typus
892 1872 1296 1945 suimetipsius
1322 1889 1458 1945 cum
1493 1872 1631 1940 Deo,
1663 1873 1847 1928 Jacob
1869 1889 2008 1945 cum
2039 1873 2155 1927 ele-

504 1943 630 2012 ctis,
651 1943 806 2000 Esau
835 1961 977 2016 vero
1005 1943 1150 2000 cuni
1163 1943 1455 2016 reprobis.
1474 1945 1872 2016 Conﬁrmatur
1895 1943 2002 2000 iste
2020 1960 2153 1999 sen-

503 2031 604 2088 sus
663 2031 700 2072 a
738 2015 983 2088 ,Christo
1025 2015 1299 2088 Domino,
1333 2015 1434 2070 ubi
1466 2015 1606 2072 dicit
1636 2015 1710 2072 de
1744 2018 1972 2088 Joanne
2003 2017 2152 2088 Bap:

503 2085 638 2144 tista
672 2103 684 2142 :
716 2087 788 2144 Si
807 2102 918 2158 me,
939 2087 1131 2158 vultis,
1173 2089 1454 2158 recipere,
1499 2088 1622 2158 ipse
1648 2093 1728 2142 est
1764 2087 1951 2144 Elias.
1978 2085 2152 2158 Atqui

499 2173 624 2239 non
681 2162 807 2216 erat
865 2157 1054 2239 Elias“
1075 2157 1188 2239 nisi
1245 2157 2038 2239 typicus,nam.rejicie_nda
2067 2157 2155 2239 est

497 2229 998 2302 metenipsycosis
1019 2228 1431 2302 l’ythagOrica,
1447 2245 1578 2302 qua
1599 2228 1880 2302 opinione
1907 2229 2056 2286 falsa
2073 2229 2154 2286 la-

497 2299 807 2372 boraba'nt
826 2299 1006 2372 etiam
1038 2299 1220 2372 aliqui
1251 2317 1322 2356 ex
1350 2299 1591 2356 Judéeis.
1629 2299 1744 2356 Sed
1787 2301 2039 2372 ideoest
2067 2305 2152 2372 ty-

496 2371 669 2442 picus
693 2369 866 2438 Elias,
935 2371 1035 2428 uia
1065 2369 1374 2442 iii—spiritu
1401 2377 1454 2428 et
1487 2373 1705 2426 virtute
1729 2372 1906 2442 Elite,
1930 2371 2044 2428 hoc
2065 2369 2153 2426 est

497 2442 711 2498 eadem
741 2458 864 2498 oua
891 2389 1070 2498 ﬁlias.
1101 2441 1400 2498 reparavit
1451 2441 1746 2498 nonulum
1791 2459 1897 2498 per
1925 2441 2152 2498 baptis-

497 2457 711 2498 eadem
741 2458 864 2498 oua
894 2457 1070 2498 131138.
1101 2457 1400 2498 renaravu
1451 2457 1746 2498 DODUlllm
1791 2459 1897 2498 Der
1925 2457 2152 2498 nanus-

497 2457 711 2498 eauem
741 2458 864 2514 qua
894 2457 1070 2512 unas,
1101 2457 1400 2514 reparavu
1451 2457 1746 2514 populum
1791 2459 1897 2514 per
1925 2457 2146 2516 napus-

497 2529 670 2568 mum
687 2529 884 2581 suum,
913 2513 992 2570 ad
1013 2513 1434 2586 excipiendum
1451 2513 1722 2570 Messium
1735 2529 1843 2570 suo
1861 2517 2146 2586 tempore.

2266 1663 2557 1732 parantur
2597 1673 2740 1732 cum
2769 1657 3134 1732 beatitudine
3166 1657 3420 1732 interna,
3447 1663 3502 1713 et
3533 1663 3652 1714 tota
3681 1659 3924 1732 dispen-

2269 1729 2496 1803 satione
2528 1729 3295 1803 saluti_s,_velutiloquendo
3313 1729 3389 1803 de
3413 1745 3598 1798 regno
3631 1731 3732 1786 Dei
3753 1729 3922 1803 quod

2266 1800 2471 1856 omnia
2503 1799 2618 1872 sint
2649 1799 2726 1856 ad
2754 1801 2942 1872 Deum
2973 1799 3199 1872 ipsum,
3219 1801 3378 1856 unde
3401 1805 3744 1868 manarunt,
3765 1799 3918 1857 redi-

2266 1875 2444 1944 tura.“
2471 1871 2760 1944 Probatur
2805 1871 2914 1926 iste
2940 1871 3187 1944 sensus
3232 1873 3396 1944 apud
3429 1875 3494 1927 IV
3521 1872 3770 1928 Esdram
3799 1891 3916 1942 xm,

2264 1943 2368 1998 ubi
2388 1942 2528 2014 dicit
2546 1943 2606 1998 in
2621 1943 3068 2014 comparatione
3089 1942 3412 1998 electorum
3435 1944 3534 1999 Dei
3551 1959 3678 2000 esse
3699 1961 3916 2000 aurum

2265 2031 2336 2070 ex
2357 2013 2692 2098 pulvisculo
2719 2013 2778 2068 et
2813 2013 3062 2098 glebula
3103 2015 3164 2070 in
3189 2015 3512 2098 visceribus
3543 2021 3724 2098 terra},
3751 2015 3918 2098 .quia

2263 2085 2398 2160 quae
2438 2090 2666 2160 optima
2691 2089 2829 2142 sunt
2857 2085 3026 2160 valde
3060 2101 3196 2142 rara
3218 2087 3438 2160 creavit
3457 2091 3629 2160 Deus.
3663 2085 3774 2160 Sed
3789 2085 3915 2160 iste

2263 2157 2588 2230 sensusjest
2620 2161 2854 2214 tantum
2885 2157 3138 2230 usitatus
3166 2159 3330 2230 apud
3375 2158 3612 2230 Judaeos
3661 2157 3918 2230 cabalis-

2263 2231 2371 2284 tas.
2405 2227 2514 2284 Alii
2557 2243 2768 2284 sensus
2800 2233 2936 2284 sunt
2965 2227 3228 2286 celebres
3257 2229 3318 2284 in
3361 2229 3745 2288 doctoribus:
3773 2229 3920 2288 litte-

2260 2299 2402 2372 ralis
2429 2299 2488 2372 in
2523 2299 2908 2372 Hieronymo,
2951 2299 3304 2372 allegoricus
3337 2301 3397 2358 in
3440 2301 3743 2372 Gregorio,
3803 2307 3916 2356 tro-

2261 2369 2572 2444 pologicus
2601 2369 2662 2444 in
2693 2369 3028 2444 Ambrosio,
3056 2369 3426 2444 anagogicus
3453 2373 3512 2444 in
3556 2369 3914 2444 Augustino,

2261 2439 2588 2518 typicusjn
2613 2439 2827 2518 Basilio
2857 2446 2912 2498 et
2941 2439 3689 2518 Bernardofanaphoricus
3715 2443 3776 2500 in
3797 2443 3917 2500 Cle—

2257 2513 2474 2578 mente,
2497 2513 2645 2569 Petri
2667 2529 3030 2582 successore,
3053 2513 3428 2588 etmysticus
3439 2515 3500 2572 in
3529 2515 3912 2576 Nazianzeno.

1489 2851 1850 2946 SANGTI
1929 2852 2288 2944 ODONIS
2363 2853 2914 2948 PRAEFATlO.

563 3197 712 3250 Cum
764 3193 936 3262 juxta
965 3191 1358 3264 capacitatem
1389 3189 1697 3264 parvitatis
1740 3207 1888 3247 mese
1938 3193 2146 3248 sedulo
2183 3191 2223 3247 C
2254 3191 2401 3247 dum
2453 3195 2738 3266 conjunxi
2785 3195 3072 3252 libellum.
3123 3200 3504 3272 Quapropter
3573 3197 3914 3270 fragilitatis

488 3281 722 3338 lectioni
755 3297 940 3338 sacrae
970 3297 1219 3354 operam
1249 3281 1478 3348 darem,
1510 3281 1782 3356 quadam
1829 3281 1924 3338 die
1960 3282 2148 3339 mani-

487 3372 606 3430 bus
639 3371 948 3445 parvitatis
979 3387 1128 3428 meae
1150 3370 1301 3428 liber
1331 3371 1605 3440 adhaesit,
1651 3389 1688 3429 a
1716 3372 1894 3430 beato
1923 3374 2142 3442 Grego-

487 3461 576 3518 rio
619 3461 812 3518 editus
863 3460 925 3516 in
961 3460 1206 3516 historia
1263 3462 1621 3518 sanctissimi
1673 3462 1804 3518 Job.
1841 3465 1892 3517 Is
1922 3463 2143 3518 etenim

485 3552 698 3608 doctor
751 3551 1024 3622 egregius
1081 3549 1282 3607 divino
1314 3551 1551 3608 afﬂatus
1581 3551 1935 3624 Spiramine,
1964 3557 2142 3626 atque

485 3642 560 3698 de
599 3641 759 3698 fonte
791 3645 1029 3714 potatus
1061 3657 1346 3716 superno,
1401 3658 1510 3700 ceu
1540 3641 1790 3700 rutilans
1815 3643 2044 3700 ﬂumen
2081 3643 2142 3700 in

483 3729 714 3804 praefati
757 3731 867 3786 viri
919 3731 1236 3788 Historiam
1293 3730 1662 3800 diffundens,
1691 3735 1856 3790 tanto
1886 3749 2018 3790 eam
2051 3733 2140 3790 fa-

482 3819 681 3876 cundo
709 3819 1024 3894 protelavit
1049 3819 1308 3894 eloquio,
1343 3824 1408 3876 ut
1439 3835 1512 3876 ex
1541 3836 1613 3876 ea
1661 3821 1818 3876 velut
1847 3821 2140 3878 clariﬁcos

483 3910 661 3983 soles,
693 3909 932 3980 triginta
983 3913 1040 3966 et
1090 3908 1362 3982 quinque
1409 3908 1607 3966 ederet
1654 3909 1858 3980 libros,
1891 3927 2046 3986 quos
2077 3911 2139 3968 in

477 4001 789 4060 codicibus
823 4018 926 4058 sex
957 4005 1186 4060 arctare
1215 4001 1496 4060 decrevit.
1519 4005 1592 4058 At
1623 4002 1770 4062 dum
1801 4019 1913 4076 ego
1943 4020 2016 4064 ex
2045 4003 2138 4062 his

475 4093 737 4166 primam
763 4091 1019 4162 legendo
1067 4107 1477 4164 percurrerem
1533 4096 1785 4164 partem,
1819 4093 2010 4152 nimio
2035 4111 2136 4152 ac-

475 4199 690 4238 census
721 4196 947 4251 amore,
975 4179 1382 4254 pellectusque
1427 4181 1510 4238 ita
1531 4186 1620 4238 est
1667 4183 1906 4240 animus
1937 4184 2136 4242 dulce-

473 4271 612 4326 dine
642 4269 931 4344 quadam,
965 4273 1028 4325 ut
1087 4273 1280 4326 totum
1339 4285 1528 4342 sagax
1583 4271 1775 4340 vellet,
1826 4273 1876 4328 si
1905 4279 2129 4345 posset,

447 4357 760 4416 .mandere
787 4357 1026 4414 librum.
1061 4357 1174 4416 Sed
1205 4359 1496 4432 quoniam
1527 4374 1650 4432 prae
1679 4359 1952 4416 ubertate
2006 4361 2129 4420 elo-

471 4447 728 4519 quentia
781 4446 1012 4520 prwfati
1061 4447 1192 4517 viri,
1223 4446 1380 4504 velut
1407 4447 1696 4520 parvulus
1729 4447 1882 4506 lacte
1903 4453 2126 4518 suetus,

2255 3283 2474 3351 sensui,
2557 3285 2944 3360 corporisque
3023 3287 3140 3344 mei
3221 3287 3570 3358 inﬁrmitati,
3651 3303 3912 3363 meoque

2253 3371 2536 3434 similium
2558 3374 2792 3434 utilitati
2842 3377 3180 3446 consulens,
3213 3379 3370 3434 erexi
3401 3395 3500 3436 me
3546 3383 3756 3436 contra
3785 3395 3908 3438 me-

2253 3466 2393 3530 met,
2443 3479 2568 3519 non
2619 3465 2776 3521 fastu
2829 3466 3186 3537 arrogantia
3217 3467 3512 3536 turgidus,
3558 3483 3670 3524 nec
3699 3484 3910 3542 super-

2251 3551 2362 3607 bise
2411 3554 2620 3625 spiritu
2673 3555 2961 3622 tumidus,
3009 3556 3270 3613 ventosis
3327 3556 3631 3613 favoribus
3709 3557 3906 3614 nitens

2250 3641 2616 3712 incumbere,
2646 3645 2799 3702 Deus
2827 3645 2969 3714 scit;
3013 3645 3120 3702 sed
3151 3645 3288 3717 igne
3325 3646 3594 3704 lectionis
3644 3647 3908 3724 prmfatae

2249 3730 2508 3788 historiae
2537 3732 2824 3803 ﬂagrans,
2876 3751 3065 3807 quam
3123 3738 3247 3792 toto
3290 3735 3429 3792 nisu
3473 3737 3815 3794 memoriter
3845 3741 3912 3794 ut

2249 3820 2608 3879 intellectam
2639 3823 2888 3880 retinere
2916 3824 3176 3894 valeam,
3209 3824 3518 3896 laborans,
3553 3826 3714 3882 hunc
3769 3842 3910 3899 ope-

2247 3911 2328 3968 ris
2355 3913 2528 3986 parvi
2571 3913 2840 3971 contraxi
2885 3913 3174 3972 libellum.
3209 3917 3275 3971 In
3315 3931 3437 3988 quo
3473 3931 3651 3990 opere
3682 3932 3904 3992 nempe

2249 4001 2481 4062 nullum
2505 4019 2664 4076 meo,
2697 4008 2762 4062 ut
2789 4021 2941 4080 reor,
2993 4021 3178 4064 sensu
3227 4005 3530 4064 fuscatum
3559 4022 3902 4066 sermonem

2243 4093 2586 4166 permiscui,
2612 4095 2718 4154 sed
2738 4095 3012 4167 ejusdem
3043 4093 3400 4156 venerabilis
3443 4096 3552 4154 viri
3585 4096 3748 4154 dicta
3773 4113 3906 4170 per-

2242 4181 2527 4252 lustrans,
2549 4199 2652 4240 eas
2708 4185 3001 4242 duntaxat
3049 4186 3423 4243 diversorum
3452 4186 3744 4246 librorum
3769 4203 3906 4262 pro-

2239 4271 2358 4327 lixo
2389 4289 2664 4328 sermone
2719 4275 3039 4348 expositas,
3083 4291 3237 4350 quas
3295 4293 3480 4350 supra
3535 4279 3756 4349 taxavi,
3787 4277 3902 4334 lin-

2239 4374 2432 4434 quens
2483 4361 2828 4430 sententias,
2873 4377 2998 4418 non
3035 4361 3328 4434 abjiciens
3359 4369 3422 4420 ut
3459 4381 3708 4440 pravas,
3747 4383 3904 4442 quas

2241 4449 2602 4520 segregatim
2651 4450 2850 4510 habeo
2894 4455 2958 4508 ut
3013 4453 3206 4523 utiles,
3255 4470 3498 4512 sensum
3553 4472 3678 4514 non
3727 4457 3902 4528 meis,

467 4535 568 4592 illo
599 4552 722 4609 quo
750 4535 931 4592 fortes
961 4536 1202 4592 aluntur
1232 4536 1386 4610 coepi
1417 4535 1672 4593 deﬁcere
1697 4537 1851 4594 cibo.
1887 4539 1986 4594 His
2016 4543 2130 4596 ete-
2163 4549 2208 4604 D
2241 4541 2346 4598 sed
2367 4541 2496 4614 jam
2525 4557 2683 4616 saepe
2710 4541 2938 4615 praefati
2990 4543 3096 4599 viri
3125 4545 3322 4601 verbis
3359 4546 3720 4618 expositum,
3763 4547 3904 4604 bre-

465 4625 592 4682 nim
619 4627 910 4683 mirabilis
939 4626 1150 4682 doctor
1179 4625 1396 4682 divinis
1419 4625 1729 4682 nimbibus
1751 4631 1960 4684 auctus
1991 4629 2126 4702 [im-

465 4715 676 4774 bribus
707 4715 962 4792 auctus],
995 4715 1220 4772 studuit
1265 4715 1567 4774 luculento
1619 4716 1884 4774 enodare
1914 4719 2122 4792 affatu,

466 4819 658 4876 eaque
703 4807 764 4862 in
795 4805 1156 4877 exponendo
1201 4807 1387 4864 menti
1417 4807 1858 4868 occurrentium
1887 4816 2124 4870 senten-

465 4894 574 4950 tias
631 4898 889 4950 Patrum.
951 4899 1032 4951 Ex
1075 4896 1302 4969 quibus
1347 4899 1644 4969 protensis
1687 4915 2012 4960 numerosa
2061 4905 2124 4960 in

461 4985 772 5060 praefatam
821 4985 1134 5042 historiam
1211 4988 1510 5046 contraxit
1585 4990 1916 5060 volumina,
1967 5011 2122 5070 quas

459 5091 680 5150 nempe
709 5079 932 5132 norunt
958 5075 1182 5159 quibus
1227 5094 1398 5136 sacra
1449 5094 1574 5138 non
1619 5079 1760 5138 latet
1819 5083 2121 5155 Scriptura

460 5181 496 5224 a
520 5170 728 5224 sancto
753 5163 884 5222 viro
907 5165 1138 5223 Paterio
1165 5167 1410 5226 nomine
1465 5167 1726 5226 mirabili
1751 5187 1932 5244 opere
1975 5171 2116 5228 abs-

459 5257 696 5324 tractas,
725 5253 1104 5327 propriisque
1133 5255 1543 5312 voluminibus
1581 5258 1864 5330 redditas,
1915 5260 2118 5316 lucida

459 5341 570 5398 sibi
595 5345 936 5418 reposuisse
965 5343 1296 5402 volumina.
1327 5350 1408 5402 Ex
1439 5347 1661 5420 quibus
1701 5352 1758 5406 et
1797 5349 1924 5424 ipse
1977 5353 2114 5406 ante

452 5430 766 5492 biennium
787 5435 850 5490 in
879 5439 1221 5506 Regnorum
1249 5435 1404 5494 libro
1457 5439 1794 5510 aggregatis
1833 5439 2114 5496 omnibus

460 5519 704 5578 Patrum
758 5525 1084 5594 sententiis,
1153 5525 1413 5584 maxime
1474 5529 1676 5582 autem
1755 5527 2112 5586 sanctissimi

451 5613 636 5669 Patris
675 5615 959 5685 Gregorii,
1011 5631 1203 5672 unum
1259 5631 1442 5690 quem
1479 5631 1602 5675 non
1657 5621 1804 5690 puto
1841 5621 2110 5678 temnen-

2239 4631 2386 4689 viter
2414 4632 2650 4702 attraxi,
2671 4635 2734 4690 ut
2763 4633 2932 4708 potui
2956 4651 2968 4702 ;
3002 4635 3182 4706 atque
3211 4633 3480 4690 lectionis
3510 4649 3706 4690 causae
3737 4651 3904 4695 com-

2235 4722 2482 4798 pendio,
2531 4723 2854 4797 unicuique
2884 4724 3188 4782 sententiae
3219 4721 3542 4796 mysticum
3578 4723 3906 4786 moralem-

2233 4827 2352 4886 que
2372 4812 2524 4870 sicut
2541 4812 2756 4886 reperi,
2773 4813 3002 4885 subjeci
3025 4829 3292 4882 sensum,
3305 4827 3382 4868 ne
3399 4827 3632 4882 vagans
3653 4811 3899 4874 animus

2232 4901 2379 4958 dum
2431 4903 2550 4962 huc
2603 4901 2862 4976 illucque
2939 4909 3233 4976 quaereret
3301 4917 3568 4970 sensum,
3617 4907 3683 4960 ut
3731 4919 3894 4978 saepe

2232 4991 2472 5058 assolet,
2506 4991 2800 5052 amitteret
2827 4993 3212 5052 intellectum.
3249 4991 3416 5052 Libui
3447 4993 3628 5052 etiam
3659 4993 3886 5066 primas

2227 5081 2484 5140 historiae
2511 5081 2736 5144 litteras
2763 5083 3140 5142 discretionis
3177 5099 3364 5142 causa
3391 5081 3578 5142 minio
3608 5083 3888 5152 scribere,

2227 5175 2292 5230 ut
2337 5172 2485 5230 dum
2550 5173 2796 5232 historia
2853 5174 3214 5244 agnoscitur,
3285 5173 3580 5248 expositio
3631 5173 3888 5231 historiae

2224 5261 2425 5318 utilius
2473 5267 2772 5338 carpatur,
2827 5279 2902 5318 ne
2955 5263 3101 5319 forte
3159 5263 3306 5320 dum
3355 5279 3392 5320 a
3445 5263 3696 5318 rudibus
3721 5263 3888 5332 igno-

2223 5357 2389 5412 ratur
2415 5369 2631 5412 sensus
2663 5357 2933 5428 patenter
2980 5369 3318 5428 expressus,
3352 5353 3666 5412 obscurius
3695 5352 3892 5426 impli-

2223 5447 2406 5500 cetur.
2449 5447 2602 5514 Ergo
2633 5447 2808 5502 teneo
2837 5443 2954 5500 sibi
2979 5443 3082 5502 illa
3109 5445 3332 5518 quibus
3371 5447 3462 5502 est
3499 5443 3752 5500 facultas
3778 5457 3886 5498 nu-

2223 5548 2460 5588 merosa
2515 5549 2844 5604 aggregare
2897 5534 3230 5600 volumina,
3287 5533 3510 5606 quibus
3555 5547 3768 5588 sensus
3797 5531 3886 5586 in-

2221 5621 2610 5698 tellectusque
2655 5623 2832 5698 viget,
2883 5625 3105 5700 quibus
3152 5623 3411 5698 suppetit
3467 5637 3590 5680 non
3645 5627 3880 5679 tantum
