4154 6180
180 108 273 165 109
543 123 548 127 ’
1047 101 1341 158 EPITOME
1378 99 1743 157 MORALIUM
1766 99 1822 155 S.
1853 97 2055 154 GHEG.
2106 98 2174 154 ΙΝ
2200 95 2344 155 JOB.
2375 132 2443 141 —-
2487 101 2617 158 LIB.
2643 106 2685 158 Ι.
3474 107 3573 166 llo

177 231 490 299 enucleate,
523 245 735 287 verum
780 230 957 285 etiam
1000 228 1062 283 in
1091 226 1406 297 aenigmate
1442 223 1677 297 prolata
1707 238 1805 279 co—
1838 225 1884 277 Α
1916 221 2131 279 cedant
2149 224 2312 281 hunc
2341 226 2538 301 operis
2565 226 2764 297 exigui
2792 227 3057 301 penuriae
3087 243 3275 288 causa
3312 233 3576 307 captum

178 326 466 390 gnos'cere,
496 319 647 376 dum
676 319 883 376 saltem
909 317 1055 373 mihi
1084 316 1322 388 meique
1350 313 1640 371 similibus
1664 330 1808 371 con-
1920 312 2195 369 meditari
2218 313 2509 371 libellum.

1012 645 1508 735 EJUSDEM
1578 644 2162 731 PB/EFATIO
2232 644 2749 735 METBICA.

1852 959 1895 1011 Β
1935 972 2046 1038 Qui
2071 989 2177 1028 seu
2204 976 2382 1047 prata
2409 973 2600 1032 virent
2628 975 2865 1035 diverso
2894 979 3166 1050 gramine
3192 980 3344 1040 fulta

1934 1062 2208 1120 Floribus
2239 1080 2487 1137 aspersa
2515 1066 2785 1125 redolent
2809 1068 3214 1141 pulcherrima
3233 1072 3365 1129 visu
3395 1092 3408 1129 :

1935 1154 2083 1210 Hinc
2114 1154 2333 1210 etenim
2360 1155 2532 1212 violae
2561 1156 2824 1229 rutilant,
2852 1159 2991 1216 hinc
3021 1160 3144 1220 lilia
3170 1164 3449 1236 candent,

1938 1245 2163 1301 Emicat
2184 1242 2321 1301 hinc
2351 1262 2509 1317 rosa,
2531 1247 2837 1305 narcissus
2863 1265 2973 1306 seu
2991 1252 3240 1322 nardus,
3260 1269 3593 1321 amomum,

1939 1336 2088 1391 Cum
2116 1335 2289 1391 variis
2313 1335 2583 1406 fragrant
2615 1339 2938 1408 unguentis
2964 1339 3244 1399 balsama
3259 1343 3488 1414 juncta.

1939 1427 2059 1483 Hos
2087 1442 2200 1498 ego
2228 1425 2537 1496 ﬂorigeros
2562 1427 2812 1501 cupiens
2836 1444 3184 1501 percurrere
3219 1448 3491 1506 campos,

1940 1517 2411 1590 Multigenasque
2440 1517 2587 1574 mihi
2626 1533 2842 1592 perpes
2872 1520 3193 1595 decerpere
3220 1522 3420 1596 ﬂores,

178 978 425 1050 Gregorii
454 978 646 1038 sancti
671 978 893 1036 nitidos
922 993 1271 1052 percurrere
1299 993 1547 1051 campos

184 1070 248 1125 Ut
264 1069 435 1143 coepi,
466 1070 730 1125 micuere
759 1069 1009 1143 quidem
1039 1085 1149 1124 ceu
1175 1067 1372 1124 sidera
1402 1066 1531 1123 coeli

183 1157 363 1216 Verba
393 1157 714 1226 salutifera,
741 1162 979 1215 nostros
1000 1174 1360 1235 componere
1383 1173 1602 1227 mores,

183 1250 320 1313 Quae
344 1251 585 1315 norunt,
618 1246 872 1303 nimium
903 1252 957 1303 et
982 1246 1165 1303 duras
1192 1245 1534 1301 mollescere
1575 1247 1824 1314 mentes,

182 1336 419 1392 Lumine
448 1336 733 1410 praeclaro
759 1341 815 1392 et
847 1335 1120 1393 tenebras
1151 1334 1443 1408 depellere
1473 1338 1652 1391 tetras
1685 1352 1698 1389 :

180 1426 351 1497 Cujus
377 1424 456 1481 ab
482 1441 583 1481 ore
600 1424 791 1480 ﬂuens
820 1424 1035 1481 ﬂuvius
1054 1440 1164 1498 per
1193 1423 1458 1497 compita
1486 1422 1720 1492 mundi,

182 1513 851 1587 Pronesize[Phronesis]
890 1514 1229 1587 pariterque
1269 1513 1494 1587 sophia:
1536 1512 1691 1569 clare
1737 1528 1830 1567 re-

184 1602 444 1660 Lucidior
473 1619 642 1675 auro,
674 1603 825 1659 vitro
856 1619 1099 1677 quoque
1128 1601 1347 1660 clarior
1372 1602 1559 1672 omni,
1600 1601 1832 1673 [fulget,

183 1691 443 1750 Melliﬂuo
474 1696 650 1763 gustu
676 1696 890 1750 cuncta
918 1691 1249 1750 redolentia
1271 1693 1531 1749 vincens.

186 1783 226 1838 0
247 1798 411 1837 mens
437 1780 637 1839 ﬂenda
666 1782 869 1854 nimis,
901 1799 963 1838 se
993 1798 1131 1856 quae
1162 1780 1519 1839 subtraxerit
1538 1780 1663 1837 istis

185 1871 458 1929 Melliﬂuis
487 1872 690 1944 undis,
722 1872 875 1929 coelo
903 1871 1204 1929 venientia
1232 1871 1535 1944 linquens,

187 1963 248 2019 Et
268 1963 530 2035 peritura
557 1978 839 2035 sequens,
872 1961 1018 2017 nulli
1045 1979 1182 2034 quae
1203 1961 1424 2033 profuit
1453 1976 1748 2032 unquam.

187 2053 228 2107 Ο
257 2051 306 2106 si
331 2051 493 2107 mille
520 2052 716 2106 forent
740 2049 932 2105 doctae
971 2050 1118 2105 mihi
1153 2050 1342 2104 millia
1370 2048 1614 2119 linguai,

185 2137 328 2196 Mille
360 2153 689 2211 meumque
716 2153 898 2194 sonos
928 2143 1136 2212 posset
1156 2138 1508 2211 depromere
1537 2139 1757 2207 guttur.

186 2226 363 2284 1Erea
400 2243 638 2300 voxque
668 2226 814 2282 mihi
842 2231 1047 2300 posset
1067 2228 1211 2284 dare
1240 2226 1432 2283 ferrea
1460 2225 1664 2293 verba,

189 2318 306 2375 Hac
330 2316 387 2372 in
420 2314 599 2373 laude
628 2316 757 2388 viri,
792 2319 951 2373 totus
976 2333 1160 2391 quem
1193 2316 1452 2374 concinit
1480 2316 1661 2384 orbis,

192 2416 259 2472 Ut
284 2414 470 2486 digna
497 2413 626 2471 ﬁeri
656 2418 902 2487 possent
928 2430 1065 2488 quae
1096 2430 1294 2488 pauca
1324 2412 1535 2471 relatu.

190 2504 459 2561 Praesulis
496 2505 560 2561 in
588 2504 735 2562 tanti
761 2504 917 2561 nitor
950 2520 1309 2578 componere
1335 2518 1602 2573 carmen,

194 2594 299 2662 Qui
326 2595 541 2651 meruit
571 2598 818 2652 cunctos
857 2594 1176 2651 hominum
1218 2608 1583 2666 cognoscere
1608 2606 1844 2660 sensus,

196 2687 259 2740 Et
283 2685 474 2758 potuit
500 2684 696 2742 verbis
721 2701 945 2759 pravos
973 2684 1288 2742 ostendere
1317 2700 1538 2752 mores,

196 2774 301 2841 Qui
328 2773 532 2831 docuit
554 2790 821 2833 resecare
848 2775 1040 2832 malos
1061 2775 1137 2831 de
1164 2791 1414 2848 corpore
1445 2776 1665 2830 motus.

198 2867 261 2921 Et
279 2865 514 2922 monuit
541 2864 813 2939 placidos
841 2870 1039 2922 mente
1070 2865 1394 2921 recondere
1415 2879 1636 2933 mores,

196 2953 485 3011 Virtutum
513 2970 787 3012 reserans
817 2954 1045 3011 fontem
1074 2959 1131 3010 et
1154 2953 1375 3025 pariter
1394 2952 1694 3018 vitiorum,

197 3044 295 3101 llic
321 3045 556 3101 modice
585 3044 815 3101 reﬂexit
850 3045 961 3101 iter
988 3060 1334 3117 percurrere
1372 3058 1607 3099 sacram

199 3133 515 3191 Historiam
543 3133 756 3202 Jobab,
789 3133 962 3204 cujus
992 3149 1099 3207 per
1127 3132 1390 3205 compita
1416 3130 1630 3188 mundi

200 3224 352 3280 Laus
375 3222 721 3280 veneranda
749 3222 912 3292 nitet,
942 3221 1102 3279 claro
1132 3238 1315 3295 quem
1345 3221 1581 3278 climate
1608 3224 1777 3276 tensa

198 3313 460 3370 Ecclesia
479 3313 737 3370 reboans
762 3312 991 3379 laudat,
1024 3313 1184 3368 hunc
1209 3311 1431 3368 arbiter
1462 3312 1591 3385 ipse

201 3405 313 3461 Ore
344 3419 455 3460 suo
482 3402 762 3474 laudans,
787 3402 1023 3459 monuit
1050 3401 1322 3459 venerari
1346 3417 1454 3474 per
1474 3401 1704 3457 orbem.

201 3495 286 3548 Ex
316 3508 441 3566 qua
470 3492 716 3549 miriﬁce
742 3496 827 3548 ter
852 3492 1001 3549 bina
1028 3492 1339 3549 volumina
1360 3491 1627 3548 condens

202 3581 466 3639 Tradidit
492 3582 761 3640 Ecclesiae
786 3582 988 3656 plures
1027 3581 1308 3639 distincta
1330 3580 1583 3649 libellos,

1942 1607 2211 1664 Extensis
2240 1606 2521 1663 manibus
2546 1607 2783 1665 nitebar
2810 1624 3076 1683 carpere,
3103 1611 3379 1686 jamque,

1866 1744 1873 1755 .
1945 1700 2093 1755 Cum
2120 1694 2316 1754 subito
2347 1699 2629 1770 stupuere
2656 1713 2808 1755 meas
2857 1715 2968 1756 ceu
3006 1716 3318 1761 marmora
3358 1703 3600 1776 plantas,

1946 1787 2270 1857 Obriguere
2299 1802 2539 1859 manus,
2567 1788 2745 1861 coepit
2771 1788 3097 1861 pallescere
3122 1791 3342 1861 vultus,

1950 1880 2168 1935 Sensus
2193 1880 2251 1932 et
2278 1877 2569 1933 extimuit'
2599 1877 2810 1936 crebra
2838 1880 3097 1954 suspiria
3117 1881 3355 1954 jactans

1948 1967 2206 2022 Vocibus
2235 1971 2294 2023 et
2316 1967 2556 2037 magnis
2576 1967 2751 2040 quasi
2782 1969 2896 2027 sub
2925 1970 3192 2043 pondere
3211 1972 3483 2031 clamans
3517 1992 3533 2041 ;

1953 2056 2115 2123 Quis,
2144 2056 2242 2127 ait,
2269 2057 2380 2113 hos
2399 2057 2717 2114 hominum
2730 2060 2946 2131 poterit
2964 2074 3308 2133 percurrere
3329 2080 3606 2138 campos,

1952 2149 2068 2201 Aut
2092 2145 2228 2217 quis
2256 2144 2367 2200 hos
2396 2145 2610 2217 poterit
2636 2145 2815 2203 ﬂores
2842 2147 3161 2223 decerpere
3185 2156 3435 2210 cunctos
3462 2155 3491 2209 ‘I

1959 2238 2026 2291 Ut
2050 2234 2303 2307 stipatus
2330 2237 2445 2303 eat,
2478 2234 2797 2307 alacerque
2833 2237 3107 2309 quiescat
3131 2240 3195 2296 in
3217 2257 3437 2298 sanun.

1875 2315 1915 2370 C
1956 2325 2094 2383 Haec
2123 2340 2261 2381 mea
2290 2340 2402 2380 nec
2430 2325 2517 2381 vis
2546 2329 2656 2396 est,
2706 2330 2941 2385 tantum
2983 2343 3095 2385 nec
3125 2331 3382 2403 pectoris
3424 2334 3619 2390 exstat

1954 2415 2179 2482 Robur,
2212 2418 2277 2471 ut
2301 2414 2553 2472 eximias
2580 2414 2820 2473 valeam
2844 2418 3276 2492 comprendere
3304 2434 3487 2491 gazas

1954 2510 2185 2579 Pauper
2203 2509 2261 2563 et
2282 2505 2554 2577 exiguus,
2583 2507 2808 2564 misero
2834 2507 2910 2565 de
2930 2508 3198 2580 germine
3223 2515 3440 2568 cretus.

1955 2594 2315 2668 Magniloqui
2343 2594 2624 2653 studeant
2658 2594 2773 2652 ista
2803 2597 2907 2669 qui
2935 2598 3191 2669 grandia
3218 2604 3496 2673 poscunt,

1958 2686 2059 2740 Est
2087 2683 2309 2756 quibus
2346 2688 2401 2739 et
2427 2699 2643 2741 sensus
2670 2684 2858 2754 fortis,
2886 2687 3110 2759 quibus
3129 2692 3323 2748 exstat
3341 2690 3617 2749 anhelus.

1962 2772 2268 2830 Suﬂiciant
2291 2773 2441 2828 dum
2464 2786 2657 2846 parva
2682 2774 2831 2831 mihi
2857 2791 2994 2847 qum
3021 2778 3272 2835 vascula
3296 2778 3553 2852 possunt

1961 2864 2190 2933 Exigua
2212 2862 2463 2919 retinere
2494 2879 2650 2929 mea,
2680 2879 2757 2920 ne
2784 2865 3039 2933 grandia
3066 2882 3325 2939 poscens

1965 2952 2251 3008 Amittam
2278 2951 2539 3008 modica.
2571 2956 2945 3025 Quapropter
2973 2955 3230 3024 grandia
3255 2955 3535 3028 linquens

1968 3045 2089 3098 Hoc
2118 3057 2272 3114 opus
2300 3040 2587 3111 exiguum
2609 3042 2764 3114 ccepi
2789 3057 2914 3097 non
2941 3043 3122 3099 corde
3153 3044 3467 3113 cothurno,

1967 3132 2198 3188 Arbiter
2223 3131 2352 3187 haec
2378 3130 2547 3187 novit
2575 3146 2850 3204 superus,
2876 3132 2983 3206 qui
3012 3131 3212 3189 sidera
3241 3133 3437 3191 sentit.

1970 3225 2097 3278 Non
2132 3237 2273 3291 ergo
2301 3221 2418 3277 hoc
2444 3224 2743 3294 spernant
2769 3220 3013 3293 modici,
3067 3238 3179 3280 nec
3204 3223 3308 3280 illa
3337 3225 3625 3299 supremi.

1970 3313 2093 3369 Hoc
2124 3315 2363 3369 teneant
2399 3311 2662 3380 hebetes,
2696 3315 2937 3370 teneant
2971 3313 3078 3370 sed
3121 3317 3180 3371 et
3204 3313 3306 3372 illa
3333 3330 3583 3387 sagaces
3612 3333 3628 3373 :

1971 3403 2078 3460 Illa
2105 3402 2296 3460 sciant
2314 3402 2591 3473 juvenes,
2633 3401 2870 3460 discant
2897 3403 3015 3460 hoc
3042 3403 3306 3478 denique
3327 3406 3475 3475 noti,

1972 3493 2076 3550 Illa
2099 3492 2349 3566 quidem
2375 3495 2598 3548 norunt
2624 3507 2900 3564 magnos,
2927 3494 3059 3550 haec
3083 3508 3329 3567 pascere
3358 3509 3581 3569 parvos
3612 3512 3627 3552 :

1976 3582 2080 3638 Illa
2101 3582 2290 3655 dapes
2318 3581 2609 3652 tribuunt,
2636 3582 2801 3640 novit
2827 3583 2945 3640 hoc
2972 3583 3278 3656 porrigere
3305 3584 3520 3642 lactea.
3592 3588 3609 3594 '

3414 3799 3623 3821 αι*

1474 3967 1816 4057 LIBER
1911 3962 2371 4053 PRIMUS.

1728 4203 2142 4221 ψ

778 4364 1000 4421 CAPUT
1028 4363 1314 4422 PRIMUM.

283 4458 452 4512 Vens.
481 4459 530 4510 ί.
575 4454 680 4510 Vir
707 4459 836 4511 erat
864 4456 929 4511 in
961 4461 1125 4512 terra
1150 4456 1308 4523 Has,
1349 4453 1585 4510 nomine
1614 4453 1727 4510 Job
1754 4468 1779 4509 :
1808 4484 1876 4493 ~—

211 4544 443 4603 Idcirco
472 4546 717 4602 sanctus
746 4543 833 4599 vir
863 4542 967 4599 ubi
998 4542 1352 4600 habitaverit
1390 4541 1625 4612 dicitur,
1655 4544 1721 4598 ut
1749 4541 1879 4613 ejus

213 4634 501 4693 meritum
543 4632 794 4691 virtutiis
848 4633 1243 4706 exprimatur.
1291 4635 1407 4688 Hus
1449 4647 1715 4705 namque
1743 4630 1881 4704 quis

211 4723 449 4782 nesciat
473 4723 640 4799 quod
665 4724 738 4779 sit
760 4728 914 4781 terra
938 4718 1247 4796 gentilium
1274 4724 1301 4779 ‘P
1328 4721 1632 4778 Gentilitas
1679 4724 1880 4779 autem

215 4830 293 4871 eo
326 4812 589 4885 obligata
620 4812 769 4870 vitils
793 4813 1027 4881 exstitit,
1056 4828 1180 4886 quo
1210 4811 1612 4882 cognitionem
1631 4810 1723 4866 sui
1746 4824 1883 4866 con-

212 4902 436 4962 ditoris
475 4903 789 4976 ignoravit.
831 4905 1033 4978 Neque
1076 4902 1236 4959 enim
1267 4900 1438 4958 valde
1465 4900 1769 4959 laudabile
1797 4902 1884 4956 est

209 4995 461 5052 bonum
493 5011 623 5051 esse
653 5011 792 5051 cum
830 4993 1032 5063 bonis,
1067 4993 1173 5050 sed
1192 4993 1425 5050 bonum
1446 5008 1574 5049 esse
1599 5007 1737 5048 cum
1753 5006 1883 5047 ma-

211 5084 313 5143 lis.
351 5084 495 5141 Hinc
524 5085 719 5141 isdem
749 5083 989 5142 sibimet
1033 5086 1342 5141 attestatur
1385 5082 1632 5139 dicens:
1666 5082 1887 5138 Frater

210 5175 322 5247 fui
345 5175 703 5242 draconum,
729 5180 783 5231 et
810 5175 1001 5231 socius
1029 5172 1458 5230 struthionum.
1494 5174 1627 5227 Haec
1646 5186 1754 5243 per
1767 5170 1888 5227 his-

214 5263 448 5321 toriam
477 5262 634 5321 facta
670 5262 989 5331 credimus,
1048 5263 1153 5319 sed
1208 5278 1315 5336 per
1372 5259 1721 5332 allegoriam
1755 5260 1887 5331 jam

215 5353 485 5428 qualiter
511 5353 628 5409 sint
656 5352 902 5425 impleta
924 5350 1255 5408 videamus.
1283 5349 1393 5407 Job
1415 5364 1681 5421 namque
1712 5348 1887 5404 inter-

216 5447 499 5515 pretatur
522 5440 752 5511 dolens,
798 5442 915 5495 Hus
959 5455 1102 5495 vero
1131 5440 1500 5495 consiliator.
1535 5440 1724 5503 Quem
1752 5451 1889 5493 vero

218 5529 418 5588 alium
441 5531 658 5589 beatus
680 5528 791 5587 Job
821 5544 930 5584 suo
954 5527 1198 5583 nomine
1225 5528 1521 5599 exprimit,
1582 5526 1700 5583 nisi
1748 5541 1888 5583 eum

217 5619 306 5677 de
336 5638 464 5695 quo
495 5622 791 5696 propheta
815 5617 1080 5691 loquitur
1123 5615 1328 5671 dicens
1364 5633 1376 5671 :
1406 5639 1436 5667 »
1485 5617 1728 5674 Dolores
1756 5631 1890 5672 nos-

1913 4326 1959 4380 D

1988 4364 2109 4418 tros
2139 4361 2270 4434 ipse
2301 4357 2614 4433 portavit?
2633 4380 2662 4410 «
2698 4357 2822 4431 (Isa
2858 4372 2972 4427 nu,
3010 4358 3090 4431 4.)
3131 4357 3243 4425 Qui
3272 4357 3396 4416 Eius
3423 4361 3649 4418 terrm

1985 4450 2300 4523 inhabitat,
2321 4449 2467 4523 quia
2488 4448 2552 4506 in
2571 4448 2750 4507 corde
2770 4447 2981 4523 populi
2997 4448 3395 4507 consiliatoris
3411 4451 3645 4519 regnat.

1987 4541 2206 4615 Paulus
2226 4540 2452 4613 quippe
2483 4561 2511 4591 «
2546 4539 2846 4597 Christum
2884 4539 2989 4596 Dei
3014 4538 3314 4606 virtutem,
3349 4542 3408 4595 et
3426 4537 3531 4595 Dei
3546 4538 3649 4593 8a-

1988 4632 2275 4705 pientiam
2308 4653 2336 4683 »
2367 4630 2509 4688 dicit
2536 4631 2604 4702 (Ι.
2637 4632 2776 4687 Cor.
2814 4631 2979 4700 1,24).
3014 4633 3206 4703 Atque
3225 4629 3354 4685 haec
3380 4628 3517 4701 ipsa
3547 4630 3647 4685 Sa—

1990 4720 2212 4793 pientia
2241 4735 2346 4792 per
2372 4718 2761 4776 Salomonem
2784 4716 2928 4774 dicit
2959 4736 2972 4773 :
3002 4737 3031 4770 (
3063 4720 3186 4787 Ego
3217 4716 3513 4789 sapientia
3537 4716 3648 4774 ha-

1990 4809 2117 4866 bito
2140 4810 2204 4866 in
2233 4808 2518 4879 consiliis,
2547 4812 2606 4865 et
2632 4806 2883 4864 eruditis
2931 4806 3225 4863 intersum
3274 4805 3648 4876 cogitationi-

1991 4897 2109 4956 bus
2135 4899 2338 4967 (Prov,
2367 4912 2497 4959 vni.
2534 4897 2639 4969 l2).
2669 4918 2701 4948 »
2727 4895 2972 4969 Tropice
2994 4898 3195 4953 autem
3215 4893 3389 4952 siJob
3414 4894 3648 4967 dolens,

1994 4993 2052 5046 et
2074 4988 2199 5044 Hus
2229 4986 2571 5045 consiliator
2595 4986 2831 5055 dicitur,
2863 5002 2988 5044 non
3012 4986 3312 5044 immerito
3337 5000 3445 5060 per
3494 4990 3653 5045 utra-

1994 5094 2111 5151 que
2138 5076 2389 5134 nomina
2429 5076 2641 5133 doctus
2681 5076 2942 5149 quisque
2988 5075 3303 5147 ﬁguratur,
3333 5076 3442 5150 qui
3480 5074 3654 5132 nimi.

1995 5183 2131 5224 rum
2158 5165 2598 5222 consiliatorem
2640 5164 2912 5222 animum
2957 5164 3272 5234 inhabitat,
3302 5164 3409 5237 qui
3440 5162 3652 5219 dolens

1996 5256 2071 5313 dc
2098 5253 2495 5329 praesentibus
2536 5252 2616 5311 ad
2658 5257 2881 5311 aeterna
2910 5254 3169 5312 festinat.
3218 5256 3366 5311 Cum
3394 5262 3539 5317 ergo
3565 5246 3652 5304 vi-

1996 5343 2096 5400 det
2150 5358 2340 5416 quam
2392 5340 2465 5397 sit
2515 5344 2801 5399 aeternum
2857 5342 3025 5416 quod
3079 5336 3356 5413 perdidit.
3411 5333 3655 5393 salubre

1998 5433 2314 5490 consilium
2342 5431 2670 5503 temporale
2694 5432 2808 5489 hoc
2847 5431 3151 5503 despicere
3196 5421 3363 5496 quod
3409 5438 3658 5498 percur-

1998 5524 2091 5580 rit.
2127 5522 2294 5581 Unde
2314 5522 2469 5579 bene
2509 5537 2616 5595 per
2640 5522 3023 5581 Salomonem
3051 5512 3267 5572 dicitur
3299 5530 3312 5568 :
3342 5535 3372 5563 ‹‹
3405 5515 3515 5581 Qui
3544 5530 3653 5599 ap-

1997 5615 2169 5689 ponit
2187 5614 2517 5682 scientiam,
2540 5612 2791 5687 apponit
2807 5613 2865 5664 et
2884 5605 3155 5662 dolorem
3172 5607 3386 5678 (Eccle.
3416 5610 3464 5672 t,
3493 5602 3596 5672 t8).
3626 5622 3652 5648 ››
