4154 6180
1615 71 1670 125 S.
1701 68 1954 124 ODONIS
1983 68 2278 124 ABBATIS
2310 70 2812 133 CLUNIACENSIS
2844 79 2888 131 ll

3859 85 3970 136 H2

545 205 839 280 Sequitur.
870 203 1139 273 exaptat
1165 209 1220 259 et
1246 208 1463 259 rectus.
1497 201 1776 258 Nonnulli
1807 217 2071 274 namque
2107 201 2192 257 ita
2222 196 2267 248 A
2303 211 2444 252 vero
2473 197 2731 264 ﬁliabus,
2767 199 3084 255 multitudo
3116 199 3387 268 signatur
3417 199 3778 258 auditorum.
3815 206 3964 270 Quae

545 299 685 352 sunt
711 290 1028 363 simplices,
1059 294 1126 346 ut
1161 294 1391 346 rectum
1437 289 1584 362 quid
1615 289 1688 344 sit
1742 288 2034 360 ignorent.
2081 288 2195 344 Sed

542 401 612 441 eo
643 399 794 438 verae
835 379 1229 452 simplicitatis
1279 379 1681 435 innocentiam
1724 379 2025 446 deserunt,
2072 396 2193 451 quo

538 472 614 527 ad
639 471 917 525 virtutem
945 468 1313 525 rectitudinis
1363 483 1484 522 non
1517 473 1860 536 assurgunt.
1907 466 2017 532 Qui
2047 467 2193 522 dum

537 560 690 616 cauti
719 575 847 615 esse
875 575 982 632 per
1011 557 1426 614 rectitudinem
1465 557 1758 624 nesciunt,
1803 572 2192 629 nequaquam

531 649 882 704 innocentes
925 648 1238 721 persistere
1281 664 1388 720 per
1427 645 1870 718 simplicitatem
1917 651 2190 718 possunt.

535 739 678 795 Hinc
710 743 798 795 est
825 739 992 811 quod
1017 738 1238 793 Paulus
1266 736 1591 810 discipulos
1623 736 1909 791 admonet
1934 736 2140 791 dicens
2175 754 2187 790 :

538 851 565 878 κ
595 829 739 884 Volo
771 845 881 884 vos
911 828 1208 900 sapientes
1231 843 1358 882 esse
1381 826 1442 880 in
1463 826 1647 895 bono,
1673 824 1970 898 simplices
1990 829 2192 881 autem

535 919 596 974 in
628 917 790 973 malo
823 917 1006 988 (Rom.
1031 933 1142 982 xvr,
1182 917 1287 986 l9),
1323 938 1350 964 »
1385 914 1530 970 Hinc
1559 915 1778 970 Veritas
1808 915 1890 969 ait
1922 932 1934 968 :
1970 936 1997 964 ››
2027 917 2191 969 Esto-

537 1011 590 1064 te
621 1005 945 1080 prudentes
974 1005 1128 1060 sicut
1155 1008 1478 1076 serpentes,
1508 1007 1564 1058 et
1595 1002 1896 1074 simplices
1928 1003 2077 1059 sicut
2098 1019 2190 1058 co-

535 1097 754 1153 lombai
781 1096 1022 1162 (Matth.
1053 1111 1104 1160 ιι,
1143 1092 1248 1164 15).
1287 1115 1312 1142 ››
1344 1093 1456 1148 Sed
1480 1092 1771 1165 quoniam
1802 1092 1862 1146 in
1897 1092 2192 1148 rectitudi-

535 1201 610 1242 ne
633 1183 878 1256 justitia,
909 1181 968 1237 in
993 1181 1366 1253 simplicitate
1400 1185 1600 1238 autem
1644 1181 2048 1237 mansuetudo
2087 1182 2189 1236 de-

536 1274 824 1343 signatur,
855 1271 1199 1326 incarnatus
1247 1270 1536 1326 Dominus
1578 1269 2018 1342 simplicitatem
2052 1287 2192 1325 cum

531 1359 879 1417 rectitudine
931 1359 1136 1429 tenuit,
1167 1358 1310 1430 quia
1339 1375 1448 1414 nec
1495 1358 1555 1413 in
1587 1359 2048 1413 mansuetudine
2081 1359 2195 1413 dis-

531 1449 864 1506 trictioncm
892 1448 1156 1518 justitiae,
1187 1463 1298 1502 nec
1321 1463 1558 1502 rursum
1593 1448 1652 1502 in
1683 1447 2043 1503 districtione
2072 1448 2194 1518 jus-

2303 284 2350 340 si
2377 289 2433 340 et
2461 303 2570 359 per
2592 287 3016 360 perfectionem
3056 288 3252 360 operis
3283 304 3672 362 nequaquam
3694 291 3826 347 forti
3845 292 3967 348 vir-

2302 377 2424 430 tute
2480 384 2859 448 permanent,
2909 377 3092 432 ﬁdem
3149 381 3352 433 tamen
3405 378 3698 436 Trinitatis
3755 383 3968 451 cogni-

2300 467 2426 519 tam
2456 471 2796 523 constanter
2825 469 3043 522 tenent.
3102 469 3354 523 Possunt
3381 469 3561 525 etiam
3601 486 3710 542 per
3753 475 3866 527 tres
3895 473 3966 528 ﬁ-

2300 553 2410 610 lias
2451 559 2566 611 tres
2583 557 2823 612 ordines
2843 555 3112 612 ﬁdelium
3125 557 3445 627 designari,
3469 561 3780 616 Pastorum
3801 561 3968 618 vide-

2301 644 2454 712 licet,
2487 646 2914 702 continentium
2948 650 3127 718 atque
3171 647 3652 717 conjugatorum.
3714 651 3878 707 Unde
3909 657 3970 708 et

2305 734 2564 789 Ezechiel
2609 736 2902 807 propheta
2933 740 3047 791 tres
3076 735 3358 791 liberatos
3415 737 3579 792 viros
3615 739 3855 795 audisse
3903 759 3966 796 se

2301 822 2529 877 asserit.
2594 826 2712 878 Noe
2763 823 3001 888 scilicet,
3055 823 3377 892 Danielem,
3429 829 3486 880 et
3533 825 3667 882 Job.
3725 829 3966 902 Septem

2298 910 2522 984 quippe
2560 912 2738 968 etiam
2767 912 2940 968 nobis
2979 913 3083 968 ﬁlii
3113 918 3462 980 nascuntur,
3495 931 3636 970 cum
3663 932 3772 989 per
3813 934 3964 974 eon-

2300 999 2636 1072 ceptionem
2667 1001 2842 1057 bona:
2873 1002 3236 1074 operationis
3269 1003 3460 1058 sancti
3517 1005 3794 1077 Spiritus,
3835 1024 3968 1080 sep-

2301 1093 2418 1144 tem
2447 1089 2506 1144 in
2539 1089 2714 1145 nobis
2733 1090 2976 1146 virtutes
2999 1091 3290 1146 oriuntur.
3327 1095 3402 1147 De
3424 1093 3647 1165 quibus
3668 1097 3966 1168 propheta

2299 1177 2480 1232 dicit:
2517 1201 2542 1226 «
2595 1179 2941 1251 Requiescet
2985 1195 3164 1252 super
3210 1196 3348 1235 eum
3407 1182 3656 1254 Spiritus
3705 1185 3961 1246 Domini.

2305 1267 2552 1338 Spiritus
2578 1268 2881 1339 sapientiae
2930 1272 2986 1324 et
3028 1269 3376 1338 intellectus,
3410 1294 3437 1320 ››
3471 1275 3528 1326 et
3555 1272 3787 1346 reliqua
3815 1275 3962 1346 (Isa.

2303 1373 2373 1422 xx,
2423 1361 2500 1424 2).
2555 1361 2888 1413 Nascuntur
2917 1363 2974 1413 et
2999 1363 3112 1414 tres
3153 1375 3406 1415 sorores.
3466 1362 3616 1427 Quia
3665 1363 3962 1438 quidquid

2301 1445 2466 1500 virile
2493 1445 2553 1500 hi
2585 1445 2866 1502 virtutum
2899 1463 3110 1502 sensus
3135 1448 3380 1517 faciunt,
3415 1449 3575 1518 ﬁdei,
3608 1453 3734 1524 spei
3770 1454 3962 1510 chari-

533 1539 668 1596 titiae
711 1538 986 1593 virtutem
1030 1535 1512 1592 mansuetudinis
1542 1535 1758 1591 amisit.
1803 1537 1968 1592 Unde
2003 1537 2055 1592 ei
2085 1553 2193 1610 per
2221 1543 2263 1595 Β
2301 1533 2523 1606 tatique
2554 1535 2948 1605 conjungunt.
2971 1539 3172 1608 Neque
3195 1538 3354 1593 enim
3377 1539 3456 1594 ad
3479 1539 3716 1596 donarii
3739 1541 3962 1614 perfec-

531 1628 892 1699 Prophetam
938 1623 1153 1680 dicitur
1185 1642 1196 1678 :
1223 1647 1250 1674 ‹‹
1301 1624 1564 1694 intende,
1609 1642 1895 1698 prospere
1935 1627 2193 1698 procede

532 1721 589 1773 et
613 1730 821 1786 regna.
858 1713 1113 1768 Dilexisti
1135 1713 1428 1784 justitiam
1453 1715 1571 1785 (Ps.
1603 1731 1747 1784 xuv,
1780 1720 1834 1784 5,
1867 1717 1941 1787 8).
1990 1739 2017 1764 ››
2049 1717 2190 1772 Tro-

532 1805 664 1878 pice
693 1818 958 1874 namque
987 1801 1262 1875 quisquis
1306 1806 1591 1859 aeternam
1635 1803 1890 1876 patriam
1946 1805 2190 1876 appetit,

535 1892 788 1965 simplex
817 1891 1028 1964 procul
1057 1891 1244 1947 dubio
1287 1896 1345 1947 et
1389 1897 1584 1947 rectus
1615 1892 1773 1948 vivit.
1823 1893 2083 1966 Simplex
2110 1895 2192 1949 vi-

533 1982 745 2038 delicet
773 1995 974 2053 opere,
999 1984 1196 2036 rectus
1243 1980 1381 2036 ﬁde.
1434 1981 1548 2035 Sed
1592 1981 1863 2053 quisquis
1914 1982 1976 2037 in
2017 1983 2194 2038 bonis

536 2089 668 2144 quae
697 2069 838 2140 agit,
870 2085 994 2125 non
1023 2069 1474 2125 retributionem
1497 2070 1761 2136 interius,
1795 2072 1900 2126 sed
1925 2071 2194 2128 favorem

534 2159 794 2216 exterius
837 2158 1067 2230 quaerit,
1103 2157 1356 2229 simplex
1385 2173 1508 2213 non
1529 2162 1637 2214 est.
1669 2159 1832 2214 Unde
1863 2177 1968 2233 per
1986 2177 2194 2233 quem-

534 2247 678 2303 dam
726 2245 1054 2317 sapientem
1107 2244 1430 2300 dicitur:‘«
1461 2249 1554 2300 Vae
1601 2248 1898 2317 peccatori
1951 2253 2193 2316 terram,

529 2335 886 2407 ingredienti
913 2333 1154 2390 duabus
1173 2333 1284 2390 viis
1313 2335 1524 2407 (Eccli.
1569 2352 1625 2398 ιι,
1662 2337 1767 2408 14).
1825 2359 1852 2386 »
1897 2339 2190 2410 Sequitur.

537 2427 766 2480 Timens
797 2425 986 2478 Deum
1012 2429 1068 2478 et
1095 2424 1372 2480 recedens
1403 2438 1441 2478 a
1467 2426 1647 2480 malo.
1682 2456 1750 2464 —
1777 2427 1964 2481 Deum
1992 2427 2195 2482 timere

536 2517 645 2580 est,
672 2510 840 2565 nulla
865 2525 1001 2580 quae
1031 2509 1308 2565 facienda
1339 2515 1478 2565 sunt
1503 2511 1666 2565 bona
1686 2512 2001 2583 praeterire.
2029 2514 2192 2570 Unde

536 2616 643 2672 per
675 2599 1062 2654 Salomonem
1092 2597 1306 2653 dicitur
1340 2615 1352 2653 :
1389 2620 1416 2648 «
1449 2599 1560 2664 Qui
1598 2601 1782 2656 Deum
1831 2602 2016 2673 timet,
2051 2603 2196 2658 nihil

537 2687 1032 2760 negligit(Eccle.
1085 2703 1187 2756 vn,
1223 2689 1329 2758 19).
1367 2709 1395 2736 »
1429 2688 1542 2744 Sed
1597 2689 1740 2761 quia
1791 2691 2066 2747 nonnulli
2112 2693 2195 2749 sic

534 2778 699 2834 bona
729 2775 975 2838 faciunt.
1034 2779 1099 2831 ut
1127 2779 1329 2832 tamen
1361 2793 1397 2832 a
1445 2777 1812 2848 quibusdam
1853 2781 2028 2836 malis
2073 2798 2194 2838 non

535 2867 838 2933 recedant,
869 2865 1025 2922 bene
1077 2869 1404 2938 posthiam
1456 2868 1685 2924 Timens
1743 2870 1927 2925 Deum
1960 2870 2192 2940 dicitur,
2226 2898 2266 2949 ο

533 2957 810 3028 recedens
835 2971 1080 3027 quoque
1109 2970 1146 3011 a
1167 2957 1328 3010 malo
1355 2969 1484 3011 esse
1514 2956 1878 3028 perhibetur.
1899 2959 2194 3033 Scriptum

533 3045 760 3118 quippe
789 3047 878 3100 est
915 3058 938 3099 .·
963 3066 991 3092 ‹‹
1041 3043 1282 3100 Declina
1325 3060 1362 3100 a
1391 3045 1554 3100 malo
1603 3050 1659 3102 et
1687 3047 1780 3102 fac
1811 3047 2042 3104 bonum
2073 3051 2191 3120 (Ps.

530 3152 718 3200 xxxvi,
750 3135 862 3204 27).
900 3155 927 3182 ››
959 3136 1027 3188 Et
1053 3133 1312 3189 Jacobus
1345 3149 1358 3188 :
1389 3155 1416 3182 ‹‹
1449 3133 1821 3208 Quicunque,
1853 3136 2063 3210 inquit,
2107 3143 2194 3195 to-

531 3227 657 3280 tam
685 3223 879 3292 legem
904 3222 1244 3288 servaverit,
1274 3221 1540 3278 oﬂ‘endat
1579 3228 1780 3280 autem
1811 3225 1873 3280 in
1903 3243 2045 3294 uno,
2081 3228 2195 3284 fac-

531 3317 628 3368 tus
657 3315 744 3366 est
772 3310 1045 3366 omnium
1075 3325 1212 3366 reus
1235 3313 1380 3376 (Jac.
1419 3327 1477 3379 ιι,
1514 3313 1622 3383 16).
1657 3331 1685 3363 a
1729 3313 1844 3370 Sed
1883 3315 2038 3371 bene
2081 3317 2195 3373 hoc

531 3416 604 3456 ex
629 3397 1042 3471 Redemptoris
1071 3399 1260 3454 nostri
1305 3415 1448 3455 voce
1487 3400 1720 3456 dicitur.
1778 3405 1954 3460 Juxta
1981 3403 2195 3462 huma-

529 3489 732 3544 nitatis
755 3487 918 3542 enim
945 3490 1228 3544 naturam
1265 3489 1452 3544 Deum
1483 3488 1698 3556 timuit,
1727 3490 1872 3562 quia
1900 3495 1964 3548 ut
1994 3509 2198 3566 super-

529 3577 678 3633 bum
701 3575 1002 3632 hominem
1022 3575 1355 3646 redimeret,
1377 3581 1640 3634 mentem
1658 3594 1766 3650 pro
1784 3579 1883 3636 illo
1903 3581 2194 3638 humilem

531 3665 806 3738 sumpsit.
828 3665 1123 3737 Scriptum
1149 3681 1414 3738 namque
1435 3666 1510 3722 de
1524 3666 1624 3722 illo
1646 3671 1761 3723 est:
1788 3691 1816 3717 ‹‹
1839 3671 1903 3723 Et
1945 3669 2197 3742 replebit

531 3772 672 3812 eum
701 3754 940 3827 spiritus
973 3754 1202 3811 timoris
1241 3755 1482 3812 Domini
1513 3758 1680 3826 (Isai.
1709 3773 1792 3828 x1,
1817 3758 1890 3829 3).
1928 3780 1956 3808 ››
1983 3761 2192 3816 Reces-

533 3844 608 3899 sit
633 3847 836 3899 autem
861 3860 897 3900 a
917 3843 1098 3910 malo,
1123 3859 1246 3899 non
1276 3843 1442 3916 quod
1472 3843 1746 3901 faciendo
1791 3845 2054 3917 contigit,
2088 3849 2194 3905 sed

528 3933 696 4006 quod
727 3933 1086 3989 inveniendo
1109 3933 1475 4006 reprobavit.
1512 3935 1728 3991 Sancta
1757 3934 1937 3992 etiam
1980 3938 2194 3995 electo-

526 4038 659 4078 rum
693 4021 972 4092 Ecclesia,
1007 4021 1398 4095 simplicitatis
1429 4039 1550 4078 suae
1595 4027 1653 4082 et
1674 4025 2042 4082 rectitudinis
2065 4027 2189 4084 vias

526 4127 562 4167 a
589 4111 798 4167 timore
823 4111 1086 4167 inchoat.
1117 4111 1223 4166 Cui
1250 4115 1390 4168 tunc
1423 4116 1514 4168 est
1553 4111 1821 4170 funditus
1855 4131 1890 4170 a
1911 4115 2073 4172 malo
2104 4133 2190 4172 re-

525 4201 754 4270 cedere,
787 4215 927 4256 cum
951 4215 1026 4257 ex
1047 4216 1252 4256 amore
1283 4199 1386 4255 Dei
1408 4202 1650 4273 coeperit
1689 4203 1821 4273 jam
1850 4205 2008 4259 nolle
2055 4221 2190 4276 pec-

524 4306 678 4346 care.
716 4289 827 4356 Qui
867 4305 1010 4346 vero
1057 4290 1270 4345 timore
1301 4289 1464 4344 bona
1498 4290 1640 4360 agit,
1674 4306 1711 4346 a
1759 4290 1920 4345 malo
1949 4292 2185 4363 penitus

521 4394 644 4435 non
660 4378 918 4448 recessit,
937 4377 1080 4450 quia
1111 4393 1180 4433 eo
1206 4377 1339 4449 ipso
1354 4381 1564 4449 peccat
1583 4393 1706 4450 quo
1723 4393 1971 4450 peccare
1991 4378 2185 4450 vellet,

521 4467 570 4523 si
592 4468 796 4524 multae
817 4467 889 4539 [si
923 4465 1198 4537 multum]
1221 4480 1470 4537 peccare
1519 4466 1834 4540 potuisset.
1870 4466 2182 4539 Sequitur:

589 4556 765 4610 Vens.
797 4559 850 4610 2.
883 4555 1143 4624 Natique
1165 4558 1304 4609 sunt
1335 4554 1388 4610 ei
1414 4559 1630 4622 septem
1657 4555 1774 4609 ﬁlii
1789 4560 1848 4610 et
1865 4561 1983 4611 tres
2019 4557 2184 4624 ﬁliae.

517 4679 585 4686 —
618 4649 785 4716 Saepe
824 4644 902 4701 ad
927 4643 1240 4700 avaritiam
1267 4659 1369 4700 cor
1399 4644 1664 4717 parenh's
1717 4643 1884 4700 ducit
1912 4644 2182 4702 fecundi-

515 4739 606 4789 tas
635 4732 836 4804 prolis.
874 4733 942 4788 Ut
993 4746 1134 4800 ergo
1187 4731 1346 4788 beati
1384 4732 1494 4788 Job
1523 4747 1713 4804 quam
1768 4738 1975 4790 sancta
2011 4751 2183 4792 mens

517 4819 708 4888 fuerit,
749 4818 1096 4875 ostendatar
1133 4823 1190 4875 et
1214 4820 1411 4890 justus
1437 4819 1670 4890 dicitur,
1703 4825 1760 4878 et
1807 4822 2010 4880 multae
2049 4839 2183 4896 pro-

511 4907 584 4962 lis
609 4911 776 4979 pater
805 4907 986 4964 fuisse
1015 4908 1378 4981 perhibetur.
1414 4913 1676 4967 MYSTICE.
1711 4912 1864 4977 Quid
1903 4913 1964 4970 in
1995 4918 2183 4988 septe-

511 4997 701 5064 nario,
728 4996 842 5052 nisi
875 5013 1118 5054 summa
1147 4998 1526 5070 perfectionis
1553 5000 1846 5074 accipitur
1875 5005 1901 5058 ?
1921 5007 1967 5058 Α
1989 5009 2180 5077 septe-

509 5086 681 5142 nario
712 5085 937 5160 quippe
970 5103 1244 5156 numero,
1290 5088 1352 5144 iu
1407 5089 1848 5148 duodenarium
1893 5093 2175 5162 surgitur.

505 5176 560 5232 Si
581 5177 742 5233 enim
765 5182 1026 5250 quatuor
1043 5193 1150 5250 per
1177 5179 1305 5248 tria,
1333 5179 1428 5235 vel
1459 5179 1568 5234 tria
1597 5195 1704 5252 per
1751 5187 2013 5254 quatuor
2066 5183 2175 5238 du-

505 5271 734 5338 cantur,
765 5271 996 5340 septem
1017 5266 1078 5322 in
1108 5267 1430 5324 duodecim
1457 5272 1707 5326 vertunt.
1743 5273 1806 5326 In
1838 5275 2066 5344 septem
2089 5287 2174 5328 er-

504 5367 582 5422 go
612 5354 740 5410 filiis
765 5356 915 5411 ordo
943 5356 1426 5428 praedicantium.
1459 5357 1622 5413 Unde
1668 5359 1858 5413 sancti
1889 5359 2167 5431 apostoli,

501 5441 606 5512 qui
637 5442 982 5500 Trinitatem
1031 5444 1091 5499 in
1121 5449 1382 5516 quatuor
1401 5445 1675 5518 partibus
1717 5445 1926 5501 mundi
1955 5447 2170 5518 praedi-

501 5546 636 5587 care
671 5531 1076 5602 mittebantur,
1129 5533 1452 5592 duodecim
1498 5539 1638 5592 sunt
1664 5534 1852 5591 electi.
1887 5535 1950 5591 In
1979 5537 2166 5593 tribus

2298 1623 2522 1679 tionem
2553 1628 2780 1696 septem
2809 1624 2910 1679 filii
2937 1625 3309 1698 perveniunt,
3341 1627 3458 1683 nisi
3487 1631 3549 1683 in
3595 1629 3735 1699 ﬁde,
3769 1649 3876 1704 spe
3907 1637 3965 1689 et

2301 1712 2584 1768 charitate
2615 1712 2788 1769 fuerit
2809 1729 2989 1769 omne
3010 1715 3176 1786 quod
3206 1721 3413 1786 agunt.
3450 1718 3726 1790 Sequitur
3760 1738 3772 1774 :

2374 1801 2546 1857 Vens.
2572 1806 2622 1858 3.
2684 1804 2760 1857 Et
2806 1804 2924 1872 fuit
2975 1807 3253 1873 possessis
3303 1810 3453 1877 ejus,
3498 1817 3716 1878 septem
3764 1812 3962 1868 millia

2302 1892 2518 1956 ovium,
2551 1897 2606 1946 et
2638 1892 2758 1947 tria
2801 1893 2997 1948 millia.
3048 1895 3432 1962 camelorum,
3463 1898 3786 1968 quingenta
3813 1918 3962 1970 quo—

2302 1994 2414 2047 que
2429 1981 2586 2048 juga.
2638 1979 2829 2046 boum,
2881 1986 2935 2036 et
2975 1972 3314 2052 quingenta?
3369 1985 3572 2053 asina,
3605 2001 3672 2042 ac
3715 1988 3964 2055 familia

2301 2065 2496 2122 multa
2521 2068 2718 2123 nimis.
2753 2101 2819 2107 —
2851 2068 3081 2124 Scimus
3103 2071 3247 2141 quia
3269 2072 3348 2126 ad
3375 2073 3666 2144 majorem
3691 2075 3962 2134 dolorem

2303 2160 2562 2211 mentem
2596 2163 2979 2214 commovent
3009 2159 3236 2216 damna
3261 2162 3511 2232 majora.
3553 2166 3622 2219 Ut
3650 2165 3828 2235 igitur
3865 2185 3960 2224 os-

2301 2245 2580 2319 tendatur
2601 2252 2842 2319 quantre
2875 2249 3103 2304 virtutis
3133 2250 3368 2318 exstitit,
3396 2253 3654 2310 multum
3669 2255 3852 2312 fuisse
3871 2257 3960 2314 di-

2303 2333 2452 2390 citur
2481 2335 2647 2407 quod
2677 2336 2896 2408 pariter
2922 2337 3141 2393 amisit.
3198 2343 3518 2413 Nunquam
3565 2345 3792 2418 quippe
3835 2347 3961 2403 sine

2303 2421 2508 2478 dolore
2539 2423 2842 2492 amittitur,
2877 2426 2986 2480 nisi
3015 2427 3180 2498 quod
3215 2428 3344 2483 sine
3367 2445 3572 2486 amore
3599 2434 3958 2504 possidetur.

2304 2510 2456 2576 Quid
2479 2512 2638 2567 enim
2655 2518 2926 2585 mystyce
2957 2516 3016 2570 in
3041 2521 3268 2588 septem
3289 2518 3552 2575 millibus
3582 2522 3813 2591 ovibus,
3847 2525 3964 2581 nisi

2305 2599 2581 2654 Hebraeos
2611 2617 2646 2656 a
2674 2602 2915 2672 pascuis
2965 2603 3112 2672 legis
3143 2605 3490 2664 innocenter
3519 2609 3598 2664 ad
3635 2610 3820 2668 ﬁdem
3863 2629 3961 2670 ve-

2303 2688 2552 2751 nientes,
2587 2690 2927 2762 accipimus
2957 2694 2984 2747 ?
3021 2693 3173 2758 Quid
3205 2711 3346 2752 vero
3375 2697 3438 2752 in
3477 2698 3667 2755 tribus
3695 2701 3962 2760 millibus

2305 2778 2698 2851 camelorum,
2729 2780 2843 2836 nisi
2865 2781 2942 2836 ad
2970 2781 3408 2855 plenitudinem
3435 2787 3573 2844 ﬁdei
3607 2791 3847 2847 veniens
3879 2797 3964 2848 to-

2304 2871 2364 2922 ta
2393 2867 2700 2938 gentilium
2745 2869 3059 2940 vitiositas,
3107 2879 3326 2929 onusta
3373 2874 3673 2934 idolorum
3705 2880 3964 2938 cultibus

2305 2955 2653 3027 designatur
2703 2959 2730 3014 ?
2785 2962 2980 3016 Potest
3026 2976 3290 3035 namque
3342 2981 3448 3038 per
3504 2968 3768 3025 camelos
3819 2972 3966 3044 quia

2305 3061 2627 3101 commune
2649 3050 2787 3102 sunt
2807 3048 3056 3118 animal,
3085 3051 3600 3110 Samaritanorum
3619 3055 3743 3112 vita
3765 3059 3965 3130 signa-

2303 3134 2372 3190 ri.
2407 3135 2517 3200 Qui
2537 3135 2710 3207 quasi
2741 3137 3066 3206 ruminant,
3098 3144 3164 3196 ut
3196 3143 3482 3212 camelus,
3507 3144 3650 3216 quia
3687 3163 3760 3202 ex
3791 3155 3966 3220 parte

2304 3223 2488 3278 verba
2515 3224 2663 3294 legis
2695 3226 3006 3298 recipiunt,
3043 3232 3099 3284 et
3127 3231 3302 3302 quasi
3349 3233 3639 3303 ungulam
3679 3251 3805 3293 non
3847 3239 3967 3296 ﬁn-

2304 3311 2456 3368 dunt
2485 3316 2549 3368 ut
2569 3314 2856 3383 camelus,
2875 3316 3020 3388 quia
3049 3335 3186 3374 eam
3215 3336 3324 3392 pro
3351 3327 3518 3394 parte
3546 3329 3959 3386 contemnunt.

2305 3401 2416 3467 Qui
2439 3401 2615 3458 etiam
2645 3419 2822 3474 grave
2845 3421 2998 3460 onus
3024 3411 3283 3479 portant,
3312 3411 3454 3483 quia
3489 3412 3614 3469 sine
3639 3431 3744 3488 spe
3769 3433 3964 3474 resur-

2303 3490 2580 3546 rectionis
2617 3491 2918 3550 laborant.
2959 3495 3071 3551 Sed
3091 3497 3236 3568 quia
3272 3499 3616 3558 incarnatus
3643 3505 3958 3562 Dominus.

2303 3585 2359 3669 et
2389 3579 2770 3669 Hebraeorum
2797 3584 3092 3656 populum
3132 3591 3190 3643 et
3221 3590 3733 3649 Samaritanorum
3775 3613 3959 3669 quos-

2303 3667 2447 3723 dam
2477 3668 2554 3724 ad
2578 3669 2762 3726 ﬁdem
2802 3672 3099 3745 perduxit,
3144 3681 3372 3748 septem
3412 3680 3602 3738 millia
3644 3667 3870 3753 ovium,
3904 3689 3963 3742 et

2303 3757 2412 3813 tria
2433 3757 2621 3814 millia
2642 3761 3012 3818 camelorum
3041 3767 3329 3836 possedit.
3358 3773 3422 3824 In
3456 3772 3758 3845 Scriptura
3785 3790 3961 3832 sacra

2302 3847 2516 3903 cameli
2544 3849 2790 3905 nomine
2821 3850 3149 3924 aliquando
3171 3855 3299 3928 ipse
3323 3861 3476 3915 Deus
3504 3863 3874 3935 exprimitur,
3897 3869 3963 3922 ut

2299 3933 2448 3990 illud
2477 3954 2489 3990 :
2529 3957 2556 3984 ‹‹
2589 3937 2910 4010 Liquantes
2932 3940 3206 4014 culicem,
3231 3948 3287 4001 et
3302 3933 3603 4006 camelum
3619 3949 3957 4020 glutientes.

2300 4023 2542 4094 (Matth.
2570 4041 2730 4096 xxm,
2758 4028 2866 4100 24).
2895 4053 2923 4080 »
2946 4030 3285 4105 Aliquando
3311 4040 3512 4094 autem
3533 4039 3796 4112 populus
3819 4058 3962 4112 gen-

2299 4113 2436 4204 tilis.
2491 4117 2658 4172 Unde
2697 4121 2753 4174 et
2790 4120 3059 4178 Rebecca
3103 4123 3182 4178 ad
3227 4125 3392 4182 Isaac
3435 4127 3702 4201 veniens,
3745 4133 3966 4204 typum

2301 4203 2572 4258 Ecclesiae
2621 4207 2966 4277 praeferens,
3009 4210 3190 4266 dorso
3231 4213 3446 4271 cameli
3482 4203 3970 4278 deduciturjMo-

2300 4307 2550 4346 mures.
2587 4295 2736 4348 Oves
2769 4294 2949 4350 etiam
2988 4313 3099 4352 nos
3126 4301 3527 4376 possidemus,
3561 4324 3701 4365 cum
3739 4309 3970 4381 cogita-

2297 4377 2486 4434 tiones
2517 4379 2795 4437 innoxias
2823 4384 3222 4455 possidemus.
3269 4394 3539 4452 Camelos
3571 4398 3796 4472 quippe
3819 4377 3969 4473 pos-

2296 4466 2584 4561 sidemus,
2613 4469 2662 4525 si
2685 4472 2852 4543 quod
2881 4472 3072 4531 altum
3102 4479 3392 4552 sapimus,
3439 4466 3741 4544 humiliter
3775 4466 3969 4561 depo-

2293 4557 2514 4620 nimus,
2562 4576 2702 4616 cum
2754 4562 3139 4633 cogitationes
3188 4575 3423 4628 nostras
3475 4573 3554 4630 ad
3591 4557 3968 4636 inﬁrmitatis

2293 4647 2566 4704 fraternae
2593 4652 3081 4724 compassionem
3119 4655 3435 4714 ﬂectimus.
3489 4661 3662 4725 Quod
3703 4666 3968 4732 quidem

2293 4737 2418 4793 sine
2474 4739 2809 4810 cognitione
2857 4742 2996 4798 ﬁdei
3052 4745 3344 4804 Trinitatis
3402 4763 3578 4817 agere
3625 4765 3748 4805 non
3797 4757 3968 4814 vale-

2290 4844 2449 4883 mus.
2511 4831 2763 4886 Possunt
2825 4838 3028 4890 autem
3085 4851 3192 4908 per
3248 4836 3528 4908 camelos,
3577 4843 3962 4904 terrenarum

2289 4933 2489 4973 rerum
2514 4918 2692 4976 bona:
2731 4921 3211 4995 dispensationes
3263 4927 3531 5000 intelligi.
3587 4931 3738 4996 Quia
3773 4932 3963 5003 igitur

2289 5022 2412 5063 non
2459 5025 2520 5064 se
2565 5009 2802 5082 penitus
2862 5013 3068 5071 anima
3135 5017 3212 5073 ab
3269 5018 3436 5074 omni
3491 5023 3722 5078 terreno
3771 5039 3960 5096 opere

2287 5096 2594 5168 disjungit,
2653 5101 2946 5170 ungulam
3002 5119 3125 5160 non
3177 5106 3371 5176 ﬁndit,
3433 5109 3538 5166 sed
3597 5114 3796 5168 tamen
3847 5129 3956 5169 ru-

2285 5185 2495 5256 minat,
2545 5187 2690 5260 quia
2718 5188 2873 5244 bene
2899 5191 3312 5264 dispensando
3344 5199 3700 5271 temporalia
3747 5199 3954 5256 cceles-

2284 5274 2364 5330 tia
2409 5281 2624 5348 sperat.
2679 5280 2839 5344 Quas
2883 5279 3030 5338 dum
3061 5299 3172 5340 nos
3200 5285 3464 5345 Trinitati
3493 5289 3951 5360 committimus,

2284 5361 2546 5418 camelos
2575 5367 2976 5436 possidemus.
3009 5373 3318 5444 Sequitur:
3356 5377 3696 5447 Quingenta
3712 5393 3954 5448 quoque

2271 5453 2432 5521 juga
2463 5453 2654 5525 boum,
2712 5461 2770 5513 et
2797 5459 3047 5534 reliqua.
3077 5497 3144 5504 -—-
3167 5469 3228 5521 In
3262 5467 3565 5540 Scriptura
3621 5473 3822 5524 autem
3854 5485 3953 5524 sa-

2283 5555 2384 5597 cra
2407 5541 2592 5599 boum
2613 5547 2876 5614 nomine,
2902 5551 3231 5626 aliquando
3243 5557 3398 5614 bene
3423 5557 3804 5629 operantium
3825 5559 3952 5617 vita
