4158 6192
206 241 305 291 113

1059 240 1353 295 EPITOME
1393 241 1752 297 MORALIUM
1795 244 1851 298 S.
1893 245 2096 301 GREG.
2142 249 2208 301 IN
2248 249 2388 302 JOB.
2443 279 2508 286 —
2549 249 2678 303 LIB.
2720 249 2762 301 Ι.

3529 251 3627 303 114

201 359 491 428 signatur,
526 363 592 414 ut
617 359 760 415 illud
789 379 800 415 :
835 364 960 415 Non
987 361 1258 432 alligabis
1288 376 1356 418 os
1394 363 1534 420 bovi
1563 365 1858 421 trituranti
1887 369 1944 439 ΙΑ
1974 368 2217 439 nebula,
2250 369 2622 426 discretionis
2643 375 2860 426 nostra
2882 371 3159 438 radiis,in
3177 374 3471 443 quantum
3492 387 3630 443 pos-

203 450 396 519 (Deut.
432 466 568 518 xxv,
600 452 665 514 4;
706 452 740 505 Ι
765 451 898 517 Cor,
935 467 1012 518 IX,
1043 457 1114 518 9;
1166 454 1192 506 1
1239 454 1382 508 Tim.
1426 471 1482 520 v,
1519 459 1628 521 18).
1660 477 1687 504 ››
1741 455 1858 510 Ali-

198 538 456 610 quando
487 539 786 594 hebetudo
815 539 1139 608 fatuorum,
1185 546 1250 597 ut
1279 542 1424 598 illud
1473 544 1810 600 Salomonis
1845 563 1856 600 :

200 649 228 674 «
261 627 596 700 Statimque
622 643 755 682 eam
789 629 1057 700 sequitur
1085 630 1260 702 quasi
1290 631 1403 687 bos
1431 632 1648 688 ductus
1678 634 1754 689 ad
1785 634 1861 688 vi-

197 719 450 775 ctimam
493 719 691 788 (Prov.
732 734 832 781 vn,
877 720 987 790 22).
1023 742 1051 769 ››
1109 721 1428 778 Asinorum
1467 739 1710 796 quoque
1759 739 1862 780 no-

195 807 385 876 mine,
418 806 745 878 aliquando
777 808 1093 865 stultorum
1119 811 1357 883 pigritia
1397 813 1766 883 designatur,
1798 818 1863 870 ut

194 897 349 952 illud
376 895 563 966 Moysi
591 913 604 950 :
640 918 668 946 ι(
702 901 828 953 Non
860 898 1060 956 arabis
1089 900 1150 955 in
1188 900 1340 957 bove
1371 902 1549 957 simul
1586 907 1643 957 et
1691 902 1860 958 asino

192 987 391 1058 (Deut.
436 1001 571 1053 χχιι,
623 987 727 1057 10).
765 1010 791 1034 ››
844 987 1182 1060 Aliquando
1237 990 1640 1048 immoderata
1693 995 1861 1064 petu-

195 1073 450 1131 lantium
477 1073 736 1147 luxuria,
778 1080 844 1132 ut
871 1076 1019 1132 illud
1044 1079 1351 1150 propheta
1385 1097 1397 1134 :
1443 1081 1862 1146 Quorum'car-

195 1180 304 1220 nes
335 1168 473 1220 sunt
503 1168 568 1220 ut
595 1179 810 1221 carnes
859 1165 1167 1223 asinorum
1217 1168 1446 1238 (Ezech.
1491 1187 1653 1241 xxxu,
1686 1174 1796 1236 20).
1829 1188 1860 1222 ›

195 1252 536 1325 Aliquando
566 1253 876 1323 gentilium
911 1255 1261 1328 simplicitas
1287 1275 1299 1312 :
1344 1258 1502 1314 unde
1532 1259 1860 1315 Jerusalem

196 1342 449 1398 tendens
501 1343 812 1410 Dominus,
887 1344 1137 1400 asellum
1205 1345 1427 1402 sedisse
1491 1346 1857 1419 perhibetur.

198 1431 353 1497 Quid
400 1431 560 1487 enim
606 1432 742 1499 bos,
797 1432 911 1488 nisi
963 1433 1247 1490 Judaicus
1303 1435 1566 1508 populus
1620 1437 1856 1509 exstitit,

196 1521 370 1591 cujus
395 1520 690 1576 cervicem
711 1521 931 1592 jugum
960 1521 1107 1591 legis
1136 1523 1354 1579 attrivit
1373 1526 1400 1580 ‘?
1449 1527 1514 1579 Et
1555 1525 1701 1597 quid
1741 1528 1859 1580 asi-

196 1625 313 1665 nus
337 1609 452 1665 nisi
477 1609 772 1678 gentilitas
800 1610 955 1666 fuit?
981 1612 1174 1676 Quam
1203 1612 1452 1684 quilibet
1477 1613 1758 1669 seductor
1774 1630 1860 1670 re-

196 1699 362 1771 petit,
420 1700 614 1771 quasi.
655 1699 900 1756 brutum
957 1701 1182 1757 animal
1233 1719 1356 1774 quo
1411 1702 1595 1758 voluit
1661 1720 1858 1760 errore

197 1789 574 1844 substravit?
601 1791 754 1852 Quid
787 1807 927 1846 vero
952 1807 1060 1863 per
1081 1792 1630 1863 quingentesimum
1651 1810 1860 1849 nume-

194 1896 333 1935 rum
361 1881 467 1952 qui
498 1896 536 1936 a
558 1880 1098 1954 quinquagenario,
1128 1883 1232 1956 qui
1272 1889 1500 1956 septem
1525 1885 1857 1942 hebdoma-

194 1969 378 2024 dibus
410 1987 480 2026 ac
506 1970 770 2026 monade
791 1971 1016 2042 addita,
1049 1972 1429 2046 adimpletur,
1461 1975 1573 2030 nisi
1621 1976 1857 2047 requies

195 2058 516 2128 signatur?
552 2060 703 2125 Quid
753 2075 860 2133 per
907 2061 1243 2129 denarium,
1278 2063 1394 2118 nisi
1441 2080 1682 2121 summa
1723 2081 1857 2137 per-

196 2147 476 2203 fectionis
505 2149 891 2221 exprimitur?
931 2151 1082 2216 Quia
1128 2167 1270 2221 ergo
1319 2153 1396 2208 ad
1439 2157 1727 2210 aternam
1773 2171 1860 2210 re-

191 2237 406 2309 quiem
450 2253 560 2311 pro
600 2239 921 2296 electorum
975 2246 1141 2313 parte
1186 2241 1392 2298 Judaa
1441 2243 1856 2316 gentilitasque

193 2326 512 2398 colligitur,
547 2335 700 2386 recte
731 2331 1063 2402 quingenta
1087 2332 1238 2402 juga
1258 2332 1464 2400 boum,
1493 2334 1858 2405 quingenta-

193 2432 316 2488 que
365 2417 549 2473 asina
588 2419 800 2475 haberi
839 2420 1244 2492 perhibentur.
1302 2425 1651 2478 Monxurea.
1702 2425 1858 2493 Juga

193 2506 377 2561 etiam
432 2506 621 2563 boum
669 2508 730 2563 in
776 2525 954 2565 usum
985 2515 1205 2566 nostra
1245 2512 1644 2584 possessionis
1695 2517 1854 2577 sunt,

195 2610 337 2650 cum
367 2596 699 2652 concordes
732 2597 974 2654 virtutes
1013 2605 1261 2655 exarant
1288 2600 1572 2656 duritiam
1616 2601 1852 2658 mentis.

196 2684 410 2740 Asinas
441 2686 840 2758 possidemus,
894 2704 1029 2744 cum
1071 2688 1444 2746 lascivientes
1493 2697 1693 2747 motus
1734 2709 1856 2746 res-

199 2773 534 2844 tringimus,
566 2775 663 2830 vel
687 2793 826 2832 cum
867 2778 1254 2847 cogitationes
1283 2780 1436 2835 intra
1483 2797 1594 2835 nos
1637 2781 1859 2853 simpli-

197 2879 296 2917 ces
323 2864 608 2932 regimus.
645 2867 796 2921 Dum
842 2867 1001 2921 enim
1049 2868 1123 2922 de
1153 2868 1267 2924 hoc
1319 2869 1484 2941 quod
1535 2870 1860 2942 prudenter

197 2953 491 3024 sapimus,
523 2954 617 3008 vel
665 2954 829 3026 quod
879 2956 1182 3011 humiliter
1227 2957 1576 3025 ignoramus
1625 2963 1857 3015 aterna

193 3041 364 3139 pacis
392 3042 662 3114 requiem
694 3044 1043 3139 quarimus,
1067 3046 1241 3139 quasi
1261 3045 1420 3139 intra
1436 3047 1660 3118 jubelei
1688 3048 1862 3120 [jubi-
1898 3085 1939 3139 Ο

195 3131 314 3203 lai]
365 3147 686 3188 numerum
746 3137 1036 3188 tenemus.
1099 3135 1417 3206 Sequitur:
1476 3139 1565 3192 Ac
1617 3139 1859 3207 familia

193 3225 390 3279 multa
420 3226 615 3280 nimis.
660 3257 727 3265 —
759 3225 906 3288 Quia
949 3227 1110 3281 enim
1137 3226 1215 3282 ad
1269 3228 1669 3297 cognitionem
1719 3229 1859 3286 fidei

193 3311 365 3383 prius
413 3313 594 3369 stulta
650 3314 862 3369 mundi
919 3315 1164 3371 collecta
1224 3322 1382 3382 sunt,
1431 3321 1495 3372 ut
1538 3323 1674 3389 post
1731 3320 1860 3390 ejus

194 3401 376 3456 etiam
408 3407 602 3458 astuta
630 3410 1010 3474 vocarentur,
1054 3405 1407 3462 animalium
1452 3407 1618 3478 prius
1665 3409 1861 3465 multi-

195 3490 348 3545 tudo
375 3495 432 3546 et
460 3491 681 3548 familia
710 3494 768 3548 in
801 3498 1067 3550 extremo
1101 3501 1491 3551 memoratur.
1541 3497 1726 3553 Paulo
1776 3503 1860 3554 at-

193 3583 473 3651 testante,
497 3582 599 3654 qui
629 3583 711 3639 ait
745 3601 756 3637 :
795 3606 822 3630 ‹‹
854 3587 980 3640 Non
1007 3584 1176 3640 multi
1200 3585 1498 3658 sapientes
1523 3587 1858 3650 secundum

193 3684 460 3738 carnem,
489 3687 611 3728 non
644 3673 812 3729 multi
859 3678 1148 3746 potentes,
1189 3691 1313 3730 non
1357 3675 1528 3731 multi
1581 3677 1856 3745 nobiles;

189 3758 303 3813 sed
331 3774 465 3830 qua
493 3761 674 3818 stulta
700 3767 841 3818 sunt
869 3763 1083 3818 mundi
1113 3763 1287 3834 elegit
1318 3768 1490 3832 Deus,
1519 3770 1583 3822 ut
1612 3767 1860 3822 confun-

191 3847 302 3903 ‘dat
327 3849 499 3905 fortia
521 3853 578 3918 (Ι
605 3852 741 3907 Cor.
773 3869 808 3918 ι,
857 3853 966 3922 26).
1003 3876 1031 3902 ››
1076 3856 1425 3910 Mommren.
1477 3856 1717 3912 Multam
1765 3857 1855 3911 ni-

187 3936 311 3991 mis
343 3937 633 3994 familiam
666 3939 1071 4010 possidemus,
1107 3957 1244 3996 cum
1277 3943 1666 4012 cogitationes
1686 3945 1859 4000 innu-

193 4041 394 4082 meras
424 4027 539 4081 sub
576 4027 792 4082 mentis
832 4028 1243 4084 dominatione
1291 4031 1723 4100 restringimus.
1779 4033 1859 4088 Si-

193 4119 291 4170 cut
320 4115 489 4169 enim
519 4113 765 4168 absente
787 4114 1037 4170 domina
1066 4115 1414 4172 ancillarum
1466 4119 1684 4188 lingua
1727 4137 1859 4192 per-

194 4205 485 4274 strepunt,
517 4201 714 4272 operis
745 4200 941 4258 ofﬁcia
970 4202 1298 4273 negligunt.
1333 4209 1571 4276 repente
1610 4206 1860 4262 domina

193 4291 486 4357 veniente,
519 4289 741 4359 lingua
781 4296 1220 4364 perstrepentes
1268 4293 1529 4361 reticent,
1581 4295 1659 4350 ad
1701 4312 1856 4368 opus

191 4384 564 4435 revertuntur
592 4399 604 4446 ;
659 4380 744 4435 sic
773 4380 950 4449 igitur
977 4381 1025 4436 si
1052 4381 1301 4437 domina
1329 4384 1543 4438 mentis
1592 4385 1742 4441 ratio
1768 4386 1855 4442 di-

193 4466 417 4531 scedat,
451 4468 877 4537 cogitationum
909 4486 973 4524 se
994 4469 1224 4525 clamor
1247 4470 1638 4544 multiplicat;
1669 4476 1733 4527 ut
1753 4487 1856 4528 au-

193 4561 314 4611 tem
366 4556 514 4611 ratio
563 4555 819 4624 redierit,
880 4558 1310 4626 cogitationum
1367 4575 1430 4614 se
1487 4560 1856 4616 tumultuosa

194 4643 371 4699 turba
400 4645 765 4716 compescit:
800 4647 1076 4719 Sequitur
1107 4666 1119 4703 :
1157 4651 1415 4720 Eratque
1457 4651 1550 4705 vir
1579 4651 1684 4705 ille
1726 4664 1854 4705 ma-

192 4748 349 4803 gnus
376 4735 535 4789 inter
563 4750 761 4791 omnes
802 4737 1154 4792 Orientales.
1201 4771 1267 4777 —
1318 4737 1641 4794 Orientales
1692 4738 1852 4794 viros

194 4835 326 4875 esse
356 4821 709 4893 pradivites,
740 4823 875 4895 quis
912 4823 1188 4894 ignorat?
1219 4829 1462 4894 Magnus
1509 4842 1652 4896 ergo
1705 4827 1855 4882 inter

194 4908 522 4965 Orientales
587 4912 824 4981 exstitit,
883 4913 1026 4984 quia
1081 4918 1135 4968 et
1175 4914 1458 4970 divitibus
1515 4916 1690 4972 ditior
1746 4916 1856 4973 fuit

191 5001 456 5054 MYSTICE.
491 5000 697 5055 Oriens
729 5001 1088 5073 Redemptor
1118 5007 1317 5058 noster
1346 5003 1578 5072 dicitur,
1612 5009 1676 5060 ut
1705 5005 1852 5061 illud

190 5087 501 5159 propheta
533 5106 546 5143 :
583 5112 609 5136 ‹‹
646 5092 791 5145 Ecce
819 5090 924 5160 vir,
954 5091 1158 5146 Oriens
1187 5107 1409 5148 nomen
1459 5095 1588 5164 ejus
1636 5095 1848 5165 (Zach.

188 5193 268 5242 vr,
301 5178 408 5246 12).
443 5199 471 5225 ››
516 5179 735 5234 Omnes
773 5194 914 5249 ergo
962 5180 1064 5252 qui
1090 5180 1150 5236 in
1180 5181 1340 5237 hunc
1383 5183 1678 5239 Orientem
1733 5184 1851 5241 ﬁde

187 5265 545 5333 consistunt,
602 5272 758 5324 recte
805 5269 1127 5325 Orientales
1176 5275 1482 5326 vocantur.
1547 5272 1659 5328 Sed
1706 5274 1850 5345 quia

186 5369 403 5412 omnes
436 5354 714 5412 homines
735 5359 1154 5415 tantummodo
1175 5360 1475 5429 homines,
1498 5361 1626 5432 ipse
1648 5366 1850 5418 autem

187 5445 421 5514 Oriens,
440 5445 602 5507 Deus
633 5451 690 5501 et
712 5446 917 5513 homo,
951 5452 1104 5502 recte
1131 5448 1381 5505 dicitur:
1410 5451 1560 5506 Erat
1593 5467 1849 5521 magnus

189 5536 350 5588 inter
396 5549 595 5591 omnes
638 5537 987 5591 Orientales.
1040 5539 1390 5595 Momuren.
1438 5545 1590 5597 Inter
1636 5557 1848 5597 omnes

189 5623 522 5680 Orientales
547 5625 754 5696 magni
783 5624 1093 5692 efﬁcimur,
1123 5641 1263 5682 cum
1285 5629 1367 5684 eis
1410 5631 1716 5703 spiritibus
1744 5633 1849 5705 qui

187 5709 402 5768 orienti
433 5711 549 5768 luci
577 5713 887 5780 inharent,
919 5727 1128 5786 pressa
1163 5715 1419 5772 carnalis
1448 5719 1845 5792 corruptionis

1974 457 2220 514 sibilitas
2251 460 2870 532 suppetit,sociamur.
2891 463 2954 515 Ut
2977 461 3191 516 Paulus
3217 461 3332 517 ait:
3369 484 3394 510 ‹‹
3422 465 3629 517 Nostra

1972 549 2342 605 conversatio
2363 549 2424 603 in
2466 549 2628 604 caelis
2663 553 2755 604 est
2791 550 2976 619 (Phil.
3004 565 3090 617 ιιι,
3120 550 3282 620 30).»
3317 549 3623 621 Sequitur:

2043 638 2212 693 Vers.
2245 641 2298 693 4.
2322 639 2400 693 Et
2430 639 2597 694 ibant
2641 639 2760 707 ﬁlii
2786 641 2933 707 ejus,
2975 644 3028 694 et
3075 640 3384 708 faciebant
3432 639 3628 694 convi-

1973 725 2130 780 vium
2150 741 2264 794 per
2292 727 2511 782 domos.
2538 759 2604 766 —
2633 728 2675 783 O
2698 725 3175 782 inaestimabilem
3223 730 3484 797 paterna
3536 727 3626 782 in-

1972 814 2287 870 stitutionis
2317 815 2557 871 laudem
2577 817 2604 870 ’ἶ
2646 819 2708 872 Et
2736 821 2906 889 pater
2935 815 3099 870 dives
3142 814 3376 877 dicitur,
3421 821 3477 870 et
3523 816 3626 870 lilii

1971 903 2318 958 concordes.
2349 907 2607 960 MYSTlCli.
2658 904 2780 959 Filii
2822 920 2929 975 per
2973 903 3188 959 domos
3236 902 3509 958 convivia
3548 903 3629 958 fa-

1971 991 2119 1047 cturi
2147 991 2332 1060 ibant,
2367 1010 2503 1048 cum
2536 993 2952 1065 praedicatores
2983 991 3235 1064 apostoli
3275 992 3336 1046 in
3380 991 3628 1046 diversis

1969 1080 2180 1135 mundi
2237 1081 2601 1149 regionibus,
2656 1081 2941 1138 virtutum
2995 1080 3204 1153 epulas
3247 1078 3628 1135 audientibus

1969 1170 2142 1241 quasi
2171 1170 2486 1227 edentibus
2513 1171 2949 1227 ministrabant.
2981 1171 3144 1226 Unde
3166 1174 3223 1226 et
3246 1169 3472 1225 eisdem
3492 1168 3627 1224 ﬁliis

1969 1259 2366 1315 esurientibus
2396 1260 2674 1332 plebibus
2699 1259 2945 1315 dicitur:
2982 1281 3009 1307 «
3032 1261 3171 1314 Date
3197 1259 3310 1314 illis
3337 1273 3442 1312 vos
3461 1273 3629 1313 man-

1970 1348 2190 1404 ducare
2224 1350 2460 1420 (Matth.
2486 1366 2605 1418 xlv,
2645 1351 2748 1419 10).
2784 1373 2812 1398 ››
2843 1348 2899 1403 Si
2925 1348 3086 1403 enim
3123 1347 3474 1417 ignorantia
3522 1347 3628 1401 ob-

1970 1437 2220 1492 scuritas
2247 1437 2370 1492 sine
2399 1437 2769 1492 dubitatione
2799 1451 2920 1492 nox
2947 1440 3034 1490 est
3058 1434 3275 1502 cordis,
3299 1433 3627 1489 intellectus

1967 1541 2089 1581 non
2119 1526 2416 1582 immerito
2451 1526 2577 1581 dies
2606 1529 2874 1591 vocatur,
2905 1529 2970 1581 ut
3001 1524 3217 1580 Paulus
3249 1523 3361 1579 ait:
3409 1545 3435 1572 ‹‹
3461 1523 3626 1578 Alius

1963 1615 2195 1685 judicat
2249 1615 2410 1672 diem
2460 1616 2612 1671 inter
2657 1615 2838 1671 diem.
2893 1613 3056 1669 Alius
3103 1612 3336 1684 judicat
3379 1629 3625 1668 omnem

1900 1731 1938 1784 Β
1969 1704 2128 1760 diem
2163 1707 2488 1776 (Rom.x1v,
2523 1706 2597 1776 ὃ).
2635 1727 2662 1755 ››
2705 1703 3123 1776 Unusquisque
3167 1717 3310 1773 ergo
3356 1701 3517 1756 ﬁlius
3563 1701 3625 1756 in

1967 1794 2062 1849 die
2089 1811 2199 1850 suo
2228 1794 2571 1851 convivium
2602 1793 2860 1860 exhibet,
2891 1793 3036 1865 quia
3075 1796 3318 1847 sanctus
3365 1791 3626 1862 quisque

1967 1884 2324 1956 pradicator
2350 1886 2521 1955 juxta
2552 1899 2901 1940 mensuram
2925 1881 3273 1937 illuminata
3298 1879 3626 1948 intelligen-

1968 1972 2060 2028 tia
2091 1977 2321 2029 mentes
2355 1973 2729 2028 audientium
2758 1970 2949 2044 epulis
2977 1970 3240 2026 veritatis
3289 1969 3500 2042 pascit.
3535 1967 3626 2024 Sic

1965 2063 2191 2134 quippe
2223 2061 2444 2117 Paulus
2472 2061 2748 2132 faciebat,
2781 2077 2920 2117 cum
2941 2059 3178 2116 dicebat
3208 2078 3221 2115 :
3275 2080 3302 2108 ‹‹
3331 2058 3626 2114 Beatiores

1967 2155 2141 2206 erunt
2166 2151 2214 2206 si
2245 2151 2327 2207 sic
2358 2151 2817 2224 permanserint,
2848 2149 3182 2206 secundum
3199 2164 3405 2204 meum
3436 2147 3628 2204 consi-

1966 2240 2112 2295 lium
2147 2240 2201 2311 (I
2218 2241 2354 2296 Cor.
2386 2257 2488 2306 vu,
2520 2241 2633 2310 40).
2667 2261 2698 2290 ›
2731 2242 2974 2296 Sorores
3028 2237 3133 2293 ﬁlii
3171 2237 3251 2293 ad
3281 2237 3624 2293 convivium

1967 2335 2206 2399 vocant,
2238 2330 2382 2401 quia
2412 2329 2666 2384 inﬁrmis
2710 2327 3084 2385 auditoribus
3133 2326 3323 2382 sancti
3371 2324 3626 2398 apostoli

1966 2419 2302 2474 refectioms
2334 2433 2608 2490 supernae
2636 2417 2858 2489 gaudia
2896 2416 3247 2490 pradicant,
3293 2429 3625 2486 eorumque

1966 2513 2197 2564 mentes
2227 2507 2454 2581 pabulo
2482 2507 2744 2563 veritatis
2768 2507 2848 2578 jej
2859 2521 3010 2561 unas
3038 2504 3225 2560 divini
3245 2503 3465 2574 eloquii
3481 2518 3625 2574 epu-

1965 2597 2036 2653 lis
2065 2602 2341 2670 pascunt.
2379 2597 2680 2670 Scriptura
2703 2596 2864 2652 enim
2895 2611 3066 2651 sacra
3093 2593 3420 2665 aliquando
3451 2591 3624 2647 cibus

1965 2692 2075 2754 est,
2111 2693 2174 2743 ut
2196 2686 2346 2742 illud
2375 2687 2714 2759 propheta:
2749 2708 2776 2734 «
2804 2683 3038 2740 Parvuli
3058 2682 3355 2754 petierunt
3379 2696 3625 2753 panem,

1967 2781 2022 2832 et
2051 2791 2175 2831 non
2203 2780 2330 2831 erat
2364 2775 2806 2848 qui;_frangeret
2834 2773 2918 2828 eis
2947 2773 3190 2843 (Thren.
3220 2789 3294 2839 iv,
3321 2771 3395 2842 4).
3435 2795 3462 2818 ››
3510 2769 3626 2824 Ali-

1967 2864 2215 2937 quando
2263 2869 2462 2936 potus,
2514 2867 2577 2918 ut
2622 2862 2768 2918 illud
2815 2861 3165 2933 propheta:
3223 2862 3502 2916 «Omnes
3550 2857 3626 2912 si-

1969 2954 2177 3010 tientes
2208 2953 2403 3009 venite
2433 2953 2510 3008 ad
2541 2967 2754 3023 aquas.
2777 2951 2915 3022 (Isa.
2948 2967 3035 3017 LV,
3072 2949 3142 3019 t).
3178 2972 3206 2999 »
3256 2951 3322 3004 Et
3351 2948 3414 3003 in
3445 2951 3630 3003 Evan-

1970 3042 2124 3114 gelio
2155 3060 2166 3097 :
2204 3042 2259 3098 Si
2290 3041 2427 3114 quis
2456 3040 2574 3096 sitit
2601 3041 2819 3106 veniat,
2853 3043 2909 3094 et
2936 3037 3106 3092 bibat
3134 3038 3327 3109 (Joan.
3355 3053 3454 3103 vu,
3478 3037 3627 3106 37).»

1969 3136 2322 3189 Moaxurm.
2372 3131 2491 3187 Filii
2547 3146 2654 3202 per
2709 3128 2924 3185 domos
2981 3127 3324 3182 convivium
3382 3126 3625 3189 faciunt,

1969 3221 2114 3278 dum
2143 3221 2386 3276 virtutes
2414 3218 2664 3290 singula
2677 3218 2850 3289 juxta
2872 3217 3103 3274 donum
3125 3215 3437 3288 proprium
3459 3230 3628 3270 men-

1968 3317 2088 3368 tem
2126 3313 2403 3383 pascunt.
2457 3310 2528 3363 In
2559 3308 2656 3363 die
2679 3323 2805 3363 suo.
2857 3339 2926 3346 —
2977 3304 3106 3361 Dies
3155 3304 3629 3376 uniuscujusque

1968 3400 2073 3456 ﬁlii
2099 3404 2186 3454 est
2215 3397 2573 3453 illuminatio
2604 3395 3082 3466 uniuscujusque
3107 3393 3357 3448 virtutis.
3391 3391 3631 3463 Sapien-

1968 3488 2049 3544 tia
2073 3488 2135 3542 in
2165 3487 2262 3554 die
2302 3502 2410 3541 suo
2460 3484 2803 3540 convivium
2853 3483 3011 3551 facit,
3052 3480 3195 3554 quia
3241 3483 3505 3535 mentem
3553 3479 3629 3534 de

1970 3552 2328 3633 aeternorum
2369 3590 2473 3647 spe
2523 3579 2580 3630 et
2616 3572 2966 3629 certitudine
3016 3552 3222 3642 replet.
3275 3567 3625 3635 Intellectus,

1968 3683 2107 3724 cum
2138 3665 2344 3722 audita
2372 3668 2662 3737 penetrat,
2694 3667 2751 3719 et
2793 3661 2989 3718 cordis
3033 3658 3309 3716 tenebras
3352 3658 3623 3714 illustrat.

1970 3755 2320 3822 Consilium,
2379 3753 2721 3809 convivium
2779 3751 2938 3819 facit,
2990 3766 3131 3806 cum
3183 3764 3312 3805 esse
3363 3747 3629 3820 praecipi-

1967 3850 2088 3900 tem
2117 3843 2412 3916 prohibet.
2447 3841 2773 3907 Fortitudo,
2800 3857 2938 3896 cum
2956 3839 3212 3895 adversa
3243 3853 3366 3894 non
3396 3837 3622 3906 metuit,

1967 3940 2026 3990 et
2055 3933 2220 3988 cibos
2251 3931 2621 3988 cenﬁdentia
2662 3930 2930 4003 apponit.
2983 3928 3236 3985 Scientia
3283 3926 3625 3984 convivium

1967 4023 2128 4092 facit,
2158 4023 2303 4094 quia
2354 4021 2704 4090 ignorantia
2751 4019 3048 4089 jejunium
3107 4021 3366 4089 superat.
3414 4016 3622 4083 Pietas,

1969 4128 2108 4168 cum
2139 4111 2336 4166 cordis
2362 4111 2591 4164 viscera
2634 4107 3054 4163 misericordia
3096 4105 3379 4177 operibus
3417 4104 3620 4175 replet.

1967 4201 2164 4258 Timor
2192 4199 2255 4254 in
2282 4198 2377 4255 die
2409 4214 2521 4254 suo
2573 4195 2916 4252 convivium
2964 4199 3156 4266 parat,
3206 4193 3354 4249 dum
3410 4193 3627 4266 premit

1964 4295 2231 4347 mentem
2256 4305 2331 4344 ne
2357 4288 2432 4345 de
2477 4285 2870 4360 praesentibus
2917 4284 3240 4357 superbiat,
3287 4283 3361 4338 de
3410 4283 3622 4338 futuris

1967 4380 2132 4436 illam
2165 4380 2291 4453 spei
2335 4378 2470 4434 cibo
2510 4376 2820 4434 confortat.
2875 4376 3118 4431 Sorores
3160 4373 3342 4431 etiam
3390 4373 3495 4428 ﬁlii
3542 4373 3621 4429 ad

1965 4469 2304 4527 convivium
2344 4471 2583 4532 vocant,
2615 4482 2754 4522 cum
2783 4466 3025 4521 virtutes
3063 4468 3282 4520 nostra
3329 4463 3389 4519 in
3441 4478 3620 4520 omne

1963 4561 2130 4632 quod
2175 4565 2380 4630 agunt,
2432 4573 2624 4631 spem,
2672 4555 2856 4612 ﬁdem
2915 4559 2971 4611 et
3026 4554 3373 4611 charitatem
3426 4554 3620 4610 adsci-

1963 4653 2122 4713 cunt,
2154 4653 2217 4704 ut
2241 4648 2411 4716 ﬁdes,
2445 4645 2582 4719 spes
2612 4649 2668 4701 et
2697 4643 2954 4699 charitas
2997 4643 3302 4712 gaudeant
3354 4643 3416 4697 in
3464 4657 3619 4713 opus

1961 4738 2214 4802 bonum,
2243 4735 2410 4809 quod
2441 4748 2821 4804 unaquaque
2849 4731 3036 4786 virtus
3085 4729 3480 4787 administrat.
3517 4731 3617 4785 Se-

1958 4827 2160 4899 quitur
2188 4844 2201 4879 :

2033 4919 2199 4969 Vens.
2235 4918 2287 4968 5.
2321 4913 2589 4982 Cumque
2616 4912 2679 4965 in
2707 4911 2904 4965 orbem
2928 4910 3281 4964 transissent
3323 4908 3445 4964 dies
3476 4925 3616 4965 con-

1962 5004 2124 5070 vivii,
2157 5007 2212 5058 et
2241 5001 2491 5073 reliqua.
2527 5032 2593 5039 —
2625 5002 2773 5056 Cum
2790 4998 2950 5068 dicit,
2982 4998 3250 5055 mittebat
3276 5004 3330 5054 et
3351 5001 3617 5068 sanctiﬁ-

1961 5094 2137 5150 cabat
2190 5092 2348 5160 illos,
2408 5093 2608 5162 aperte
2656 5093 3024 5144 monstratur
3059 5088 3206 5160 quid
3234 5088 3614 5146 districtionis

1959 5197 2102 5252 erga
2130 5180 2261 5237 illos
2282 5195 2546 5254 prasens
2585 5182 2806 5249 ageret,
2837 5177 3060 5250 quibus
3090 5171 3309 5235 absens
3343 5179 3618 5235 sollicitu-

1959 5271 2099 5326 dine
2120 5285 2244 5325 non
2269 5269 2518 5325 deesset.
2553 5268 2648 5323 Vir
2675 5267 2901 5340 quippe
2923 5271 3170 5324 sanctus
3198 5271 3447 5322 noverat
3469 5263 3615 5334 quia

1960 5358 2246 5416 celebrari
2267 5357 2541 5414 convivia
2562 5357 2688 5413 sine
2708 5357 2886 5430 culpa
2905 5357 3004 5413 vix
3019 5359 3285 5430 possent.
3306 5357 3453 5408 Nam
3465 5350 3611 5407 dum

1958 5466 2177 5523 corpus
2197 5449 2257 5504 in
2283 5447 2616 5504 refectionis
2635 5447 3026 5504 delectatione
3050 5441 3378 5508 resolvitur,
3410 5456 3513 5497 cor
3533 5442 3613 5498 ad

1956 5540 2133 5596 inane
2151 5538 2441 5610 gaudium
2462 5538 2776 5596 relaxatur.
2813 5537 2977 5593 Unde
2999 5533 3282 5602 scriptum
3300 5535 3388 5588 est
3410 5549 3421 5587 :
3459 5556 3486 5581 ‹‹
3511 5535 3610 5587 Se-

1956 5629 2042 5686 dit
2065 5629 2326 5703 populus
2347 5629 2717 5687 manducare
2747 5632 2802 5682 et
2847 5625 3072 5689 bibere,
3122 5625 3179 5678 et
3227 5625 3612 5679 surrexerunt

1956 5720 2160 5778 ludere
2199 5721 2416 5791 (Exod.
2451 5735 2625 5787 xxxn,
2666 5717 2737 5786 6).
2771 5738 2798 5764 »
2852 5711 3017 5779 Quod
3065 5729 3207 5769 vero
3257 5719 3470 5770 octavo
3513 5709 3607 5764 die
