4154 6180
542 203 645 257 H5

1574 198 1628 253 S.
1674 198 1930 255 ODONIS
1966 199 2277 258 ABBATIS
2318 203 2822 263 CLUNIACENSIS
2862 205 2926 261 II.

3886 202 4002 258 118

539 323 752 383 beatus
778 320 888 381 Job
915 315 1275 376 sacriﬁcium
1304 318 1494 389 offert,
1515 321 1864 395 mysterium
1886 323 2197 379 surrectio-
2222 331 2271 387 Α
2310 326 2453 382 Hinc
2482 327 2698 383 Paulus
2725 328 2809 387 ait
2839 346 2852 383 :
2905 351 2931 377 ‹‹
2962 328 3145 385 Nolite
3194 331 3328 384 ante
3380 330 3619 399 tempus
3666 326 3999 399 judicare,

540 410 816 473 niscolit.
868 409 1130 464 Mrsncs.
1192 412 1254 463 1n
1309 408 1519 466 orbem
1567 410 1694 467 dies
1743 410 1997 469 convivii
2043 417 2201 469 tran-

544 504 734 565 seunt,
764 514 903 559 cum
940 496 1383 573 praedicationis
1431 499 1757 557 ministeria
1813 507 2195 573 peraguntur.

543 589 795 651 Peractis
821 586 1104 647 conviviis
1131 586 1553 646 holocaustum
1578 589 1692 646 Joh
1722 606 1832 662 pro
1862 590 1998 646 ﬁliis
2032 591 2202 647 obtu-

540 678 625 750 lit,
655 677 800 753 quia
824 693 934 753 pro
960 677 1246 752 apostolis
1265 677 1339 735 de
1371 679 1791 752 praedicatione
1812 680 2198 737 redeuntibus

545 772 776 829 Patrem
805 767 1166 840 Redemptor
1183 769 1467 827 exoravit.
1511 769 1682 825 Mittit
1715 769 1825 826 Joh
1854 775 1911 827 et
1939 770 2199 827 sanctiﬁ-

546 864 641 919 cat
663 858 841 929 ﬁlios,
872 858 1017 932 quia
1043 874 1151 933 per
1200 859 1479 932 Spiritum
1522 863 1818 929 sanctum,
1870 861 1973 933 qui
2018 877 2091 916 ex
2140 878 2201 917 se

546 950 835 1025 procedit,
879 949 1316 1023 discipulorum
1370 950 1652 1011 cordibus
1699 951 2059 1024 Redemptor
2099 968 2202 1007 no-

547 1045 667 1098 ster
688 1039 987 1114 quidquid
1010 1039 1204 1115 culpae
1228 1040 1422 1113 potuit
1447 1057 1542 1098 em
1552 1041 1810 1098 undavit.
1834 1041 2078 1099 Diliculo
2099 1040 2203 1097 ho-

546 1131 817 1191 locausta
844 1130 1036 1199 offert,
1067 1130 1211 1205 quia
1239 1132 1513 1189 tenebras
1542 1131 1758 1189 mentis
1803 1132 2088 1189 humanae
2116 1132 2203 1187 in-

550 1220 922 1285 tercessionis
942 1237 1066 1278 suae
1092 1221 1373 1300 petitione
1390 1221 1724 1280 illustravit.
1748 1223 2205 1280 MommrenPe—

548 1317 714 1371 racto
733 1311 879 1370 orbe
898 1310 1134 1372 dierum
1155 1312 1427 1381 convivii,
1443 1311 1673 1369 mittere
1690 1311 1769 1368 ad
1788 1311 1960 1380 ﬁlios,
1979 1328 2202 1385 eosque

549 1401 918 1461 sanctiﬁcare
946 1405 1209 1475 est,post
1229 1402 1518 1461 virtutum
1531 1418 1797 1472 sensum,
1815 1402 2203 1458 intentionem

543 1491 742 1553 cordis
784 1492 1059 1563 dirigere,
1115 1508 1191 1548 ne
1238 1492 1404 1550 bona
1448 1492 1837 1559 aestimentur,
1878 1508 2014 1564 quae
2043 1492 2204 1549 mala

547 1584 708 1643 sunt.
752 1581 1021 1639 Diluculo
1047 1596 1315 1653 namque
1366 1581 1809 1651 consurgimus,
1858 1597 1997 1637 cum
2045 1596 2206 1638 com-

2304 415 2705 489 quoadusque
2734 416 2932 473 veniat
2955 416 3262 481 Dominus,
3286 415 3386 488 qui
3411 421 3465 472 et
3482 415 3864 472 illuminabit
3884 416 4002 472 ab-

2304 504 2580 562 scondita
2594 505 2997 573 tenebrarum,
3027 509 3083 561 et
3108 504 3514 562 manifestabit
3542 504 3796 561 consilia
3851 522 3998 563 oor-

2305 593 2475 651 dium
2502 596 2561 669 (ζ
2586 596 2721 653 Cor.
2746 613 2820 665 1v,
2852 597 2929 667 5).
2956 619 2982 645 ››
3006 598 3272 653 Mrsucs.
3295 598 3413 651 Deo
3450 594 3839 664 benedicere,
3871 598 3994 662 est,

2304 683 2366 739 id
2385 688 2472 741 cst
2491 685 2868 755 maledicere,
2888 685 2962 742 de
2984 686 3114 756 ejus
3141 700 3387 741 munere
3410 684 3523 741 sibi
3544 684 3805 755 gloriam
3829 698 3998 757 pm:-

2303 773 2463 830 bere.
2491 775 2654 832 Unde
2693 775 2979 848 apostolis
3021 774 3409 832 redeuntibus
3463 791 3502 831 a
3541 773 3993 848 praedicatione

2308 863 2595 920 Dominus
2623 864 2809 937 pedes
2819 864 2982 934 lavit,
2997 864 3139 936 quia
3150 863 3507 937 plerumque
3526 864 3586 920 in
3605 863 3772 920 bono
3787 878 3991 937 opere

2308 952 2504 1025 pulvis
2534 968 2735 1025 pravae
2765 952 3137 1022 cogitationis
3184 954 3456 1009 sumitur.
3500 953 3676 1019 Quod
3700 952 3881 1021 dicit,
3916 969 3990 1010 ne

2305 1045 2486 1113 forte,
2513 1046 2780 1100 nostram
2800 1044 3202 1114 ignorantiam
3232 1043 3500 1116 suscipit,
3529 1047 3596 1099 ut
3616 1042 3801 1099 illud:
3835 1064 3870 1093 α
3900 1043 3991 1099 Fi-

2307 1132 2423 1190 lius
2453 1133 2714 1190 hominis
2740 1134 3007 1206 veniens,
3036 1138 3214 1207 putas
3262 1133 3523 1190 inveniet
3560 1125 3747 1189 ﬁdem
3789 1148 3987 1206 super

2307 1226 2527 1279 terram
2550 1222 2577 1277 ‘I
2607 1244 2634 1273 »
2662 1225 2829 1293 (Luc.
2862 1240 3021 1291 xvm,
3054 1224 3127 1295 8.)
3160 1225 3506 1280 Mensurae.
3688 1222 3752 1278 in
3771 1222 3982 1279 cordi-

2304 1313 2424 1373 bus
2456 1316 2575 1369 Deo
2604 1312 2990 1383 maledicunt,
3022 1330 3161 1369 cum
3193 1318 3355 1369 recta
3379 1317 3586 1370 nostra
3613 1329 3804 1386 opera
3848 1329 3983 1370 non

2308 1401 2481 1461 rectis
2510 1401 2969 1472 cogitationibus
2998 1403 3319 1475 prodeunt,
3352 1419 3492 1458 cum
3517 1419 3585 1459 se
3614 1406 3847 1483 mentes
3870 1418 3983 1459 no-

2309 1495 2446 1547 strae
2478 1490 2553 1547 de
2578 1506 2641 1545 se
2680 1491 2977 1547 aestimant
3002 1491 3226 1548 habere
3273 1491 3441 1564 quod
3489 1495 3648 1554 sunt,
3703 1506 3846 1546 cum
3899 1491 3981 1547 de

2308 1580 2487 1638 bonis
2515 1580 2797 1654 operibus
2828 1581 3137 1653 propriam
3166 1581 3410 1638 laudem
3435 1585 3733 1655 quaerunt.
3767 1582 3982 1655 Sequi-

546 1671 890 1745 punctionis
908 1670 1042 1733 luce
1064 1671 1310 1744 perfusi,
1323 1671 1711 1731 humanitatis
1728 1674 1944 1728 nostrae
1965 1676 2204 1729 noctem
2234 1693 2273 1747 Β
2309 1675 2440 1729 tur:
2473 1671 2575 1727 Sic
2602 1671 2865 1740 faciebat
2894 1673 3006 1727 Job
3059 1673 3287 1728 cunctis
3326 1672 3548 1728 diebus.
3580 1703 3650 1713 -—
3673 1671 3979 1744 Scriptum

545 1760 902 1828 deserimus,
934 1765 993 1818 et
1020 1761 1098 1817 ad
1118 1760 1240 1819 veri
1266 1760 1509 1818 luminis
1538 1761 1762 1832 radios,
1789 1761 1995 1817 oculos
2043 1777 2207 1818 men-

546 1851 620 1912 tis
645 1851 951 1924 aperimus
975 1868 989 1909 :
1013 1854 1195 1924 atque
1223 1850 1643 1910 holocaustum
1659 1867 1769 1923 pro
1789 1850 2039 1920 singulis
2072 1850 2205 1907 ﬁliis

545 1937 876 2011 offerimus,
927 1955 1067 1997 cum
1109 1955 1218 2012 pro
1268 1955 1639 2012 unaquaque
1686 1940 1896 1999 virtute
1954 1939 2205 1997 Domino

546 2030 773 2089 hostias
827 2034 1045 2089 nostra:
1094 2030 1286 2103 precis
1319 2031 1730 2091 immolamus.
1778 2030 2205 2088 Holocaustum

547 2124 739 2179 totum
760 2120 1075 2179 incensum
1103 2120 1336 2177 dicitur.
1371 2120 1797 2179 Holocaustum
1835 2121 1979 2178 dare
2005 2124 2093 2176 est
2122 2124 2206 2176 to-

546 2215 671 2271 tam
696 2214 959 2267 mentem
983 2209 1123 2279 igne
1145 2210 1624 2282 compunctionis
1644 2209 1983 2266 incendere.
2005 2208 2207 2282 Sequi-

544 2305 643 2357 tur
670 2317 683 2356 :
716 2300 983 2369 Dicebat,
1015 2316 1090 2356 ne
1116 2302 1278 2370 forte
1295 2302 1677 2370 peccaverint
1704 2302 1827 2370 ﬁlii
1864 2317 1998 2368 mei,
2028 2304 2084 2356 ct
2113 2316 2204 2356 re-

545 2388 731 2463 liqua.
758 2419 828 2428 --
858 2387 1151 2447 Perfectus
1190 2404 1320 2445 esse
1349 2389 1411 2446 in
1457 2404 1637 2462 opere
1668 2394 1727 2445 et
1771 2404 2045 2445 sermone
2096 2388 2205 2443 do—

546 2483 772 2550 cuerat,
797 2470 1021 2553 quibus
1053 2479 1129 2535 de
1158 2478 1286 2536 sola
1308 2482 1473 2536 Pater
1496 2478 1851 2549 cogitatione
1879 2477 2202 2534 metuebat.

550 2570 622 2624 Ut
646 2567 809 2624 enim
847 2567 922 2623 de
950 2566 1160 2624 alienis
1208 2566 1491 2623 cordibus
1538 2570 1760 2623 temere
1808 2582 1931 2623 non
1977 2566 2205 2635 judice-

550 2673 709 2726 mus,
768 2656 958 2714 sancti
1012 2655 1124 2727 viri
1187 2655 1382 2713 verbis
1453 2656 1861 2726 agnoscimus,
1929 2655 2033 2728 qui
2085 2671 2207 2710 non

553 2747 653 2817 ait,
684 2762 759 2803 ne
787 2746 1219 2820 benedixerint,
1265 2745 1391 2815 sed,
1440 2762 1515 2803 ne
1564 2747 1725 2817 forte
1775 2746 2203 2803 benedixerint.

2310 1761 2534 1833 quippe
2566 1765 2683 1817 est:
2719 1784 2745 1810 ‹‹
2777 1760 2889 1829 Qui
2928 1761 3398 1834 perseveraverit
3427 1776 3618 1834 usque
3661 1761 3722 1817 in
3762 1761 3978 1833 ﬁnem,

2309 1850 2405 1907 hic
2437 1849 2637 1907 salvus
2664 1850 2771 1906 erit
2796 1851 3033 1922 (Matth.
3066 1870 3119 1921 χ,
3152 1852 3262 1922 22).
3289 1874 3315 1901 »
3346 1855 3409 1907 In
3436 1851 3728 1907 sacriﬁcio
3758 1856 3977 1908 sancta

2310 1941 2484 2007 actio,
2504 1940 2564 1996 in
2591 1940 2820 1997 cunctis
2848 1940 3062 1997 diebus
3091 1942 3428 1998 constantia
3457 1945 3679 1998 sancta:
3710 1941 3978 2009 actionis

2311 2029 2677 2102 exprimitur.
2711 2033 2972 2086 MYSTICE.
3029 2031 3163 2087 Sine
3208 2030 3643 2087 intermissione
3687 2029 3977 2087 holocau-

2313 2124 2474 2176 stum
2499 2118 2860 2192 Redemptor
2889 2124 3091 2176 noster
3120 2120 3410 2189 immolat,
3440 2121 3587 2194 quia
3617 2121 3744 2177 sine
3767 2134 3974 2177 cessa-

2312 2208 2471 2266 tione
2501 2207 2655 2265 Patri
2684 2224 2862 2265 suam
2892 2225 3001 2281 pro
3029 2209 3205 2265 nobis
3235 2210 3709 2267 incarnationem
3724 2210 3974 2266 demon-

2310 2302 2474 2364 strat,
2505 2314 2641 2370 quin
2672 2302 2889 2354 nostrae
2920 2298 3241 2356 oblationis
3266 2300 3618 2357 emundatio
3645 2305 3751 2356 est.
3779 2303 3972 2357 loni-

2312 2404 2494 2444 LITER.
2543 2391 2855 2445 incassum
2910 2388 3143 2444 bonum
3199 2390 3414 2461 agitur,
3464 2390 3514 2445 si
3551 2395 3689 2447 ante
3736 2393 3973 2464 tempus

2311 2477 2448 2534 vitae
2477 2476 2807 2533 deseratur.
2834 2477 2977 2533 Hinc
2998 2479 3269 2550 reprobis
3297 2479 3510 2535 dicitur
3537 2498 3550 2534 :
3582 2501 3610 2529 ‹‹
3635 2482 3729 2535 Vsa
3757 2479 3849 2535 his
3869 2480 3974 2553 qui

2311 2565 3131 2638 perdideruntsustinentiam
3163 2568 3369 2639 (Eccli.
3398 2585 3457 2637 11,
3491 2569 3594 2639 16).
3631 2591 3660 2618 ι»
3689 2569 3841 2625 Hinc
3862 2569 3976 2625 ele-

2313 2656 2419 2711 ctis
2449 2655 2671 2712 Veritas
2700 2655 2843 2711 dicit
2874 2673 2887 2711 :
2917 2678 2945 2705 «
2970 2659 3082 2714 Vos
3114 2658 3252 2713 estis
3276 2658 3383 2730 qui
3410 2658 3827 2731 permansistis
3851 2674 3976 2714 me-

2314 2762 2453 2801 cum
2482 2745 2543 2801 in
2575 2745 3002 2802 tentationibus
3035 2748 3185 2803 meis
3217 2751 3386 2819 (Luc.
3417 2765 3549 2818 χχιι,
3579 2751 3694 2816 28).
3730 2771 3759 2799 ››

1754 3111 2097 3200 LIBER
2181 3112 2769 3202 SECUNDUS.

624 3451 796 3507 Vens.
830 3452 884 3507 6.
911 3447 1185 3516 Quadam
1211 3448 1308 3506 die
1353 3463 1485 3505 cum
1525 3449 1818 3506 venissent
1854 3447 1972 3516 ﬁlii
2005 3446 2116 3502 Dei
2144 3452 2210 3502 ut
2238 3448 2279 3504 C
2319 3445 2500 3503 etiam
2527 3445 2692 3518 vidit,
2723 3449 2789 3503 ut
2814 3444 2961 3501 illud
2995 3464 3007 3502 :
3045 3446 3262 3503 «Oculi
3294 3447 3526 3505 Domini
3566 3446 3981 3520 contemplan-

553 3541 896 3598 am'sterent
924 3554 1126 3597 coram
1153 3538 1425 3609 Domino,
1464 3538 1667 3608 adfuit
1695 3539 1852 3593 inter
1896 3523 1988 3593 eo's
2032 3536 2209 3593 etiam

553 3630 769 3688 Satan.
821 3660 890 3672 -ο
936 3629 1147 3688 Divina
1188 3628 1351 3685 enim
1398 3627 1699 3701 Scriptura
1755 3626 2072 3702 quautaws
2123 3642 2211 3682 re-

552 3734 691 3778 rum
721 3718 999 3793 exprimit
1024 3718 1436 3791 terminosque
1473 3732 1815 3776 causarum.
1870 3714 2212 3789 Aliquando

554 3823 593 3867 a
620 3807 915 3882 positione
943 3807 1080 3881 loci,
1118 3812 1184 3866 ut
1210 3807 1391 3865 Israel
1429 3806 1616 3865 verba
1646 3807 1748 3864 Dei
1770 3806 1832 3864 in
1856 3810 2061 3865 monte
2108 3822 2212 3862 au-

554 3898 681 3957 dire
725 3914 850 3956 non
906 3897 1120 3972 potuit,
1169 3901 1380 3971 postea
1430 3912 1554 3955 non
1612 3896 1944 3954 crediturus
1991 3895 2208 3968 (Ea-od.

553 4006 646 4062 xx,
680 3990 786 4061 £9).
829 3988 1168 4063 Aliquando
1215 4003 1253 4046 a
1299 3987 1597 4062 positione
1644 3986 1930 4062 corporis,
1979 3991 2045 4043 ut
2088 3988 2211 4044 Ste-

551 4079 795 4155 phanus
824 4081 1030 4139 Jesum
1058 4082 1315 4137 stantem
1343 4078 1492 4136 vidit
1539 4078 1698 4150 (Act.
1725 4094 1846 4150 vui,
1878 4078 1990 4149 55).
2048 4077 2211 4134 Stare

552 4169 715 4230 enim
733 4169 1064 4244 pugnantis
1087 4172 1197 4226 est.
1226 4167 1568 4242 Aliquando
1598 4168 1678 4226 ab
1707 4168 1861 4226 aeris
1901 4166 2208 4241 qualitate,

552 4261 620 4317 ut
645 4258 710 4315 in
739 4258 1063 4327 Evangelio
1090 4274 1103 4313 :
1138 4258 1335 4314 Hiems
1372 4262 1499 4315 erat
1545 4259 1744 4325 (Joan.
1773 4275 1825 4324 χ,
1853 4258 1969 4327 22),
1995 4274 2026 4327 ξ
2075 4255 2210 4312 nul-

551 4344 682 4402 lum
710 4344 948 4403 credere
978 4345 1226 4402 docens.
1256 4344 1597 4416 Aliquando
1644 4360 1681 4400 a
1724 4343 2011 4416 qualitate
2058 4348 2208 4399 tem-

551 4431 736 4504 poris,
799 4435 862 4491 ut
907 4431 988 4488 ad
1028 4431 1392 4491 tradendum
1431 4431 1754 4490 Dominum
1802 4435 1976 4486 nocte
2025 4431 2210 4486 Judas

551 4518 710 4578 exiit.
744 4518 894 4585 Quia
931 4534 1074 4591 ergo
1120 4519 1280 4577 beati
1328 4519 1439 4579 Job
1485 4519 1729 4576 tentatio
1777 4519 1855 4575 ad
1900 4518 2210 4577 victoriam

550 4609 808 4680 ducitur,
842 4625 880 4667 a
906 4608 1004 4670 die
1032 4608 1187 4682 coepi
1212 4607 1576 4682 perhibetur.
1612 4606 1715 4664 Dei
1742 4606 1848 4662 ﬁlii
1895 4606 2060 4664 electi
2108 4624 2210 4666 an-

550 4700 666 4772 geli
691 4702 1001 4770 vocantur,
1031 4698 1133 4773 qui
1162 4697 1244 4757 ad
1268 4714 1382 4756 nos
1431 4696 1722 4771 spirituali
1764 4697 2081 4770 praesentia
2116 4697 2205 4755 fo-

2318 3541 2414 3592 tur
2439 3535 2636 3592 bonos
2664 3539 2722 3594 et
2763 3536 2959 3593 malos
2990 3537 3192 3607 (Prov.
3222 3554 3311 3607 xv,
3345 3538 3421 3608 3).
3456 3559 3483 3586 ››
3512 3537 3681 3595 Visus
3708 3541 3817 3607 est,
3868 3537 3983 3595 sed

2318 3640 2443 3680 non
2495 3624 2661 3696 vidit,
2714 3629 2776 3681 ut
2823 3641 3017 3683 cmcus
3070 3642 3106 3682 a
3148 3626 3331 3684 radiis
3383 3626 3526 3684 solis
3578 3626 3980 3700 perfunditur,

2320 3730 2460 3771 cum
2508 3713 2715 3771 lumen
2767 3714 2899 3786 ejus
2950 3715 3079 3788 ipse
3121 3731 3245 3772 non
3296 3715 3513 3773 videat.
3565 3716 3672 3775 Cui
3713 3715 3979 3773 dicitur:

2328 3804 2495 3861 Unde
2518 3805 2680 3861 venis
2699 3805 2727 3861 εἰ
2756 3804 2991 3861 Nescire
3020 3805 3121 3862 Dei
3162 3806 3486 3880 reprobare
3515 3811 3622 3876 est,
3672 3810 3737 3864 ut
3779 3806 3933 3864 illud
3964 3824 3979 3864 :

2322 3913 2352 3948 α
2375 3893 2582 3952 Nescio
2610 3911 2716 3977 vos
2739 3895 2981 3967 (Matth.
3021 3900 3150 3965 xxv)
3187 3897 3293 3968 l2).
3331 3920 3359 3948 »
3408 3901 3779 3954 ALLscoaics.
3822 3898 3985 3962 Qua-

2319 3984 2465 4041 dam
2514 3984 2611 4042 die
2640 3985 2876 4043 venisse
2923 3988 3104 4045 Satan
3148 3987 3382 4057 dicitur,
3433 4004 3557 4045 non
3605 3987 3771 4061 quod
3810 3987 3983 4060 apud

2319 4077 2509 4153 Deum
2547 4091 2759 4132 cursus
2804 4077 3090 4151 temporis
3137 4078 3465 4136 mutatione
3507 4077 3624 4134 diei
3665 4077 3981 4150 noctisque

2320 4167 2595 4237 varietur,
2645 4167 2752 4224 sed
2800 4183 2971 4225 sacra
3011 4168 3311 4241 Scriptura
3348 4168 3753 4242 temporaliter
3803 4167 3985 4224 editis

2317 4254 2593 4327 loquens,
2633 4257 3064 4328 temporalibus
3095 4258 3277 4314 utitur
3304 4257 3520 4316 verbis.
3555 4262 3638 4317 Ea
3665 4258 3889 4332 quippe
3918 4258 3982 4313 vi

2313 4342 2556 4412 justiﬁes
2584 4342 2937 4400 immundus
2966 4346 3206 4416 spiritus
3235 4351 3600 4418 penetratur,
3639 4348 3782 4422 quia
3806 4346 3981 4404 vide-

2315 4429 2452 4485 licet
2479 4431 2849 4488 mundorum
2879 4432 3196 4505 spirituum
3224 4437 3410 4494 corda
3437 4438 3761 4510 replentur.
3788 4441 3853 4494 In
3876 4436 3982 4493 die

2317 4516 2478 4575 enim
2504 4518 2793 4576 Dominus
2824 4522 3107 4579 Satanam
3136 4523 3299 4592 vidit,
3333 4526 3477 4598 quia
3504 4526 3628 4582 vias
3649 4527 3779 4598 ejus
3805 4526 3983 4582 insa-

2315 4607 2552 4681 pientiae
2579 4625 2703 4665 sum
2750 4608 3163 4668 incarnatione
3211 4613 3496 4685 corripuit
3543 4614 3710 4669 Unde
3755 4617 3924 4671 venis
3952 4617 3982 4672 ‘l

2316 4696 2513 4753 dicere
2543 4701 2635 4755 est
2661 4698 2877 4756 occulti
2907 4700 3094 4756 hostis
3122 4700 3372 4757 insidias
3396 4700 3689 4770 detegere.
3718 4700 3842 4755 Filii
3874 4705 3982 4761 Dei

547 4806 647 4849 ras
679 4794 899 4847 exeunt
934 4793 992 4847 et
1043 4794 1243 4846 tamen
1282 4803 1344 4844 se
1389 4789 1635 4845 internae
1689 4786 2206 4861 contemplationis
2233 4812 2281 4867 ι)
2317 4787 2484 4845 electi
2511 4793 2651 4846 sunt
2673 4805 2905 4861 omnes,
2932 4790 3038 4863 qui
3062 4790 3142 4847 ad
3179 4795 3412 4848 aeternae
3458 4789 3665 4863 patriae
3710 4780 3982 4850 vocatio-

548 4879 786 4951 gaudiis
808 4894 935 4937 non
963 4878 1222 4952 privent.
1254 4877 1517 4936 Veniunt
1563 4893 1727 4949 ergo,
1771 4877 1933 4935 unde
1979 4877 2203 4935 Paulus

547 4968 631 5029 ait
661 4984 675 5026 :
710 4989 739 5019 κ
767 4970 974 5027 Nonne
1002 4983 1214 5026 omnes
1254 4970 1396 5025 sunt
1420 4967 1909 5029 administratorii
1941 4968 2201 5041 spiritus,

544 5057 608 5120 in
632 5055 1033 5116 ministerium
1060 5056 1234 5119 missi
1253 5060 1496 5130 propter
1523 5072 1626 5114 eos
1653 5056 1760 5130 qui
1797 5057 2205 5115 haereditatem

543 5144 795 5221 capiunt
819 5143 1069 5205 salutis?
1100 5167 1129 5196 »
1156 5145 1330 5217 (Πρὸ.
1362 5162 1402 5217 1,
1435 5146 1543 5218 14.)
1570 5149 1618 5202 Α
1665 5148 1785 5203 Deo
1831 5150 2033 5204 autem
2079 5162 2205 5204 non

541 5232 850 5305 recedunt,
870 5236 938 5293 ut
965 5235 1121 5293 Deus
1152 5234 1236 5293 ait
1266 5254 1278 5293 :
1314 5256 1344 5285 «
1374 5233 1583 5305 Angeli
1614 5249 1826 5292 eorum
1864 5250 2103 5308 semper
2122 5234 2203 5291 vi-

541 5325 686 5387 dent
738 5323 956 5385 faciam
1009 5323 1195 5385 Patris
1267 5324 1504 5398 (Matth.
1557 5340 1712 5396 xvni,
1782 5326 1888 5397 10).
1924 5342 1955 5379 ›
2023 5326 2204 5382 Satan

541 5414 767 5487 quippe
796 5414 948 5475 inter
975 5430 1081 5473 eos
1129 5431 1167 5472 a
1205 5414 1430 5488 quibus
1469 5430 1578 5489 per
1619 5415 1965 5489 superbiam
2012 5430 2203 5472 reces—

541 5505 701 5563 serat
736 5504 917 5575 venit,
946 5504 1094 5578 quia
1137 5504 1246 5564 etsi
1288 5503 1721 5566 beatitudinem
1763 5504 2040 5578 perdidit,
2089 5520 2199 5561 na-

539 5596 739 5653 turam
769 5596 971 5653 tamen
998 5596 1083 5652 eis
1114 5595 1371 5657 similem
1420 5611 1545 5657 non
1570 5594 1785 5655 amisit.
1822 5597 1905 5652 Eo
1928 5594 2091 5652 enim
2115 5594 2202 5653 in-

538 5681 690 5745 tuitu
712 5682 855 5757 [quo
893 5686 1110 5745 cuncta
1150 5686 1307 5745 Deus
1338 5680 1637 5758 spiritalia
1686 5683 1996 5759 conspicit,
2056 5701 2197 5743 eum

2317 4894 2458 4936 nem
2508 4882 2629 4936 Deo
2676 4880 2902 4937 collecti
2947 4887 3106 4954 sunt,
3155 4882 3261 4954 qui
3288 4880 3612 4937 divinitatis
3655 4883 3977 4954 praesentia

2314 4967 2668 5025 intrinsecus
2697 4969 3078 5028 assistebant.
3119 4974 3463 5028 Mensurae.
3497 4971 3652 5026 Inter
3688 4969 3844 5026 ﬁlios
3871 4972 3976 5027 Dei

2314 5057 2493 5115 etiam
2522 5058 2715 5131 adest,
2747 5060 2891 5133 quia
2914 5060 3269 5133 plerumque
3292 5060 3472 5117 bonis
3499 5061 3719 5118 nostris
3747 5060 3973 5132 cogita-

2312 5146 2601 5216 tionibus,
2628 5165 2765 5222 qute
2795 5149 2859 5205 in
2890 5149 3070 5206 corde
3094 5153 3303 5206 nostro
3333 5151 3598 5207 adventu
3635 5149 3823 5208 sancti
3850 5149 3971 5222 Spi-

2311 5236 2460 5294 ritus
2490 5238 2838 5310 operatione
2866 5239 3259 5313 seminantur,
3290 5240 3573 5315 antiqnus
3616 5240 3713 5297 ille
3761 5237 3973 5295 callide

2312 5343 2375 5384 se
2401 5327 2711 5401 subjungit
2734 5328 3036 5399 inimicus,
3067 5333 3133 5386 ut
3154 5329 3308 5387 bene
3335 5331 3595 5402 cogitata
3637 5328 3968 5403 perturbat.

2318 5417 2484 5475 Unde
2511 5419 2674 5476 venis
2704 5418 2757 5475 ei
2785 5418 2982 5477 dicere
3008 5423 3095 5476 est
3123 5421 3253 5492 ejus
3281 5421 3458 5479 nobis
3493 5420 3745 5477 insidias
3768 5417 3973 5474 decla-

2307 5522 2459 5564 rare.
2488 5508 2764 5580 Sequitur
2798 5526 2812 5565 :

2378 5599 2544 5654 Vens.
2571 5602 2623 5654 7.
2645 5598 2915 5655 Circuivi
2946 5604 3171 5658 terram
3198 5605 3253 5658 et
3276 5600 3704 5672 perambulavi
3723 5612 3872 5655 eam.
3900 5627 3971 5639 —

2308 5686 2489 5746 Satan
2517 5702 2661 5759 ergo
2687 5687 2976 5748 laborans
3005 5694 3230 5749 terram
3275 5689 3501 5758 circuit,
3540 5687 3685 5763 quia
3727 5688 3967 5762 quietus
