4158 6192
305 212 403 264 117

1191 204 1486 264 ΕΡΙΤΟΜΕ
1511 203 1878 262 MOBALIUM
1906 201 1962 257 S.
1995 201 2200 258 GREG.
2234 202 2299 260 ΙΝ
2332 206 2477 261 JOB.
2505 235 2573 246 -——
2605 207 2734 263 LIB.
2769 209 2832 262 ll.

3631 217 3730 270 H8

300 333 364 390 in
388 330 524 388 coeli
547 329 808 388 culmine
833 334 986 386 stare
1009 330 1382 403 contempsit.
1413 331 1516 387 Cui
1539 343 1663 385 non
1688 331 1956 383 transvo-
1993 323 2046 380 A
2073 326 2412 400 hominum,
2451 330 2635 387 homo
2684 331 2946 388 Christus
2985 336 3176 402 Jesus,
3221 335 3300 391 ad
3338 336 3734 408 praebendum

299 423 454 490 lans,
488 421 592 477 sed
624 419 1048 494 perambulans
1079 420 1304 486 circuit,
1330 421 1476 492 quia
1503 418 1704 476 inimis
1730 415 1959 491 peccati

296 511 572 586 pondere
643 514 936 580 gravatur.
1017 512 1387 567 ALLEGOBICE.
1480 513 1662 568 Satan
1741 513 1960 564 terram

300 601 529 668 circuit,
583 599 724 672 quia
772 599 849 655 ab
898 599 1093 656 Adam
1152 605 1290 657 ante
1347 600 1672 657 adventum
1727 596 1960 653 Domini

300 706 517 747 omnes
565 693 700 760 post
747 703 806 743 se
845 689 1119 745 nationes
1149 691 1418 761 gentium
1462 689 1654 747 traxit.
1681 686 1960 743 Circuivit
1993 741 1998 744 .

301 785 360 838 et
381 776 836 852 perambulavit,
867 777 1012 850 quia
1042 795 1150 851 per
1180 779 1364 837 corda
1390 780 1657 851 gentium
1686 777 1960 849 iniquita-

299 871 371 925 tis
403 884 525 922 suae
556 866 804 936 vestigia
836 867 1153 939 impressit.
1189 873 1444 925 TROPICE.
1481 872 1712 926 Satanae
1741 872 1957 922 terram

292 956 543 1014 circuire
583 961 671 1012 est
716 957 982 1013 carnalia
1030 958 1214 1016 corda
1262 957 1643 1030 perscrutari,
1693 960 1750 1012 et
1796 955 1956 1010 unde

288 1045 674 1103 occasionem
699 1046 1096 1101 accusationis
1121 1046 1387 1103 invenire
1408 1046 1600 1119 possit
1624 1043 1952 1118 exquirere.

293 1136 512 1192 Circuit
552 1135 1102 1204 circnmveniendo,
1149 1140 1215 1192 ut
1261 1136 1426 1192 bona
1481 1135 1643 1192 tollat
1692 1139 1750 1190 et
1794 1133 1957 1190 mala

291 1226 533 1282 inserat.
569 1224 848 1297 Sequitur
879 1242 892 1279 :

363 1319 531 1372 Vsus.
583 1318 634 1370 8.
689 1314 985 1386 Nunquid
1029 1315 1420 1372 considerasti
1469 1330 1705 1371 servum
1761 1327 1953 1369 meum

289 1407 422 1474 Job,
463 1406 625 1476 quod
654 1421 776 1461 non
813 1405 889 1459 sit
919 1405 974 1460 ei
1003 1406 1216 1460 similis
1255 1406 1318 1460 in
1359 1409 1543 1471 terra,
1579 1405 1670 1460 vir
1698 1403 1956 1471 simplex

291 1503 345 1554 et
376 1502 596 1562 rectus,
629 1511 700 1552 ac
732 1496 939 1551 timens
969 1496 1178 1561 Deum,
1208 1502 1261 1550 et
1291 1495 1565 1550 recedens
1595 1508 1632 1549 α
1661 1494 1956 1550 malo?—

293 1585 673 1641 Discutienda
727 1585 952 1657 quippe
983 1589 1070 1640 est
1109 1600 1388 1656 quaenam
1420 1585 1494 1640 sit
1546 1584 1658 1640 ista
1707 1583 1950 1638 locutio.

2070 418 2412 490 exemplum
2471 421 2604 476 vitae
2659 420 3030 493 hominibus,
3096 425 3352 494 simplex
3406 445 3420 495 ;
3474 427 3553 483 ad
3609 443 3735 484 non

2069 508 2441 579 parcendum
2517 509 2795 580 malignis
2877 511 3204 582 spiritibus,
3285 522 3481 573 rectus
3561 536 3574 586 ;
3653 518 3734 575 ad

2069 597 2492 657 debellandam
2524 600 2892 673 superbiam,
2935 602 3144 658 timens
3182 605 3368 662 Deum
3394 625 3408 674 ;
3433 607 3513 664 ad
3546 607 3735 665 deter-

2068 685 2331 754 gendam
2387 705 2529 745 vero
2567 689 2630 746 in
2668 689 2868 746 electis
2920 690 3042 746 suis
3086 690 3218 747 vita:
3261 693 3728 768 immunditiam,

2067 778 2341 834 recedens
2366 795 2403 836 a
2428 781 2606 836 malo.
2633 781 2712 836 De
2734 780 2870 852 ipso
2909 781 3072 836 enim
3099 797 3206 853 per
3234 783 3448 840 Isaiam
3497 787 3727 844 dicitur:

2069 888 2097 913 α
2131 868 2195 921 Et
2223 867 2472 940 replebit
2498 885 2636 925 eum
2683 869 2924 943 spiritus
2963 870 3190 928 timoris
3231 873 3465 929 Domini
3494 878 3635 942 (Isa.
3668 894 3727 948 ιι,

2065 957 2139 1026 3).
2175 979 2202 1005 ››
2249 959 2313 1012 Et
2358 962 2606 1016 Petrus:
2648 983 2677 1011 α
2727 960 2838 1026 Qui
2877 965 3195 1035 peccatum
3239 977 3362 1018 non
3418 962 3574 1034 fecit,
3619 981 3728 1022 nec

2063 1045 2237 1102 dolus
2269 1047 2542 1104 inventus
2572 1053 2661 1105 est
2688 1049 2749 1105 in
2779 1065 2882 1106 ore
2913 1051 3044 1122 ejus
3073 1052 3133 1121 (Ι
3155 1052 3318 1108 Petr.
3352 1068 3391 1120 1,
3424 1056 3533 1122 22).
3573 1077 3598 1103 υ
3632 1041 3733 1111 Dei

2064 1141 2266 1192 autem
2297 1137 2378 1194 ad
2406 1139 2585 1195 Satan
2626 1154 2732 1208 per
2759 1138 3018 1209 ﬁguram
3046 1140 3243 1198 dicere
3273 1145 3361 1197 est
3393 1159 3405 1198 :
3439 1143 3730 1216 Nunquid

2063 1225 2455 1283 considerasti
2519 1243 2754 1284 servum
2824 1245 3015 1286 meum
3097 1230 3208 1285 Job
3261 1235 3290 1286 ?
3353 1231 3729 1303 unigenitum

2065 1313 2270 1372 Filium
2321 1320 2527 1372 contra
2570 1331 2710 1374 eum
2761 1317 2819 1372 in
2864 1317 3058 1375 forma
3104 1319 3257 1374 servi
3300 1319 3728 1378 admirabiliter

2063 1402 2242 1459 demo
2254 1409 2455 1461 .istrat.
2481 1408 2734 1463 TROPICE.
2760 1408 3052 1479 Nunquid
3076 1408 3468 1464 considerasti
3490 1424 3726 1464 servum

2063 1509 2254 1548 meum
2279 1495 2391 1548 Job
2421 1499 2448 1549 Ρ
2476 1511 2660 1566 quem
2688 1496 2894 1552 divina
2922 1497 3231 1570 inspiratio
3257 1501 3465 1554 contra
3488 1498 3725 1554 hostem

2062 1581 2351 1639 roborat:
2409 1583 2572 1640 hunc
2623 1585 2797 1657 quasi
2851 1584 2912 1640 in
2971 1587 3204 1642 Satanae
3261 1586 3509 1642 auribus
3569 1589 3721 1642 Deus

289 1679 493 1748 Neque
516 1674 679 1732 enim
700 1673 851 1730 vela
872 1673 1124 1732 Domino
1146 1674 1252 1746 qui
1275 1690 1552 1730 summus
1577 1678 1755 1744 atque
1775 1672 1951 1728 incir-
1985 1683 2036 1744 Β
2061 1668 2285 1726 laudat.
2345 1672 2613 1729 Laudare
2657 1675 2883 1746 quippe
2932 1675 3063 1744 ejus
3111 1679 3219 1744 est,
3269 1678 3326 1730 et
3352 1673 3517 1746 prius
3559 1672 3724 1728 bona

287 1764 688 1836 cumscriptus
754 1766 842 1818 est
910 1763 1170 1835 spiritus,
1225 1763 1321 1819 vel
1375 1764 1554 1820 Satan
1616 1761 1722 1835 qui
1785 1761 1951 1817 nulla

297 1871 521 1912 carnea
543 1858 761 1910 natura
783 1853 1026 1909 vestitus
1042 1854 1314 1910 humano
1335 1853 1519 1910 modo
1547 1868 1739 1909 aereus
1764 1853 1946 1908 ﬂatus

286 1944 425 2001 telle
453 1943 674 2000 ventris
703 1941 1034 2000 attrahitur.
1065 1942 1178 1998 Sed
1209 1942 1436 2012 angelis
1469 1942 1732 2015 loquitur
1771 1944 1948 2010 Deus,

285 2051 430 2091 cum
470 2033 765 2107 quidquid
815 2049 990 2103 agere
1038 2033 1300 2091 debeant
1327 2033 1389 2089 in
1414 2033 1551 2106 ipsa
1580 2031 1950 2104 contempla-

289 2124 452 2180 tione
472 2122 729 2180 veritatis
757 2122 1177 2191 legunt.Quasi
1208 2122 1371 2178 enim
1398 2121 1780 2182 audientibus
1813 2118 1953 2176 dici-

292 2217 408 2280 tur,
470 2210 636 2282 quod
688 2209 1029 2268 videntibus
1091 2209 1434 2281 inspiratur.
1504 2211 1628 2265 Vox
1687 2223 1950 2280 namque

286 2301 642 2372 angelorum
671 2304 775 2366 est,
809 2301 871 2357 in
901 2299 1078 2357 laude
1110 2299 1444 2356 Conditoris
1471 2299 1604 2371 ipsa
1632 2297 1950 2354 admiratio

285 2391 512 2448 intimas
542 2390 1082 2464 contemplationis,
1121 2390 1352 2446 virtutis
1380 2389 1599 2445 divinae
1637 2387 1945 2445 miracula.

283 2482 638 2538 Animarum
671 2483 790 2537 Deo
816 2480 1024 2551 verba,
1056 2480 1190 2552 ipsa
1219 2485 1359 2536 sunt
1391 2495 1601 2537 eorum
1629 2478 1944 2536 desideria.

285 2575 434 2628 Nam
463 2571 512 2628 si
539 2569 904 2628 desiderium
931 2585 1126 2626 sermo
1153 2584 1277 2626 non
1303 2573 1476 2635 esset,
1503 2568 1796 2640 Propheta
1825 2583 1947 2624 non

284 2661 509 2718 diceret
540 2680 554 2717 :
588 2683 615 2708 ‹‹
650 2659 1029 2718 ‘Desiderium
1059 2659 1256 2716 cordis
1284 2674 1495 2715 eorum
1525 2657 1753 2715 audivit
1790 2658 1950 2714 auris

287 2756 388 2808 tua
413 2751 604 2820 (Psal.
643 2766 702 2817 x,
746 2749 852 2819 16).
901 2772 927 2797 ››
967 2751 1087 2806 Deo
1119 2748 1286 2820 loqui
1315 2747 1638 2805 animabus
1669 2750 1777 2815 est,
1810 2763 1948 2804 cum

284 2837 691 2896 retributionis
716 2853 818 2894 eas
845 2835 1192 2896 certitudine
1218 2835 1552 2894 confirmat.
1583 2835 1769 2907 Loqui
1788 2835 1950 2892 enim

288 2929 390 2986 Dei
430 2933 520 2984 est
545 2944 582 2984 a
608 2926 943 2996 diabolum,
971 2926 1100 2986 vias
1140 2926 1269 2996 ejus
1299 2941 1368 2983 ac
1396 2925 1636 2994 negotia
1675 2925 1950 2982 animad-

2063 1759 2407 1828 concedere,
2440 1764 2497 1817 et
2526 1766 2662 1834 post
2690 1778 2978 1819 concessa
3009 1763 3327 1819 custodire.

2132 1850 2297 1904 Vnus.
2365 1855 2446 1905 lO.
2505 1852 2797 1923 Nunquid
2841 1854 3080 1921 frustra
3120 1853 3232 1908 Job
3281 1853 3444 1908 timet
3476 1853 3664 1905 Deum
3695 1853 3721 1904 ?

2058 1939 2270 1994 Nonne
2299 1945 2365 1994 tu
2397 1942 2642 1996 callasti
2669 1957 2823 2011 eum,
2841 1957 2912 1998 ac
2932 1943 3170 1999 domum
3192 1942 3721 2012 ejus,universam—

2060 2043 2173 2099 que
2199 2028 2592 2086 substantiam
2618 2046 2729 2100 per
2748 2032 3106 2088 circuitum?
3135 2032 3408 2101 operibus
3429 2044 3717 2086 manuum

2061 2119 2188 2185 eius
2227 2117 2577 2174 benedixisti
2605 2126 2657 2176 et
2687 2123 2971 2189 possessio
3013 2124 3141 2192 ejus
3173 2123 3355 2178 crevit
3386 2121 3450 2176 in
3496 2126 3661 2176 terra
3689 2118 3717 2172 ?

2059 2239 2128 2248 —
2171 2211 2251 2262 Ac
2299 2207 2346 2261 si
2389 2212 2660 2279 patenter
2705 2209 2908 2266 dicat:
2944 2210 3055 2276 Qui
3105 2215 3189 2266 tot
3234 2211 3400 2266 bona
3449 2209 3511 2266 in
3564 2214 3718 2265 terra

2057 2296 2284 2369 recipit,
2325 2297 2473 2368 quid
2500 2296 2722 2353 mirum
2752 2303 2840 2354 est
2869 2299 2917 2354 si
2948 2315 3060 2370 pro
3090 2300 3174 2355 eis
3200 2316 3333 2356 sese
3371 2300 3718 2356 innocenter

2058 2386 2204 2457 gerit
2234 2386 2260 2440 ?
2292 2387 2583 2442 Innocens
2611 2403 2749 2443 vere
2775 2393 2950 2456 esset,
2983 2388 3032 2444 si
3059 2388 3258 2445 bonus
3285 2389 3438 2444 inter
3463 2389 3718 2446 adversa

2058 2475 2347 2532 existeret.
2398 2481 2767 2532 ALLEGOIUCE.
2815 2478 2966 2542 Quia
3001 2477 3180 2548 igitur
3218 2478 3500 2550 antiquus
3528 2479 3716 2534 hostis

2056 2565 2498 2638 redemptorem
2526 2565 2873 2637 passibilem
2905 2565 3072 2633 vidit,
3103 2581 3228 2622 non
3263 2567 3450 2622 Deum
3481 2571 3714 2638 natum,

2059 2656 2169 2711 sed
2217 2655 2316 2710 Dei
2364 2655 2554 2726 gratia
2598 2655 2964 2711 custoditum
3008 2655 3277 2717 credidit,
3322 2655 3483 2711 unde
3527 2655 3712 2712 dicit:

2055 2746 2350 2816 Nunquid
2389 2747 2628 2814 frustra
2669 2745 2780 2800 Job
2821 2747 2987 2802 timet
3027 2747 3213 2802 Deum
3245 2751 3273 2802 ?
3306 2749 3453 2802 Eum
3490 2747 3717 2820 quippe

2058 2847 2128 2888 ac
2199 2830 2453 2888 domum
2513 2833 2644 2902 ejus
2695 2849 2732 2888 a
2803 2836 2922 2889 Deo
2974 2833 3262 2890 vallatam
3332 2833 3474 2890 dicit
3507 2877 3520 2897 .
3573 2835 3718 2907 quia

2059 2919 2346 2977 tentando
2376 2922 2505 2991 ejus
2535 2921 2965 2978 conscientiam
2989 2928 3301 2996 penetrare
3325 2940 3449 2980 non
3478 2926 3670 2998 potuit
3702 2945 3714 2993 ;

285 3018 558 3076 versione
597 3017 844 3074 occultae
874 3014 1258 3073 districtionis
1294 3013 1623 3086 increpare.
1669 3013 1828 3070 Sicut
1855 3014 1951 3069 hic
1989 3039 2032 3098 ο
2062 3009 2461 3066 substantiam
2529 3011 2658 3080 ejus
2724 3010 3008 3066 vallatam
3042 3054 3054 3077 ,
3109 3013 3255 3084 quia
3319 3012 3535 3068 electos
3588 3015 3719 3085 ejus

285 3109 536 3165 dicitur:
591 3107 757 3164 Unde
801 3107 962 3164 venis
1004 3109 1032 3162 ?
1075 3103 1304 3161 Diaboli
1351 3104 1404 3160 ei
1453 3103 1816 3176 respondere
1863 3108 1952 3160 est

286 3197 684 3270 omnipotenti
715 3195 1016 3267 majestati
1053 3195 1183 3266 ejus
1212 3194 1296 3252 nil
1332 3209 1509 3268 posse
1539 3193 1750 3250 celare.
1787 3193 1951 3250 Unde

284 3287 382 3344 hic
435 3287 515 3344 ait
571 3304 584 3342 :
643 3286 904 3342 Circuivi
950 3290 1172 3341 terram
1224 3289 1278 3339 et
1325 3283 1748 3353 perambulavi
1797 3298 1947 3340 eam.

287 3379 554 3442 Quatuor
582 3375 778 3432 modis
807 3373 1072 3446 loquitur
1100 3372 1180 3430 ad
1210 3371 1522 3429 diabolum
1555 3373 1733 3436 Deus,
1762 3371 1949 3428 tribus

285 3464 565 3524 diabolus
609 3463 689 3524 ad
721 3465 929 3523 Deum.
974 3461 1114 3520 Vias
1165 3477 1306 3518 suas
1352 3460 1620 3520 insinuat
1671 3461 1776 3533 qui
1821 3461 1946 3518 ait:

289 3553 556 3614 Circuim'
583 3561 829 3612 terram.
873 3553 1209 3612 Electorum
1245 3552 1652 3612 innocentiam
1682 3556 1948 3622 accusat,

285 3642 392 3714 qui
434 3641 572 3700 dicit
627 3660 639 3699 :
690 3642 984 3713 Nunquid
1031 3643 1272 3710 [rustra
1319 3641 1432 3696 Job
1481 3642 1644 3697 timet
1696 3642 1883 3698 Deum
1923 3646 1953 3698 7

284 3732 659 3793 Tentandum
689 3731 970 3804 postulat,
1003 3747 1143 3790 cum
1173 3731 1314 3790 dicit
1345 3749 1358 3786 :
1403 3731 1676 3789 Extende
1704 3747 1950 3789 manum

285 3827 474 3885 tuam,
503 3827 561 3878 et
586 3821 835 3895 reliqua.
871 3822 1072 3879 Dicere
1099 3821 1197 3880 dei
1221 3825 1309 3878 est
1338 3838 1350 3878 :
1390 3822 1556 3878 Unde
1579 3823 1740 3878 venis
1764 3825 1792 3877 ?
1809 3838 1950 3879 eum

283 3911 613 3983 increpare.
667 3911 868 3970 Dicere
915 3911 1013 3970 dei
1058 3915 1146 3968 est
1192 3928 1205 3964 :
1265 3911 1675 3968 Considerasti
1712 3927 1949 3968 servum

283 4016 478 4058 meum
511 4000 642 4063 Job,
677 3998 789 4054 tale
815 3999 1082 4056 selectos
1108 3998 1324 4063 facere,
1355 3998 1636 4070 qualibus
1673 3998 1952 4056 diabolus

281 4087 476 4161 possit
542 4084 823 4145 invidere.
883 4084 1081 4144 Dicere
1126 4085 1226 4138 Dei
1280 4089 1416 4139 est:
1462 4085 1614 4142 Ecce
1671 4087 1951 4143 universa

280 4191 419 4248 quae
455 4174 628 4237 habet
650 4175 712 4232 in
733 4187 919 4232 manu
952 4178 1058 4229 tua
1085 4177 1244 4239 sunt,
1259 4171 1340 4232 ad
1359 4171 1780 4244 probationem
1808 4173 1951 4230 ﬁde-

283 4267 433 4326 lium
480 4279 620 4320 eum
668 4261 954 4326 relaxare.
1016 4261 1217 4317 Dicere
1273 4261 1371 4320 Dei
1419 4265 1508 4318 est
1535 4280 1546 4316 :
1575 4263 1648 4320 In
1701 4277 1833 4320 eum
1881 4280 1955 4321 ne

284 4353 573 4412 extendas
592 4367 837 4450 manum
866 4357 1053 4421 tuam,
1079 4350 1160 4452 ab
1188 4351 1587 4452 immoderata
1615 4368 1757 4412 eum
1771 4357 1955 4411 tenta-
1985 4395 2030 4452 Β

285 4442 442 4500 tione
472 4441 843 4512 restringere.
875 4444 956 4505 Ac
982 4455 1088 4512 per
1115 4441 1231 4497 hoc
1263 4439 1705 4510 diabolus,non
1745 4447 1953 4501 contra

283 4530 420 4601 Job,
460 4530 567 4588 sed
595 4535 804 4588 contra
833 4531 1022 4588 Deum
1059 4535 1362 4588 certamen
1410 4531 1683 4603 sumpsit.
1716 4533 1952 4591 Materia

286 4635 422 4676 vero
461 4619 802 4682 certaminis
844 4619 1004 4676 beati
1039 4617 1151 4675 Job
1177 4619 1240 4674 in
1268 4617 1472 4676 medio
1515 4619 1641 4689 fuit,
1690 4624 1750 4678 et
1793 4623 1843 4682 si
1887 4621 1950 4680 in

285 4708 662 4768 sermonibus
711 4708 836 4766 suis
879 4707 1138 4765 dicimus
1184 4707 1294 4764 Job
1341 4709 1492 4772 inter
1535 4709 1774 4779 ﬂagella
1807 4709 1948 4768 deli-

286 4797 507 4869 quisse,
557 4799 745 4853 Deum
787 4797 1048 4864 dicimus
1086 4797 1149 4862 in
1179 4813 1290 4853 sua
1318 4797 1719 4870 promissione
1756 4800 1947 4872 perdi-

282 4886 459 4950 disse.
519 4892 886 4946 ALLEGORICE.
949 4886 1274 4956 Allegorice
1349 4887 1459 4953 Job
1529 4887 1948 4960 interpretatur

285 4975 510 5038 dolens.
546 4975 760 5038 Dolens
789 4991 931 5038 vero
963 4973 1246 5030 veraciter
1284 4990 1389 5047 per
1417 4975 1680 5044 tiguram
1707 4976 1942 5046 dicitur,

281 5063 390 5136 qui
435 5068 673 5137 portare
722 5063 958 5126 dolores
1010 5067 1246 5120 nostros
1293 5063 1586 5136 propheta
1631 5068 1946 5123 attestante

279 5153 646 5226 perhibetur.
676 5154 781 5220 Cui
839 5152 1044 5210 similis
1099 5152 1162 5208 in
1220 5156 1376 5222 terra
1426 5168 1548 5222 non
1605 5157 1713 5223 est,
1784 5159 1841 5212 et
1896 5155 1945 5212 si

279 5241 603 5313 adoptivus
651 5241 908 5315 quisque
962 5241 1122 5300 ﬁlius
1173 5241 1252 5298 ad
1305 5241 1757 5314 percipiendam
1801 5243 1942 5301 divi-

279 5331 530 5396 nitatem
584 5331 859 5404 proticiat
891 5375 904 5402 ,
959 5347 1350 5405 nequaquam
1410 5336 1612 5394 tamen
1668 5337 1734 5388 ut
1789 5337 1940 5390 Deus

275 5420 567 5478 naturalis
604 5425 761 5478 esset
792 5421 1037 5492 accepit,
1069 5421 1174 5494 qui
1212 5437 1418 5478 servus
1460 5420 1693 5488 dicitur,
1737 5438 1942 5481 secun-

277 5509 430 5568 dum
455 5509 622 5585 quod
643 5509 951 5582 apostolus
977 5508 1058 5566 ait
1087 5527 1100 5564 ;
1136 5531 1162 5558 ‹‹
1200 5509 1597 5584 Semetipsum
1619 5510 1943 5570 exinanivit

278 5598 542 5658 formam
580 5599 731 5655 servi
769 5597 1087 5672 accipiens,
1140 5601 1196 5652 et
1234 5598 1464 5673 reliqua
1506 5600 1689 5673 (Phil.
1723 5618 1760 5658 u
1789 5603 1868 5673 7.)
1910 5626 1937 5652 »

280 5689 543 5756 Veniens
587 5703 853 5764 namque
889 5686 1039 5758 inter
1081 5686 1355 5745 homines
1403 5690 1697 5756 mediator
1740 5690 1844 5750 Ilei
1883 5696 1940 5750 et

2059 3098 2343 3156 invadere
2390 3114 2512 3155 non
2561 3100 2888 3170 praesumit.
2923 3100 3214 3172 Operibus
3241 3117 3536 3158 manuum
3589 3105 3718 3173 ejus

2058 3187 2438 3244 benedixisse
2461 3189 2648 3243 Deum
2670 3193 2727 3244 et
2750 3179 3208 3260 possessionem.
3221 3191 3351 3262 ejus
3382 3206 3720 3248 excrescere

2059 3277 2121 3332 in
2164 3281 2318 3333 terra
2363 3277 2630 3348 queritur
2662 3320 2676 3346 ,
2721 3278 2865 3350 quia
2907 3277 3058 3334 ﬁdes
3099 3280 3229 3350 ejus
3271 3279 3720 3337 inunocentiam

2059 3366 2376 3424 hominum
2434 3365 2900 3438 praedicantibus
2955 3368 3242 3441 apostolis
3270 3370 3718 3443 multiplicatur.

2060 3457 2358 3516 Possessio
2384 3457 2610 3530 quippe
2640 3473 2977 3514 exarescere
3007 3458 3222 3515 dicitur
3253 3501 3266 3527 ,
3321 3459 3470 3516 dum
3494 3503 3507 3527 ,
3558 3461 3724 3517 labo-

2057 3545 2333 3603 rantibus
2391 3545 2884 3618 praedicatoribus
2913 3589 2932 3618 ,
2985 3547 3255 3604 ﬁdelium
3307 3549 3574 3622 quotidie
3617 3566 3724 3606 nu-

2060 3652 2262 3695 merus
2291 3639 2564 3706 augetur.
2600 3639 2733 3692 Haec
2768 3637 2972 3710 itaque
3000 3637 3243 3695 diabolo
3277 3638 3500 3696 dixisse
3531 3644 3618 3696 est
3646 3640 3721 3696 de

2059 3725 2151 3785 his
2179 3725 2544 3784 tabescendo
2569 3725 2851 3784 doluisse.
2879 3729 3136 3786 'l‘uorics.
3165 3730 3460 3801 Nunquid
3483 3731 3722 3800 frustra

2057 3817 2170 3872 Job
2200 3819 2363 3874 timet
2393 3818 2583 3873 Deum
2608 3821 2635 3871 ?
2671 3822 2753 3872 Ac
2783 3818 2833 3873 si
2863 3817 3102 3886 diceret,
3136 3835 3242 3875 cur
3271 3819 3505 3889 laudas,
3537 3837 3720 3893 quem

2059 3905 2430 3977 protegendo
2466 3904 2716 3962 roboras
2754 3907 2782 3961 ‘I
2832 3910 3117 3979 Despecto
3157 3909 3316 3964 enim
3363 3923 3459 3965 me
3501 3909 3720 3980 dignus

2061 3996 2176 4050 tuis
2215 3995 2498 4054 laudibus
2540 3995 2724 4052 homo
2767 4001 2946 4064 esset,
2995 3997 3043 4052 si
3087 3999 3208 4053 suis
3244 4004 3452 4055 contra
3492 4001 3720 4056 viribus

2061 4088 2256 4140 staret.
2293 4083 2568 4155 Sequitur
2599 4101 2612 4138 :

2131 4173 2298 4228 Vsus.
2337 4175 2421 4228 ll.
2462 4172 2582 4228 Sed
2610 4173 2862 4229 extende
2890 4174 3213 4242 paululum
3256 4189 3500 4232 manum
3531 4181 3718 4249 tuam,

2061 4268 2117 4318 et
2178 4266 2358 4330 tange
2415 4266 2633 4317 cuncta
2690 4277 2822 4333 quae
2873 4263 3135 4333 possidet
3163 4305 3182 4335 ,
3240 4268 3296 4321 et
3349 4264 3599 4339 reliqua.
3651 4300 3720 4308 —

2061 4352 2214 4408 Cum
2271 4354 2547 4408 sanctum
2595 4351 2792 4408 virum
2838 4354 3018 4410 Satan
3067 4357 3291 4411 tentare
3343 4357 3612 4429 appetit,
3663 4363 3722 4415 et

2061 4443 2263 4503 tamen
2294 4439 2547 4497 Domino
2577 4444 2642 4498 ut
2666 4457 2917 4498 manum
2947 4458 3121 4500 suam
3150 4445 3466 4502 extendere
3501 4446 3719 4504 debeat

2058 4529 2220 4602 dicit,
2268 4529 2604 4590 notandum
2649 4523 2741 4587 est
2783 4535 2929 4604 quia
2977 4533 3087 4589 sibi
3123 4533 3272 4591 vires
3302 4535 3549 4592 feriendi
3592 4553 3716 4594 non

2057 4619 2282 4678 tribuit.
2313 4619 2460 4678 Hinc
2489 4623 2578 4676 est
2604 4621 2769 4693 quod
2797 4621 2860 4677 in
2889 4623 3203 4693 evangelio
3243 4624 3400 4695 legio
3429 4625 3666 4682 dicebat
3697 4644 3712 4682 :

2057 4734 2085 4761 «
2117 4710 2174 4768 Si
2203 4709 2366 4780 ejicis
2395 4725 2526 4776 nos,
2553 4710 2719 4766 mitte
2746 4725 2858 4766 nos
2887 4711 2948 4767 in
2973 4727 3190 4784 porcos
3213 4715 3420 4785 (Marc.
3463 4729 3520 4781 v,
3556 4718 3710 4787 12).»

2055 4798 2370 4858 Paululum
2421 4814 2677 4856 manum
2734 4801 2997 4872 postulat
3051 4802 3308 4869 extendi,
3368 4819 3507 4858 cum
3559 4807 3714 4861 exte-

2053 4890 2211 4948 riora
2263 4892 2490 4964 appetit
2531 4893 2755 4948 conteri
2789 4934 2802 4958 ,
2862 4893 3006 4964 quia
3053 4894 3245 4950 facere
3291 4895 3549 4952 multum
3587 4913 3710 4954 non

2055 4995 2116 5036 se
2147 4983 2335 5051 putat,
2386 4980 2501 5036 nisi
2525 4997 2666 5037 cum
2705 4982 2974 5039 animam
3027 4983 3257 5041 sauciat
3285 5030 3299 5055 ,
3351 4990 3414 5041 ut
3444 4985 3710 5044 feriendo

2053 5084 2189 5124 eam
2273 5085 2310 5126 a
2387 5070 2586 5126 celesti
2667 5071 2860 5144 patria
2937 5078 3263 5131 revocaret.
3350 5075 3450 5131 Dei
3529 5075 3708 5134 facies

2051 5162 2356 5232 respectus
2404 5161 2532 5231 ejus
2571 5161 2776 5232 gratiae
2805 5161 3169 5234 intelligitur.
3216 5165 3352 5222 Nisi
3397 5168 3460 5222 in
3485 5167 3706 5236 faciem

2055 5248 2418 5305 benedixerit
2471 5249 2598 5306 tibi.
2655 5254 2736 5306 Ac
2789 5251 2838 5306 si
2893 5251 3054 5309 dicat
3110 5272 3126 5308 :
3181 5255 3263 5310 Ea
3315 5269 3450 5325 quae
3493 5251 3707 5307 dedisti

2051 5336 2356 5404 subtrahe,
2415 5354 2559 5396 nam
2609 5339 2658 5394 si
2707 5345 2955 5414 accepta
3004 5341 3330 5415 perdiderit
3369 5341 3706 5410 respectum

2050 5430 2161 5483 tuae
2212 5428 2416 5498 gratiae
2473 5429 2720 5488 sublatis
2745 5473 2748 5475 λ
2773 5433 3206 5505 temporalibus
3262 5443 3384 5484 non
3437 5430 3700 5504 requirit.

2052 5515 2109 5572 Si
2133 5516 2298 5578 enim
2327 5533 2400 5575 ea
2436 5518 2498 5575 in
2525 5505 2745 5592 quibus
2775 5519 3102 5576 delectatur
3127 5531 3250 5572 non
3287 5517 3583 5590 habuerit,
3615 5520 3702 5574 fa-

2047 5621 2256 5663 vorem
2276 5611 2444 5664 tuum
2465 5608 2647 5665 etiam
2668 5605 3088 5665 maledicendo-
3101 5609 3701 5666 contemnit.ALr.sco-

2047 5711 2188 5754 RICE.
2222 5696 2673 5770 Redemptorem
2715 5699 2992 5754 nostrum.
3016 5712 3200 5768 quem
3235 5695 3696 5770 tranquillitatis.
