4158 6192
409 195 510 246 HQ

1445 189 1501 244 S.
1552 187 1811 244 ODONIS
1843 183 2132 239 ABBATIS
2165 183 2684 244 .CLUNIACENS‘IS
2725 189 2790 242 Π.

3718 179 3832 239 120

403 317 676 387 tempore
713 312 810 367 Dei
845 312 1034 380 gratia
1079 312 1445 369 custoditum
1489 311 1766 381 credidit,
1811 323 2058 382 peccare
2087 308 2136 360 A
2171 313 2397 364 crescat
2443 309 2686 366 doloris.
2728 313 2919 365 Aucta
2945 313 3030 363 est
3081 307 3260 364 etiam
3301 321 3586 362 mensura
3639 306 3838 376 gemi-

406 420 588 476 posse
663 418 770 474 per
851 401 1206 474 passionem
1261 402 1515 474 putavit.
1575 407 1654 456 Ac
1715 401 1762 456 si
1827 398 1986 454 dicat
2043 416 2055 452 :

407 495 806 560 Interrogatus
877 490 1326 561 afﬂictionibus,
1400 493 1585 548 homo
1653 495 1711 546 et
1781 491 2062 562 peccator

405 580 772 651 agnoscitur,
804 581 911 654 qui
947 580 1010 636 in
1039 581 1347 638 miraculis
1385 583 1540 638 Deus
1569 583 1830 654 putatur.
1862 582 2060 634 TROPI-

405 687 487 725 ea.
519 669 876 742 Plerumque
906 669 1068 725 enim
1097 670 1246 726 dum
1274 671 1560 728 virtutum
1599 671 1826 725 fructus
1857 668 2060 724 fecun-

404 760 478 815 de
494 759 831 828 reddimus,
855 759 1004 815 dum
1025 762 1308 817 continua
1327 761 1722 834 prosperitate
1743 758 2058 832 pollemus,

405 849 852 922 aliquantulum
892 865 1064 905 mens
1104 849 1366 921 erigitur,
1409 855 1474 906 ut
1502 866 1538 905 a
1587 848 1911 920 semetipsa
1949 847 2065 902 sibi

406 938 655 993 existere
687 937 850 994 bona
899 955 1032 1011 quae
1059 939 1262 1006 habet,
1317 939 1654 994 arbitretur.
1700 939 1843 1003 Quae
1885 935 2062 991 nimi-

405 1042 544 1082 rum
599 1027 764 1083 bona
815 1027 1004 1084 hostis
1061 1032 1371 1084 attrectare
1426 1029 1672 1100 appetit,
1729 1028 1836 1083 sed
1911 1029 2064 1080 Deus

407 1115 648 1171 nonnisi
665 1115 924 1187 benigne
942 1119 1238 1174 concedit:
1254 1118 1439 1190 ﬁtque
1456 1118 1610 1173 mira
1621 1115 2065 1190 dispensatione

409 1205 640 1277 pietatis
687 1211 752 1262 ut
796 1206 958 1262 unde
1005 1207 1308 1277 malignus
1357 1207 1548 1264 hostis
1615 1224 1717 1263 cor
1769 1209 1952 1262 tentet
2003 1209 2068 1260 ut

408 1295 728 1367 interimat,
783 1297 942 1352 unde
991 1297 1328 1353 misericors
1378 1297 1662 1356 Conditor
1720 1297 1952 1354 erudiat
2003 1300 2068 1352 ut

409 1384 570 1440 vivat
601 1404 614 1453 ;
646 1389 943 1458 quatenus
980 1387 1380 1444 imbecillitate
1413 1403 1523 1443 sua
1554 1387 1827 1457 cognita,
1864 1386 1926 1441 in
1960 1401 2067 1457 spe

410 1473 594 1528 divini
619 1475 900 1546 adjutorii
929 1477 1236 1532 robustius
1268 1477 1541 1532 solident.
1577 1476 1858 1550 Sequitur
1886 1494 1898 1530 :

477 1566 640 1618 Vens.
665 1569 749 1619 i2.
788 1565 944 1620 Ecce
969 1567 1248 1621 universa
1278 1581 1407 1636 qua:
1453 1567 1625 1622 habet
1659 1567 1721 1620 in
1748 1579 1932 1621 manu
1963 1572 2066 1621 tua

2169 400 2336 451 tuum
2367 398 2660 469 particula
2687 397 3055 454 nuntiorum.
3088 399 3307 452 TYPICE.
3343 395 3505 451 Beati
3523 395 3637 450 Job
3667 394 3832 451 ﬁlios

2168 501 2236 542 ac
2265 486 2417 543 ﬁlias
2445 488 2541 544 vel
2569 488 2981 561 apostolorum
3011 486 3306 554 ordinem,
3341 485 3438 542 vel
3467 489 3832 542 cunctorum

2165 575 2435 631 ﬁdelium
2477 576 2739 632 diximus
2790 575 3230 633 multitudinem
3273 574 3639 644 designasse.
3681 573 3832 639 Quis

2169 669 2368 721 autem
2415 667 2613 737 major
2663 666 2896 723 Domini
2937 665 3097 720 ﬁlius
3144 663 3259 719 nisi
3306 661 3588 720 Judaicus
3617 661 3832 735 accipi

2167 753 2428 827 populus
2471 754 2666 825 debet,
2699 755 2804 828 qui
2853 754 2906 810 ei
2957 753 3192 810 dudum
3243 752 3398 809 datae
3441 751 3587 823 legis
3635 751 3838 807 fuerat

2170 843 2442 901 doctrina
2467 849 2782 915 generatus
2809 845 2837 899 ‘2
2863 844 3048 902 Minor
3077 847 3278 900 autem
3305 841 3538 912 gentilis
3565 840 3834 914 populus

2168 931 2273 1001 qui
2309 931 2372 986 in
2409 933 2622 989 mundi
2657 934 3020 990 extremitate
3061 933 3344 989 collectus
3383 933 3492 988 est.
3540 935 3605 986 ln
3643 929 3832 986 domo

2169 1016 2363 1076 fratris
2393 1022 2776 1094 primogeniti
2805 1021 3198 1079 convivantur
3225 1021 3351 1088 ﬁlii,
3383 1019 3527 1093 quia
3557 1019 3836 1076 videlicet

2171 1109 2369 1165 adhuc
2410 1111 2600 1166 sancti
2634 1111 2910 1184 apostoli,
2937 1110 3158 1183 quibus
3187 1109 3414 1166 dictum
3462 1108 3673 1176 fuerat,
3706 1131 3735 1158 α
3763 1112 3834 1163 In

2171 1197 2333 1252 viam
2380 1199 2646 1268 gentium
2684 1216 2760 1255 ne
2799 1199 3062 1257 abieritis
3103 1199 3317 1266 (Mat/1.
3361 1215 3415 1266 x,
3457 1197 3531 1268 5),
3568 1220 3596 1247 ››
3645 1211 3836 1252 sacrae

2175 1285 2490 1359 Scriptura:
2511 1287 2702 1359 epulis
2723 1288 2784 1343 in
2807 1287 2989 1344 solius
3009 1286 3238 1342 Iudaici
3257 1284 3467 1359 populi
3488 1283 3836 1341 collectione

2172 1375 2586 1432 vescebantur.
2649 1379 2718 1433 Ut
2773 1377 2921 1438 illud
2981 1394 2992 1430 :
3055 1397 3082 1426 ‹‹
3140 1379 3268 1431 Non
3317 1373 3680 1446 jejunabunt
3727 1371 3838 1427 ﬁlii

2173 1465 2400 1538 sponsi,
2433 1466 2704 1538 quandiu
2751 1482 2889 1523 cum
2928 1465 3040 1520 illis
3074 1471 3162 1522 est
3193 1477 3471 1538 sponsus,
3507 1467 3563 1519 et
3603 1461 3836 1535 reliqua

2173 1553 2410 1626 (Matth.
2445 1573 2525 1624 ix,
2566 1557 2667 1628 l5).
2707 1581 2734 1606 ››

408 1659 568 1720 sunt,
583 1656 640 1708 et
656 1652 906 1724 reliqua.
927 1685 994 1693 ——
1008 1654 1460 1710 Consideranda
1477 1659 1564 1711 est
1584 1655 1951 1728 dispensatio
1970 1655 2069 1710 Dei

2247 1645 2419 1701 VERS.
2450 1646 2530 1701 14.
2557 1648 2744 1703 Boves
2770 1648 3030 1704 orabant
3051 1653 3108 1703 et
3130 1648 3316 1703 asina?
3333 1645 3836 1716 pascebantur.—

409 1740 644 1813 pietatis
673 1740 986 1811 quomodo
1017 1742 1257 1797 hostem
1287 1747 1564 1798 nostrum
1589 1743 1875 1815 permittit
1898 1749 1955 1799 et
1981 1759 2068 1798 re-

411 1829 575 1897 tinet,
610 1828 840 1885 relaxat
870 1833 926 1884 et
956 1830 1233 1887 refrenat.
1270 1831 1684 1888 Substantiam
1713 1833 1932 1904 prodit,
1966 1832 2072 1888 sed

412 1935 633 1991 corpus
663 1919 918 1992 protegit
945 1925 1084 1990 post
1125 1923 1490 1992 persecutori
1525 1922 1903 1978 traditurum.
1945 1925 2072 1978 Non

415 2009 596 2064 simul
616 2009 694 2065 ad
719 2009 925 2064 omnia
946 2011 1173 2066 relaxat
1191 2011 1446 2082 hostem,
1471 2027 1546 2067 ne
1569 2013 1835 2085 undique
1859 2012 2074 2068 feriens

413 2097 648 2168 frangat
677 2098 888 2154 civem.
925 2098 1067 2155 Hinc
1093 2100 1314 2155 Paulus
1338 2101 1418 2156 ait
1443 2119 1455 2156 :
1491 2125 1516 2150 ‹‹
1547 2101 1762 2156 Fidelis
1791 2105 1944 2156 Deus
1969 2101 2073 2174 qui

411 2203 534 2243 non
575 2187 833 2260 patietur
873 2205 983 2244 vos
1034 2189 1244 2244 tentari
1290 2207 1474 2262 supra
1517 2191 1577 2245 id
1621 2191 1785 2262 quod
1828 2191 2072 2264 potestis

412 2276 518 2330 sed
547 2276 721 2331 faciet
753 2293 892 2332 cum
921 2277 1244 2332 tentatione
1275 2277 1455 2333 etiam
1487 2279 1710 2334 exitum
1743 2283 1806 2335 ut
1832 2280 2072 2352 possitis

413 2364 703 2419 sustinere
737 2366 796 2431 (I
822 2365 962 2420 Cor.
993 2381 1052 2432 x,
1090 2367 1193 2436 13).
1231 2389 1258 2415 ››
1292 2366 1542 2435 Intelligi
1573 2371 1630 2423 et
1658 2367 1825 2423 aliter
1854 2372 2070 2440 potest,

409 2453 728 2524 pugnatori
759 2468 865 2507 suo
898 2453 1186 2508 Dominus
1215 2454 1480 2510 dividere
1508 2458 1836 2512 certamina
1863 2457 2070 2528 voluit,

409 2547 475 2597 ut
492 2542 678 2597 hostis
695 2542 1061 2614 priusvictus
1082 2543 1283 2598 denuo
1303 2544 1816 2618 veniret,tuncque
1837 2546 1889 2600 ei
1911 2546 2074 2603 aliud

409 2631 626 2687 iterum
665 2631 984 2700 vincendo,
1021 2633 1376 2689 concederet
1405 2638 1472 2690 ut
1499 2651 1569 2690 eo
1599 2635 1861 2691 famulus
1892 2636 2072 2692 mira-

410 2721 550 2776 bilis
580 2721 770 2777 victor
801 2722 1093 2791 existeret,
1125 2740 1248 2795 quo
1269 2729 1476 2780 contra
1499 2741 1637 2780 eum
1667 2725 1858 2782 victus
1887 2727 2073 2783 hostis

411 2826 473 2865 se
517 2809 820 2866 adbellare
865 2816 1124 2883 pararet.
1170 2815 1536 2868 ALLEGORICE.
1587 2817 1793 2871 Manus
1841 2818 2073 2872 Satanae

409 2915 534 2955 non
577 2903 860 2971 potestas,
911 2901 1020 2956 sed
1063 2902 1308 2958 tentatio
1357 2903 1664 2976 accipitur.
1713 2904 2074 2978 Redemptor

2179 1732 2332 1797 Quid
2371 1733 2580 1805 boves,
2629 1751 2817 1808 quam
2859 1735 3012 1791 bene
3061 1738 3376 1807 operantes
3403 1735 3432 1790 ?
3477 1733 3626 1806 quid
3671 1731 3837 1788 aliud

2177 1821 2400 1890 asinas,
2419 1839 2604 1895 quam
2633 1824 2934 1896 quosdam
2952 1823 3296 1897 simpliciter
3325 1823 3588 1878 viventes
3615 1819 3836 1892 accipi—

2178 1914 2342 1968 mus?
2355 1914 2495 1979 Quae
2515 1913 2668 1970 bene
2685 1915 2856 1985 juxta
2866 1914 3048 1970 boves
3068 1912 3566 1986 pascuntur,quia
3579 1910 3836 1984 pruden-

2179 2001 2337 2056 tibus
2369 2003 2673 2074 conjuncti
2695 2003 2998 2067 tardiores,
3031 2019 3241 2059 eorum
3267 2001 3647 2072 intelligentia
3666 1999 3834 2056 alima

2178 2093 2291 2159 tur,
2324 2090 2472 2158 dum
2502 2090 2586 2146 eis
2613 2091 2778 2150 bona
2807 2109 2916 2149 sua
2961 2093 3224 2148 fraterna
3254 2091 3535 2147 charitate
3565 2089 3832 2145 credunt.

2253 2178 2442 2235 Sabaei
2480 2185 2681 2236 autem
2711 2182 3077 2253 captivantes
3117 2181 3601 2253 interpretantur.
3641 2176 3838 2249 Capti-

2179 2269 2450 2324 vantium
2467 2274 2667 2326 autem
2687 2271 2929 2326 nomine
2945 2271 3245 2326 immundi
3262 2269 3501 2342 spiritus
3523 2267 3838 2337 designan-

2179 2361 2293 2426 tur,
2308 2357 2410 2429 qui
2432 2373 2534 2413 eos
2557 2374 2712 2430 quos
2733 2358 2845 2414 sibi
2873 2359 3218 2430 subjiciunt,
3233 2357 3550 2414 inﬁdeliter
3565 2355 3836 2428 captivos

2178 2446 2423 2503 ducunt.
2457 2449 2565 2512 Qui
2593 2453 2650 2504 et
2673 2465 2891 2521 pueros
2919 2449 3118 2519 gladio
3142 2448 3377 2516 feriunt,
3405 2447 3551 2520 quia
3571 2445 3840 2502 tentatio-

2177 2536 2270 2592 nis
2301 2554 2424 2594 suae
2449 2537 2665 2608 jaculis
2691 2555 2794 2595 eos
2818 2539 3156 2604 vulnerant,
3181 2553 3336 2611 quos
3365 2537 3640 2593 nondum
3663 2536 3838 2607 juve-

2177 2626 2312 2682 nilis
2357 2630 2692 2684 constantia
2733 2629 2952 2685 liberos
2991 2629 3086 2684 vel
3112 2628 3396 2684 robustos
3437 2631 3653 2682 servat.
3689 2626 3842 2681 Puer

2178 2717 2282 2788 qui
2349 2718 2584 2776 nuntiat
2639 2719 2922 2788 evadens,
2992 2734 3190 2775 sermo
3259 2721 3348 2774 est
3426 2715 3838 2790 propheticus,

2179 2805 2282 2878 qui
2309 2806 2460 2862 dum
2505 2807 2657 2863 ﬁunt
2695 2808 2857 2865 mala
2899 2807 3104 2865 omnia
3145 2823 3280 2880 quat
3327 2806 3619 2880 praedixit,
3661 2805 3840 2879 quasi
3903 2855 3908 2860 .

2183 2911 2370 2951 sanus
2417 2896 2496 2952 ad
2543 2897 2864 2953 Dominum
2909 2897 3078 2953 redit.
3115 2900 3370 2954 TROPICE.
3397 2897 3461 2951 In
3489 2895 3836 2952 electorum.

409 2988 588 3058 igitur
628 2992 832 3044 noster
872 2989 979 3061 qui
1013 2989 1307 3060 Judaaam,
1347 3007 1482 3063 quae
1527 2993 1694 3066 prius
1742 2993 2074 3051 substantia
2111 3021 2151 3077 ρ
2182 2985 2359 3040 corde
2405 2985 2568 3058 prior
2613 2987 2914 3077 bonorum
2946 2987 3344 3077 sequentium
3387 2985 3564 3058 quasi
3614 2984 3840 3077 primo~

413 3077 544 3147 ejus
581 3076 795 3149 fuerat,
838 3077 1038 3133 amisit
1069 3093 1176 3150 per
1206 3078 1642 3153 inﬁdelitatem,
1682 3087 1740 3138 et
1777 3088 1917 3156 post
1944 3085 2074 3155 ejus

410 3181 550 3222 caro
581 3165 851 3237 patibulo
877 3165 1070 3221 crucis
1103 3171 1192 3222 est
1219 3166 1418 3238 afﬁxa,
1453 3170 1628 3240 quasi
1665 3171 1834 3242 prius
1866 3172 2074 3229 habita

405 3253 685 3327 perdidit,
740 3258 796 3310 et
823 3255 1218 3326 postmodum
1257 3255 1319 3310 in
1369 3259 1690 3331 semetipso
1744 3259 2075 3317 adversarii

411 3341 748 3414 nequitiam
792 3342 1051 3414 pertulit.
1112 3347 1368 3400 TROPICE.
1395 3351 1476 3402 Ac
1529 3348 1580 3402 si
1627 3347 1786 3404 dicat
1831 3365 1844 3403 :
1901 3349 2076 3406 Electi

407 3430 890 3502 uniuscujusque
927 3430 1092 3487 bona
1130 3432 1213 3488 sic
1243 3434 1529 3490 tentanda
1568 3435 1823 3492 exterius
1855 3437 2072 3506 tribuo,

407 3523 476 3576 ut
521 3523 726 3576 tamen
771 3519 902 3594 ipse
951 3521 1190 3577 noveris
1242 3523 1386 3594 quia
1432 3531 1886 3596 perseveranter
1931 3526 2092 3582 mihi'

410 3609 580 3664 illum
597 3608 659 3664 in
682 3609 900 3665 mentis
915 3609 1115 3666 radice
1132 3626 1422 3666 conservo
1443 3613 1740 3684 sequitur:
1763 3616 2076 3684 Egressus-

411 3714 523 3771 que
565 3705 650 3755 est
691 3699 884 3754 Satan
929 3715 968 3755 a
1000 3701 1162 3769 facie
1199 3701 1459 3756 Domini.
1505 3734 1572 3742 —-
1621 3705 1749 3769 Quo
1778 3705 1969 3760 exitur
1998 3705 2077 3762 ab

411 3803 483 3844 eo
512 3787 619 3860 qui
648 3787 876 3859 ubique
904 3791 994 3844 est
1022 3788 1050 3842 ?
1077 3787 1224 3844 Hinc
1250 3803 1516 3862 namque
1548 3791 1628 3848 ait
1660 3809 1671 3846 :
1708 3815 1734 3840 α
1769 3793 1996 3850 Caelum
2022 3800 2078 3850 et

411 3883 635 3936 terram
676 3893 788 3947 ego
812 3876 1036 3950 impleo
1078 3879 1225 3944 (Jer.
1259 3895 1421 3950 xxm,
1467 3885 1549 3936 14.
1589 3905 1616 3931 ››
1658 3883 1771 3940 Sed
1805 3885 2079 3957 quandiu

410 3970 612 4038 Satan,
641 3983 886 4040 pressus
915 3967 1248 4038 majestatis
1277 3971 1564 4042 potentia,
1594 3974 1926 4046 appetitum
1953 3993 2077 4032 suae

411 4057 653 4114 malitia:
703 4072 977 4114 exercere
1027 4073 1153 4114 non
1199 4058 1406 4130 valuit,
1455 4063 1631 4135 quasi
1681 4067 1817 4120 ante
1865 4064 2078 4122 faciem

413 4147 650 4204 Domini
689 4146 863 4204 stetit.
915 4151 962 4203 Α
1013 4147 1165 4205 facie
1205 4155 1407 4206 autem
1455 4153 1690 4209 Domini
1737 4155 1896 4224 exiit,
1936 4156 2079 4228 quia

413 4236 714 4293 relaxatus
733 4236 1018 4291 divinitus
1039 4237 1118 4293 ab
1148 4238 1396 4294 internae
1425 4243 1769 4298 retentionis
1799 4245 2080 4313 angustia

415 4325 494 4381 ad
545 4323 638 4378 sui
693 4322 972 4378 desiderii
1035 4325 1313 4381 effectum
1368 4329 1547 4383 venit.
1609 4333 1869 4386 MYSTICE.
1922 4333 2081 4389 Sicut

417 4411 692 4485 superius
735 4427 772 4467 a
814 4411 964 4468 facie
1009 4413 1149 4468 exiit
1189 4414 1445 4483 Domini,
1491 4417 1636 4488 quia
1683 4420 1762 4474 ad
1803 4417 2079 4478 desiderii

417 4517 529 4557 sua
555 4503 696 4556 vota
716 4500 1007 4573 pervenit.
1041 4504 1385 4559 Mommrsa.
1414 4507 1460 4560 Α
1484 4503 1634 4562 facie
1663 4509 1896 4565 Domini
1921 4511 2077 4582 exiit,

416 4590 561 4665 quia
589 4605 696 4663 per
725 4589 840 4646 hoc
870 4589 1038 4663 quod
1065 4607 1260 4664 usque
1291 4592 1368 4648 ad
1394 4593 1672 4652 effectum
1699 4597 1896 4654 cordis
1925 4616 2080 4673 prir-

415 4680 615 4738 valere
639 4695 1034 4754 nequaquam
1057 4681 1435 4754 permittitur,
1457 4684 1733 4742 exclusus
1759 4687 1836 4743 ab
1856 4687 2078 4746 intimis

419 4771 674 4828 exterius
709 4775 904 4842 vacat,
937 4771 1084 4844 quia
1112 4771 1294 4828 etiam
1325 4773 1374 4829 si
1397 4774 1552 4831 vires
1577 4777 1793 4833 mentis
1822 4778 2080 4850 plerum-

420 4875 538 4933 que
574 4861 795 4929 turbat,
836 4877 906 4918 eo
945 4861 1077 4934 ipso
1116 4861 1258 4918 foris
1296 4867 1403 4935 est,
1444 4881 1568 4936 quo
1608 4867 1920 4926 assistente
1961 4873 2079 4928 Deo

419 4965 613 5022 usque
643 4949 722 5005 ad
752 4950 1055 5008 interitum
1085 4951 1386 5010 bonorum
1421 4954 1605 5011 corda
1634 4973 1757 5013 non
1786 4959 2076 5019 vulnerat.

419 5037 693 5111 Sequitur
727 5056 738 5094 :

491 5130 660 5184 Vens.
714 5132 796 5184 l3.
851 5129 1001 5188 Cum
1059 5138 1260 5189 autem
1315 5137 1578 5207 quadam
1625 5145 1722 5197 a’ze
1772 5143 1891 5208 ﬁlii
1940 5145 2082 5212 ﬁliae

421 5221 550 5288 ejus
597 5220 972 5276 comederent
1019 5227 1074 5277 et
1108 5223 1394 5298 biberent,
1423 5231 1479 5282 et
1509 5227 1758 5302 reliqua.
1807 5265 1875 5273 —
1923 5237 2080 5292 Tunc

421 5307 646 5381 quippe
675 5308 956 5366 diabolus
985 5312 1252 5368 tentandi
1281 5329 1435 5387 opus
1467 5317 1640 5388 elegit
1664 5323 1910 5394 quando
1938 5325 2081 5381 bea-

421 5398 517 5449 tus
554 5397 664 5451 Job
699 5398 854 5455 ﬁlios
895 5398 957 5456 in
997 5401 1272 5458 convivio
1311 5404 1554 5463 invenit.
1598 5410 1768 5475 Quod
1813 5412 2084 5469 videlicet

421 5482 598 5572 nobis
637 5487 758 5572 Deo
783 5487 1168 5560 dispensante
1207 5494 1498 5565 proditur,
1541 5501 1682 5571 quia
1722 5503 2082 5572 praenuntiat

423 5571 867 5630 tribulationem
941 5577 1140 5635 laetitia
1211 5583 1527 5642 societatis.
1594 5571 1778 5644 Boves
1845 5595 2079 5646 arantes

423 5662 677 5734 nuntiat,
707 5667 770 5719 ut
799 5663 1070 5725 videlicet
1091 5679 1427 5733 memorato
1453 5676 1646 5733 fructu
1672 5677 1869 5749 operis
1895 5697 2078 5739 causa

2115 4381 2157 4434 D

2183 3073 2381 3145 genita
2446 3073 2643 3148 proles
2708 3072 2998 3148 sapientia
3057 3075 3319 3132 nascitur
3372 3091 3508 3148 quae
3573 3073 3840 3147 profecto

2181 3169 2386 3220 nostra
2405 3170 2496 3220 est
2513 3163 2682 3232 ﬁdes,
2707 3171 2774 3222 ut
2793 3167 3088 3239 propheta
3108 3165 3192 3221 ait
3215 3183 3226 3219 :
3259 3186 3288 3215 α
3315 3163 3434 3221 Nisi
3449 3163 3835 3232 credideritis,

2182 3269 2305 3310 non
2333 3253 2668 3326 intelligetis
2701 3256 2840 3322 (Isa.
2877 3271 2972 3324 vn,
3001 3255 3074 3327 9).
3107 3279 3133 3304 ››
3167 3255 3230 3310 ΙΙΙ
3259 3254 3444 3310 domo
3473 3267 3615 3325 ergo
3645 3251 3842 3308 fratris

2183 3343 2562 3416 primogeniti
2593 3344 2698 3399 ﬁlii
2729 3344 3139 3412 convivantur,
3169 3345 3319 3400 dum
3347 3343 3592 3399 virtuteS
3621 3346 3842 3398 nostrae

2183 3433 2245 3490 in
2269 3433 2610 3490 habitaculo
2626 3434 2767 3491 ﬁdei
2789 3435 2940 3491 sacri
2960 3433 3182 3507 eloquii
3205 3433 3340 3490 cibo
3357 3432 3666 3490 satiantur.
3687 3429 3844 3498 Quid

2187 3527 2422 3579 arentes
2454 3523 2656 3592 boves,
2688 3524 2802 3580 nisi
2835 3525 3139 3594 graviores
3169 3527 3406 3580 nostras
3453 3521 3842 3592 cogitationes

2187 3612 2515 3684 accipimus
2541 3614 2568 3668 ?
2614 3613 2766 3680 Quid
2820 3619 3136 3686 pascentes
3179 3613 3566 3686 intelligimus
3614 3611 3839 3674 asinas,

2185 3700 2298 3755 nisi
2321 3701 2621 3773 simplices
2641 3706 2840 3757 motus
2876 3701 3074 3758 cordis
3091 3703 3119 3758 ἱ)
3145 3702 3258 3758 Sed
3279 3701 3644 3774 plerumque
3654 3698 3842 3756 hostis

2185 3788 2442 3846 callidus
2461 3805 2669 3860 graves
2693 3791 3080 3861 cogitationes
3105 3790 3428 3863 voluptatis
3451 3789 3840 3846 delectatione

2185 3879 2530 3952 corrumpit,
2563 3885 2621 3936 et
2645 3884 2845 3937 motus
2867 3881 3166 3953 simplices
3188 3880 3385 3937 cordis
3409 3881 3588 3937 laude
3615 3878 3841 3935 subtili-

2185 3970 2320 4027 tatis
2351 3970 2460 4026 etsi
2488 3985 2612 4026 non
2657 3970 2958 4042 interimit,
3009 3971 3340 4044 subrepens
3399 3975 3600 4028 tamen
3648 3971 3840 4026 nocet.

2185 4060 2380 4118 Aliter.
2423 4065 2670 4118 Arentes
2695 4061 2900 4130 boves,
2931 4061 3318 4132 cogitationes
3350 4065 3487 4118 sunt
3517 4057 3843 4128 charitatis,

2187 4150 2409 4223 quibus
2453 4150 2840 4224 praedicando
2878 4151 3167 4225 prodesse
3210 4150 3341 4206 aliis
3381 4165 3693 4206 conamur.
3743 4151 3847 4204 Per

2188 4240 2388 4296 asinas
2453 4257 2595 4296 vero
2663 4241 2948 4313 patientia
3018 4245 3076 4296 et
3144 4240 3548 4296 mansuetudo
3625 4235 3846 4309 signari

2187 4334 2397 4402 potest.
2431 4330 2544 4386 Sed
2563 4330 2866 4400 malignus
2893 4333 3130 4386 arantes
3151 4329 3338 4384 boves
3363 4328 3680 4398 subtrahit,
3705 4341 3847 4384 cum

2189 4435 2298 4475 nos
2313 4419 2374 4474 in
2397 4423 2697 4492 torporem
2718 4419 2952 4490 mergit,
2977 4423 3040 4474 ut
3056 4418 3186 4474 aliis
3203 4417 3491 4492 prodesse
3505 4433 3629 4475 non
3645 4417 3847 4486 libeat,

2189 4508 2368 4564 etiam
2397 4525 2536 4566 cum
2568 4525 2605 4565 a
2631 4509 2888 4583 propriis
2917 4525 3206 4565 vacamus
3227 4513 3286 4566 et
3304 4509 3452 4566 dum
3473 4507 3847 4566 tolerantiam

2189 4598 2563 4670 cogitationis
2595 4599 2684 4656 vel
2715 4600 2792 4657 ad
2822 4605 3197 4656 momentum
3223 4600 3424 4657 turbat
3447 4598 3622 4671 quasi
3647 4597 3852 4654 abstua

2188 4686 2325 4744 lisse
2368 4701 2429 4745 se
2459 4688 2537 4745 ab
2581 4699 2727 4760 agro
2771 4689 2968 4746 cordis
3011 4690 3216 4747 asinas
3264 4689 3479 4747 exulat.
3523 4684 3661 4740 Aliis
3701 4699 3846 4753 ergo

2190 4777 2578 4851 pereuntibus
2609 4823 2622 4848 ,
2703 4795 2860 4837 unus
2939 4781 3018 4837 ad
3097 4780 3350 4837 domum
3428 4775 3622 4846 redit,
3697 4771 3848 4829 dum

2190 4869 2441 4928 turbatis
2479 4871 2540 4927 in
2588 4871 2910 4929 tentatione
2935 4871 3221 4941 motibus,
3255 4869 3532 4926 discretio
3577 4867 3656 4921 ad
3705 4880 3847 4922 con-

2191 4960 2502 5018 scientiam
2566 4963 2855 5030 recurrit,
2921 4966 2985 5017 ut
3035 4959 3202 5033 quod
3258 4955 3583 5030 repentinis
3653 4954 3849 5011 incur-

2193 5050 2359 5107 sibus
2385 5055 2789 5124 preoccupata
2811 5055 3006 5106 mente
3037 5045 3367 5121 perdidisse
3394 5058 3455 5097 3e
3485 5048 3720 5115 pensat,
3737 5044 3848 5098 hoc

2193 5141 2671 5213 compunctionis
2691 5139 2887 5197 studio
2910 5136 3128 5194 afﬂicta
3151 5133 3412 5205 recipiat.
3443 5132 3720 5206 Sequitur
3743 5149 3758 5188 :

2263 5233 2432 5287 Vens.
2471 5235 2554 5286 16.
2603 5231 2869 5300 Cumque
2897 5226 3095 5282 adhuc
3143 5224 3248 5279 itte
3281 5223 3644 5295 loqueretur,
3692 5223 3850 5278 venit

2193 5323 2350 5379 alius
2395 5327 2448 5377 et
2490 5321 2645 5377 dixit
2674 5335 2696 5375 .·
2727 5318 2889 5388 Ignis
2931 5315 3043 5370 Dei
3078 5314 3286 5370 cecidit
3317 5330 3348 5370 e
3375 5315 3521 5371 caelo
3559 5317 3632 5383 ,et
3661 5317 3851 5368 tactas

2194 5407 2902 5478 oves,etc.——Intuendum
2929 5406 3156 5479 quippe
3173 5411 3260 5462 est
3275 5421 3462 5479 quam
3481 5403 3692 5460 callide
3707 5401 3851 5458 dici—

2192 5508 2288 5559 tur
2299 5503 2454 5571 ignis
2467 5501 2584 5556 Dei.
2600 5505 2681 5554 Ac
2695 5499 2742 5552 si
2755 5497 3068 5554 diceretur:
3087 5497 3248 5554 Illius
3261 5497 3467 5554 anima
3481 5492 3854 5550 animadver-

2193 5591 2426 5648 sionem
2455 5588 2732 5658 sustines,
2761 5603 2944 5661 quem
2981 5591 3065 5646 tot
3091 5587 3302 5645 hostiis
3323 5585 3563 5658 placare
3599 5579 3852 5650 voluisti,

2190 5685 2323 5760 ejus
2361 5681 2516 5740 iram
2563 5675 2800 5764 toleras,
2831 5685 2926 5736 cui
2976 5679 3245 5754 quotidie
3297 5674 3562 5733 serviens
3609 5671 3855 5741 insuda-
