4158 6192
240 213 333 267 m
636 185 639 188 ⁴
1107 213 1411 270 EPITOME
1451 211 1812 270 MORALIUM
1853 211 1888 268 s

2003 210 2156 267 ΒΕΘ.
2189 213 2258 267 ΙΝ
2295 210 2436 268 JOB.
2461 243 2529 254 -—
2561 215 2686 270 LIB.
2723 217 2789 269 Ιῐ.

3568 217 3670 268 122

236 334 368 391 bas.
409 337 632 391 TYPICE.
675 335 901 392 Caelum
964 336 1076 392 hoc
1126 337 1185 391 in
1233 336 1366 393 loco
1417 337 1754 394 sacerdotes
1807 335 1899 391 vel
1931 338 1982 393 Α
2010 335 2196 390 dixit:
2219 336 2362 404 ﬁliis
2389 339 2505 392 tuis
2535 343 2590 393 et
2636 338 2876 405 ﬁliabus
2905 336 3292 398 vescattibus,
3338 341 3393 389 et
3422 335 3672 392 bibenti-

236 423 592 496 Pharisasos,
625 425 719 481 vel
755 425 901 495 legis
939 425 1212 482 doctores
1250 442 1374 482 non
1417 425 1901 483 inconvenienter
2011 424 2114 479 bus
2165 425 2388 492 vinum,
2421 431 2478 481 et
2532 425 2783 498 reliqua.
2817 459 2885 466 —
2945 429 3212 481 Latenter
3258 423 3433 481 infert
3487 427 3668 482 Satan

236 513 594 586 accipimus,
641 517 705 570 ut
758 517 983 586 Moyses
1026 515 1151 572 ait:
1201 536 1231 569 «
1263 516 1532 583 Attende,
1575 515 1812 584 caelum,
1845 517 1902 570 et
2006 513 2173 586 quod
2222 513 2351 586 ipse
2406 519 2614 571 contra
2669 514 2838 570 illum
2891 514 3186 571 elementa
3251 513 3522 581 moverit,
3563 513 3668 586 qui

232 601 476 675 loquar.
509 622 541 656 δ
602 601 710 669 Qui
755 619 860 676 per
913 603 1145 661 caeleste
1202 605 1466 662 ofﬁcium
1523 604 1897 678 superlucere

233 691 612 749 videbantur.
643 691 756 746 Sed
783 692 928 765 quia
954 693 1070 766 ipsi
1102 710 1484 767 summopere
1515 694 1573 750 in
1604 693 1896 766 Redemp-

234 781 382 838 toris
430 781 615 837 nostri
645 780 996 840 adversitate
1044 785 1327 841 commoti
1366 789 1505 841 sunt
1533 784 1706 858 quasi
1743 783 1896 854 ignis

231 871 309 927 de
339 871 488 928 ccelo
519 870 751 938 cecidit,
790 872 938 928 dum
968 875 1046 930 ad
1084 875 1507 949 decipiendum
1554 874 1895 946 imperitum

226 960 525 1033 populum
557 960 637 1016 ab
666 961 760 1017 his
777 962 954 1019 etiam
979 965 1241 1037 quivera
1267 965 1481 1022 docere
1507 964 1891 1036 putabantur,

227 1050 479 1106 ﬂamma
531 1048 773 1106 invidiae
830 1053 1069 1109 exarsit.
1125 1053 1278 1120 Quid
1331 1059 1530 1110 autem
1583 1054 1643 1108 in
1681 1052 1895 1108 ovibus

229 1142 409 1211 atque
457 1137 682 1211 pueris,
714 1139 832 1194 nisi
881 1141 1230 1198 innocentes
1261 1159 1561 1216 quosque,
1597 1141 1646 1197 si
1693 1146 1893 1198 tamen

228 1226 427 1282 adhuc
452 1225 730 1283 inﬁrmos
762 1228 1094 1302 accipimus
1111 1230 1138 1285 ?
1167 1231 1269 1302 qui
1301 1231 1448 1286 dum
1475 1229 1891 1286 adversitatem

225 1315 663 1372 Pharisaeorum
719 1333 790 1374 ac
843 1318 1182 1390 principum
1244 1319 1492 1375 tolerare
1544 1318 1888 1387 timuerunt,

225 1403 592 1462 inﬁdelitatis
671 1407 1150 1464 concrematione
1228 1408 1570 1480 consumpti
1623 1412 1782 1463 sunt.
1842 1409 1889 1460 Α

224 1493 689 1565 ριιωροείῐοιδιιω
740 1495 945 1551 ovium
1003 1495 1285 1552 cordibus
1353 1498 1601 1553 ﬂamma
1651 1495 1889 1551 invidias

225 1583 464 1651 corruit,
493 1587 550 1639 et
593 1583 890 1656 quidquid
936 1584 1080 1640 boni
1132 1585 1194 1641 in
1240 1585 1518 1658 plebibus
1565 1585 1886 1653 oriebatur,

2006 602 2232 658 moveri
2260 602 2545 674 permisit.
2583 602 2869 668 Quamvis
2913 606 2969 658 et
2997 601 3122 674 ipse
3149 601 3332 656 semel
3358 604 3603 674 accepta
3632 615 3671 656 a

2008 691 2258 748 Domino
2301 697 2587 765 potestate
2641 693 2718 749 ad
2767 709 2944 748 usum
2991 703 3112 747 suae
3156 691 3434 762 nequitiae
3487 691 3670 746 etiam

2006 781 2299 838 elementa
2329 786 2643 838 concutere
2676 781 2973 854 praevalet.
3033 783 3096 836 Et
3141 780 3477 835 notandum
3524 779 3669 851 quia

2003 869 2065 925 in
2099 875 2364 927 extremo
2411 871 2670 928 ﬁliorum
2696 876 2952 927 mortem
2982 869 3195 937 intulit,
3228 883 3303 923 ne
3333 866 3475 922 vilia
3499 872 3670 938 pater

2002 961 2086 1015 rei
2114 960 2422 1016 familiaris
2463 961 2691 1018 damna
2731 961 2992 1028 duceret,
3027 960 3074 1015 si
3117 959 3218 1015 illa
3242 959 3373 1030 jam
3421 955 3670 1011 orbatur

2002 1050 2251 1106 audiret.
2307 1052 2663 1123 Quanquam
2717 1051 2878 1107 enim
2935 1048 3211 1105 convivia
3267 1045 3476 1121 peragi
3539 1043 3670 1100 sine

2002 1139 2181 1212 culpa
2209 1139 2305 1196 vix
2335 1141 2586 1212 possint,
2626 1140 2782 1197 absit
2811 1144 2875 1196 ut
2905 1139 3050 1196 tanti
3080 1137 3188 1193 viri
3212 1137 3367 1194 ﬁlios
3391 1152 3498 1208 per
3522 1149 3668 1192 con-

2000 1227 2296 1284 viviorum
2329 1229 2526 1285 studia
2582 1229 3010 1300 ingurgitando
3039 1227 3233 1283 ventri
3261 1241 3506 1283 vacasse
3537 1239 3670 1279 sus-

1999 1316 2289 1388 picemur.
2323 1319 2388 1372 In
2444 1317 2540 1374 die
2590 1333 2732 1387 ergo
2784 1316 2963 1389 primi
3001 1315 3219 1382 fratris,
3252 1314 3406 1370 ﬁlios
3444 1311 3668 1379 obruit,

1997 1406 2141 1477 quia
2170 1406 2452 1479 antiquus
2500 1406 2691 1462 hostis
2719 1406 2781 1462 in
2834 1405 3138 1462 minorum
3178 1408 3368 1458 morte
3419 1401 3670 1456 subver-

1999 1494 2182 1549 sionis
2213 1495 2442 1552 aditum
2489 1512 2594 1568 per
2623 1495 3047 1566 negligentiam
3079 1492 3384 1563 majorum
3429 1489 3665 1562 quaerit.

1998 1586 2260 1640 Mvsrice.
2288 1584 2408 1640 Filii
2433 1590 2490 1641 et
2504 1585 2640 1640 ﬁliae
2666 1584 3062 1658 praedicantes
3085 1580 3340 1655 apostoli
3364 1595 3434 1635 ac
3458 1577 3669 1651 plebes

223 1670 506 1728 incendit.
543 1675 703 1728 Unus
733 1672 902 1742 fugit,
933 1674 1078 1746 quia
1117 1675 1265 1731 dum
1295 1675 1575 1748 impletur
1603 1675 1889 1747 praedicta
1925 1693 1970 1750 Β
1997 1673 2405 1742 designantur,
2439 1674 2544 1746 qui
2570 1675 2631 1730 in
2657 1673 2841 1729 domo
2863 1673 3056 1729 fratris
3095 1668 3477 1744 primogeniti
3517 1682 3664 1722 con-

224 1776 410 1817 causa
458 1761 719 1831 malitias,
780 1761 1027 1819 fallaciae
1083 1764 1383 1820 interitum
1439 1764 1636 1820 evadit
1691 1780 1888 1820 sermo

222 1849 608 1922 propheticus
654 1851 756 1923 qui
804 1850 915 1906 ait:
946 1854 1059 1908 «Et
1110 1868 1270 1907 nunc
1315 1853 1468 1922 ignis
1517 1853 1888 1909 adversarios

225 1939 526 1996 consumit
551 1939 750 2011 (Joan.
786 1955 908 2009 nx,
940 1940 1016 2012 6).
1042 1941 1554 2007 MonsuremQuid
1584 1957 1690 2013 per
1718 1957 1885 2012 oves,

223 2027 338 2082 nisi
358 2027 733 2097 cogitationis
758 2028 1118 2099 innocentia,
1152 2031 1246 2088 vel
1285 2031 1586 2086 bonorum
1613 2031 1885 2086 cordium

222 2115 525 2172 munditia
574 2117 965 2188 designatur?
996 2122 1061 2176 Et
1098 2120 1242 2193 quia
1277 2120 1356 2176 ab
1408 2121 1562 2177 aeris
1621 2124 1886 2192 potesta-

222 2204 388 2260 tibus
463 2205 567 2277 qui
631 2206 846 2263 coelum
897 2207 1129 2275 dicitur,
1180 2213 1387 2265 contra
1455 2208 1886 2278 cogitationum

222 2299 569 2351 nostrarum
626 2295 986 2353 munditiam
1041 2296 1292 2354 ﬂamma
1326 2297 1529 2354 livoris
1581 2297 1767 2364 irruit,
1809 2297 1886 2353 de

222 2383 373 2439 caelo
401 2383 557 2454 ignis
601 2385 780 2454 venit,
812 2387 917 2458 qui
952 2386 1105 2457 ignis
1153 2387 1250 2444 Dei
1296 2387 1530 2455 dicitur,
1582 2387 1726 2460 quia
1777 2389 1886 2443 etsi

221 2489 344 2530 non
373 2473 625 2530 faciente
687 2477 824 2546 Deo,
857 2479 1061 2532 tamen
1091 2477 1463 2549 permittente
1492 2479 1611 2533 Deo
1642 2493 1885 2547 genera-

223 2569 333 2620 tur.
369 2564 485 2622 Sed
515 2581 673 2621 unus
715 2565 866 2636 fugit
917 2583 1055 2622 cum
1106 2567 1466 2640 perturbatis
1514 2568 1884 2638 cogitationi-

221 2654 334 2709 bus
359 2653 638 2711 discretio
658 2671 784 2711 non
809 2656 1164 2725 succumbit,
1200 2663 1264 2714 ut
1291 2659 1521 2715 damna
1541 2674 1651 2714 sua
1681 2658 1884 2715 animo

219 2743 536 2811 renuntiet,
569 2748 626 2800 et
653 2745 826 2817 quasi
855 2745 1172 2802 dominum
1201 2747 1279 2802 ad
1315 2746 1648 2804 lamentum
1691 2752 1882 2804 vocet.

224 2832 502 2905 Sequitur
526 2851 539 2888 :

292 2924 457 2978 Vens.
499 2923 581 2979 l7.
615 2923 874 2981 Chatdei
894 2925 1174 2994 fecerunt
1209 2931 1327 2982 tres
1368 2932 1618 2982 turmas.
1643 2958 1711 2966 —-
1741 2929 1886 2982 Ecce

218 3010 437 3101 iterum
490 3026 565 3068 ne
623 3011 772 3084 quid
825 3013 1028 3068 minus
1073 3013 1148 3069 de
1205 3014 1476 3070 humana
1532 3013 1887 3071 adversitate
1925 3049 1966 3101 Ο

219 3099 526 3164 doluisset,
559 3101 982 3158 Chaldaeorum
1010 3107 1239 3158 turmas
1276 3102 1516 3158 irruisse
1554 3103 1884 3160 denuntiat.

217 3193 440 3245 TYPlCl-Z.
473 3189 732 3247 Chaldaei
784 3190 1246 3264 interpretantur
1302 3191 1547 3262 feroces,
1597 3209 1721 3265 quo
1777 3208 1885 3248 no-

220 3278 385 3334 mine
422 3277 814 3350 designantur
842 3281 1276 3352 persecutionis
1325 3281 1562 3337 Domini
1591 3287 1886 3349 auctores,

216 3367 325 3440 qui
345 3367 654 3426 dicebant:
682 3369 1321 3441 «Cruciﬁge,cruciﬁge
1348 3373 1513 3442 (Luc.
1542 3387 1708 3439 xxiii,
1736 3372 1887 3441 21).»

216 3460 361 3513 Tres
417 3461 625 3514 turma:
684 3459 988 3531 Pharisaei,
1059 3459 1402 3525 Herodiani,
1460 3465 1518 3517 et
1575 3460 1889 3517 Sadducaai

219 3551 384 3613 sunt,
419 3548 686 3604 Camelos
714 3549 978 3621 rapiunt,
1010 3549 1159 3605 dum
1188 3549 1592 3607 Samaritanos
1619 3555 1676 3606 et
1703 3565 1889 3622 quos-

218 3633 367 3690 dam
387 3650 461 3690 ex
480 3635 706 3704 Iudaea,
739 3636 830 3692 vel
865 3641 1165 3696 tortuosas
1194 3643 1425 3694 mentes
1453 3638 1890 3695 inﬁrmantium

219 3722 646 3796 persuadendo
688 3725 766 3781 ad
806 3726 1109 3783 interitum
1152 3728 1413 3784 trahunt.
1445 3731 1664 3784 Pueros
1709 3727 1889 3783 etiam

221 3812 426 3882 gladio
475 3813 712 3882 feriunt,
740 3815 884 3887 quia
929 3821 986 3872 et
1028 3817 1077 3872 si
1122 3817 1232 3889 qui
1268 3817 1330 3872 in
1368 3816 1589 3890 popule
1635 3817 1716 3872 uti
1761 3817 1890 3887 jam

219 3902 450 3957 ratione
477 3908 816 3976 potuerant,
831 3905 914 3960 eis
936 3905 1081 3977 ipsis
1111 3921 1235 3960 non
1264 3906 1476 3961 virtute
1495 3905 1762 3970 rationis,
1783 3904 1889 3960 sed

219 3991 535 4063 potestatis
578 3991 809 4047 ratione
855 3993 1254 4050 contraibant.
1287 3998 1334 4048 Α
1360 3994 1582 4065 quibus
1625 3993 1889 4049 evadens

219 4095 372 4152 puer
414 4078 522 4149 qui
552 4077 804 4146 nuntiat,
837 4079 1023 4148 fugit;
1065 4081 1210 4151 quia
1238 4080 1350 4134 illis
1391 4081 1598 4153 iniqua
1645 4086 1891 4153 patran-

220 4168 404 4235 tibus,
438 4180 542 4221 eos
593 4165 880 4221 nimirum
923 4167 1230 4238 deserens,
1263 4183 1459 4223 sermo
1507 4167 1891 4241 propheticus

221 4254 606 4323 convalescit,
640 4255 746 4328 qui
776 4255 888 4312 ait:
923 4278 950 4306 ‹‹
986 4259 1054 4313 Et
1096 4261 1362 4314 tenentes
1405 4257 1619 4329 legem,
1663 4257 1888 4313 nescie-

220 4350 362 4400 runt
385 4360 482 4400 me
513 4345 657 4415 (Jer.
693 4360 754 4412 ιι,
783 4346 895 4418 8).»
922 4348 1326 4410 ΤιιοΡοιοαιεε,
1361 4350 1465 4402 Per
1493 4347 1754 4403 camelos
1785 4347 1890 4419 qui

222 4433 526 4490 mundum
550 4433 775 4506 aliquid
805 4434 954 4491 dum
974 4435 1299 4505 ruminant,
1327 4436 1712 4492 immundum
1742 4436 1890 4492 dum

223 4537 617 4594 nequaquam
645 4523 938 4593 ungulam
984 4523 1223 4580 ﬁndunt
1252 4524 1494 4597 habent,
1529 4541 1711 4598 supra
1739 4527 1891 4582 dixi-

226 4625 365 4664 mus
414 4609 609 4666 bonas
671 4626 872 4667 rerum
925 4612 1349 4684 temporalium
1407 4612 1892 4684 dispensationes

227 4697 494 4768 intelligi.
549 4699 613 4753 In
670 4700 894 4771 quibus
943 4718 1065 4773 quo
1115 4707 1203 4757 est
1247 4718 1390 4757 cura
1437 4702 1768 4768 distentior,
1823 4717 1893 4757 eo

229 4787 405 4842 nobis
436 4787 822 4860 multiplicius
853 4789 1166 4846 insidiatur
1187 4791 1482 4846 inimicus.
1503 4791 1708 4848 Omnis
1734 4791 1894 4847 enim

230 4876 476 4932 terrenis
553 4877 734 4933 rebus
789 4879 1211 4952 dispensandis
1269 4880 1617 4952 praesidens,
1680 4879 1896 4935 occulti

227 4965 422 5020 hostis
436 4965 648 5035 jaculis
674 4966 851 5024 latius
881 4973 1060 5040 patet.
1097 4969 1276 5034 Quasi
1325 4969 1486 5025 enim
1519 4974 1633 5025 tres
1667 4974 1896 5024 turmas

226 5058 439 5110 contra
467 5056 730 5112 camelos
762 5058 975 5125 facere,
1007 5063 1095 5114 est
1136 5064 1506 5116 terrenarum
1553 5074 1753 5114 rerum
1781 5057 1896 5113 dis-

227 5143 653 5214 pensationum
705 5146 921 5218 studia,
975 5146 1158 5204 modo
1209 5147 1411 5203 illicito
1458 5163 1658 5219 opere,
1710 5145 1894 5203 modo

229 5230 541 5304 superﬂua
564 5233 882 5302 locutione,
911 5236 1096 5292 modo
1143 5237 1485 5293 inordinata
1540 5235 1893 5306 cogitatione

227 5325 484 5376 vastare.
520 5323 681 5378 Unus
706 5328 908 5380 autem
937 5325 1172 5396 fugiens
1214 5324 1388 5388 redit,
1417 5325 1562 5397 quia
1589 5324 1895 5380 discretio-

227 5409 322 5464 nis
352 5410 505 5466 ratio
536 5413 752 5468 mentis
786 5418 1004 5469 nostrae
1030 5415 1216 5470 oculis
1245 5415 1518 5485 occurrit,
1546 5419 1603 5470 et
1650 5413 1897 5470 sollicita

229 5497 470 5554 sibimet
527 5500 752 5568 anima,
785 5501 950 5572 quod
1004 5502 1201 5558 subito
1244 5503 1513 5576 impulsu
1560 5503 1897 5560 tentationis

229 5588 590 5646 intrinsecus
623 5591 858 5660 amittit,
885 5589 1171 5661 intelligit.
1208 5595 1513 5666 Sequitur:

301 5680 478 5740 Vens.
509 5679 591 5736 18.
613 5681 1000 5765 quuebatur
1023 5681 1145 5742 ille,
1170 5687 1223 5738 et
1245 5697 1373 5739 ecce
1393 5685 1548 5742 alius
1570 5684 1820 5739 intravit
1843 5689 1897 5739 et

1997 1763 2181 1819 vivari
2206 1763 2555 1830 referantur,
2577 1765 2721 1836 quia
2737 1764 2799 1819 in
2827 1763 3196 1819 habitatione
3219 1759 3418 1816 adhuc
3435 1755 3665 1812 Iudaici

1997 1852 2203 1924 populi
2252 1869 2437 1908 sacras
2481 1853 2920 1925 praedicationis
2971 1850 3196 1908 deliciis
3247 1846 3670 1904 vescebantur.

1997 1942 2177 2011 Regio
2241 1941 2477 2011 deserti,
2537 1959 2639 1998 cor
2707 1941 3040 1997 inﬁdelium
3113 1943 3222 2010 est,
3287 1935 3455 2010 quod
3514 1933 3665 1988 dum

1997 2033 2234 2086 Creator
2280 2031 2520 2096 deserit,
2576 2031 2776 2086 nullus
2827 2030 3194 2086 inhabitator
3241 2026 3396 2084 colit.
3443 2027 3667 2080 Ventus

1994 2119 2318 2176 vehemens
2348 2137 2383 2177 a
2412 2121 2655 2190 regione
2675 2120 2895 2176 deserti
2914 2119 3102 2184 irruit,
3125 2117 3270 2192 quia
3294 2116 3356 2172 in
3380 2112 3667 2188 passione

1996 2207 2404 2280 Redemptoris
2454 2209 2641 2264 nostri
2693 2214 2900 2265 contra
2931 2207 3138 2263 ﬁdeles
3179 2207 3308 2277 ejus
3342 2203 3510 2260 fortis
3540 2206 3673 2257 ten“

1995 2297 2138 2353 tatio
2169 2313 2205 2352 a
2237 2297 2518 2353 cordibus
2557 2297 2907 2352 Judeeorum
2935 2295 3111 2351 venit.
3148 2294 3254 2349 Vel
3301 2296 3455 2348 certe
3497 2289 3667 2358 regio

1995 2384 2211 2441 deserti
2241 2386 2698 2442 immundorum
2721 2385 3039 2458 spirituum
3071 2388 3157 2440 est
3184 2379 3526 2448 multitudo,
3557 2375 3665 2448 qui

1995 2473 2180 2530 corda
2244 2479 2696 2546 persecutorum
2744 2476 3220 2528 commoverunt.
3297 2472 3521 2525 Domus
3572 2470 3665 2521 est

1996 2577 2328 2634 synagoga.
2356 2565 2622 2629 Quatuor
2646 2561 2871 2632 anguli,
2895 2565 3156 2633 quatuor
3185 2557 3427 2614 ordines
3457 2569 3668 2624 regen-

1995 2651 2165 2716 tium,
2199 2651 2582 2708 sacerdotum
2609 2649 2831 2706 scilicet
2869 2654 2926 2705 et
2975 2648 3338 2712 Scribarum,
3371 2648 3429 2699 et
3470 2641 3668 2696 senio-

1994 2756 2129 2796 rum
2172 2741 2403 2813 populi,
2459 2746 2638 2814 atque
2687 2739 3143 2795 Pharisaeorum.
3190 2735 3280 2792 Ab
3331 2730 3666 2788 immundis

1997 2829 2300 2901 spiritibus
2345 2829 2569 2902 quippe
2617 2833 2848 2896 ventus,
2898 2827 2958 2883 ib
2999 2831 3090 2883 est
3129 2823 3396 2890 tentatio,
3454 2820 3664 2875 irruit:

1996 2923 2052 2973 et
2104 2923 2333 2975 mentes
2361 2922 2621 2990 quatuor
2650 2918 2932 2973 ordinum
2976 2915 3204 2972 malitia
3231 2907 3668 2986 persecutionis

1996 3007 2288 3063 excitavit.
2310 3007 2535 3062 Domus
2551 3005 2770 3062 liberos
2795 3004 3110 3078 oppressit,
3124 3003 3269 3075 quia
3289 3001 3437 3056 dum
3452 3000 3480 3052 J
3488 2997 3669 3054 udtea

1997 3096 2405 3152 incredulitate
2435 3095 2756 3152 Dominicae
2784 3091 3211 3166 persecutionis
3227 3089 3406 3156 cadit,
3430 3090 3667 3159 aposto-

1995 3187 2192 3242 lorum
2222 3185 2405 3242 ﬁdem
2430 3183 2862 3256 desperationis
2885 3180 3205 3238 formidine
3246 3176 3464 3234 obruit.
3500 3177 3662 3230 Unus

1999 3273 2218 3344 evadit,
2249 3273 2394 3345 quia
2444 3272 2821 3330 convaluisse
2875 3286 3072 3326 sermo
3123 3265 3505 3340 propheticus
3561 3259 3669 3334 qui

1998 3365 2127 3420 haec
2179 3363 2559 3419 nuntiaverat
2609 3361 2962 3431 ostenditur,
3019 3358 3258 3424 dicens;
3319 3377 3347 3404 «
3410 3353 3668 3409 Dilectus

1997 3470 2169 3509 meus
2227 3452 2290 3507 in
2333 3452 2518 3508 domo
2561 3466 2698 3506 mea
2740 3450 2875 3506 fecit
2917 3447 3141 3505 scelera
3183 3444 3374 3501 multa
3421 3444 3666 3513 (Jerem.

1997 3559 2076 3611 xx,
2130 3543 2243 3613 l5);
2277 3560 2307 3593 »
2333 3547 2392 3596 et
2421 3539 2604 3596 illud:
2658 3562 2686 3590 ‹‹
2720 3538 3056 3594 Percutiam
3093 3539 3418 3609 pastorem,
3450 3535 3508 3586 et
3551 3528 3671 3584 dis-

1997 3636 2319 3705 pergentur
2335 3646 2478 3686 oves
2499 3630 2694 3700 gregis
2720 3628 2958 3700 (Matth.
2979 3624 3298 3696 XXV'1,31).)
3321 3624 3664 3678 MORALITER.

1999 3725 2244 3789 Domus,
2276 3723 2484 3776 nostra
2535 3717 2899 3775 conscientia
2954 3722 3058 3771 est.
3117 3715 3383 3779 Quatuor
3439 3705 3666 3778 anguli,

1999 3816 2260 3882 quatuor
2290 3814 2430 3865 sunt
2458 3809 2725 3872 virtutes,
2758 3806 3006 3862 scilicet:
3047 3800 3390 3867 Prudentia,
3424 3796 3668 3854 Fortitu-

1999 3899 2098 3966 do,
2130 3899 2563 3970 Temperantia,
2593 3903 2647 3953 et
2676 3896 2930 3952 Justitia.
2960 3893 3140 3964 Regio
3163 3890 3382 3948 deserti
3402 3889 3668 3944 immun-

2001 3984 2062 4039 di
2094 3988 2233 4038 sunt
2262 3984 2522 4055 spiritus,
2551 3983 2654 4055 qui
2681 3998 2717 4037 a
2746 3984 2864 4036 Deo
2895 3984 3036 4035 sunt
3062 3975 3344 4033 derelicti.

2074 4075 2299 4128 Ventus
2331 4088 2472 4140 ergo
2502 4072 2824 4126 vehemens
2855 4073 3116 4139 quatuor
3146 4064 3404 4133 angulos
3451 4061 3672 4116 domus

2002 4161 2282 4230 concutit,
2309 4160 2451 4231 quia
2478 4159 2640 4214 fortis
2672 4156 2912 4214 tentatio
2953 4153 3204 4210 occultis
3232 4150 3495 4207 motibus
3524 4162 3670 4219 qua-

2002 4255 2138 4306 tuor
2165 4249 2410 4304 virtutes
2437 4246 2657 4319 quatit:
2689 4243 2994 4318 quassatis
3019 4239 3255 4312 angulis
3285 4238 3505 4294 domus
3532 4234 3670 4303 ruit,

2003 4340 2150 4395 dum
2172 4337 2424 4411 pulsatis
2449 4335 2768 4392 virtutibus
2794 4330 3158 4390 conscientia
3192 4328 3484 4386 turbatur.
3513 4328 3672 4380 Intra

2004 4431 2116 4485 hos
2146 4433 2346 4484 autem
2385 4431 2645 4498 quatuor
2691 4423 2946 4494 angulos
2977 4421 3196 4478 domus
3225 4417 3331 4474 ﬁlii
3353 4414 3673 4472 convivan-

2003 4525 2119 4590 tur,
2150 4518 2295 4591 quia
2323 4517 2478 4573 intra
2508 4530 2730 4572 arcana
2761 4513 2977 4569 mentis
3015 4526 3118 4568 cor
3145 4505 3551 4582 principaliter
3578 4502 3672 4559 his

2002 4614 2261 4682 quatuor
2286 4606 2603 4662 virtutibus
2643 4603 2724 4660 ad
2749 4618 3003 4658 summa:
3033 4597 3403 4656 rectitudinis
3433 4594 3674 4682 culmen

2003 4679 2264 4766 erigitur,
2295 4700 2352 4752 et
2381 4695 2627 4751 virtutes
2656 4696 2903 4757 caeteras,
2935 4687 3111 4762 quasi
3155 4685 3441 4758 quaedam
3472 4679 3671 4737 cordis

2006 4786 2264 4853 soboles,
2296 4800 2358 4839 se
2383 4784 2641 4840 invicem
2689 4783 2964 4853 pascunt.
3013 4781 3230 4832 Eversa
3259 4774 3436 4844 igitur
3465 4771 3671 4840 domo,

2005 4876 2343 4932 moriuntur
2392 4872 2518 4941 ﬁlii,
2578 4870 2724 4943 quia
2777 4868 3016 4925 turbata
3062 4867 3124 4921 in
3173 4862 3497 4920 tentatione
3535 4876 3673 4918 con-

2007 4964 2278 5033 scientia,
2336 4962 2672 5018 obruuntur
2745 4957 2957 5028 genitae
3033 4956 3095 5011 in
3154 4953 3334 5011 corde
3404 4953 3668 5012 virtutes.

2007 5060 2158 5111 Cum
2217 5053 2439 5126 quibus
2481 5051 2662 5107 etiam
2709 5053 2767 5105 et
2821 5054 2937 5104 tres
2983 5062 3219 5103 sorores
3279 5044 3671 5108 occumbunt,

2007 5145 2150 5218 quia
2207 5145 2266 5199 in
2332 5142 2510 5200 corde
2568 5154 3012 5211 nonnunquam
3073 5152 3179 5209 per
3242 5134 3480 5205 ﬂagella
3552 5138 3672 5187 tur-

2007 5235 2185 5290 batur
2237 5231 2514 5300 charitas,
2548 5245 2656 5302 per
2705 5227 3086 5285 formidinem
3142 5225 3481 5281 concutitur
3510 5235 3670 5298 spes,

2007 5341 2114 5398 per
2141 5321 2504 5396 quaestiones
2549 5319 2828 5392 pulsatur
2856 5317 3030 5374 ﬁdes.
3066 5319 3228 5372 Unus
3267 5311 3505 5398 evadit,
3527 5305 3674 5398 quia

2008 5395 2224 5470 mentis
2284 5410 2560 5467 discretio
2607 5410 2786 5465 etiam
2837 5408 2897 5463 in
2953 5405 3317 5463 tentamenta
3352 5395 3672 5468 incolumis

2010 5507 2339 5577 permanet,
2402 5506 2464 5556 ut
2512 5500 2721 5556 dolens
2772 5498 3011 5553 animus
3065 5492 3238 5555 vires,
3286 5503 3439 5560 quas
3497 5487 3672 5561 quasi

2009 5593 2277 5651 amittere
2309 5595 2569 5664 coeperat
2597 5586 2942 5662 paenitendo
2986 5583 3317 5634 conservet.
3355 5577 3666 5650 Sequitur:

2083 5681 2255 5738 Vens.
2289 5681 2376 5736 20.
2422 5681 2583 5734 Tunc
2611 5673 2875 5730 surrexit
2900 5669 3032 5730 Job,
3051 5673 3106 5724 et
3127 5668 3300 5724 scidit
3325 5666 3669 5722 vestimenta
