4154 6160
482 182 586 237 113
1525 172 1586 229 S.
1621 169 1882 230 ODONIS
1921 167 2214 228 ABBATIS

2243 168 2872 240 _GLUN1ACENSIS§;11.

3839 160 3976 216 124

479 303 612 372 sua,
655 309 707 359 et
741 307 900 357 tense
928 297 1121 366 capite
1168 312 1454 354 corruens
1482 297 1546 352 in
1587 301 1811 353 tetram
1840 295 2138 352 adoravit.
2179 297 2226 358 Α
2254 293 2434 350 nibus
2483 297 2746 350 mentem
2806 292 2888 350 ad
2939 289 3268 347 certamina.
3319 285 3624 344 robustius
3673 299 3972 360 parare.

481 421 549 436 -η
575 388 828 448 Nonuuli
872 401 1114 456 magnae
1167 385 1513 442 constantim
1545 383 1992 457 philosophiam
2029 398 2140 454 pu-

479 485 624 548 tant,
657 478 706 532 si
753 476 1084 549 disciplinae
1111 475 1430 547 asperitate
1461 474 1728 534 correcti,
1751 473 1905 530 ictus
1937 472 2144 528 verbe-

477 584 610 626 rum
664 565 1022 637 doloresque
1052 581 1176 622 non
1215 565 1492 621 sentiant.
1533 562 1811 620 Nonnulli
1852 578 1996 618 vero
2024 565 2147 617 tam

475 657 656 716 nimis
709 655 1171 730 percussionum
1218 653 1460 726 ﬂagella
1499 653 1781 720 sentiunt,
1821 657 1883 708 ut
1930 653 2146 706 immo-

477 749 686 806 derato
727 745 934 802 dolore
983 744 1292 813 commoti,
1321 745 1499 800 etiam
1546 745 1608 800 in
1633 757 1888 798 excessu
1927 741 2148 811 linguas

479 837 842 894 dilabantur.
875 836 954 889 De
981 832 1096 890 illis
1126 833 1350 906 quippe
1377 832 1592 888 dicitur
1621 847 1727 905 per
1749 831 2144 903 prophetam:

481 949 510 976 α
537 923 884 982 Percussisti
925 939 1047 990 eos,
1089 938 1200 978 nec
1243 921 1580 978 doluerunt.
1612 920 1894 976 Attrivisti
1932 935 2053 982 eos,
2095 910 2154 974 et

480 1017 808 1073 renuerunt
855 1013 1124 1086 accipere
1171 1012 1552 1085 disciplinam
1613 1013 1751 1083 (Jer.
1787 1027 1844 1079 v,
1879 1010 1954 1080 3).
1989 1032 2018 1058 ››
2071 1011 2150 1064 De

483 1091 614 1162 istis
667 1103 982 1160 Psalmista
1039 1103 1149 1160 ait:
1188 1125 1214 1152 α
1248 1107 1312 1158 In
1365 1101 1615 1158 miseriis
1655 1116 1780 1156 non
1825 1099 2153 1156 subsistant

483 1196 674 1266 (Psal.
703 1209 926 1263 cxxxix,
963 1193 1070 1261 tl).
1107 1217 1134 1242 ››
1173 1193 1390 1248 Beatus
1432 1191 1636 1263 itaque
1660 1190 1770 1246 Job
1815 1189 1956 1261 quia
1999 1204 2150 1244 verse

483 1282 878 1356 philosophia:
920 1280 1190 1349 regulam
1239 1280 1446 1346 tenuit,
1470 1283 1680 1336 contra
1707 1282 1962 1350 utraque
1999 1277 2152 1334 mira

484 1384 548 1424 se
599 1371 724 1424 arte
771 1368 1062 1424 servabat.
1099 1369 1272 1434 Quod
1325 1368 1680 1424 vestimenta
1721 1366 1894 1422 scidit
1933 1365 2153 1434 ﬂagelli

481 1455 750 1514 dolorem
807 1457 1006 1514 sensit.
1039 1457 1212 1522 Quod
1261 1472 1404 1514 vero
1454 1456 1748 1525 adoravit,
1795 1459 2004 1510 contra
2052 1455 2156 1510 ﬂa-

483 1546 710 1618 gellatis
753 1546 1052 1616 judicium
1101 1562 1224 1602 non
1273 1545 1544 1601 excessit.
1594 1548 1722 1600 Duo
1780 1544 1940 1600 enim
2019 1547 2155 1598 sunt

2255 383 2618 440 Vestimenta
2673 382 3026 450 scindimus,
3056 381 3206 436 dum
3255 375 3655 434 discernendo
3709 379 3976 432 nostra

2255 489 2439 547 opera
2467 477 2877 530 retractemus.
2922 471 3094 536 Quod
3145 472 3350 525 nostra
3388 482 3500 522 nos
3529 481 3716 540 opera
3761 464 3974 522 velut

2255 563 2610 620 vestimenta
2682 566 2818 619 ante
2891 565 3080 618 Deum
3135 560 3364 628 tegant,
3427 555 3678 628 angelus
3735 554 3968 612 dicit:

2259 675 2286 704 ‹‹
2321 656 2532 710 Beatus
2556 653 2659 726 qui
2687 651 2892 723 vigilat
2920 655 2978 706 et
3004 648 3259 706 sustodit
3289 646 3640 704 vestimenta
3669 661 3822 715 sua,
3875 659 3966 700 ne

2256 743 2458 800 nudus
2507 727 2776 800 ambulet
2821 742 3028 812 (Apoc.
3065 756 3182 802 xvr,
3219 738 3322 808 15).
3349 759 3380 786 »
3413 735 3568 802 Quid
3615 734 3964 791 moraliter

2255 848 2362 905 per
2413 831 2660 904 capillos
2725 831 2840 888 nisi
2913 828 3098 886 animi
3156 826 3468 883 affluentes
3526 825 3960 896 cogitationes

2258 923 2584 995 accipimus
2601 924 2626 977 ?
2657 921 2810 987 Quid
2833 935 2938 992 per
2967 921 3170 990 caput,
3201 916 3318 972 nisi
3347 931 3518 972 mens
3549 915 3684 986 ipsa
3721 913 3960 984 signa-

2259 1015 2351 1066 tur
2367 1013 2394 1068 ?
2426 1013 2616 1083 Caput
2643 1025 2786 1080 ergo
2811 1007 3136 1064 detondere
3175 1010 3264 1062 est
3292 1003 3684 1076 cogitationes
3711 1019 3957 1075 super—

2260 1100 2414 1156 fluas
2437 1116 2472 1156 a
2502 1104 2702 1156 mente
2715 1098 3100 1154 resecare.Et
3131 1096 3370 1158 detonsa
3392 1094 3585 1164 capite
3605 1094 3670 1148 in
3696 1099 3952 1148 terram

2260 1192 2506 1246 corruit.
2546 1189 2658 1255 Qui
2701 1187 2986 1260 repressis
3030 1182 3514 1258 praesumptionis
3551 1199 3672 1238 suae
3703 1181 3954 1252 cogita-

2261 1278 2540 1344 tionibus,
2577 1294 2764 1350 quam
2789 1277 2852 1333 in
2882 1276 3272 1347 semetipsum
3294 1272 3571 1330 inﬁrmus
3597 1272 3692 1338 sit,
3721 1271 3948 1328 humi-

2259 1368 2388 1424 liter
2430 1368 2720 1438 agnoscit.
2767 1371 2920 1436 Ergo
2980 1364 3248 1421 adversis
3293 1362 3511 1420 auditis
3567 1361 3950 1420 detondetur

2262 1463 2460 1531 caput,
2487 1475 2626 1514 cum
2669 1456 3092 1514 tentationibus
3121 1455 3501 1510 vehementer
3538 1452 3945 1522 irruentibus,

2264 1563 2300 1604 a
2323 1547 2808 1619 praesumptionis
2825 1562 2949 1602 sum
2966 1543 3427 1614 cogitationibus
3442 1557 3618 1598 mens
3633 1541 3942 1598 nudatur.

481 1639 782 1707 praecepta
833 1635 1172 1691 charitatis;
1204 1651 1376 1690 amor
1405 1633 1676 1690 videlicet
1734 1634 1835 1690 Dei
1867 1639 1924 1690 et
1951 1633 2153 1706 proxi-
2191 1655 2233 1710 Β
2265 1640 2330 1694 Et
2357 1636 2694 1694 notandum
2743 1635 2908 1708 quod
2937 1635 2998 1690 in
3027 1639 3246 1690 terram
3276 1647 3580 1698 corruens,
3626 1631 3940 1688 adoravit.

483 1723 588 1780 mi.
635 1726 706 1779 Ut
755 1723 1134 1780 dilectionem
1179 1723 1438 1796 proximi
1494 1723 1814 1792 exolveret,
1863 1722 2156 1794 impendit

482 1810 746 1878 luctum;
777 1817 842 1868 ut
873 1811 974 1868 Dei
1023 1829 1148 1868 non
1197 1813 1516 1878 desereret,
1577 1811 1833 1884 explevit
1861 1811 2012 1866 inter
2053 1826 2154 1880 ge-

484 1899 667 1956 mitus
725 1901 1076 1957 orationem.
1112 1904 1232 1958 Mos
1286 1907 1556 1958 veterum
1601 1902 1710 1956 fuit
1761 1905 1826 1956 ut
1881 1901 2153 1972 quisquis

486 1988 736 2061 capillos
785 1989 1106 2046 nutriendo
1131 1995 1412 2061 servaret,
1454 2007 1556 2046 eos
1587 1993 1854 2062 tempore
1884 1988 2153 2044 atllictio-

483 2079 580 2134 nis
605 2079 1013 2136 abscinderet:
1047 2085 1106 2137 et
1138 2081 1244 2153 qui
1270 2080 1714 2152 tranquillitatis
1761 2084 2028 2151 tempore
2055 2095 2154 2135 ca-

483 2167 662 2240 pillos
721 2169 1118 2238 abscinderet,
1179 2185 1282 2226 eos
1349 2171 1408 2225 in
1466 2169 1788 2225 afﬂictione
1845 2168 2150 2230 enutriret.

482 2259 698 2314 Beatus
721 2259 928 2331 itaque
960 2260 1074 2316 Job
1101 2259 1546 2332 tranquillitatis
1599 2263 1870 2331 tempore
1901 2257 2153 2330 capillos

484 2362 752 2404 servasse
781 2347 1132 2412 ostenditur,
1161 2365 1302 2404 eum
1333 2349 1412 2406 ad
1435 2349 1706 2405 dolorem
1731 2352 1914 2420 caput
1961 2351 2152 2404 toton-

483 2436 644 2492 disse
670 2443 1060 2496 memoratur.
1079 2443 1340 2497 Mvsrmr.
1371 2441 1624 2508 Surgere
1653 2437 1888 2494 Domini
1909 2441 1998 2494 est
2020 2453 2154 2509 pec-

485 2530 738 2598 catores,
760 2543 888 2598 qua
911 2527 1178 2584 districto
1202 2528 1432 2598 judicio
1456 2543 1530 2582 ne
1553 2526 1932 2598 derelinquat
1954 2529 2150 2582 osten-

485 2616 646 2671 dere.
681 2617 942 2673 Surrexit
997 2617 1144 2689 quia
1171 2617 1422 2690 quando
1461 2617 1688 2688 judicio
1735 2621 2150 2689 persecutores

488 2719 632 2760 suos
681 2705 997 2773 desereret,
1029 2707 1404 2763 monstravit.
1437 2706 1592 2772 Quid
1639 2705 1800 2762 enim
1829 2705 2150 2762 vestimen-

485 2797 616 2850 tum
657 2794 916 2864 Domini,
957 2795 1072 2850 nisi
1122 2798 1444 2868 Synagoga
1485 2795 1701 2852 exstitit
1722 2797 1749 2852 Ἰ
1791 2795 1950 2852 Sicut
1989 2795 2150 2852 enim

485 2883 582 2939 his
627 2897 794 2939 nunc
831 2884 1098 2952 vestitur,
1130 2901 1172 2942 ε.
1213 2885 1436 2957 quibus
1481 2885 1764 2956 diligitur,
1811 2888 1874 2940 ut
1928 2885 2150 2942 Paulus

485 2973 598 3062 ait:
640 2993 668 3024 «
707 2975 776 3029 Ut
800 2973 1104 3030 exhiberet
1132 2973 1246 3031 sibi
1275 2975 1600 3045 gloriosam
1649 2974 1994 3042 Ecclesiam,
2027 2990 2150 3031 non
2181 3007 2226 3062 ο

483 3061 810 3120 habentem
837 3079 1054 3135 rugam
1084 3067 1190 3122 aut
1209 3065 1518 3122 maculam.
1537 3066 1778 3136 (Ephes.
1799 3082 1860 3135 v,
1877 3065 1986 3137 27),
2013 3087 2040 3114 ››
2069 3064 2154 3122 ita

484 3166 624 3208 cum
651 3151 1096 3210 insumendum
1135 3169 1274 3210 eum
1317 3155 1628 3226 prophetis
1682 3153 2150 3226 praedicantibus

484 3239 696 3296 Judiea
761 3241 1030 3313 credidit,
1083 3243 1450 3300 adhaerendo
1512 3243 1904 3300 nihilominus
1963 3243 2150 3299 vestis

485 3327 614 3384 fuit.
643 3329 758 3386 Sed
807 3333 1034 3386 vestem
1080 3331 1272 3402 scidit,
1313 3332 1464 3388 dum
1514 3333 1576 3388 in
1623 3332 1836 3388 Judeea
1875 3331 2025 3388 alios
2071 3333 2150 3388 ab

485 3415 834 3476 inﬁdelitate
861 3418 1118 3488 sustulit,
1155 3419 1304 3476 alios
1327 3421 1391 3476 in
1426 3421 1778 3478 inﬁdelitate
1813 3421 2146 3493 dereliquit.

490 3505 688 3564 Scissa
741 3507 904 3564 enim
931 3509 1106 3566 vestis
1154 3513 1300 3578 erat,
1337 3509 1413 3566 de
1457 3527 1582 3584 qua
1621 3511 2000 3580 Evangelista
2030 3509 2146 3566 ait:

490 3617 518 3646 α
547 3595 658 3652 Alii
694 3599 894 3654 autem
923 3597 1204 3656 dicebant
1230 3600 1378 3672 quia
1423 3600 1620 3656 bonus
1651 3605 1760 3668 est,
1801 3599 1900 3655 alii
1950 3605 2152 3656 autem

484 3699 633 3756 non,
655 3686 762 3742 sed
791 3688 1018 3746 seducit
1047 3689 1254 3746 turbas
1285 3691 1481 3762 (Joan.
1505 3707 1608 3756 vn,
1642 3691 1750 3762 12).
1783 3713 1812 3740 η
1847 3689 2001 3755 Quid
2046 3705 2152 3761 per

485 3773 724 3832 decisos
779 3777 1048 3849 capillos,
1099 3779 1214 3834 nisi
1262 3783 1780 3836 sacramentorum
1811 3778 2104 3834 subtilitas
2125 3781 2151 3834 ‘I

487 3865 641 3932 Quid
671 3881 778 3939 per
803 3871 1002 3940 caput,
1025 3868 1139 3924 nisi
1164 3885 1406 3926 summa
1428 3869 1742 3926 sacerdotii
1767 3868 2150 3938 designatur?

488 3955 655 4012 Uude
687 3957 766 4014 ad
815 3957 1174 4015 Ezechielem
1202 3959 1560 4033 prophetam
1591 3959 1842 4026 dicitur;
1873 3980 1902 4008 ‹‹
1925 3961 2028 4026 ’l‘u,
2069 3958 2152 4013 ﬁli

486 4045 768 4114 hominis,
826 4061 997 4104 sume
1044 4048 1148 4105 tibi
1203 4049 1472 4119 gladium
1543 4053 1788 4106 acutum
1841 4047 2152 4105 radentem

487 4135 753 4208 capillos,
783 4141 842 4195 et
863 4153 1136 4196 assumes
1159 4155 1324 4208 eum,
1345 4144 1404 4197 et
1431 4139 1618 4196 duces
1643 4155 1751 4213 per
1775 4143 1958 4211 caput
1981 4141 2152 4194 tuum

488 4229 546 4281 et
594 4225 853 4282 barbam
893 4229 1126 4296 (Ezech.
1159 4245 1208 4282 v.
1247 4230 1315 4300 l).
1345 4251 1374 4278 ››
1406 4229 1559 4294 Quid
1611 4245 1718 4300 per
1773 4233 1992 4284 terram
2036 4229 2152 4284 hoc

487 4311 644 4380 loco,
675 4314 790 4369 nisi
835 4320 1080 4385 pacator
1121 4317 1306 4372 homo
1337 4317 1704 4388 exprimitur.
1739 4317 1938 4372 Primo
1992 4317 2153 4372 enim

487 4401 720 4458 homini
766 4403 992 4459 dictum
1049 4408 1179 4460 est:
1217 4425 1246 4453 ‹‹
1271 4407 1446 4460 Terra
1492 4421 1575 4474 es,
1609 4405 1756 4460 etin
1794 4409 2011 4461 terram
2037 4405 2152 4460 ibis

415 4495 418 4498 ’
489 4489 659 4558 (Gen.
691 4507 776 4562 ιιι,
809 4493 880 4564 l).
917 4513 944 4542 η
972 4495 1146 4550 Terra
1174 4509 1316 4565 ergo
1346 4494 1591 4550 nomine
1619 4493 1920 4566 peccatrix
1963 4495 2152 4564 genti-

487 4579 622 4638 litas
636 4580 1002 4652 designatur.
1027 4583 1308 4641 Mediator
1327 4583 1508 4654 igitur
1521 4587 1726 4639 noster
1741 4583 1918 4655 quasi
1941 4583 2150 4640 deton-

489 4685 562 4726 so
583 4672 775 4744 capite
802 4673 865 4728 in
895 4675 1114 4731 terram
1148 4675 1386 4746 corruit,
1409 4675 1554 4747 quia
1579 4677 1956 4730 sacramenta
1981 4672 2148 4744 legis,

489 4777 526 4817 a
554 4763 886 4820 sacerdotio
909 4766 1244 4838 Synagogae
1278 4765 1534 4834 sustulit,
1557 4779 1816 4836 eamque
1845 4763 2150 4832 deserens,

488 4849 566 4905 ad
595 4851 864 4909 notitiam
899 4855 1166 4924 gentium
1199 4855 1374 4912 venit.
1423 4858 1708 4912 Corruere
1739 4854 2030 4910 Dominus
2070 4853 2154 4909 di-

489 4938 657 5008 citur,
685 4946 750 4998 ut
767 4943 942 5000 illud:
976 4967 1004 4996 ιι
1027 4946 1286 5002 Verbum
1315 4946 1474 5002 misit
1507 4947 1794 5002 Dominus
1835 4947 1896 5002 in
1941 4945 2150 5013 Jacob,

489 5031 547 5085 et
570 5030 782 5087 cecidit
802 5033 864 5088 in
893 5034 1072 5090 Israel
1099 5037 1241 5106 (Isa.
1274 5051 1349 5107 ιχ,
1378 5039 1491 5105 8).»
1521 5037 1673 5091 Bene
1703 5039 1905 5091 autem
1939 5033 2154 5090 dicitur

490 5119 658 5192 quod
685 5133 969 5178 corruens
1007 5123 1299 5194 adoravit,
1327 5126 1470 5197 quia
1499 5125 1646 5180 dum
1688 5125 1814 5196 ipse
1853 5123 2152 5179 humilita-

491 5213 612 5266 tem
637 5211 832 5268 carnis
861 5213 1140 5286 suscepit,
1167 5213 1228 5268 in
1279 5229 1340 5268 se
1371 5213 1750 5270 credentibus
1785 5217 1928 5269 vota
1955 5212 2152 5268 humi-

490 5299 668 5358 litatis
693 5299 925 5358 infudit.
961 5301 1116 5359 Fecit
1137 5302 1298 5358 enim
1346 5319 1482 5376 qua:
1509 5303 1636 5360 ﬁeri
1667 5303 1888 5373 docuit,
1921 5302 2071 5358 sicut
2100 5306 2156 5358 et

491 5387 569 5444 de
607 5392 737 5461 ejus
765 5392 974 5464 spiritu
1017 5392 1262 5449 dicitur:
1289 5413 1318 5443 ι(
1348 5392 1610 5448 Postulat
1639 5407 1748 5464 pro
1767 5392 1943 5448 nobis
1973 5391 2153 5460 gemi-

2189 4375 2228 4430 Π

495 5479 656 5536 tibus
698 5481 1202 5540 inenarrabilibus
1229 5485 1418 5552 (Rom.
1441 5497 1556 5544 vui,
1591 5483 1700 5553 26).
1737 5505 1764 5532 ››
1789 5481 1898 5546 Qui
1919 5482 2152 5536 Patrem

493 5569 675 5626 etiam
692 5574 827 5626 ante
843 5575 1184 5643 passionem
1202 5589 1312 5648 pro
1332 5571 1508 5629 nobis
1519 5571 2148 5628 exoravithlonlursn.

495 5659 723 5720 Auditis
751 5676 896 5733 ergo
929 5663 1195 5723 adversis
1223 5679 1466 5736 surgere
1489 5667 1577 5724 est
1602 5661 1860 5738 expertis
1883 5662 2151 5720 tentatio-

2265 1727 2362 1782 Ille
2390 1727 2554 1782 enim
2581 1743 2788 1784 veram
2843 1729 2962 1782 Deo
3006 1723 3338 1782 orationem
3389 1720 3629 1778 exhibet
3669 1721 3776 1792 qui
3833 1737 3940 1778 se-

2261 1816 2584 1887 metipsum
2617 1815 2762 1887 quia
2789 1813 2986 1886 pulvis
3017 1813 3090 1868 sit
3105 1811 3406 1870 humiliter
3421 1810 3596 1868 videt.
3617 1810 3901 1881 Sequitur
3917 1828 3936 1866 :

2333 1907 2499 1960 Vens.
2531 1905 2620 1960 21.
2649 1905 2862 1962 Nudus
2897 1917 3164 1972 egressus
3209 1917 3342 1956 sum
3389 1900 3460 1958 de
3503 1905 3670 1956 utero
3708 1901 3938 1956 matris

2263 2011 2422 2066 mere,
2456 1996 2652 2052 studiis
2695 2001 2965 2052 revertar
3019 1993 3188 2048 illuc.
3221 2023 3288 2032 ——-
3343 1990 3494 2056 Quia
3529 2005 3666 2048 vero
3704 2003 3936 2046 omnes

2261 2099 2376 2140 nos
2399 2088 2553 2140 terra
2583 2083 2806 2153 genuit,
2836 2084 2993 2138 hanc
3047 2097 3168 2138 non
3217 2080 3518 2138 immerito
3544 2082 3798 2136 matrem
3815 2093 3932 2134 vo-

2262 2189 2494 2240 camus,
2525 2177 2589 2228 ut
2646 2171 2936 2244 scriptum
2981 2174 3114 2226 est:
3173 2191 3200 2220 α
3246 2171 3430 2226 Grave
3473 2168 3692 2238 jugum
3743 2181 3932 2238 super

2259 2262 2414 2318 ﬁlios
2443 2262 2640 2318 Adam
2677 2279 2716 2318 a
2743 2262 2837 2318 die
2869 2260 3060 2318 exitus
3098 2259 3172 2316 de
3207 2263 3412 2318 ventre
3452 2256 3662 2316 matris
3689 2272 3928 2327 eorum,

2261 2367 2456 2424 usque
2517 2351 2578 2408 in
2649 2351 2810 2408 diem
2863 2349 3183 2424 sepulturae
3220 2349 3282 2406 in
3337 2351 3591 2406 matrem
3650 2346 3930 2402 omnium

2263 2442 2472 2508 (Eccii.
2501 2458 2588 2509 XL,
2627 2441 2734 2512 1).»
2763 2445 2844 2496 Ac
2867 2440 2920 2496 si
2947 2439 3126 2496 dicat.
3158 2437 3399 2495 Nudum
3429 2453 3525 2494 me
3555 2437 3676 2494 huc
3701 2437 3926 2494 intran-

2260 2535 2380 2588 tem
2411 2535 2564 2588 terra
2587 2529 2818 2603 potulit,
2851 2529 3086 2586 nudum
3114 2545 3214 2586 me
3241 2527 3384 2584 hinc
3411 2530 3730 2584 exeuntem
3769 2531 3928 2584 terra

2257 2618 2520 2690 recipiet.
2551 2622 2812 2676 Mrsrics.
2831 2616 3246 2690 Redemptoris
3265 2621 3457 2672 mater
3483 2616 3658 2687 juxta
3677 2630 3926 2672 carnem

2260 2709 2584 2780 Synagoga
2606 2708 2844 2776 exstitit,
2875 2724 2948 2766 ex
2993 2723 3116 2780 qua
3145 2707 3226 2763 ad
3251 2721 3366 2762 nos
3404 2720 3511 2776 per
3541 2721 3760 2778 corpus
3787 2703 3924 2762 visi-

2258 2798 2392 2854 bilis
2429 2797 2739 2871 processit.
2775 2797 2888 2854 Sed
2933 2797 3131 2852 nudus
3183 2795 3259 2852 de
3299 2799 3465 2850 utero
3509 2794 3720 2850 matris
3763 2793 3924 2864 exiit,

2260 2904 2334 2944 ex
2359 2903 2486 2960 qua
2511 2887 2592 2944 ad
2633 2903 2746 2943 nos
2793 2902 2898 2958 per
2926 2902 3146 2958 corpus
3188 2884 3438 2942 visibilis
3465 2882 3776 2954 processit.
3809 2881 3924 2940 Sed

2259 2978 2462 3034 nudus
2489 2978 2564 3034 de
2593 2983 2760 3034 utero
2789 2977 2999 3034 matris
3027 2976 3186 3044 exiit,
3211 2975 3356 3048 quia
3379 2977 3714 3045 Synagogae
3743 2989 3928 3032 carne

2259 3068 2566 3141 prodiens,
2593 3067 2956 3139 conspicuus
2986 3067 3064 3124 ad
3099 3069 3306 3136 gentes
3353 3063 3536 3122 venit.
3570 3064 3742 3130 Quod
3769 3063 3926 3122 bene

2257 3159 2480 3229 loseph
2505 3157 2610 3230 qui
2631 3156 2834 3214 relicto
2859 3155 3042 3228 pallio
3072 3154 3242 3224 fugit,
3265 3154 3570 3224 signatum
3587 3157 3689 3210 est.
3714 3153 3928 3210 Nudus

2259 3247 2484 3318 quippe
2513 3246 2592 3302 ad
2613 3249 2848 3302 uterum
2877 3244 3084 3302 matris
3114 3243 3602 3311 revertitur,eum
3627 3241 3692 3298 in
3709 3242 3928 3302 mundi

2259 3336 2440 3407 hujus
2465 3335 2718 3392 termino
2739 3335 2788 3390 is
2819 3335 2923 3407 qui
2952 3335 3016 3392 in
3045 3334 3264 3390 saeculo
3294 3333 3484 3390 factus
3507 3332 3696 3390 homo
3723 3331 3928 3405 despi-

2261 3429 2374 3494 tur,
2407 3425 2718 3495 Sinagogae
2751 3439 2874 3480 sum
2903 3423 3090 3480 oculis
3119 3425 3278 3480 Deus
3303 3425 3440 3480 ante
3479 3420 3704 3478 saecula
3731 3420 3926 3480 decla-

2257 3517 2444 3570 ratur.
2469 3513 2618 3569 Hinc
2647 3513 2865 3570 Paulus
2894 3512 3006 3569 ait:
3047 3531 3078 3564 α
3109 3511 3352 3570 Caecitas
3383 3527 3454 3568 ex
3480 3515 3648 3582 parte
3681 3509 3930 3580 contigit

2258 3601 2320 3658 in
2357 3601 2567 3668 ‘lsrael,
2620 3601 2812 3656 donec
2861 3599 3172 3672 plenitudo
3220 3599 3489 3671 gentium
3539 3599 3806 3668 intraret,
3871 3601 3930 3654 et

2261 3695 2402 3750 tunc
2425 3691 2622 3748 omnis
2653 3690 2832 3747 Israel
2853 3690 3058 3747 salvus
3105 3690 3206 3746 ﬁet
3235 3691 3424 3760 (Rom.
3447 3706 3522 3757 χι,
3549 3689 3664 3758 24).
3687 3711 3716 3738 ν
3739 3689 3930 3746 Μου-

2259 3799 2437 3838 LITER.
2469 3787 2548 3837 Ac
2576 3781 2626 3836 si
2681 3783 2938 3837 tentatus
2988 3779 3246 3848 animus,
3285 3783 3344 3838 et
3393 3778 3752 3836 inﬁrmitatis
3801 3794 3928 3836 suae

2259 3871 2465 3944 inopia
2502 3869 2912 3942 deprehensus
2943 3869 3121 3926 dicat.
3149 3869 3390 3926 Nudum
3428 3885 3526 3926 me
3567 3869 3632 3925 in
3653 3867 3774 3924 ﬁde
3801 3867 3928 3940 pri-

2261 3977 2362 4017 ma
2390 3960 2582 4030 gratia
2607 3959 3072 4031 genuit,nudum
3101 3957 3314 4018 eadem
3345 3959 3536 4029 gratia
3559 3959 3620 4016 in
3649 3972 3932 4028 assump-

2259 4051 2420 4107 tione
2445 4049 2718 4108 salvabit.
2750 4053 2852 4106 Est
2867 4065 3132 4123 namque
3165 4063 3460 4119 magnum
3491 4047 3708 4106 turbati
3737 4046 3928 4103 animi

2261 4141 2562 4213 solatium,
2591 4145 2655 4198 ut
2701 4141 2974 4213 pulsatus
3023 4141 3194 4208 vitiis,
3227 4156 3368 4196 cum
3405 4156 3468 4196 se
3493 4137 3668 4212 quasi
3703 4137 3928 4194 nudari

2259 4230 2576 4287 virtutibus
2619 4230 2930 4302 conspicit,
2958 4230 3038 4286 ad
3067 4229 3258 4286 solam
3298 4227 3720 4286 misericordia
3751 4241 3926 4299 spem

2260 4322 2544 4388 recurrat,
2567 4321 2625 4374 et
2650 4333 2722 4372 eo
2753 4333 2816 4372 se
2843 4317 3060 4374 nudari
3087 4333 3210 4374 non
3232 4317 3406 4387 sinat,
3437 4333 3560 4390 quo
3591 4333 3656 4374 se
3685 4333 3724 4373 a
3743 4317 3926 4373 virtu-

2259 4407 2417 4464 tibus
2461 4405 2763 4462 humiliter
2785 4405 3020 4462 nudum
3049 4411 3238 4477 putat.
3291 4407 3602 4480 Sequitur:
3635 4409 3928 4464 Dominus

2259 4497 2440 4558 dedit,
2473 4497 2760 4552 Dominus
2791 4496 3059 4552 abstulit.
3093 4527 3162 4536 —-
3213 4497 3463 4553 Sanctus
3519 4497 3606 4552 vir
3659 4500 3928 4554 tentante

2261 4585 2604 4644 adversario
2625 4589 2842 4640 cuncta
2859 4583 3218 4656 perdiderat,
3233 4585 3336 4640 sed
3357 4589 3558 4640 tamen
3572 4585 3766 4640 sciens
3777 4585 3932 4658 quia

2261 4680 2468 4732 contra
2489 4691 2552 4730 se
2583 4677 2761 4730 Satan
2781 4673 3048 4730 tentandi
3067 4673 3243 4742 vires,
3267 4672 3380 4728 nisi
3401 4671 3776 4743 permittente
3801 4675 3930 4730 Deo

2261 4781 2384 4822 non
2412 4763 2680 4832 haberet,
2709 4779 2834 4818 non
2853 4763 2952 4828 ait,
2972 4761 3260 4818 Dominus
3281 4760 3462 4828 dedit,
3486 4757 3766 4814 diabolus
3789 4759 3929 4818 abs-

2261 4855 2410 4924 tulit,
2429 4853 2530 4909 sed
2549 4853 2836 4908 Dominus
2854 4851 3035 4922 dedit,
3051 4851 3334 4906 Dominus
3351 4849 3617 4906 abstulit.
3635 4851 3926 4906 Fortassis

2261 4945 2422 5000 enim
2445 4943 2638 5000 fuerat
2663 4941 3012 5011 dolendum,
3043 4942 3092 4997 si
3133 4941 3300 5014 quod
3343 4939 3624 4996 Conditor
3651 4937 3918 5006 dederat,

2260 5033 2446 5089 hostis
2463 5031 2820 5098 abstulisset,
2835 5035 3230 5104 atpostquam
3249 5045 3372 5086 non
3391 5027 3652 5098 abstulit,
3665 5027 3780 5083 nisi
3793 5027 3922 5098 ipse

2261 5122 2367 5194 qui
2391 5120 2574 5190 dedit,
2607 5137 2718 5177 sua
2766 5121 3004 5193 recepit,
3041 5135 3166 5176 non
3214 5123 3419 5177 nostra
3447 5117 3714 5176 abstulit.
3745 5115 3922 5174 Addit

2262 5210 2466 5266 dicens
2483 5227 2496 5264 :
2517 5211 2688 5266 Sicut
2699 5211 2950 5266 Domino
2957 5209 3198 5278 placuit
3207 5209 3294 5266 ita
3301 5209 3536 5279 factum
3549 5213 3726 5264 est.--
3741 5204 3800 5260 Si
3817 5203 3922 5274 igi-

2261 5307 2355 5358 tur
2374 5301 2536 5372 justa
2563 5299 2796 5374 placere
2823 5299 3074 5355 Domino
3102 5298 3344 5368 scimus,
3367 5299 3492 5372 pati
3507 5301 3708 5354 autem
3733 5293 3917 5364 nulla,

2260 5391 2374 5446 nisi
2403 5407 2536 5462 quae
2556 5389 2809 5446 Domino
2838 5387 3189 5461 placuerint,
3221 5403 3567 5460 possumus,
3587 5386 3751 5457 justa
3781 5387 3924 5438 sunt

2262 5485 2478 5536 cuncta
2500 5497 2634 5552 quae
2684 5478 2964 5552 patimur,
2998 5483 3056 5534 et
3091 5477 3266 5535 valde
3305 5478 3596 5549 injustum
3625 5478 3733 5542 est,
3767 5471 3814 5526 si
3845 5471 3922 5526 de

2255 5570 2712 5643 justapassione
2723 5564 3924 5641 murmuramus.Sequitur.SitnomenDo-

2259 5660 2409 5716 mini
2429 5659 2890 5718 benedictum.—-
2912 5663 3058 5719 Ecce
3078 5675 3260 5720 omne
3277 5655 3447 5731 quod
3464 5659 3694 5716 rectum
3715 5651 3918 5724 sensit,
