4158 6192
316 206 419 262 ηδ

1154 203 1448 262 ΕΡΙΤΟΜΕ
1488 204 1853 264 MOMLIUI
1892 205 1949 264 8.
1993 206 2199 264 σιω.
2239 205 2313 263 IN
2346 207 2489 265 JOB.
2532 232 2602 251 α·-
2640 206 2770 266 LIB.
2809 209 2902 264 III.

314 327 556 386 Domini
584 324 998 382 benedictione
1013 324 1321 382 conclusit.
1347 326 1569 383 Uthinc
1593 327 1973 386 adversarius
2008 331 2060 387 Δ
2089 344 2208 385 non
2233 331 2521 399 peccavit,
2549 333 2786 387 constat
2805 330 2975 402 quod
3001 328 3493 387 murmurationis
3531 329 3740 386 vitium

307 417 602 491 inspiciat
628 416 711 473 ad
735 430 976 489 poenam
1017 431 1191 471 suam
1245 414 1406 473 unde
1448 417 1781 483 erubescat,
1828 419 1975 491 quia

307 509 443 582 ipse
465 511 589 564 Deo
617 510 940 563 contumax
963 504 1143 561 etiam
1170 506 1233 561 in
1279 506 1646 563 beatitudine
1697 508 1974 565 conditus

308 599 561 670 exstitit,
579 597 676 653 cui
703 597 886 652 homo
901 595 1201 667 hymnum
1223 596 1425 666 gloria
1446 598 1628 655 etiam
1648 614 1973 671 percussus

309 689 477 746 dicit.
511 686 869 758 Redemptor
892 690 1095 743 autem
1121 690 1324 743 noster
1344 702 1451 760 per
1478 688 1595 745 hoc
1634 688 1800 761 quod
1848 689 1976 746 dic-

315 784 410 837 tus
438 782 549 839 est,
581 792 722 832 cum
750 775 923 832 Patre
952 776 1057 833 dat
1078 776 1305 844 omnia,
1334 792 1441 849 per
1466 778 1581 834 hoc
1610 794 1754 835 vero
1808 778 1975 851 quod

310 870 494 925 homo
522 868 633 935 est,
663 881 702 921 a
726 867 893 921 Patre
923 865 1136 937 accipit
1171 865 1400 922 omnia.
1454 866 1620 924 Dicat
1669 867 1848 938 igitur
1899 868 1974 924 de

304 956 514 1013 Judaea
527 970 672 1010 cum
685 959 1008 1010 venturum
1021 954 1449 1012 incarnationis
1469 956 1603 1026 ejus
1618 957 1975 1028 mysterium

306 1046 575 1104 crederet
626 1063 638 1099 :
695 1045 989 1100 Dominus
1016 1045 1181 1101 dedit
1227 1060 1249 1102 :
1304 1045 1473 1101 Dicat
1490 1045 1566 1103 de
1590 1046 1796 1103 Judaa
1834 1062 1973 1103 cum

304 1136 721 1210 exspectatam
751 1133 1182 1191 Incarnationis
1227 1136 1547 1208 prasentie
1578 1137 1971 1209 contempsis-

308 1231 400 1283 set
426 1244 440 1282 :
474 1227 758 1282 Dominus
788 1225 1058 1281 abstulit.
1084 1226 1258 1291 Quod
1288 1230 1496 1282 autem
1526 1227 1815 1283 Dominus
1831 1215 1967 1298 gra-

310 1317 422 1374 tias
446 1316 683 1387 egisset,
716 1314 1105 1385 Evangelium
1126 1319 1440 1373 attestatur
1471 1334 1485 1384 ;
1539 1324 1781 1387 accepto
1806 1318 1969 1374 enim

310 1421 471 1480 pane
500 1405 726 1475 gratias
752 1404 949 1475 egisse
979 1404 1327 1477 perhibetur
1355 1408 1522 1472 (Luc.
1545 1421 1670 1473 xxi,
1697 1407 1802 1477 19).
1834 1410 1970 1464 Gra-

312 1496 420 1551 tias
446 1495 652 1567 itaque
676 1493 818 1563 agit,
850 1493 955 1565 qui
984 1492 1223 1562 ﬂagella
1252 1493 1461 1549 aliena
1482 1494 1812 1567 iniquitatis
1838 1512 1967 1552 sus-

300 1585 487 1657 cepit,
517 1588 576 1639 et
612 1583 718 1656 qui
744 1582 893 1638 nihil
936 1582 1190 1651 dignum
1241 1584 1629 1655 percussione
1676 1584 1964 1653 exhibuit,

2085 436 2123 476 a
2148 419 2504 489 cogitatione
2531 418 2848 476 restrinxit.
2882 421 2947 475 Et
2976 435 3115 475 cum
3143 419 3306 476 dicit.
3354 420 3619 477 Stultum
3652 420 3739 475 lo-

2082 516 2256 567 cutus
2274 527 2396 568 non
2426 516 2532 576 est,
2564 514 2728 583 petet
2754 509 2901 582 quia
2923 509 3168 583 culpam
3195 510 3453 581 alingua
3472 525 3739 583 compes-

2081 601 2178 658 cit.
2211 604 2327 657 Nec
2351 599 2621 673 peccavit
2647 614 2814 672 ergo,
2838 614 2952 655 nec
2978 598 3152 655 stulte
3183 599 3419 657 locutus
3446 603 3556 668 est,
3596 600 3742 672 quia

2082 707 2193 748 nec
2222 706 2328 763 per
2353 691 2779 749 conscientiam
2803 689 3018 747 tacitus
3046 690 3282 760 tumuit,
3314 705 3426 747 nec
3467 690 3739 761 linguam

2082 780 2144 836 in
2175 780 2620 837 contumaciam
2639 779 2943 836 relaxavit.
2970 782 3345 835 ALweomcs.
3407 778 3581 845 Quod
3626 793 3737 835 nec

2082 885 2390 943 peccasse,
2424 885 2534 927 nec
2552 869 2800 926 stultum
2820 868 3051 942 aliquid
3073 872 3284 925 contra
3298 870 3487 924 Deum
3500 868 3739 925 loeutus

2082 959 2156 1015 sit
2181 960 2491 1026 Dominus,
2519 960 2725 1016 Petrus
2752 962 3063 1016 attestatur
3086 957 3292 1013 dicens
3320 973 3335 1011 :
3396 977 3425 1006 «
3458 956 3571 1021 Qui
3596 972 3739 1028 pec-

2081 1052 2283 1105 catum
2307 1064 2430 1105 non
2451 1048 2607 1119 fecit,
2638 1063 2750 1104 nec
2778 1047 2956 1104 dolus
2986 1046 3266 1103 inventus
3287 1049 3377 1102 est
3397 1044 3460 1101 in
3487 1059 3593 1101 ore
3609 1044 3739 1115 ejus

2078 1138 2138 1209 (Ι
2160 1141 2321 1195 Ρειπ·⁴
2356 1156 2395 1194 1.
2428 1139 2540 1210 32).
2568 1161 2597 1189 »
2631 1141 2974 1195 Mensurae.
3010 1136 3220 1194 Solerti
3245 1135 3408 1193 enim
3432 1149 3580 1192 cura
3634 1149 3738 1191 cu-

2080 1227 2300 1283 stodire
2330 1228 2571 1283 animus
2600 1226 2811 1284 dolens
2843 1226 3042 1295 debet,
3072 1241 3149 1283 ne
3178 1241 3318 1282 cum
3343 1241 3409 1281 se
3437 1224 3597 1281 intus
3615 1226 3740 1281 ten-

2079 1317 2224 1373 tatio
2254 1316 2540 1388 stimulat,
2597 1317 2658 1373 in
2700 1315 2899 1372 verbis
2949 1315 3097 1371 forte
3151 1312 3367 1371 illicita
3421 1311 3738 1370 locutionis

2078 1411 2374 1482 erumpat.
2399 1410 2479 1462 Ne
2508 1406 2583 1462 de
2605 1404 2959 1478 probatione
2980 1407 3335 1472 murmuret,
3356 1417 3433 1458 ne
3460 1401 3739 1473 ignisqui

2076 1496 2235 1553 bone
2264 1496 2427 1553 velut
2449 1512 2668 1552 aurum
2697 1498 3060 1562 concremet,
3100 1509 3209 1566 per
3254 1506 3575 1548 excessum
3622 1505 3739 1547 ser-

2077 1586 2278 1643 monis
2308 1586 2491 1643 illiciti
2511 1586 2571 1642 in
2601 1584 2791 1658 palea
2822 1583 3024 1640 favilla
3045 1586 3256 1639 vertat.
3287 1580 3378 1638 Nil
3404 1596 3545 1638 vero
3598 1579 3734 1637 obs-

305 1670 611 1727 hnmiliter
638 1670 703 1726 in
727 1670 1117 1743 percussione
1142 1670 1460 1728 benedicit.
1496 1673 1571 1727 Ut
1594 1673 1736 1728 hinc
1760 1673 1966 1729 videli-
2008 1692 2052 1749 Β
2078 1681 2183 1746 tat,
2215 1677 2264 1733 si
2288 1678 2404 1733 hoc
2423 1676 2591 1749 quod
2628 1676 2704 1732 de
2730 1674 3045 1731 virtutibus
3070 1672 3353 1740 diximus,
3381 1670 3458 1727 de
3477 1668 3573 1727 his
3597 1685 3735 1742 qua
3796 1666 3811 1677 ’

305 1764 400 1817 cet
425 1760 703 1817 ostendat
727 1760 878 1833 quid
900 1761 1318 1833 unusquisque
1348 1761 1410 1817 in
1438 1761 1679 1831 ﬂagello
1708 1764 1966 1836 propria

302 1850 499 1924 culpa
531 1851 724 1908 facere
752 1849 990 1917 debeat,
1021 1850 1071 1906 si
1123 1850 1219 1906 ille
1262 1851 1681 1923 aquenimiter
1730 1854 1969 1922 ﬂagella

304 1940 499 2013 culpa
523 1940 785 2014 portavit
812 1939 1043 2003 aliena,
1076 1944 1135 1996 et
1160 1940 1308 2013 quid
1355 1940 1536 1997 faciat
1587 1942 1883 2011 subditus,
1919 1944 1969 2000 si

303 2030 436 2085 hac
466 2030 600 2086 fecit
621 2029 775 2085 Patri
808 2029 1080 2101 aqualis.
1134 2032 1479 2086 Moaxursa.
1523 2031 1968 2089 Tentationibus

308 2119 577 2174 eruditus
605 2118 832 2185 crescit,
865 2118 970 2190 qui
996 2121 1053 2173 et
1080 2117 1143 2172 in
1169 2117 1383 2175 virtute
1406 2119 1613 2175 habita
1632 2119 1967 2191 largitatem

306 2208 531 2279 dantis,
561 2213 618 2264 et
643 2208 703 2263 in
732 2206 1183 2280 perturbatione
1221 2207 1582 2265 fortitudinis
1614 2215 1964 2282 potestatem

304 2297 566 2354 tollentis
595 2299 887 2368 agnoscit.
919 2300 1059 2363 Qua
1079 2301 1284 2353 tamen
1314 2297 1600 2355 fortitudo
1641 2316 1763 2356 non
1815 2300 1965 2358 tolli-

306 2392 419 2455 tur,
446 2387 554 2444 sed
577 2388 981 2460 perturbatur,
1013 2403 1153 2443 cum
1182 2404 1220 2444 a
1243 2392 1442 2445 mente
1489 2388 1701 2445 humili
1753 2389 1966 2446 sedulo

303 2475 653 2532 custoditur.
681 2480 744 2531 In
769 2476 885 2532 hoc
914 2491 1056 2532 vero
1075 2475 1490 2549 quodinterna
1516 2478 1964 2551 perturbatione

303 2566 701 2634 concutimur,
735 2565 988 2635 dignum
1016 2571 1106 2621 est
1126 2570 1192 2623 ut
1212 2566 1293 2623 ad
1314 2567 1648 2625 Conditoris
1669 2568 1963 2639 judicium

303 2670 707 2725 recurremus,
762 2659 830 2711 ut
878 2655 1017 2712 inde
1075 2672 1177 2712 cor
1217 2661 1491 2713 nostrum
1526 2657 1826 2728 edjutorio
1855 2674 1964 2715 suo

306 2746 572 2817 majores
621 2745 833 2801 laudes
896 2746 1194 2813 exhibeat,
1248 2747 1410 2803 unde
1493 2747 1798 2820 pulsatum
1867 2764 1966 2804 ve-

304 2836 431 2891 rius
481 2835 950 2893 imbecillitatem
995 2836 1358 2892 inﬁrmitatis
1406 2852 1530 2893 sua
1582 2842 1816 2909 pensat.
1871 2840 1966 2894 Se-

302 2925 527 2999 quitur.

378 3017 547 3071 Vitas.
570 3018 659 3071 22.
695 3016 769 3071 In
789 3015 1060 3071 omnibus
1088 3016 1181 3072 his
1207 3031 1327 3071 non
1353 3017 1625 3086 peccavit
1648 3015 1762 3071 Job
1790 3016 1963 3074 labiis

307 3106 451 3175 suis,
463 3110 575 3162 etc.
601 3136 672 3146 -
688 3104 839 3172 Quia
850 3104 1029 3161 tacito
1056 3105 1432 3176 cogitationis
1455 3109 1624 3162 motu
1639 3118 1966 3178 possumus

306 3209 431 3252 non
458 3195 764 3269 loquendo
789 3209 1061 3269 peccare,
1084 3199 1141 3253 et
1164 3196 1240 3253 de
1265 3194 1448 3253 beato
1483 3195 1596 3252 Job
1625 3195 1855 3252 dictum
1874 3199 1968 3251 est

2078 1767 2140 1823 in
2165 1767 2504 1823 ostensione
2529 1765 2760 1822 virtutis
2788 1765 3007 1821 dantur
3034 1762 3210 1819 donis
3242 1760 3493 1834 Spiritus
3544 1758 3737 1816 sancti

2078 1858 2408 1917 sentiemus
2464 1880 2492 1906 «
2516 1856 2625 1912 Alii
2654 1870 2920 1928 namque
2971 1852 3323 1928 prophetia,
3378 1850 3479 1909 alii
3516 1864 3736 1920 genere

2075 1948 2443 2019 linguarum,
2503 1946 2605 2004 alii
2652 1946 2899 2003 virtutes
2951 1944 3329 2001 curationum
3360 1961 3390 1995 ›
3435 1940 3737 1998 donantur

2078 2037 2136 2108 (Ι
2163 2038 2299 2093 Cor.
2331 2054 2435 2105 xu,
2463 2038 2568 2108 l0).
2605 2035 2719 2093 Sed
2742 2035 2889 2108 quia
2908 2035 3038 2091 hac
3066 2034 3201 2107 ipsa
3219 2032 3383 2089 dona
3401 2046 3529 2087 non
3586 2044 3735 2085 sem-

2077 2141 2185 2199 per
2212 2125 2274 2180 in
2300 2129 2498 2181 mente
2528 2125 2743 2179 eodem
2757 2123 2941 2179 modo
2972 2122 3106 2191 sint,
3128 2120 3359 2195 liquido
3379 2118 3731 2175 ostenditur.

2079 2213 2251 2279 Quod
2286 2229 2361 2268 ne
2389 2228 2451 2267 se
2500 2227 2672 2268 mens
2730 2208 2791 2268 in
2846 2210 3318 2285 prasumptione
3372 2208 3583 2280 elevet,
3628 2204 3733 2263 ali-

2076 2302 2327 2377 quando
2354 2300 2569 2358 utiliter
2601 2299 3059 2357 subtrahuntur.
3113 2298 3254 2355 Alia
3278 2308 3545 2370 namque
3595 2297 3737 2351 sunt

2076 2390 2433 2448 donationes
2466 2384 2655 2447 sancti
2688 2390 2957 2464 Spiritus,
2994 2388 3121 2444 sine
3151 2385 3373 2462 quibus
3418 2386 3497 2443 ad
3552 2385 3736 2442 vitam

2075 2496 2469 2554 nequaquam
2500 2478 2853 2553 pertingitur
2896 2496 2908 2532 :
2967 2479 3033 2533 ut
3052 2481 3145 2532 est
3172 2470 3597 2541 mansuetudo,
3628 2472 3737 2530 hu-

2075 2568 2313 2640 militas,
2371 2567 2542 2637 ﬁdes,
2607 2584 2766 2641 spes,
2821 2568 3111 2635 charitas;
3168 2564 3297 2622 alia
3354 2562 3579 2636 quibus
3600 2562 3735 2619 vita
3844 2626 3859 2636 .

2076 2659 2360 2716 sanctitas
2390 2674 2500 2731 pro
2530 2657 2786 2714 aliorum
2809 2654 3057 2713 utilitate
3086 2652 3425 2710 declaratur
3479 2669 3492 2707 :
3550 2655 3618 2708 ut
3644 2655 3737 2709 est

2072 2748 2411 2823 prophetia,
2444 2748 2629 2804 virtus
2654 2747 3053 2814 curationum,
3088 2756 3310 2816 genere
3364 2740 3730 2813 linguarum.

2075 2837 2177 2893 Illa
2202 2853 2344 2908 ergo
2377 2837 2502 2892 sine
2548 2835 2812 2910 periculo
2867 2834 3057 2892 amitti
3107 2849 3233 2891 non
3277 2834 3573 2907 possunt;
3623 2826 3735 2885 ista

2030 2972 2035 2977 .
2074 2927 2431 3000 plerumque
2462 2926 2589 2982 sine
2620 2925 2937 3001 dispendio
2968 2923 3421 2980 subtrahuntur.
3454 2919 3569 2976 Sed
3592 2932 3734 2976 cum

2004 3049 2044 3103 ο
2075 3015 2509 3072 subtrahuntur
2538 3012 2814 3071 dicamus
2848 3032 2862 3070 :
2894 3008 3398 3103 Dominusjdedit,
3444 3009 3732 3065 Dominus

2074 3106 2344 3162 abstulit.
2378 3104 2467 3161 Sit
2482 3119 2696 3162 nomen
2726 3104 2971 3161 Domini
2999 3101 3387 3160 benedictum.

308 3362 3714 3401 Μ

1538 3486 1881 3577 LIBER
1988 3487 2492 3577 TERTIUS.

966 3825 1199 3881 CAPUT
1236 3826 1302 3880 Il.

378 3913 556 3969 Vens.
581 3916 691 3969 1-3.
712 3913 967 3969 Factum
996 3917 1081 3969 est
1103 3928 1237 3969 cum
1258 3913 1523 3985 quadam
1544 3914 1640 3968 die
1669 3910 1962 3968 venissent

301 4004 423 4074 ﬁlii
458 4005 589 4070 Dei,
650 4006 705 4056 et
735 4004 1079 4057 assisterent
1136 4017 1338 4059 coram
1390 4004 1661 4069 Domino,
1714 4002 1962 4057 venisset

302 4106 541 4168 quoque
570 4091 762 4147 Satan
819 4092 979 4145 inter
1006 4105 1120 4159 eos,
1176 4096 1231 4147 et
1287 4096 1474 4148 staret
1531 4093 1595 4147 in
1648 4094 1965 4159 conspectu

300 4186 456 4257 ejus,
489 4185 558 4237 ut
577 4181 797 4237 diceret
817 4181 1106 4237 Dominus
1135 4181 1217 4237 ad
1242 4181 1437 4241 Satan
1487 4196 1510 4237 :
1559 4181 1726 4237 Unde
1750 4179 1910 4235 venis
1941 4183 1967 4234 ?

305 4273 426 4340 Qui
444 4271 808 4341 respondens
829 4272 935 4340 ait,
972 4269 1239 4327 Circuivi
1268 4272 1493 4327 terram
1542 4275 1597 4327 et
1641 4268 1964 4338 perambu‘

2070 3819 2382 3894 quomodo
2401 3835 2525 3876 non
2556 3816 2791 3875 frustra.
2829 3816 2980 3884 Quia
3006 3817 3167 3874 enim
3191 3816 3389 3888 justus
3436 3816 3525 3871 est
3550 3813 3730 3885 Deus,

2072 3910 2334 3983 aﬂligere
2364 3910 2583 3966 frustra
2611 3926 2736 3966 non
2766 3910 2981 3983 potest.
3019 3906 3133 3965 Scd
3160 3922 3403 3963 rursum
3432 3900 3577 3979 quia
3632 3920 3730 3960 ve-

2072 4018 2180 4057 rax
2200 4004 2310 4073 est,
2335 3998 2502 4056 aliter
2517 4016 2640 4056 non
2662 3998 2854 4071 potuit
2870 3996 3089 4054 dixisse
3104 4012 3291 4069 quam
3308 3994 3459 4051 fecit.
3484 3997 3731 4050 Necesse

2074 4089 2300 4161 quippe
2330 4092 2474 4155 erat,
2498 4092 2564 4143 ut
2594 4089 2835 4142 sanctus
2864 4085 2955 4140 vir
2984 4083 3093 4139 soli
3116 4082 3234 4138 Deo
3262 4078 3495 4153 sibique
3521 4084 3722 4149 notus,

2075 4178 2305 4251 quanta
2334 4176 2544 4232 virtute
2573 4173 2842 4249 polleret,
2875 4171 2953 4229 ad
2985 4170 3346 4229 imitandum
3377 4168 3605 4226 cunctis
3633 4168 3726 4226 in-

2073 4269 2423 4323 notesceret.
2455 4269 2673 4339 Aperta
2701 4279 2967 4337 namque
2997 4259 3129 4319 aliis
3173 4260 3403 4317 virtutis
3459 4254 3734 4333 exempla

307 4363 434 4418 lavi
455 4375 602 4418 eam.
636 4360 715 4416 Et
743 4360 902 4417 dixit
920 4361 1210 4416 Dominus
1240 4361 1322 4417 ad
1346 4360 1540 4417 Satan
1597 4375 1621 4415 .’
1672 4359 1967 4431 Nunquid
1999 4364 2044 4418 D
2075 4370 2198 4414 non
2227 4357 2418 4423 deret,
2451 4355 2499 4411 si
2526 4355 2657 4428 ipse
2689 4354 2820 4410 sine
2839 4353 3163 4411 tentatione
3186 4353 3540 4409 remaneret.
3567 4352 3733 4406 Frus-

306 4450 697 4507 considerasti
717 4465 953 4507 servum
977 4465 1171 4507 meum
1196 4450 1329 4521 Job,
1364 4449 1525 4521 quod
1552 4465 1671 4505 non
1703 4449 1779 4505 sit
1810 4449 1865 4505 ei
1893 4449 1966 4505 si-

306 4540 544 4596 mitisin
575 4544 758 4609 terra,
793 4540 890 4597 vir
936 4541 1193 4609 simplex
1249 4546 1304 4596 et
1360 4545 1576 4608 rectus,
1628 4552 1699 4597 ac
1756 4540 1964 4595 timens

306 4629 493 4685 Deum
523 4635 577 4686 et
602 4629 880 4687 recedens
905 4644 943 4686 a
970 4629 1177 4685 malo?
1206 4661 1275 4670 —
1304 4629 1438 4685 Hac
1469 4628 1613 4701 quia
1640 4627 1815 4685 latius
1862 4643 1963 4683 su-

306 4718 508 4792 perius
537 4718 952 4789 disseruimus,
980 4718 1193 4775 melius
1224 4720 1312 4775 est
1360 4722 1426 4774 ut
1476 4717 1708 4774 silendo
1759 4722 1966 4791 prate~

308 4822 567 4863 reamus.
602 4808 888 4874 Quamvis
913 4808 1080 4882 quod
1107 4808 1157 4864 ei
1188 4808 1403 4864 dicitur
1424 4809 1581 4865 unde
1605 4806 1767 4864 venis
1785 4810 1813 4863 ?
1842 4823 1963 4863 non

305 4900 373 4953 ut
394 4896 561 4970 prius
593 4897 844 4966 dicatur,
874 4912 944 4954 ac
964 4897 1011 4952 si
1041 4896 1203 4953 enim
1229 4898 1329 4953 Dei
1373 4912 1489 4953 vox
1537 4897 1699 4953 dicat
1749 4915 1761 4951 :
1818 4899 1963 4952 Ecce

306 4987 386 5043 ab
417 5001 561 5056 uno,
592 4990 650 5044 et
677 4987 739 5043 in
768 4985 1008 5044 inﬁrma
1024 5002 1202 5045 carne
1230 4986 1427 5060 posito
1457 4987 1728 5059 vinceris,
1774 4986 1878 5060 qui
1908 4989 1962 5043 te

305 5080 516 5134 contra
538 5091 636 5133 me
665 5078 971 5134 auctorem
998 5076 1273 5133 omnium
1303 5077 1528 5146 erigere
1560 5077 1815 5133 conaris.
1854 5078 1964 5132 Un-

303 5164 380 5222 de
410 5182 554 5222 mox
580 5166 869 5222 Dominus
901 5182 1040 5223 cum
1068 5166 1229 5223 beati
1256 5165 1371 5221 Job
1396 5166 1578 5233 bona,
1602 5166 1756 5222 sicut
1775 5165 1959 5238 prius,

302 5255 527 5312 diceret
558 5274 572 5323 ;
602 5255 735 5312 hac
763 5272 901 5313 cum
926 5257 1184 5314 victoria
1220 5255 1541 5327 triumphis
1597 5270 1961 5311 enumerans

304 5345 584 5417 adjungit
616 5347 869 5404 :Adhuc
899 5350 1159 5404 retinens
1188 5347 1589 5404 innocentiam
1638 5360 1828 5402 suam.
1880 5347 1964 5400 Ac

305 5435 353 5490 si
380 5438 583 5508 aperte
604 5435 762 5491 dicat
809 5454 823 5491 :
864 5437 949 5490 Tu
978 5434 1224 5507 quidem
1276 5433 1571 5491 malitiam
1626 5433 1961 5504 exercuisti,

305 5523 413 5579 sed
441 5523 535 5579 ille
565 5523 972 5580 innocentiam
1000 5538 1125 5580 non
1152 5525 1366 5581 amisit.
1393 5524 1669 5597 Sequitur
1697 5541 1710 5578 ε
1740 5524 1823 5579 Tu
1853 5538 1962 5579 au-

306 5620 421 5670 tem
443 5615 811 5671 commovisti
836 5629 928 5670 me
972 5614 1256 5671 adversus
1299 5631 1448 5683 eam,
1506 5620 1573 5670 ut
1630 5615 1962 5686 afﬂigerem

305 5718 440 5761 eum
459 5705 719 5775 frustra.
741 5733 815 5747 —-
837 5705 1189 5772 Quaramus
1219 5719 1362 5774 ergo
1386 5703 1703 5776 quomodo
1719 5703 1960 5775 frustra,

2074 4451 2167 4504 tre
2181 4460 2326 4517 ergo
2356 4459 2676 4519 percussus
2705 4446 2812 4513 est,
2848 4444 2945 4500 cui
2983 4441 3163 4516 culpa
3206 4440 3375 4498 nulla
3429 4439 3729 4511 reciditur,

2075 4540 2131 4593 et
2158 4550 2281 4593 non
2302 4535 2540 4604 frustra,
2564 4534 2660 4590 cui
2680 4533 2869 4589 virtus
2898 4532 2976 4589 ad
3034 4531 3315 4588 meritum
3364 4528 3727 4585 cumulatur.

2077 4626 2230 4693 Quid
2255 4630 2343 4682 est
2372 4624 2536 4698 quod
2584 4623 2727 4680 dicit
2782 4640 2795 4679 :
2857 4622 3239 4679 Commovisti
3267 4623 3402 4676 me?
3449 4617 3733 4690 Nunquid

2078 4717 2311 4772 Setana
2339 4714 2538 4770 verbis
2568 4713 2788 4769 veritas
2817 4713 2879 4767 in
2909 4711 3289 4767 subditorum
3317 4722 3571 4763 suorum
3596 4720 3731 4761 cru-

2075 4805 2327 4861 ciatibus
2359 4802 2703 4860 accenditur
2721 4801 2748 4857 ?
2774 4800 2959 4857 Absit.
2995 4800 3111 4858 Sed
3133 4800 3279 4872 quia
3307 4813 3420 4853 nos
3453 4796 3624 4852 ferire
3646 4796 3732 4852 ni-

2075 4894 2125 4948 si
2150 4893 2436 4949 commoti
2465 4891 2765 4947 nescimus
2794 4889 2927 4965 ipsa
2956 4889 3161 4946 divina
3213 4885 3522 4960 percussio
3570 4900 3733 4943 coms

2074 4983 2260 5039 motio
2289 4981 2523 5053 dicitur,
2553 4985 2609 5037 et
2634 4980 2714 5038 ad
2740 4983 2947 5037 nostra
2968 4978 3175 5049 verba,
3202 4977 3404 5036 divina
3419 4990 3567 5033 voce
3591 4975 3731 5033 des-

2074 5072 2363 5139 cenditur,
2396 5074 2461 5127 ut
2492 5070 2621 5143 ejus
2654 5071 2878 5127 factum
2900 5073 3204 5142 utcunque
3264 5066 3554 5143 capiatur.
3617 5063 3732 5121 Sed

2072 5161 2216 5236 quia
2243 5162 2373 5218 hac
2398 5161 2527 5234 jam
2556 5159 2868 5231 allegorice
2884 5174 3068 5233 supra
3095 5158 3513 5225 discussimus,
3559 5150 3732 5224 repli-

2074 5267 2210 5307 care
2259 5250 2541 5307 vitamus.
2603 5248 2750 5306 Hinc
2776 5264 2919 5320 ergo
2954 5249 3189 5306 initium
3241 5247 3561 5303 sumimus.
3621 5241 3732 5296 lte-

2073 5356 2192 5415 que
2219 5340 2333 5397 ait:
2370 5340 2752 5397 Commovisti
2794 5356 2886 5397 me
2938 5341 3201 5411 frustra.
3257 5337 3407 5391 Cum
3457 5327 3569 5387 Joh
3623 5328 3731 5388 lle-

2072 5430 2404 5503 demptoris
2445 5430 2629 5487 nostri
2688 5429 2951 5503 speciem
3000 5426 3221 5493 teneat,
3271 5421 3444 5494 eique
3495 5432 3621 5477 una
3658 5419 3733 5476 sit

2073 5538 2212 5578 cum
2234 5522 2406 5577 Patre
2436 5520 2788 5587 substantia,
2823 5532 3064 5590 unaque
3086 5514 3368 5585 potestas,
3419 5509 3731 5585 quomodo

2070 5624 2177 5685 per
2201 5614 2382 5669 Satan
2411 5614 2644 5668 motum
2677 5627 2741 5666 se
2772 5608 3061 5664 adversus
3091 5615 3231 5657 eum
3259 5601 3471 5660 asserit
3496 5600 3527 5656 τ
3548 5601 3729 5655 Satan

2073 5700 2273 5775 itaque
2286 5700 2365 5760 ad
2374 5701 2556 5772 hujus
2573 5696 2956 5756 aﬂlictionem
2972 5691 3294 5751 Dominum
3307 5697 3448 5751 tunc
3463 5698 3729 5746 commo-
