4154 6160
409 187 510 243 127

1429 187 1484 241 S.
1529 184 1782 241 ODONIS
1821 179 2118 238 ABBATIS
2158 175 2656 234 CLUNIACENSIS
2697 177 2766 231 Il.

3723 171 3842 226 128

407 311 506 382 vit,
535 311 781 384 quando
809 310 870 364 in
885 308 1236 380 paradisum
1255 309 1520 381 primum
1546 309 1852 365 hominem
1875 323 1912 364 a
1933 305 2055 362 cul-
2089 309 2138 360 Α
2167 301 2425 368 tradidit,
2459 301 2605 374 quid
2627 301 2790 356 aliud
2809 315 2996 372 quam
3017 297 3289 368 ejusdem
3311 297 3542 351 Satanae
3569 310 3842 350 manum

405 402 585 467 mine,
611 397 869 471 justitiaa,
897 397 1320 454 inobedientiee
1337 399 1532 471 culpa,
1566 397 1905 470 prostravit.
1937 395 2057 452 Nisi

407 491 565 546 enim
591 489 783 543 Adam
813 487 1045 560 primus
1064 503 1172 561 per
1191 488 1593 544 voluntarium
1621 489 1830 544 vitium
1850 487 1912 542 in
1929 485 2055 542 ani-

403 593 506 634 ma
531 579 788 631 mortem
807 576 1101 648 traxisset,
1125 576 1320 633 Adam
1353 576 1656 634 secundus
1679 576 1808 631 sine
1837 574 1980 630 vitio
1997 573 2057 628 in

405 663 598 719 carnis
628 667 882 721 mortem
910 681 1034 723 non
1063 667 1291 723 veniret
1332 666 1755 722 voluntariam.
1805 669 1883 720 De
1936 678 2058 736 quo

401 756 458 808 et
483 752 637 810 bene
667 754 906 810 additur
933 757 1189 824 frustra.
1225 759 1462 813 Frustra
1515 756 1740 829 quippe
1799 753 2058 809 afﬂictus

404 844 509 909 est,
537 843 665 916 qui,
693 847 752 900 et
771 843 962 916 culpas
981 845 1200 901 ultione
1221 860 1470 918 pressus
1487 849 1596 916 est,
1625 847 1681 901 et
1704 843 1896 916 culpas
1920 859 2058 898 con-

403 931 568 999 tagio
591 930 940 1003 inquinatus
969 948 1092 989 non
1123 939 1227 990 est.
1254 933 1396 990 Hinc
1427 933 1696 1006 estquod
1743 931 1901 987 Patri
1925 930 2058 1003 qui—

404 1019 549 1075 dam
581 1021 821 1093 sapiens
851 1021 994 1078 dicit
1026 1041 1038 1077 :
1075 1045 1104 1070 «
1135 1025 1284 1080 Cum
1316 1023 1394 1078 sis
1413 1024 1632 1094 justus,
1654 1023 1812 1092 juste
1859 1019 2060 1092 dispo-

406 1109 500 1164 nis
527 1111 734 1168 omnia
789 1113 956 1181 (Sap.
987 1129 1092 1182 x11,
1130 1115 1237 1185 15),
1273 1135 1298 1163 n
1349 1129 1488 1168 eum
1532 1128 1776 1185 quoque
1805 1111 1912 1183 qui
1939 1125 2064 1166 non

408 1216 586 1274 debet
613 1219 812 1290 puniri
843 1220 1235 1277 condemnas.
1273 1221 1549 1292 Sequitur
1583 1238 1594 1274 :

477 1307 651 1364 Vens.
674 1311 729 1364 4.
759 1309 988 1366 Pellem
1010 1326 1122 1379 pro
1145 1313 1328 1381 pelle,
1362 1317 1416 1366 et
1462 1316 1680 1367 cuncta
1722 1324 1856 1380 qua
1887 1308 2064 1363 habet

408 1396 598 1464 homo,
630 1399 800 1453 dabit
810 1414 928 1468 pro
950 1403 1155 1456 anima
1183 1417 1315 1457 sua.
1348 1431 1416 1439 -—
1439 1402 1606 1472 Saepe
1620 1400 1781 1455 enim
1802 1399 1950 1454 dum
1968 1413 2065 1452 ve-

403 1484 530 1539 nire
549 1485 734 1541 ictum
765 1491 972 1543 cOntra
1003 1488 1220 1544 faciem
1243 1488 1565 1558 cernimus,
1590 1501 1841 1542 manum
1861 1485 2066 1558 palpe-

404 1571 528 1628 bris
556 1575 947 1646 0pponimus,
979 1581 1045 1630 ut
1065 1576 1144 1631 ab
1165 1576 1284 1632 ictu
1306 1575 1512 1632 oculos
1561 1573 1976 1640 defendamus,
2009 1578 2064 1629 et

406 1677 625 1733 corpus
653 1662 884 1718 vulneri
909 1663 1252 1734 objicimus,
1280 1681 1356 1720 ne
1383 1665 1443 1719 in
1487 1679 1735 1736 corpore
1790 1663 2044 1718 tenerior

404 1750 808 1806 vulneremur.
843 1754 1023 1808 Satan
1055 1769 1197 1822 ergo
1217 1754 1344 1808 haec
1377 1769 1664 1808 consuere
1695 1753 1890 1808 sciens
1913 1751 2063 1822 ﬁeri,

408 1837 550 1893 dicit
577 1855 590 1893 :
623 1841 852 1896 Pellem
872 1857 983 1910 pro
1009 1843 1189 1910 pelle.
1221 1847 1300 1897 Ac
1331 1843 1379 1896 si
1403 1846 1605 1915 aperte
1645 1841 1802 1896 dicat
1836 1859 1848 1896 :
1884 1841 2065 1896 Idcir-

409 1941 478 1980 co
504 1927 620 1982 Job
651 1931 735 1983 tot
764 1933 929 1985 extra
960 1945 1020 1984 se
1053 1930 1288 2000 ﬂagella
1351 1931 1768 2003 aequanimiter
1822 1930 2062 2002 patitur,

408 2015 552 2087 quia
575 2023 750 2088 pavet
769 2034 844 2074 ne
871 2020 1000 2091 ipse
1030 2019 1292 2075 feriatur.
1329 2021 1606 2092 Sequitur
1640 2038 1651 2074 :

479 2142 645 2195 Vens.
684 2147 734 2197 5.
766 2144 940 2199 Mitte
981 2159 1223 2200 manum
1259 2151 1443 2211 tuam,
1477 2151 1528 2200 et
1561 2150 1741 2214 tange
1769 2159 1829 2199 os
1851 2146 1980 2212 ejus
2011 2149 2065 2197 et

408 2243 672 2296 carnem,
695 2235 751 2286 et
779 2231 1028 2304 reliqua.
1055 2264 1124 2272 —
1145 2233 1428 2305 Superius
1460 2233 1626 2288 dixit.
1669 2235 1869 2302 Tange
1889 2247 2064 2287 cunc-

409 2323 472 2373 ta
499 2333 631 2388 quae
651 2321 934 2389 possidet,
969 2338 1129 2377 nunc
1159 2322 1334 2394 quasi
1383 2322 1598 2394 prioris
1643 2320 2064 2394 propositionis

407 2405 646 2477 oblitus,
669 2407 890 2465 fractus
921 2410 995 2466 de
1021 2410 1175 2480 aliis,
1203 2410 1320 2466 alia
1351 2411 1630 2482 postulat.
1665 2413 1925 2466 Mvsrme.
1956 2411 2067 2464 Ma-

405 2493 603 2562 lignus
626 2496 866 2567 spiritus
919 2499 1374 2570 Redemptorem
1429 2503 1702 2554 nostrum
1763 2496 2065 2552 miraculis

409 2597 723 2640 coruscare
767 2586 1161 2657 conspiciens,
1195 2587 1418 2642 clamat
1452 2605 1463 2641 :
1501 2609 1528 2636 «
1557 2587 1787 2642 Scimus
1813 2586 1956 2658 quia
1985 2585 2064 2639 sis

413 2673 666 2728 Sanctus
699 2674 799 2730 Dei
860 2675 1068 2745 (Marc.
1103 2693 1141 2742 1,
1173 2679 1287 2742 24),
1347 2698 1373 2724 ››
1402 2674 1512 2736 Qui
1539 2675 1667 2730 haec
1693 2675 1920 2742 dicens,
1973 2691 2066 2730 co-

409 2762 761 2830 gnoscendo
785 2764 881 2819 Dei
916 2763 1131 2819 Filium
1163 2764 1546 2836 pertimescit.
1580 2763 1692 2820 Sed
1713 2767 1916 2820 tamen
1944 2764 2063 2819 vim

409 2865 683 2922 supernae
711 2851 945 2924 pietatis
959 2853 1267 2922 ignorans,
1291 2869 1732 2926 nonnunquam
1749 2853 1896 2908 dum
1921 2868 2064 2924 pas-

409 2937 644 2994 sibilem
673 2940 1030 3010 considerat,
1055 2941 1364 2996 hominem
1385 2958 1606 3014 purum
1631 2945 1820 3015 putat.
1853 2941 2062 2998 Multos

408 3031 610 3083 autem
633 3030 1040 3087 substantialis
1071 3031 1268 3104 specie
1298 3030 1358 3086 in
1389 3030 1674 3104 pastorali
1689 3031 1914 3104 positos
1930 3030 2064 3086 loco

407 3115 712 3187 didicerat,
746 3120 890 3192 quia
927 3137 964 3176 a
993 3120 1316 3176 visceribus
1338 3121 1642 3177 charitatis
1669 3121 1865 3192 alieni,
1889 3121 2064 3177 valde

406 3221 516 3278 pro
547 3208 797 3265 minimo
825 3210 1021 3266 aliena
1050 3211 1278 3266 damna
1306 3211 1663 3283 pensabant.
1720 3211 1890 3266 Hunc
1921 3225 2064 3280 ergo

406 3295 583 3366 quasi
603 3311 675 3351 ex
703 3296 816 3352 illis
845 3297 1154 3368 colligens,
1177 3298 1322 3370 quia
1354 3299 1670 3354 subtractis
1711 3298 1912 3354 multis
1967 3316 2064 3354 su-

405 3383 602 3455 perari
626 3399 750 3440 non
769 3384 934 3453 vidit,
965 3401 1154 3458 usque
1185 3386 1264 3441 ad
1284 3386 1412 3456 ejus
1443 3403 1686 3443 carnem
1707 3403 1813 3460 per
1841 3391 2065 3443 tactum

405 3472 704 3544 passionis
732 3475 972 3542 exarsit,
997 3475 1162 3531 velut
1186 3475 1406 3532 diceret
1437 3493 1447 3530 :
1476 3478 1700 3532 Pellem
1726 3492 1842 3546 pro
1884 3477 2062 3546 pelle,

407 3565 463 3615 et
486 3561 716 3632 reliqua
779 3567 860 3618 Ac
877 3563 925 3617 si
949 3567 1151 3635 aperte
1177 3563 1336 3619 dicat
1378 3582 1390 3618 :
1443 3564 1656 3620 Moveri
1706 3565 1780 3619 de
1807 3564 1897 3620 his
1928 3581 2064 3636 quae

407 3653 572 3706 extra
598 3665 658 3705 se
692 3657 850 3721 sunt,
879 3651 1192 3722 negligunt
1221 3671 1233 3720 ;
1292 3653 1397 3708 sed
1457 3657 1596 3708 tunc
1649 3654 1937 3710 veraciter
1960 3655 2062 3727 qui

408 3739 482 3794 sit
509 3741 877 3810 agnoscitur,
903 3742 1028 3797 siin
1058 3743 1254 3816 seipso
1280 3743 1446 3816 quod
1489 3743 1688 3800 doleat
1744 3746 2060 3816 experitur.

407 3830 539 3884 Haec
559 3845 667 3901 per
697 3846 758 3885 se
786 3832 966 3887 Satan
993 3847 1131 3886 cum
1151 3831 1278 3888 ﬁeri
1305 3833 1548 3905 appetit,
1572 3848 1695 3888 non
1725 3833 2064 3902 verbis,sed

406 3915 742 3984 desideriis,
770 3918 933 3975 dixit.
969 3921 1102 3974 Haec
1130 3936 1239 3994 per
1271 3921 1546 3976 membra
1567 3937 1678 3976 sua
1708 3925 1764 3976 et
1793 3921 1989 3976 verbis
2010 3926 2066 3978 et

405 4004 716 4062 desideriis
740 4007 956 4064 intulit.
983 4009 1113 4081 Ipse
1143 4009 1367 4082 quippe
1393 4009 1673 4082 loquitur,
1707 4026 1846 4066 cum
1891 4011 2064 4082 juxta

401 4096 710 4168 prophetae
735 4113 948 4154 vocem
969 4099 1020 4170 ej
1033 4115 1100 4154 us
1119 4114 1411 4172 sequaces
1428 4098 1636 4155 dicunt
1669 4116 1682 4153 :
1714 4123 1742 4148 «
1767 4100 2061 4156 Mittamus

402 4183 636 4254 lignum
664 4185 959 4258 inpanem
1009 4189 1138 4259 ejus
1163 4189 1401 4258 (Jerem.
1437 4205 1512 4258 χι,
1549 4189 1656 4260 19).
1689 4211 1714 4239 ››
1745 4190 2058 4262 Sequitur:

475 4308 650 4364 Vens.
677 4313 730 4364 6.
754 4311 910 4366 Ecce
934 4314 998 4366 in
1011 4327 1198 4367 manu
1223 4319 1328 4368 tua
1347 4319 1452 4380 est,
1487 4322 1896 4370 verumtamen
1927 4317 2060 4370 ani-

403 4410 562 4452 mam
583 4399 712 4466 ejus
739 4413 933 4455 serva.
953 4431 1020 4438 —
1038 4401 1164 4454 Man
1175 4399 1230 4453 ui
1251 4399 1454 4470 itaque
1475 4400 1796 4456 adversarii
1818 4407 2062 4458 sanctus

403 4483 490 4539 vir
520 4485 791 4556 traditur,
819 4487 924 4544 sed
981 4491 1186 4544 tamen
1240 4488 1302 4543 in
1357 4488 1580 4544 intimis
1636 4489 1927 4560 adjutoris
1969 4493 2063 4548 sui

405 4587 592 4628 manu
623 4575 920 4642 retinetur.
953 4579 1032 4632 De
1051 4576 1164 4632 illis
1185 4576 1410 4650 quippe
1431 4577 1646 4632 ovibus
1661 4582 1806 4648 erat,
1831 4579 1905 4636 de
1927 4581 2062 4652 qui-

401 4660 518 4717 bus
543 4665 764 4722 Veritas
795 4665 937 4722 dicit
992 4684 1004 4722 :
1056 4689 1082 4715 ‹‹
1109 4669 1234 4722 Non
1267 4666 1458 4740 rapiet
1487 4682 1590 4722 eas
1633 4667 1960 4740 quisquam
1987 4669 2062 4726 de

402 4765 592 4809 manu
621 4771 758 4812 mea
789 4757 972 4828 (toan.
1006 4772 1066 4825 x,
1089 4757 1200 4828 28).
1239 4779 1265 4805 »
1298 4759 1364 4811 Et
1391 4759 1592 4812 tamen
1631 4759 1928 4829 expetenti
1949 4758 2060 4816 ho-

405 4838 476 4894 sti
505 4840 718 4898 dicitur
746 4863 759 4898 :
793 4850 936 4902 Ecce
965 4847 1028 4900 in
1043 4860 1228 4901 manu
1258 4852 1362 4901 tua
1391 4851 1494 4900 est.
1555 4845 1750 4900 Isdem
1801 4861 1944 4916 ergo
1999 4847 2061 4903 in

403 4943 592 4986 manu
619 4933 738 4999 Dei,
761 4932 954 4990 isdem
975 4934 1035 4989 in
1061 4950 1252 4990 manu
1279 4933 1525 4990 diaboli.
1545 4934 1678 4989 Pius
1701 4935 1862 4991 enim
1888 4936 2060 5008 adju-

405 5020 496 5074 tor
529 5035 542 5084 ;
571 5019 715 5092 quia
739 5021 928 5077 tenuit
955 5038 1138 5094 quem
1163 5022 1474 5086 concessit,
1498 5027 1556 5078 et
1582 5022 1788 5079 dando
1819 5040 1940 5080 non
1963 5025 2060 5080 de-

404 5107 510 5178 dit,
537 5123 722 5180 quem
761 5109 1084 5167 adversarii
1113 5111 1204 5167 sui
1223 5111 1440 5183 jaculis
1469 5111 1668 5183 ejectis
1721 5112 2058 5169 abscondit.

407 5197 653 5256 Servare
682 5201 884 5256 autem
912 5199 1181 5257 animam
1213 5202 1392 5258 Satan
1443 5201 1678 5272 dicitur,
1729 5202 2060 5275 irrumpere

405 5300 528 5342 non
554 5289 796 5358 audere,
830 5287 982 5344 sicut
1008 5289 1164 5344 Patri
1189 5289 1446 5346 dicimus
1507 5307 1519 5344 :
1575 5312 1602 5338 «
1631 5293 1697 5346 Et
1733 5307 1816 5364 ne
1836 5307 1948 5348 nos
1976 5293 2062 5348 in-

403 5373 593 5430 ducas
647 5377 708 5432 in
753 5376 1154 5434 tentationem.
1186 5377 1422 5449 (Matth.
1457 5395 1534 5433 vr.
1571 5381 1677 5450 18).
1709 5402 1737 5429 ››
1795 5383 2056 5438 MYSTICE.

406 5463 738 5520 Membrum
765 5467 990 5524 diaboli
1013 5467 1253 5534 Pilatus,
1287 5483 1506 5540 corpus
1529 5469 1658 5539 ejus
1681 5471 2060 5527 sacerdotum

405 5552 708 5626 principes
735 5556 1100 5613 exstiterunt.
1135 5558 1284 5614 Cum
1313 5571 1456 5627 ergo
1475 5572 1538 5612 se
1562 5572 1672 5628 pro
1719 5561 1925 5614 nostra
1967 5574 2060 5614 re-

406 5641 752 5716 demptione
775 5645 1063 5701 Dominus
1083 5645 1495 5704 membrorum
1524 5647 1756 5703 Satanae
1775 5647 2058 5706 manibus

2097 4365 2144 4420 D

2163 392 2224 446 in
2251 407 2313 446 se
2347 392 2552 446 saevire
2575 389 2895 462 permisit?
2939 388 2996 445 Si
3025 387 3203 456 igitur
3249 388 3514 458 potestas
3567 386 3839 456 Satanae,

2165 481 2292 551 ejus
2323 479 2610 551 accipitur
2635 493 2872 545 manus,
2903 477 3032 547 ejus
3087 491 3306 531 manus
3354 474 3525 544 juxta
3581 489 3846 529 carnem

2164 569 2406 642 pertulit
2441 587 2454 636 ;
2491 569 2663 639 cujus
2696 571 3052 640 potestatem
3083 563 3349 636 corporis
3369 578 3562 635 usque
3588 563 3667 619 ad
3689 579 3846 636 spu-

2167 663 2245 724 ta,
2279 657 2590 730 colaphos,
2619 656 2877 728 ﬂagella,
2911 670 3172 722 crucem,
3202 653 3599 724 lanceamque
3621 651 3842 708 tolera.-

2165 751 2263 802 v1t.
2289 746 2458 802 Unde
2489 751 2546 802 et
2569 745 2753 801 Pilato
2783 743 2931 800 dixit
2959 762 2972 812 ;
3007 767 3035 793 «
3067 746 3194 799 Non
3223 741 3480 797 haberes
3505 740 3568 795 in
3595 757 3694 796 me
3721 757 3844 813 po—

2167 839 2459 907 testatem,
2491 835 2606 890 nisi
2633 834 2740 890 tibi
2771 833 2980 890 datum
3022 837 3175 888 esset
3222 830 3498 902 desuper.
3547 828 3842 885 Animam

2165 940 2302 980 vero
2332 925 2460 995 ejus
2489 941 2664 980 serva
2693 925 2891 995 (Joan.
2925 939 3044 978 x1x.
3111 925 3220 988 tt).
3255 941 3283 968 »
3338 923 3468 974 Non
3522 935 3646 991 quo
3669 919 3840 976 hanc

2169 1017 2392 1070 tentare
2408 1012 2778 1086 prohibetur,
2799 1011 2905 1070 sed
2925 1027 3048 1083 quo
3073 1009 3232 1066 hanc
3256 1011 3481 1064 tentare
3511 1022 3634 1063 non
3650 1023 3837 1080 posse

2168 1102 2556 1159 convincitur.
2588 1106 2788 1174 Neque
2815 1101 2976 1157 enim
3007 1099 3160 1156 sicut
3185 1114 3298 1154 nos
3324 1096 3650 1160 tentatione
3679 1113 3830 1154 con-

2169 1192 2444 1259 cutimur,
2472 1192 2554 1248 ita
2583 1190 2995 1263 Redemptoris
3025 1187 3212 1245 nostri
3241 1186 3447 1244 anima
3488 1186 3835 1246 tentationis

2170 1286 2261 1337 est
2279 1282 2626 1337 necessitate
2657 1281 2916 1336 turbata.
2941 1279 3170 1334 Etenim
3196 1277 3246 1333 si
3267 1276 3656 1333 tentationem
3677 1281 3836 1334 exte-

2169 1370 2292 1424 rius
2323 1373 2410 1426 est
2437 1369 2721 1439 dignatus
2753 1368 3076 1440 suscipere,
3111 1382 3281 1422 mens
3303 1369 3504 1422 tamen
3525 1365 3654 1435 ejus
3669 1371 3836 1422 exte—

2171 1459 2292 1514 rius
2313 1459 2633 1516 divinitatis
2661 1476 2784 1515 suae
2813 1459 3131 1520 inhaerens,
3184 1457 3548 1512 inconcussa
3591 1470 3835 1528 perma-

2169 1548 2368 1605 nebat.
2403 1551 2604 1605 Potest
2631 1549 2812 1604 etiam
2839 1548 2970 1617 ejus
2998 1545 3203 1602 anima
3244 1544 3568 1601 electorum
3597 1543 3717 1600 vita
3761 1543 3838 1598 si-

2048 1662 2065 1717 ί
2101 1659 2142 1714 Β
2172 1639 2363 1710 gnari,
2392 1645 2448 1694 et
2477 1655 2615 1694 cum
2674 1641 2854 1694 Satan
2908 1637 2988 1694 ad
3031 1635 3362 1692 feriendam
3419 1633 3831 1706 Redemptoris

2172 1744 2416 1784 carnem
2445 1728 2822 1801 permittitur,
2849 1726 2926 1782 ab
2950 1725 3156 1781 anima
3175 1729 3510 1797 separatur.
3524 1723 3672 1789 Quia
3691 1738 3832 1778 cum

2172 1832 2390 1889 corpus
2420 1817 2550 1887 ejus
2581 1815 2659 1872 ad
2688 1815 3036 1888 passionem
3085 1813 3318 1886 accipit,
3367 1812 3580 1868 electos
3609 1812 3738 1882 ejus
3795 1827 3836 1868 a

2166 1907 2300 1978 jure
2331 1922 2454 1961 suae
2479 1906 2790 1978 potestatis
2819 1903 3050 1960 amittit.
3083 1905 3352 1974 Cumque
3381 1901 3518 1958 illus
3543 1916 3678 1958 caro
3719 1915 3832 1971 per

2173 2010 2411 2050 crucem
2434 1995 2705 2063 moritur,
2738 1995 2958 2050 horum
2987 2007 3160 2048 mens
3208 1995 3416 2048 contra
3475 1992 3828 2047 testamenta

2173 2084 2482 2141 solidatur.
2519 2083 2794 2156 Sequitur
2815 2101 2827 2137 :

2245 2175 2412 2228 Vens.
2446 2178 2496 2227 7.
2531 2175 2822 2243 Egressus
2843 2173 3038 2228 Satan
3063 2185 3102 2226 α
3121 2171 3286 2239 facie
3313 2168 3572 2225 Domini.
3609 2197 3684 2206 —
3717 2166 3832 2222 Sas-

2171 2262 2307 2334 pius
2337 2262 2464 2316 haec
2495 2267 2634 2316 sunt
2659 2261 2932 2333 superius
2962 2259 3140 2314 dicta.
3183 2259 3489 2314 Percussit
3507 2256 3620 2311 Job
3635 2257 3834 2312 ulcere

2169 2351 2422 2419 pessimo
2449 2365 2487 2406 a
2511 2351 2737 2418 planta
2763 2349 2968 2418 perdis
2999 2363 3186 2418 usque
3215 2347 3296 2404 ad
3347 2346 3626 2402 verticem
3681 2347 3830 2414 ejus.

2173 2471 2241 2478 —
2271 2441 2434 2511 Saepe
2461 2439 2621 2494 enim
2651 2438 2844 2494 multa
2872 2436 3112 2507 ﬂagella
3135 2452 3209 2492 ex
3233 2434 3540 2508 qualitate,
3571 2434 3620 2490 si
3667 2433 3834 2490 vide-

2171 2527 2306 2584 licet
2334 2543 2474 2582 cum
2507 2526 2696 2582 multa
2718 2531 2874 2594 sunt,
2908 2541 3032 2581 non
3050 2525 3169 2580 sint
3195 2523 3424 2595 gravia,
3443 2527 3501 2579 et
3525 2539 3685 2595 saepe
3707 2538 3836 2592 gra-

2173 2615 2270 2672 via
2301 2631 2374 2670 ex
2399 2615 2750 2688 quantitate,
2775 2615 2957 2670 sinon
2979 2614 3096 2669 sint
3115 2612 3324 2681 multa,
3345 2612 3700 2682 levigantur.
3719 2611 3832 2666 Ad-

2172 2705 2468 2760 versarius
2493 2719 2634 2760 vero
2672 2704 2734 2760 in
2765 2708 3040 2760 sanctum
3065 2703 3259 2759 virum
3289 2717 3414 2758 non
3473 2700 3672 2757 solum
3725 2715 3832 2773 per

2172 2793 2524 2866 nequitiam,
2551 2793 2856 2866 qualitatis
2877 2796 2941 2848 ut
2968 2792 3153 2848 illud:
3185 2793 3490 2848 Percussit
3541 2791 3652 2847 Job
3677 2792 3830 2848 ulce-

2173 2899 2238 2939 re
2259 2885 2515 2954 pessimo
2540 2901 2553 2951 ;
2583 2883 2688 2938 sed
2717 2882 2896 2938 etiam
2922 2897 3029 2954 per
3048 2881 3288 2954 pondus
3308 2881 3654 2954 quantitatis
3669 2895 3833 2936 exar-

2102 3012 2142 3068 C
2175 2972 2262 3046 sit,
2297 2976 2358 3028 ut
2381 2971 2529 3027 illud
2589 2990 2600 3026 :
2651 2973 2700 3026 A
2745 2973 2964 3040 planta
2983 2971 3157 3068 petits
3188 2984 3372 3040 usque
3418 2969 3500 3026 ad
3551 2969 3830 3068 verticem

2173 3064 2322 3130 eius.
2353 3063 2615 3116 Mvsncs.
2652 3064 2880 3132 Corpus
2913 3059 3148 3114 Domini
3186 3073 3398 3114 omnes
3450 3061 3587 3114 sunt
3641 3057 3830 3113 electi.

2171 3150 2260 3205 Ab
2286 3151 2418 3222 ipso
2451 3150 2652 3222 itaque
2679 3149 2891 3204 mundi
2911 3149 3158 3204 exordio
3179 3147 3585 3220 Redemptoris
3639 3147 3832 3202 nostri

2173 3255 2392 3311 corpus
2425 3253 2774 3310 expugnare
2807 3241 3059 3294 conatus
3091 3241 3197 3293 est.
3231 3237 3280 3290 A
3301 3235 3512 3309 planta
3537 3249 3679 3304 ergo
3731 3249 3834 3306 pe-

2173 3327 2265 3383 dis
2297 3342 2490 3398 usque
2515 3326 2594 3381 ad
2621 3325 2905 3381 verticem
2927 3325 3146 3381 vulnus
3175 3323 3372 3380 intulit
3417 3321 3522 3396 qui
3581 3339 3619 3378 a
3665 3323 3832 3394 puris

2173 3415 2520 3472 hominibus
2551 3415 2864 3483 inchoans,
2899 3430 3090 3486 usque
3116 3415 3194 3472 ad
3215 3414 3416 3488 ipsum
3440 3416 3621 3484 caput
3645 3410 3834 3466 Eccle-

2176 3505 2280 3560 siae
2307 3505 2610 3561 saeviendo
2633 3503 2920 3576 pervenit.
2949 3503 3154 3560 Nullus
3183 3504 3386 3576 itaque
3417 3503 3746 3560 electorum
3769 3501 3832 3556 in

2173 3595 2288 3650 hac
2319 3594 2441 3649 vita
2471 3593 2628 3648 venit
2655 3593 2760 3665 qui
2788 3608 2912 3648 non
2942 3593 3125 3664 hujus
3144 3592 3337 3649 hostis
3365 3592 3622 3648 adversa
3653 3590 3830 3646 susti-

2173 3682 2320 3738 nuit.
2354 3686 2702 3739 Monsuren.
2739 3681 2830 3738 Sic
2859 3697 2972 3737 nos
2997 3681 3222 3754 quippe
3251 3680 3458 3738 divina
3488 3681 3679 3754 pietas
3725 3679 3830 3734 de-

2175 3771 2330 3839 serit,
2363 3775 2427 3826 ut
2445 3770 2779 3826 deserendo
2795 3769 3108 3827 custodiat.
3137 3769 3229 3826 Sic
3250 3769 3525 3838 custodit,
3549 3774 3614 3826 ut
3627 3773 3828 3826 tamen

2174 3860 2467 3934 permisso
2497 3859 2836 3916 tentationis
2864 3859 3132 3930 articulo,
3165 3862 3387 3916 statum
3415 3859 3591 3916 nobis
3611 3863 3828 3914 nostrae

2173 3949 2532 4005 inﬁrmitatis
2559 3949 2854 4006 ostendat.
2882 3951 2932 4002 A
2961 3949 3170 4022 planta
3192 3965 3306 4005 nos
3331 3948 3504 4022 pedis
3527 3963 3720 4021 usque
3750 3947 3830 4003 ad

2173 4039 2451 4096 verticem
2482 4039 2671 4095 hostis
2701 4038 2995 4106 vulnerat,
3021 4038 3167 4110 quia
3185 4037 3474 4096 nimirum
3501 4055 3642 4094 cum
3655 4037 3832 4094 licen-

2174 4129 2318 4198 tiam
2346 4129 2671 4202 percipit,a
2701 4128 2966 4184 minimis
2986 4127 3300 4200 incipiens,
3329 4144 3524 4202 usque
3541 4128 3622 4184 ad
3640 4128 3828 4198 majo-

2172 4235 2240 4276 ra
2269 4219 2552 4291 pervenit.
2587 4219 2696 4284 Qui
2745 4234 2962 4291 corpus
3013 4217 3258 4288 lacerat,
3304 4219 3411 4276 sed
3443 4219 3522 4276 ad
3560 4218 3828 4275 animam

2174 4323 2298 4363 non
2327 4307 2612 4379 pervenit,
2642 4323 2781 4362 cum
2798 4307 3026 4362 cunctis
3055 4307 3518 4378 cogitationibus
3565 4307 3828 4374 interior,

2173 4397 2325 4452 inter
2353 4395 2486 4467 ipsa
2505 4395 2756 4452 vulnera
2785 4395 3250 4452 delectationum
3269 4413 3406 4469 quia
3437 4396 3709 4470 suscipit,
3741 4411 3833 4452 ar-

2174 4485 2310 4540 cani
2337 4483 2626 4557 propositi
2655 4483 2899 4541 intentio
2923 4485 3162 4559 resistit,
3187 4491 3255 4543 ut
3279 4487 3559 4560 quamvis
3577 4486 3830 4542 delecta-

2171 4574 2250 4632 tio
2279 4579 2544 4630 mentem
2569 4573 2864 4640 mordeat,
2895 4574 3322 4633 deliberatione
3353 4581 3554 4633 tamen
3607 4581 3828 4630 sanctae

2169 4663 2536 4720 rectitudinis
2569 4679 2760 4736 usque
2785 4663 2864 4720 ad
2895 4679 3264 4722 consensum
3291 4665 3546 4722 molliter
3572 4677 3696 4718 non
3739 4662 3828 4716 in-

2169 4753 2382 4810 ﬂectat.
2419 4752 2694 4824 Sequitur
2723 4771 2734 4808 :

2239 4845 2404 4897 Vens.
2438 4845 2489 4896 8.
2520 4842 2636 4908 Qui
2661 4848 2812 4899 testa
2841 4844 3066 4900 saniem
3083 4844 3352 4912 radebat,
3373 4842 3580 4898 sedens
3605 4843 3666 4896 in
3681 4847 3830 4898 ster-

2168 4934 2442 5002 quilinio.
2459 4963 2528 4973 —
2547 4931 2702 4997 Quid
2726 4937 2894 5001 testa,
2913 4933 3026 4989 nisi
3047 4933 3238 4989 lutum
3261 4930 3442 5004 ?quid
3455 4931 3674 5002 sanies,
3706 4933 3826 4990 nisi

2167 5021 2362 5078 lutum
2391 5023 2418 5077 ?
2439 5024 2584 5078 Luto
2605 5037 2747 5093 ergo
2775 5023 3260 5093 tergebatlutum.
3289 5021 3586 5078 Pensabat
3600 5023 3826 5096 quippe

2168 5113 2255 5167 vir
2277 5115 2519 5167 sanctus
2541 5111 2700 5167 unde
2731 5117 3040 5185 sumptum
3057 5111 3250 5167 fuerat
3268 5111 3437 5184 quod
3458 5112 3750 5182 gestabat,
3771 5117 3828 5168 et

2169 5217 2386 5274 corpus
2415 5201 2581 5273 quod
2613 5202 2725 5258 sibi
2781 5217 2996 5258 sanum
3043 5199 3412 5270 subdiderat,
3466 5218 3824 5276 percussum

2168 5291 2502 5362 fragmento
2529 5291 2690 5348 fictili
2720 5291 2964 5347 curavit.
3021 5294 3086 5346 In
3144 5291 3524 5365 sterquilinio.
3563 5292 3828 5365 ponebat

2169 5397 2411 5454 corpus,
2443 5387 2508 5437 ut
2533 5399 2604 5438 ex
2633 5387 2786 5438 terra
2813 5385 3124 5455 sumptum
3145 5399 3280 5456 quae
3303 5387 3458 5440 esset
3477 5383 3672 5439 carnis
3689 5383 3828 5438 sub-

2169 5472 2404 5542 stantia,
2419 5471 2572 5527 bene
2583 5473 2904 5543 proﬁciens
2921 5473 3315 5545 perpenderet
3326 5474 3581 5531 animus.
3608 5471 3826 5528 Intueri

2167 5559 2508 5632 libetquare
2525 5561 2908 5632 omnipotens
2929 5563 3083 5618 Deus
3099 5563 3162 5619 in
3181 5564 3296 5620 hoc
3311 5562 3527 5619 saeculo
3545 5562 3626 5617 sic
3647 5562 3826 5617 vehe-

2168 5651 2399 5704 menter
2427 5647 2696 5720 despicit,
2727 5665 2884 5720 quos
2907 5651 2990 5708 sic
3039 5652 3370 5710 sublimiter
3419 5655 3555 5710 ante
3603 5651 3822 5710 εωθιιια
