4158 6192
295 143 393 194 129

1133 134 1432 190 ΕΡΙΤΟΜΕ
1471 130 1836 188 MORALIUM
1875 126 1930 182 S.
1975 126 2179 183 GREG.
2219 130 2287 183 IN
2327 129 2471 187 JOB.
2513 161 2584 172 -—
2621 133 2754 189 LIB.
2797 133 2886 189 IIl.

3616 145 3716 196 130

291 254 483 325 elegit.
541 252 768 308 Idcirco
815 250 1037 324 quippe
1079 267 1191 306 nos
1224 253 1305 306 sic
1358 249 1574 322 premit
1612 249 1673 303 in
1700 246 1941 308 inﬁmis,
1983 248 2030 298 A
2061 261 2282 313 rerum,
2329 246 2638 320 victusque
2669 250 2748 304 ad
2793 250 3030 307 subtilia
3060 253 3330 310 tentandi
3359 261 3718 325 argumenta

289 345 435 417 quia
466 343 629 398 videt
657 341 965 415 quomodo
996 346 1334 396 remuneret
1380 341 1440 396 in
1495 340 1766 395 summis.
1803 339 1946 395 Hinc

289 449 434 503 ergo
465 432 889 504 unusquisque
942 431 1198 500 colligat,
1227 431 1374 503 quid
1428 430 1541 485 illic
1573 431 1690 485 sint
1713 429 1948 501 passuri

289 537 448 594 quos
478 520 781 593 reprobat,
811 518 858 572 si
904 519 997 573 hic
1030 519 1110 573 sic
1140 518 1366 574 cruciat
1394 534 1550 590 quos
1580 517 1790 572 amat?
1841 517 1947 569 Tr-

290 627 432 666 PICE.
469 609 621 675 Quid
677 608 837 663 aliud
891 607 954 662 in
981 625 1170 663 manu
1202 608 1436 662 Domini
1467 613 1558 662 est
1615 610 1784 672 testa,
1836 603 1948 660 nisi

289 717 435 756 caro
465 716 536 755 ex
566 702 783 754 nostrae
830 697 1178 754 substantiae
1227 698 1350 754 luto
1407 703 1648 769 sumpta
1667 698 1695 752 ?
1723 695 1949 751 Etenim

291 795 443 847 testa
473 790 608 858 igne
641 787 948 856 solidatur,
979 794 1036 844 et
1055 805 1194 844 caro
1229 788 1460 843 Domini
1481 805 1587 861 per
1601 786 1948 859 passionem

290 878 594 936 robustior
618 878 856 946 exstitit,
888 882 948 932 ut
987 878 1132 933 illud
1165 878 1467 951 PrOphetae
1503 896 1562 932 ;‹‹
1595 876 1758 932 Aruit
1791 876 1952 931 velut

288 973 436 1024 testa
466 967 654 1022 virtus
683 983 820 1022 mea
846 969 1038 1034 (Psal.
1082 985 1200 1035 xxn,
1257 970 1363 1034 t6).
1401 993 1426 1016 ››
1493 967 1697 1022 Sanies
1750 967 1950 1038 itaque

288 1054 548 1130 putredo
577 1059 667 1110 est
697 1056 1033 1125 sanguinis,
1066 1061 1120 1111 et
1151 1062 1398 1128 peccata
1431 1056 1648 1120 carnis,
1668 1072 1740 1111 ex
1768 1055 1952 1124 longa

287 1148 578 1200 vetustate
604 1144 777 1216 pejor
808 1144 1005 1200 sanies
1027 1149 1132 1200 est.
1164 1145 1387 1201 Vulnus
1412 1145 1612 1217 itaque
1633 1146 1693 1199 in
1721 1143 1950 1199 saniem

288 1235 552 1303 vertitur,
577 1250 716 1289 cum
746 1234 1016 1304 neglecta
1070 1234 1246 1307 culpa
1300 1252 1413 1290 usu
1444 1234 1702 1290 deterius
1734 1249 1948 1302 grava-

287 1328 402 1380 tur.
434 1323 794 1396 Redemptor
815 1323 1014 1395 itaque
1043 1330 1246 1379 noster
1270 1341 1488 1397 corpus
1521 1340 1699 1379 suum
1726 1323 1786 1377 in
1822 1339 1947 1378 ma-

288 1413 471 1469 nibus
497 1413 984 1485 persequentium
1038 1414 1300 1480 tradens,
1353 1413 1581 1469 saniem
1605 1417 1753 1468 testa
1783 1411 1943 1478 rasit,

288 1503 435 1574 quia
493 1506 740 1574 peccata
795 1507 1001 1557 nostra
1029 1518 1206 1558 carne
1238 1519 1347 1558 sua
1378 1501 1610 1558 delevit.
1655 1500 1846 1561 Venit,
1886 1504 1950 1554 ut

289 1593 578 1665 scriptum
636 1596 742 1658 est,
796 1613 823 1640 «

293 1683 482 1750 (Rom,
515 1698 595 1749 v1,
626 1683 699 1750 ὅ),
736 1703 762 1730 ››
794 1685 860 1736 ut
883 1681 958 1737 de
989 1686 1235 1754 peccato
1265 1682 1581 1738 damnaret
1609 1686 1945 1754 peccatum.

289 1774 460 1828 Testa
486 1787 629 1840 ergo
652 1772 850 1827 sanies
879 1771 1124 1834 raditur,
1159 1789 1298 1828 cum
1344 1788 1521 1828 carne
1550 1772 1730 1845 culpa
1782 1787 1952 1843 supe-

289 1863 475 1916 ratur.
533 1859 643 1925 Qui
701 1875 824 1916 non
882 1859 943 1914 in
970 1859 1100 1915 foro
1128 1861 1232 1917 ubi
1261 1861 1356 1917 lex
1392 1861 1730 1934 perstrepit,
1761 1860 1867 1916 sed
1890 1860 1951 1914 in

293 1948 662 2021 sterquilinio
690 1948 908 2004 residet
937 1967 948 2016 ;
1005 1949 1149 2021 quia
1201 1955 1514 2006 attestante
1548 1949 1764 2006 Paulo:
1803 1973 1828 1998 «
1861 1955 1952 2005 ln-

293 2039 470 2092 ﬁrma
495 2036 706 2092 mundi
732 2036 927 2106 elegit,
959 2042 1024 2093 ut
1055 2037 1448 2094 confunderet
1474 2039 1647 2094 fortia
1671 2040 1725 2109 (Ι
1741 2040 1877 2094 Cor.
1910 2056 1947 2106 1,

300 2125 410 2194 ιτ).
447 2149 474 2172 ››
505 2128 646 2181 Ecce
674 2126 884 2182 dolens
910 2127 972 2182 in
1012 2127 1379 2199 sterquilinio
1434 2127 1618 2193 sedet,
1646 2129 1789 2200 quia
1819 2131 1951 2200 post

295 2218 664 2286 perpetratas
719 2215 928 2288 culpas
987 2216 1232 2272 libenter
1305 2217 1488 2272 corda
1545 2217 1952 2289 ptenitentium

294 2303 583 2377 possidet.
625 2305 735 2370 Qui
789 2306 938 2362 dum
967 2306 1130 2362 mala
1181 2323 1290 2362 sua
1320 2307 1520 2362 ﬂendo
1551 2306 1951 2370 considerant,

292 2393 470 2467 quasi
497 2399 634 2450 ante
666 2411 727 2450 se
759 2400 1017 2451 stercora
1050 2412 1178 2452 sese
1208 2396 1546 2467 abjiciendo
1577 2400 1948 2452 coacervant.

296 2482 464 2538 Unde
513 2499 621 2556 per
674 2485 1034 2557 prophetam
1092 2486 1306 2541 dieitur
1341 2504 1352 2540 :
1391 2511 1416 2534 ‹‹
1442 2487 1531 2542 Ad
1559 2502 1742 2559 quem
1767 2485 1952 2558 respi-

292 2573 472 2640 ciam,
533 2573 646 2629 nisi
675 2574 754 2629 ad
807 2575 1095 2630 humilem
1126 2580 1182 2631 et
1209 2576 1479 2648 quietum
1500 2577 1526 2631 ?
1558 2600 1583 2624 ››
1629 2577 1770 2648 (Ιεα.
1803 2591 1950 2641 LXVI,

294 2664 369 2733 2).
429 2663 702 2728 Quotidie
759 2664 937 2720 etiam
986 2681 1146 2721 nunc
1178 2683 1369 2738 usque
1409 2682 1692 2738 perversa
1721 2665 1951 2734 tolerat,

293 2768 438 2808 cum
469 2768 504 2807 a
535 2753 806 2826 reprobis
835 2755 965 2824 ejus
991 2754 1158 2810 electi
1187 2755 1541 2811 lacerantur.
1577 2756 1772 2810 Pravis
1796 2754 1957 2810 enim

293 2841 569 2897 moribus
590 2842 652 2898 in
677 2843 938 2899 Ecclesia
970 2845 1378 2916 Redemptoris
1400 2846 1578 2902 vitam
1608 2844 1777 2900 multi
1808 2845 1959 2899 inse-

875 1592 938 1646 in
986 1592 1434 1648 similitudinem
1483 1592 1678 1647 carnis
1721 1589 1950 1664 peccati
1982 1599 2020 1651 Β

2060 335 2440 392 convertitur.
2463 339 2573 392 Cor
2601 338 2779 408 igitur
2803 340 3066 396 mulieris
3091 342 3296 414 tenuit,
3321 348 3377 400 et
3394 345 3572 417 quasi
3584 362 3716 402 sca-

2061 425 2180 481 lam
2206 443 2329 498 qua
2359 427 2438 483 ad
2468 444 2568 483 cor
2599 428 2707 483 viri
2754 431 3075 487 ascendere
3127 433 3436 504 potuisset,
3468 435 3714 506 invenit,

2063 516 2167 571 sed
2196 516 2342 572 nihil
2373 516 2486 572 hoc
2519 521 2643 573 arte
2681 519 3014 590 praevaluit.
3049 521 3198 577 Cum
3229 523 3390 579 enim
3430 541 3533 580 cor
3577 541 3717 582 nos-

2061 609 2219 660 trum
2250 606 2532 678 antiquus
2557 607 2750 663 hostis
2764 624 2876 663 sua
2896 610 3285 680 persuasione
3313 629 3438 670 non
3460 613 3714 684 subruit,

2061 695 2140 750 ad
2169 696 2282 750 hoc
2313 696 2596 751 nimirum
2627 713 2735 768 per
2763 697 3002 767 linguas
3028 699 3465 758 adhaerentium
3507 704 3716 760 subre-

2060 783 2164 856 pit.
2196 784 2340 839 Hinc
2371 785 2530 840 enim
2560 787 2847 859 scriptum
2888 793 2993 843 est.
3031 811 3059 835 «
3087 790 3132 841 A
3159 788 3295 843 ﬁliis
3327 791 3441 846 tuis
3468 808 3630 861 cave,
3661 797 3718 850 et

2061 889 2097 927 a
2153 871 2494 928 domesticis
2528 875 2642 929 tuis
2681 875 2918 931 attende
2949 877 3160 947 (Eccli.
3215 894 3390 933 xxxu.
3424 880 3533 951 26).
3569 901 3598 933 ›
3652 885 3719 937 Et

2061 977 2300 1016 rursum
2333 980 2345 1015 :
2373 981 2402 1014 ‹
2431 963 2655 1019 Inimici
2682 964 2942 1020 hominis
2972 965 3284 1022 domestici
3315 968 3445 1038 ejus
3474 968 3714 1038 (Matth.

2061 1066 2118 1115 Χ,
2153 1053 2262 1116 36).
2300 1074 2326 1098 »
2358 1054 2618 1107 Mvsnce.
2663 1053 2846 1123 Cujus
2875 1053 3136 1125 speciem
3158 1055 3313 1110 male
3343 1055 3718 1128 persuadens

2062 1139 2274 1194 mulier
2299 1140 2512 1207 renuit,
2541 1141 2658 1196 nisi
2711 1143 3118 1214 quorumlibet
3173 1145 3504 1202 carnalium
3530 1146 3590 1201 in
3619 1148 3722 1201 Ec-

2064 1226 2255 1281 clesiae
2291 1228 2423 1282 sinu
2453 1229 2784 1300 positorum
2809 1231 2836 1284 ἱ)
2894 1231 3003 1295 Qui
3042 1247 3165 1303 quo
3194 1232 3390 1288 verbis
3433 1233 3718 1306 professas

2063 1316 2203 1370 ﬁdei
2229 1317 2386 1371 intus
2420 1322 2578 1384 sunt,
2610 1334 2681 1373 eo
2712 1318 2906 1374 bonos
2928 1319 3268 1377 incorrectis
3296 1321 3418 1377 suis
3447 1323 3719 1379 moribus

2065 1406 2236 1477 pejus
2279 1413 2578 1478 premunt.
2630 1407 2891 1464 Suadent
2937 1424 3202 1482 namque
3236 1426 3348 1466 nos
3389 1411 3718 1484 aliquando

2064 1493 2280 1559 verbis,
2305 1494 2632 1558 aliquando
2644 1497 2931 1568 exemplis
2945 1497 3212 1553 illiciunt.
3240 1498 3356 1554 Sed
3378 1499 3493 1554 hoc
3517 1499 3720 1571 ipsum

2064 1585 2389 1658 aliquando
2444 1591 2628 1654 metu,
2682 1587 3007 1659 aliquando
3061 1605 3198 1644 vero
3238 1589 3496 1646 audacia
3541 1605 3718 1660 agere

2065 1677 2411 1733 moliuntur.
2470 1680 2735 1742 Quorum
2794 1680 2996 1734 Petrus
3053 1682 3111 1734 et
3155 1679 3374 1736 Sarviae
3403 1678 3560 1735 ﬁlius
3589 1696 3720 1752 spe-

2061 1766 2214 1822 ciem
2263 1771 2596 1823 tenuerunt.
2653 1767 2751 1823 Ille
2780 1766 3047 1823 videlicet
3075 1767 3354 1840 passione
3397 1768 3720 1825 Dominum

2059 1856 2458 1930 prohibendo,
2505 1857 2601 1912 hic
2643 1873 2781 1913 vero
2835 1855 3292 1913 maledicentem
3333 1857 3459 1927 regi
3506 1857 3722 1913 exstin-

2062 1963 2242 2017 guere
2269 1947 2535 2018 cupiens.
2583 1947 2694 2004 Sed
2727 1946 2901 2003 valde
2927 1946 3250 2002 deteriores
3275 1951 3432 2016 sunt,
3456 1948 3562 2020 qui
3581 1947 3721 2002 huic

2063 2037 2253 2108 culpae
2294 2052 2415 2092 non
2448 2035 2766 2091 formidine
2830 2035 2937 2090 sed
2985 2034 3237 2091 elatione
3293 2035 3716 2092 succumbunt.

2063 2128 2414 2182 Momuren.
2445 2126 2604 2180 Uxor
2634 2140 2897 2195 namque
2929 2119 3087 2179 male
3147 2124 3431 2194 suadens,
3479 2128 3572 2180 est
3596 2140 3722 2180 car-

2066 2214 2215 2269 nalis
2274 2213 2550 2282 cogitatio
2593 2217 2854 2267 mentem
2892 2212 3218 2268 lacescens.
3252 2213 3419 2284 Saepe
3451 2213 3612 2268 enim
3665 2215 3723 2267 et

2064 2303 2204 2358 foris
2226 2302 2474 2373 ﬂagellis
2497 2301 2821 2370 atterimur,
2836 2306 2888 2356 et
2910 2301 3068 2356 intus
3090 2300 3313 2357 carnali
3341 2301 3722 2371 suggestione

2064 2393 2403 2463 fatigamur.
2465 2391 2613 2446 Hinc
2665 2390 2947 2446 Jeremias
2997 2391 3076 2446 ait
3128 2408 3140 2444 :
3203 2411 3231 2443 ‹
3265 2391 3424 2446 Foris
3447 2385 3727 2465 interﬁcit:

2066 2482 2320 2552 gladius,
2355 2486 2412 2537 et
2439 2481 2605 2536 domi
2635 2497 2798 2534 mors
2843 2479 3050 2534 similis
3081 2483 3168 2534 est
3199 2479 3439 2549 (Τὴν-θη.
3474 2496 3514 2548 ι,
3546 2480 3659 2550 20).
3693 2501 3721 2528 »

2069 2572 2181 2628 Sed
2204 2572 2333 2627 haec
2360 2570 2526 2627 aliter
2553 2574 2812 2638 aguntur
2828 2585 2863 2623 a
2892 2568 3182 2640 reprobis,
3209 2567 3374 2623 aliter
3395 2567 3473 2623 ab
3498 2567 3720 2623 electis.

2068 2660 2305 2716 Illorum
2321 2675 2587 2732 namque
2605 2657 2788 2713 corda
2809 2657 2888 2712 ita
2915 2660 3214 2712 tentantur
3229 2659 3293 2712 ut
3315 2655 3721 2723 consentiant;

2066 2748 2315 2804 istorum
2373 2763 2495 2802 non
2545 2745 2895 2802 tentationes
2944 2744 3190 2816 quidem
3220 2742 3574 2816 suscipiunt,
3619 2742 3725 2799 sed

2067 2842 2426 2909 repugnant.
2459 2835 2734 2908 Sequitur
2767 2852 2778 2888 :

293 2935 585 3003 quuntur,
639 2949 763 2989 non
794 2933 1027 3002 gladiis,
1063 2934 1168 2989 sed
1207 2934 1384 2990 malis
1417 2935 1667 2990 actibus,
1704 2934 1812 2998 Qui
1835 2949 1958 2989 non
1999 2955 2038 3009 Ο
2139 2929 2310 2982 Vnus.
2350 2929 2431 2980 10.
2477 2925 2852 2992 Itespondens
2883 2928 3079 2978 autem
3126 2922 3237 2978 Job
3292 2922 3448 2978 dixit
3492 2937 3512 2977 .'
3545 2921 3727 2990 Quasi

294 3017 497 3074 solum
553 3035 755 3091 pravae
803 3022 1023 3077 actioni
1075 3022 1306 3094 seipsos
1342 3022 1623 3091 inferunt,
1649 3022 1752 3077 sed
1778 3021 1958 3078 etiam

287 3108 598 3176 justorum
635 3110 1052 3167 rectitudinem
1080 3112 1380 3168 inﬂectere
1413 3113 1490 3168 ad
1522 3128 1804 3184 perversa
1833 3128 1960 3167 mo-

293 3195 543 3253 liuntur.
576 3200 921 3254 MORALITER.
957 3199 1110 3265 Quid
1132 3216 1240 3273 per
1269 3205 1481 3258 testam
1503 3202 1620 3257 nisi
1646 3201 1816 3272 vigor
1843 3199 1959 3255 dis-

294 3285 608 3356 trictionis,
636 3287 782 3359 quid
809 3303 914 3360 per
946 3289 1178 3345 saniem
1216 3290 1329 3346 nisi
1375 3291 1591 3346 ﬂuctus
1623 3291 1835 3346 illicitae
1868 3307 1961 3347 co-

296 3375 600 3445 gitationis
632 3376 966 3448 accipitur?
1001 3379 1273 3433 Percussi
1333 3395 1503 3449 ergo'
1531 3385 1683 3436 testa
1730 3381 1962 3436 saniem

295 3464 593 3524 radimus.
621 3481 759 3520 cum
789 3469 924 3536 post
944 3466 1336 3537 pollutionem
1359 3468 1733 3538 cogitationis
1749 3468 1961 3524 illicitae

296 3555 710 3627 nosmetipsos
732 3571 941 3628 aspere
963 3557 1310 3614 dimicando
1337 3558 1726 3614 mundamus.
1745 3558 1923 3615 Aliter
1948 3593 1958 3628 ε

297 3649 413 3700 Per
441 3648 649 3700 testam
681 3645 967 3716 fragilitas
1001 3647 1377 3703 mortalitatis
1402 3648 1763 3718 intelligitur.
1797 3651 1964 3704 Testa

295 3749 449 3804 ergo
504 3735 734 3791 saniem
791 3737 1085 3794 mundare
1142 3742 1230 3794 est
1289 3739 1662 3795 mortalitatis
1720 3755 1964 3794 cursum

295 3823 805 3898 fragilitatemque
835 3842 1107 3898 pensare.
1148 3830 1296 3884 Cum
1328 3843 1469 3898 ergo
1498 3844 1690 3900 prava
1716 3845 1777 3884 se
1809 3828 1965 3897 cogi-

296 3913 450 3968 tatio
475 3914 656 3969 menti
689 3914 904 3982 inﬂuit,
939 3915 1114 3986 quasi
1144 3931 1217 3970 ex
1247 3917 1492 3972 vulnere
1525 3917 1722 3973 sanies
1752 3917 1964 3973 decur-

290 4000 396 4055 rit.
432 4001 546 4056 Sed
575 4000 746 4055 citius
777 4002 972 4056 sanies
1006 4003 1273 4070 tergitur,
1328 4003 1376 4057 si
1400 4003 1461 4058 in
1492 4002 1967 4058 consideratione

287 4094 519 4148 nostra
547 4088 834 4157 fragilitas
863 4090 1038 4161 quasi
1066 4090 1128 4145 in
1155 4106 1343 4146 manu
1375 4096 1522 4148 testa
1549 4095 1836 4148 teneatur.
1872 4093 1971 4146 Sa-

287 4179 436 4236 nies
485 4177 686 4250 itaque
733 4178 996 4250 tergitur,
1053 4195 1192 4236 cum
1249 4179 1428 4253 culpa
1485 4195 1606 4236 non
1639 4180 1834 4236 solum
1887 4181 1966 4237 ab

2070 3032 2193 3071 una
2222 3017 2294 3071 de
2349 3016 2549 3070 stultis
2602 3013 2954 3068 mulieribus
2984 3012 3185 3067 locuta
3223 3027 3302 3066 es.
3335 3043 3402 3051 ——
3429 3013 3575 3066 Ecce
3601 3010 3728 3066 ubi-

2069 3122 2188 3178 que
2217 3103 2403 3160 hostis
2436 3103 2746 3171 frangitur,
2781 3100 3004 3172 ubique
3027 3105 3361 3172 superatur,
3394 3100 3537 3172 quia
3567 3099 3728 3155 enim

2073 3211 2281 3250 sensus
2313 3210 2512 3266 pravae
2543 3190 2827 3256 mulieris,
2860 3205 2984 3245 non
3015 3192 3216 3244 autem
3273 3204 3450 3243 sexus
3498 3188 3559 3244 in
3587 3187 3729 3243 vitio

2071 3288 2181 3354 est,
2213 3298 2602 3356 nequaquam
2631 3281 2712 3337 ait
2744 3299 2756 3335 :
2789 3279 2987 3334 locuta
3017 3294 3080 3333 es
3108 3277 3284 3350 quasi
3338 3293 3461 3332 una
3500 3294 3573 3332 ex
3601 3293 3732 3332 mu-

2070 3375 2336 3440 lieribus,
2369 3372 2475 3428 sed
2499 3389 2568 3426 ex
2601 3369 2815 3441 ineptis
2840 3366 3212 3434 mulieribus,
3247 3371 3313 3422 ut
3341 3365 3611 3422 videlicet
3640 3382 3731 3421 os-

2072 3464 2370 3529 tendatur,
2402 3461 2544 3534 quia
2569 3457 2736 3533 quod
2761 3473 3018 3530 pravum
3045 3455 3218 3528 sapit,
3241 3454 3579 3511 accedentis
3592 3453 3732 3508 stul-

2074 3552 2232 3620 titiae,
2265 3567 2386 3606 non
2418 3553 2620 3606 autem
2655 3546 2909 3603 conditae
2951 3545 3022 3600 sit
3052 3547 3301 3599 naturae.
3339 3541 3632 3615 Sequitur.
3663 3541 3733 3596 Si

2077 3641 2229 3697 bona
2273 3639 2634 3708 suscepimus
2691 3637 2764 3692 de
2818 3651 3002 3691 manu
3046 3634 3307 3700 Domini,
3341 3633 3507 3687 mala
3547 3645 3733 3702 quare

2074 3746 2194 3786 non
2216 3730 2610 3785 sustineamus
2640 3731 2667 3781 ?
2691 3757 2759 3764 ——-
2793 3727 2975 3788 Bona,
3032 3721 3250 3777 scilicet
3280 3719 3444 3776 dona
3474 3719 3595 3789 Dei,
3637 3717 3734 3774 vel

2074 3818 2430 3891 temporalia
2453 3816 2545 3872 vel
2574 3819 2796 3871 aeterna
2820 3833 2832 3881 ;
2874 3812 3037 3869 mala
3067 3815 3269 3868 autem
3312 3809 3551 3880 ﬂagella
3577 3825 3730 3882 prae-

2077 3908 2266 3964 sentia
2287 3905 2621 3980 appellans.
2657 3907 2736 3959 De
2765 3902 2987 3976 quibus
3017 3901 3306 3957 Dominus
3335 3916 3443 3972 per
3475 3897 3734 3972 prophe-

2079 4002 2200 4053 tam
2225 3996 2393 4051 dicit:
2415 3997 2578 4064 «Ego
2611 3991 2900 4048 Dominus
2925 3995 2982 4046 et
3005 4005 3130 4045 non
3158 3993 3247 4043 est
3271 3988 3436 4055 alter,
3465 3987 3733 4043 formans

2076 4085 2274 4141 lucem
2305 4088 2360 4139 et
2389 4097 2598 4138 creans
2614 4078 2911 4146 tenebras,
2943 4077 3167 4131 faciens
3197 4079 3410 4147 pacem
3441 4080 3498 4130 et
3522 4090 3734 4130 creans

2080 4172 2310 4229 malum
2351 4173 2494 4251 (Isa.
2527 4184 2634 4234 xm,
2691 4168 2767 4236 7).
2797 4185 2826 4217 ›
2875 4167 3086 4234 Magna
3138 4162 3362 4235 quippe
3401 4161 3734 4218 consolatio

293 4282 506 4340 opere,
541 4266 646 4322 sed
677 4267 855 4324 etiam
885 4285 921 4325 a
949 4269 1305 4340 cogitatione
1326 4251 1646 4327 resecatur.
1683 4270 1825 4327 Hinc
1858 4274 1968 4327 Do-
2005 4304 2052 4359 Β
2080 4260 2476 4359 tribulationis
2504 4262 2612 4324 est,
2643 4255 2694 4355 _Si
2718 4270 2855 4359 0111}!
2881 4254 3136 4310 adversa
3164 4251 3446 4324 Patimur,
3478 4251 3735 4359 31.10%ij

297 4357 511 4413 minus
547 4374 558 4411 :
593 4379 620 4404 ‹‹
652 4357 814 4422 Dico,
845 4358 1056 4431 inquit,
1089 4359 1278 4426 vobis,
1307 4359 1472 4432 quod
1512 4360 1559 4415 si
1588 4360 1721 4434 quis
1752 4360 1964 4416 viderit

299 4444 622 4502 mulierem
651 4445 731 4502 ad
765 4448 1314 4520 concupiscendum
1345 4465 1500 4517 eam,
1529 4450 1658 4521 jam
1702 4451 1966 4507 moecha-

303 4537 406 4588 tus
437 4539 523 4590 est
547 4550 684 4590 eam
712 4535 774 4590 in
800 4536 979 4592 corde
1011 4553 1121 4593 suo
1153 4538 1392 4607 (Matth.
1425 4555 1484 4604 v,
1515 4539 1628 4609 28).
1663 4559 1694 4590 ›
1727 4539 1790 4594 In
1821 4545 1966 4595 ster-

306 4621 560 4694 quilinio
617 4623 802 4694 sedet,
830 4626 935 4697 qui
991 4625 1398 4682 inﬁrmitatem
1449 4643 1625 4682 suam
1683 4626 1968 4683 sollicitus

308 4712 568 4783 respicit,
601 4716 657 4768 et
685 4729 747 4769 se
793 4713 869 4769 de
896 4713 1073 4770 bonis
1103 4731 1238 4787 quae
1268 4730 1376 4787 per
1404 4715 1658 4784 gratiam
1697 4716 1966 4790 percipit,

314 4816 437 4855 non
461 4801 702 4858 extollit.
733 4807 796 4858 In
819 4802 1190 4876 sterquilinio
1222 4804 1399 4860 nobis
1426 4805 1631 4861 sedere
1650 4809 1758 4870 est,
1788 4805 1867 4861 ad
1899 4821 1970 4861 ea

314 4903 450 4960 qua;
508 4889 702 4945 illicite
756 4892 1072 4962 gessimus,
1128 4891 1345 4947 mentis
1386 4893 1591 4949 oculos
1621 4893 1970 4966 paenitendo

314 4978 615 5034 reducere.
651 4981 927 5052 Sequitur
959 5000 971 5037 :

389 5070 552 5123 Vrsas.
579 5072 630 5124 9.
655 5071 825 5126 Dixit
843 5077 1039 5128 autem
1061 5073 1327 5128 illiuxor
1351 5087 1483 5128 sua.
1515 5074 1732 5129 Adhuc
1760 5079 1972 5144 mper-

315 5171 519 5212 manes
551 5158 612 5213 in
657 5160 1041 5228 simplicitate
1072 5166 1195 5217 tua.
1254 5162 1513 5218 Benedic
1550 5163 1690 5229 Deo,
1720 5178 1968 5220 morere.

321 5275 386 5283 —
406 5245 700 5317 Antiquus
725 5247 913 5303 hostis
940 5249 1278 5305 humanum
1306 5265 1495 5320 genus
1511 5250 1753 5307 duobus
1776 5251 1972 5308 modis

317 5336 542 5389 tentare
574 5337 901 5392 consuevit.
937 5341 1006 5393 Ut
1035 5339 1303 5396 videlicet
1341 5339 1526 5395 corda
1559 5341 1842 5396 stantium
1871 5344 1975 5397 aut

319 5420 801 5479 tribulationibus
855 5425 1110 5495 frangat,
1151 5433 1255 5482 aut
1299 5428 1795 5501 persuasionibus
1827 5429 1974 5483 mol-

320 5508 440 5566 liat.
477 5511 540 5566 In
575 5514 840 5587 utrisque
890 5529 1032 5583 ergo
1057 5521 1264 5573 contra
1288 5517 1532 5575 beatum
1563 5518 1677 5573 Job
1709 5535 1771 5573 se
1802 5519 1974 5574 vehe—

324 5604 553 5658 menter
582 5602 862 5662 exercuit.
909 5605 1057 5658 Nam
1088 5605 1503 5676 patrifamilias
1532 5606 1727 5665 intulit
1751 5607 1985 5673 damna

2080 4349 2265 4406 nostri
2297 4348 2377 4405 ad
2403 4345 2760 4404 memoriam
2787 4343 2950 4399 dona
2978 4357 3347 4408 revocemus,
3376 4355 3486 4396 nec
3515 4339 3738 4409 frangit

2079 4440 2246 4514 quod
2276 4455 2348 4495 ex
2377 4438 2583 4494 dolore
2603 4434 2826 4502 obviat,
2848 4433 2895 4489 si
2925 4433 3111 4489 menti
3141 4431 3310 4489 citius
3331 4431 3446 4487 hoc
3471 4430 3638 4504 quod
3662 4445 3737 4485 ex

2077 4547 2326 4588 munere
2356 4528 2647 4594 sublevat,
2677 4528 2968 4600 occurrat.
2987 4523 3135 4579 Hinc
3156 4537 3421 4595 namque
3444 4521 3737 4593 scriptum

2077 4626 2168 4677 est
2196 4639 2207 4676 :
2243 4644 2269 4669 «
2288 4625 2354 4676 ln
2379 4619 2474 4674 die
2500 4618 2824 4681 bonorum,
2858 4629 2933 4669 ne
2963 4612 3286 4668 immemor
3311 4609 3390 4665 sis
3410 4609 3735 4677 malorum,

2077 4716 2134 4768 et
2181 4712 2241 4766 in
2292 4709 2386 4765 die
2430 4707 2731 4763 malorum
2788 4719 2863 4758 ne
2920 4702 3240 4757 immemor
3298 4699 3379 4753 sis
3433 4698 3737 4754 bonorum

2079 4801 2293 4872 (Eccli.
2326 4815 2398 4865 x1,
2431 4797 2540 4866 t7).
2567 4813 2597 4846 >
2627 4798 2890 4850 MYSTICE.
2922 4790 3118 4847 Sancti
3147 4787 3259 4843 viri
3283 4785 3737 4862 tribulationum

2078 4889 2238 4944 bello
2293 4883 2668 4957 deprehensi,
2725 4897 2864 4937 cum
2922 4895 3044 4934 uno
3093 4877 3429 4949 eodemque
3471 4877 3738 4948 tempore

2081 4979 2230 5036 alios
2260 4976 2553 5043 ferientes,
2606 4972 2754 5028 alios
2787 4969 3107 5026 suadentes
3157 4967 3458 5038 sentiunt,
3494 4965 3606 5021 illis
3636 4969 3741 5038 op-'

2079 5069 2316 5143 ponunt
2344 5069 2579 5120 scutum
2609 5060 2929 5135 patientiae,
2973 5058 3104 5114 istis
3150 5057 3354 5129 jacula
3396 5055 3741 5128 intorquent

2081 5155 2381 5213 doctrinae.
2412 5156 2526 5208 Hos
2555 5151 2837 5207 docentes
2867 5147 3190 5217 corrigunt,
3241 5145 3374 5202 illos
3419 5143 3736 5199 tolerantes

2081 5247 2386 5320 premunt.
2440 5243 2816 5311 lusurgentes
2868 5251 3132 5308 namque
3202 5235 3403 5290 hostes
3454 5226 3738 5320 patiendo

2083 5314 2448 5407 despiciunt;
2481 5330 2852 5386 inﬁrmantes
2864 5343 3004 5384 vero
3025 5326 3201 5392 cives,
3221 5314 3740 5407 compatiendoad

2085 5405 2338 5480 salutem
2369 5420 2649 5476 educunt.
2680 5419 2828 5484 Quia
2857 5417 3017 5471 enim
3048 5411 3246 5468 electis
3270 5405 3561 5461 diciturm
3593 5405 3739 5460 Viri-

2084 5513 2212 5571 liter
2242 5512 2415 5582 agite,
2451 5516 2507 5566 et
2552 5509 2916 5565 confortetur
2962 5518 3064 5558 cor
3092 5500 3354 5552 vestrum
3385 5494 3573 5567 (Psal.
3623 5497 3734 5560 xvi,

2086 5607 2163 5678 4),
2191 5629 2217 5654 ››
2248 5607 2478 5660 mentes
2493 5599 2826 5658 carnalium
2851 5607 2988 5665 quae
3009 5588 3246 5647 inﬂuxa
3271 5588 3392 5646 Deo
3410 5585 3737 5642 intentione
