4158 6192
428 140 522 196 l3l
1492 125 1549 182 S.
1588 121 1855 181 ODONIS
1891 119 2183 179 ΑΒΒΛΉΒ
2219 120 2715 180 OLUNIACENSIS
2751 126 2797 179 ll

3743 125 3853 179 132

422 263 782 332 deserviunt,
813 273 935 317 non
958 253 1256 314 immerito
1279 251 1560 310 mulieres
1587 253 1898 309 vocantur.
1928 250 2077 306 Acsi
2114 252 2164 304 Α
2194 255 2506 308 conantur.
2542 252 2697 307 Bene
2747 254 2949 307 autem
3003 249 3137 306 loca
3192 249 3268 305 de
3318 247 3543 322 quibus
3572 246 3844 318 veniunt,

306 416 313 425 ,
424 356 697 413 dicatur:
724 352 781 409 Si
838 348 917 405 ad
953 347 1118 404 bona
1169 348 1393 402 aeterna
1422 343 1744 410 tendimus,
1777 340 1925 414 quid
1975 340 2083 396 mi-

423 463 562 503 rum
597 444 644 500 si
668 438 1021 514 temporalia
1049 436 1214 495 mala
1244 435 1609 493 suﬁeramus
1629 434 1658 489 ?
1685 433 1833 489 Hinc
1860 432 2081 489 Paulus

424 536 506 593 ait
537 551 551 590 :
584 553 616 588 ‹
641 534 768 589 Non
806 534 948 586 sunt
980 527 1296 597 condignae
1311 526 1627 600 passiones
1647 525 1828 594 hujus
1849 526 2081 594 tempo-

421 625 502 682 ris
532 621 609 680 ad
636 619 901 678 futuram
941 617 1216 688 gloriam,
1247 632 1383 690 qua:
1431 613 1795 672 revelabitur
1820 612 1883 668 in
1907 611 2083 667 nobis

423 715 609 786 (Rom.
633 727 763 780 vm,
791 710 899 782 18).
919 727 949 762 »
972 710 1325 764 Mommrnn.
1346 705 1633 778 Quisquis
1645 703 1919 773 subigere
1938 701 2083 758 vitia

423 802 671 878 appetit,
699 798 857 856 etab
888 801 1115 855 aeterna
1168 795 1497 852 intentione
1533 792 1937 851 retributionis
1962 790 2086 849 cul-

423 893 591 950 mina
616 905 772 947 veraa
798 885 1141 945 intentionis
1170 884 1473 957 gressibus
1504 884 1709 954 tendit,
1741 898 1865 955 quo
1889 881 2084 951 magis

422 979 635 1039 vallari
665 994 728 1035 se
755 978 1038 1034 vitiorum
1066 974 1224 1032 bello
1256 973 1525 1048 undique
1551 972 1861 1046 conspicit,
1922 986 1992 1025 eo
2021 986 2084 1024 se

424 1073 715 1129 virtutum
745 1067 929 1125 armis
959 1065 1266 1123 robustius
1298 1064 1570 1135 accingit,
1604 1067 1661 1119 et
1688 1065 1854 1119 tanto
1883 1060 2083 1117 minus

420 1160 624 1234 jacula
655 1156 881 1225 metuit,
906 1159 1133 1230 quanto
1155 1153 1522 1223 contrahaec
1546 1149 1748 1223 jacula
1790 1145 2084 1205 venientia

387 1237 390 1240 ’
426 1248 652 1307 fortiter
696 1250 905 1321 pectus
950 1243 1161 1301 munit.
1215 1241 1491 1317 Sequitur
1523 1260 1535 1296 :
1569 1241 1642 1296 In
1668 1238 1937 1295 omnibus
1969 1236 2081 1305 his,

426 1356 547 1397 non
563 1339 837 1409 peccavit
864 1335 976 1393 Job
1009 1334 1183 1392 labiis
1211 1335 1353 1389 suis.
1388 1364 1455 1372 ——
1486 1330 1732 1387 Duobus
1783 1327 1980 1384 modis
2005 1326 2086 1382 la-

423 1429 539 1487 biis
590 1426 1019 1500 delinquimus,
1073 1441 1212 1480 cum
1263 1426 1367 1479 aut
1394 1422 1615 1493 injusta
1662 1419 1941 1482 dicimus,
1982 1419 2087 1472 aut

420 1521 584 1592 justa
608 1516 949 1575 reticemus.
985 1518 1135 1572 Nam
1164 1518 1221 1570 et
1249 1513 1300 1568 si
1330 1511 1658 1585 aliquando
1687 1509 1930 1565 reticere
1960 1506 2083 1563 cul-

2192 357 2461 413 congrua
2480 340 2895 397 haereticorum
2918 339 3150 396 actibus
3170 338 3607 395 describuntur.
3626 338 3847 394 Dicitur

2193 432 2358 487 enim
2390 431 2787 499 Themanites,
2818 435 3019 487 austes
3050 431 3305 502 [auster]
3330 428 3848 500 Suites,loquens;

2190 520 2582 588 Naamatites,
2602 521 2795 577 decor.
2812 520 2974 575 Prius
3002 518 3162 575 enim
3189 507 3503 574 haereticos
3532 516 3846 575 inordina-

2191 613 2285 665 tus
2315 610 2476 666 calor
2497 608 2960 677 accendit,nitor
2979 608 3200 664 deinde
3230 607 3623 680 loquacitatis
3650 606 3846 677 erigit,

2202 703 2259 755 et
2296 702 2438 755 tunc
2490 698 2746 756 'demum
2801 699 3053 756 decoros
3094 697 3453 754 hominibus
3500 696 3849 770 hypocrisis

2193 789 2461 846 offendit.
2514 790 2796 864 Sequitur
2837 807 2850 846 :
2886 791 3300 847 Condia'erant
3329 790 3485 845 enim
3515 794 3581 843 ut
3606 790 3853 858 pariter

2192 881 2488 937 venientes
2518 882 2833 937 visitath
2864 896 2994 937 eum
3020 885 3077 936 et
3108 880 3586 936 consolarentur.
3629 866 3853 935 Condio

2193 974 2335 1025 cunt
2372 969 2484 1025 sibi
2508 969 2785 1036 haeretici,
2819 968 3071 1042 quando
3100 983 3294 1041 prava
3318 967 3605 1041 quaedam
3635 971 3851 1024 contra

2193 1060 2523 1116 Ecclesiam
2579 1059 2970 1116 concorditer
3024 1058 3308 1130 sentiunt,
3368 1061 3426 1114 et
3452 1057 3513 1113 in
3557 1057 3782 1131 quibus
3812 1074 3856 1115 δ.

2191 1150 2433 1207 veritate
2463 1151 2834 1224 discrepant,
2890 1149 3003 1205 sibi
3057 1149 3117 1205 in
3149 1149 3405 1206 falsitate
3446 1148 3845 1205 concordant.

2193 1240 2457 1296 Haeretici
2476 1245 2678 1297 autem
2708 1242 2815 1313 qui
2839 1244 3110 1297 sanctam
3138 1239 3464 1296 Ecclesiam
3491 1255 3605 1296 sua
3630 1238 3853 1295 docere

2193 1330 2559 1401 desiderant,
2586 1332 2663 1387 ad
2705 1347 2844 1387 eam
2871 1331 3048 1403 quasi
3101 1330 3491 1388 consolantes
3517 1330 3851 1404 appropin-

2195 1424 2405 1495 quant.
2464 1424 2580 1476 Nec
2609 1420 2833 1476 mirum
2866 1420 2915 1476 si
2946 1420 3125 1477 amici
3163 1420 3576 1488 nominantur,
3624 1435 3762 1476 cum
3792 1421 3854 1475 et

2194 1510 2309 1583 ipsi
2339 1509 2612 1566 traditori
2640 1507 2861 1566 dicitur
2894 1529 2905 1565 :
2942 1530 2973 1564 (ι
2989 1509 3217 1579 Amice,
3241 1509 3321 1567 ad
3340 1508 3490 1584 quid
3516 1508 3730 1565 venisti
3753 1508 3784 1563 Ἰ
3815 1526 3852 1561 δ

325 1656 335 1663 .
423 1623 507 1682 pa
533 1622 659 1664 non
702 1606 879 1675 esset,
934 1604 1231 1677 propheta
1285 1616 1411 1656 non
1440 1599 1662 1656 diceret
1692 1616 1705 1653 :
1735 1620 1762 1648 «
1787 1601 1883 1652 Vae
1914 1595 2079 1665 mihi,
2123 1610 2167 1665 Β
2198 1599 2435 1670 (Matth.
2470 1615 2624 1666 XXVI,
2652 1598 2769 1671 30.)
2799 1602 3149 1656 MORALITER.
3185 1599 3377 1655 Amici
3425 1594 3723 1656 consolari
3752 1612 3853 1653 ve-

426 1696 572 1771 quia
599 1696 761 1753 tacui
784 1696 925 1766 (Isa.
956 1708 1035 1761 v1,
1064 1696 1139 1759 5).
1175 1714 1202 1741 »
1225 1691 1443 1747 Beatus
1471 1688 1585 1745 Job
1612 1689 1672 1744 in
1696 1686 1923 1744 cunctis
1947 1701 2083 1759 quae

427 1785 566 1858 egit,
596 1785 659 1842 in
687 1782 865 1841 labiis
889 1781 1011 1839 suis
1037 1780 1284 1837 minime
1304 1781 1592 1854 peccavit,
1633 1777 1778 1852 quia
1806 1792 1916 1833 nec
1942 1792 2084 1832 con-

426 1879 516 1933 tra
540 1874 847 1932 ferientem
874 1871 1137 1945 superba
1164 1870 1330 1936 dixit,
1355 1886 1465 1926 nec
1496 1872 1703 1925 contra
1732 1867 2085 1924 suadentem

426 1964 677 2022 reticuit.
730 1967 995 2021 Mvsrlcn.
1032 1958 1232 2019 Sancti
1277 1959 1389 2016 viri
1442 1975 1581 2015 cum
1610 1957 2085 2039 persecutionem

427 2055 572 2112 foris
603 2055 886 2128 intusque
932 2051 1260 2126 patiuntur,
1296 2065 1421 2106 non
1460 2048 1657 2105 solum
1694 2047 1756 2105 in
1788 2047 1887 2104 Dei
1934 2045 2085 2117 inju-

425 2145 528 2202 riis
553 2143 801 2201 minime
831 2141 1150 2213 excedunt,
1183 2139 1288 2196 sed
1335 2155 1531 2212 neque
1563 2142 1770 2196 contra
1794 2137 1957 2212 ipsos
1983 2136 2085 2193 ad-

426 2234 724 2292 versarios
746 2230 1179 2291 contumeliosa
1204 2229 1391 2286 verba
1414 2228 1780 2300 jaculantur.
1815 2228 1959 2284 Hinc
1980 2229 2083 2283 Pe-

426 2326 550 2381 trus
608 2321 736 2380 ait:
770 2342 800 2376 «
831 2324 1015 2379 Nemo
1061 2324 1324 2376 vestrum
1379 2317 1642 2391 patiatur
1695 2316 1869 2390 quasi
1897 2315 2086 2372 homi-

427 2413 582 2481 cida,
637 2415 741 2469 aut
795 2410 910 2479 fur,
962 2414 1067 2467 aut
1116 2408 1447 2465 maledicus
1498 2409 1557 2479 (Ῑ
1588 2407 1755 2462 Petr.
1801 2423 1877 2474 Iv,
1915 2408 2024 2476 15).
2054 2423 2083 2457 »

424 2501 743 2560 Maledictis
768 2500 930 2557 enim
959 2498 1201 2572 patitur,
1232 2498 1337 2570 qui
1364 2495 1664 2569 passionis
1693 2512 1817 2551 sua:
1847 2495 1910 2551 in
1933 2499 2086 2551 tem-

424 2602 571 2666 pore
628 2589 719 2645 sui
759 2588 970 2645 saltem
1020 2586 1239 2658 injuria
1298 2583 1693 2658 persecutoris
1740 2584 2081 2642 effrenatur.

426 2679 703 2754 Sequitur
730 2694 744 2733 :

495 2771 664 2827 Vens.
697 2771 782 2824 Η.
814 2766 1017 2838 Igitur
1046 2765 1353 2823 audientes
1384 2770 1502 2823 tres
1532 2765 1713 2822 amici
1754 2765 1866 2821 Job
1915 2779 2086 2822 omne

424 2860 653 2917 malum
708 2857 868 2931 quod
911 2857 1222 2913 accidisset
1265 2855 1338 2923 ei,
1385 2859 1441 2911 et
1469 2854 1719 2927 reliqua.
1752 2887 1820 2895 —
1857 2854 1969 2920 Qui
2011 2870 2084 2910 ex

426 2947 704 3007 condicto
733 2945 812 3005 ad
839 2944 1042 3003 afﬂicti
1072 2943 1546 3002 consolationem
1565 2943 1831 3015 veniunt,
1856 2947 1912 3000 et
1934 2944 2084 3000 inter

421 3054 484 3095 se
539 3041 597 3095 et
648 3052 792 3108 erga
842 3050 1197 3110 percussum
1248 3039 1490 3108 quantae
1541 3034 1844 3091 charitatis
1868 3033 2085 3092 fuerint

422 3125 929 3185 demonstrantur.
963 3122 1247 3189 Quamvis
1277 3126 1335 3180 et
1363 3139 1471 3197 per
1522 3124 1636 3180 hoc
1693 3124 1860 3197 quod
1893 3124 2084 3198 Scrip-

421 3222 556 3275 tura
610 3217 723 3273 hos
781 3216 929 3273 tanti
979 3214 1087 3271 viri
1123 3213 1350 3270 amicos
1405 3213 1589 3269 fuisse
1641 3217 1908 3278 testatur,
1941 3214 2084 3287 quia

420 3306 568 3362 boni
606 3303 787 3361 studii
816 3308 872 3359 et
900 3306 1075 3358 rectae
1105 3302 1323 3358 fuerint
1351 3301 1695 3359 intentionis
1726 3304 2079 3372 ostenditur,

422 3393 529 3453 sed
558 3397 763 3450 tamen
789 3392 919 3449 haec
947 3391 1080 3465 ipsa
1110 3390 1348 3447 illorum
1378 3391 1625 3448 intentio
1656 3390 1740 3447 eis
1769 3392 1848 3448 ad
1899 3393 2083 3450 verba

418 3481 953 3558 prorumpentibus
1002 3484 1140 3539 ante
1197 3480 1447 3538 districti
1478 3480 1693 3549 iudicis
1741 3480 1949 3538 oculos
1989 3499 2082 3538 su-

420 3571 1040 3630 bortaindiscretione
1068 3569 1343 3626 fuscavit.
1396 3572 1659 3629 Mvsrtcs.
1705 3571 1895 3628 Amici
1922 3571 2082 3628 beati

420 3661 559 3732 Job,
589 3664 647 3717 et
695 3659 745 3715 si
795 3659 960 3717 bona
1016 3658 1342 3716 intentione
1395 3658 1474 3717 ad
1531 3675 1670 3716 eum
1699 3660 2078 3729 conveniunt,

420 3749 836 3808 haereticorum
864 3753 1065 3806 tamen
1100 3748 1322 3805 idcirco
1376 3749 1638 3823 speciem
1666 3753 1888 3823 tenent,
1937 3749 2082 3824 quia

420 3837 502 3898 ad
526 3838 769 3915 culpam
797 3838 1112 3897 indiscrete
1135 3837 1443 3913 loquendo
1472 3838 1839 3897 dilabuntur.
1866 3841 2084 3899 Sancta

417 3929 622 4005 itaque
646 3928 911 3989 Ecclesia
939 3946 1079 3987 cum
1109 3928 1365 3987 vulnera
1403 3930 1675 3998 sustinet,
1724 3946 1863 3988 cum
1887 3947 2079 3989 mem-

417 4019 669 4079 brorum
720 4037 970 4079 suorum
1019 4020 1227 4095 lapsus
1279 4018 1460 4090 dolet,
1488 4020 1734 4097 insuper
1786 4021 1936 4080 alios
1967 4021 2081 4080 sub

418 4110 628 4171 Christi
686 4110 932 4170 nomine
989 4109 1201 4168 tolerat
1250 4110 1454 4169 hostes
1510 4108 1752 4169 Christi.
1788 4111 1880 4169 Ad
1937 4128 2082 4185 aug-

417 4206 691 4261 mentum
718 4216 985 4276 namque
1014 4200 1239 4258 doloris
1287 4201 1440 4274 ejus,
1487 4201 1668 4260 etiam
1704 4202 1961 4259 haeretici
2015 4201 2079 4259 in

2194 1689 2389 1761 niunt,
2423 1688 2535 1745 sed
2567 1688 2627 1744 in
2668 1688 3063 1745 contumelias
3095 1692 3440 1763 erumpunt,
3466 1689 3573 1762 qui
3594 1688 3740 1744 vitia
3764 1687 3854 1743 in-

2196 1779 2496 1850 sidiantis,
2522 1779 2812 1835 virtutum
2836 1779 3055 1836 faciem
3086 1783 3354 1848 sumunt,
3388 1778 3494 1835 sed
3508 1768 3730 1835 'hostili
3758 1780 3850 1833 in-

2193 1869 2466 1925 vectione
2494 1883 2608 1925 nos
2639 1868 2883 1925 feriunt.
2949 1871 3117 1943 Saepe
3149 1869 3547 1926 immoderata
3583 1868 3690 1938 ira,
3718 1868 3850 1940 jus-

2195 1958 2339 2027 titia,
2396 1957 2695 2014 dissoluta
2780 1959 3078 2022 remissio,
3162 1958 3597 2029 misericordia,
3685 1973 3847 2031 saepe

2194 2048 2473 2105 incautus
2501 2048 2685 2105 timor
2708 2048 3019 2105 humilitas
3046 2048 3173 2105 vult
3202 2048 3413 2105 videri.
3452 2051 3609 2105 Bene
3640 2050 3847 2103 autem

2195 2137 2427 2194 dicitur.
2484 2139 2903 2196 Condiarerant
2948 2140 3104 2195 enim
3146 2138 3278 2209 sibi,
3325 2136 3536 2193 Vicina
3582 2148 3852 2206 namque

2196 2232 2282 2284 est
2324 2226 2613 2301 superbia
2661 2227 2783 2298 irae,
2848 2226 3128 2283 remissio
3181 2225 3402 2283 timori.
3463 2220 3855 2281 Condicendo

2195 2317 2356 2374 enim
2407 2317 2677 2386 veniunt,
2711 2333 2848 2389 quae
2879 2321 3091 2373 contra
3138 2332 3253 2373 nos
3284 2316 3419 2373 sibi.
3449 2332 3532 2372 ex
3578 2312 3852 2388 quadam

2194 2405 2504 2479 pravitatis
2532 2394 2902 2476 cogitatione
2930 2406 3252 2462 sociantur.
3288 2404 3606 2479 Sequitur:

2264 2497 2434 2551 Vens.
2474 2495 2560 2551 l2.
2589 2496 2856 2566 Cumque
2878 2497 3205 2552 etevassent
3235 2496 3439 2552 oculos
3455 2495 3704 2565 procul,
3730 2508 3851 2548 non

2195 2590 2601 2655 cognoverunt
2633 2601 2783 2641 eum.
2818 2617 2887 2625 —
2940 2586 3099 2641 Ordo
3149 2585 3375 2659 quippe
3419 2582 3850 2641 consolationis

2195 2678 2304 2740 est,
2332 2679 2397 2731 ut
2428 2690 2565 2730 cum
2599 2674 2888 2730 volumus
2918 2674 3209 2731 afﬂictum
3241 2674 3597 2749 quempiam
3642 2690 3680 2730 a
3708 2688 3855 2730 moe-

2192 2779 2325 2821 rore
2353 2764 2748 2838 suspendere,
2782 2764 3138 2823 studeamus
3168 2766 3337 2839 prius
3379 2765 3695 2821 maerendo
3723 2764 3853 2836 ejus

2191 2855 2377 2912 luctui
2409 2855 2805 2913 concordare.
2848 2855 3159 2912 Dolentem
3201 2871 3469 2930 namque
3498 2870 3625 2912 non
3655 2858 3853 2929 potest

2124 2980 2163 3035 C
2195 2944 2519 3015 consolari,
2542 3033 2551 3035 ᾗ
2574 2946 2681 3018 qui
2742 2961 2869 3002 non
2899 2947 3231 3003 concordat
3285 2945 3519 3025 dolori.
3554 2943 3670 3002 Sed
3700 2945 3854 2999 inter

2195 3035 2323 3090 haec
2356 3033 2671 3091 sciendum
2716 3038 2828 3107 est,
2859 3035 3004 3109 quia
3032 3035 3125 3091 his
3176 3035 3281 3108 qui
3310 3020 3603 3093 afﬂictum
3633 3049 3849 3091 conso-

2192 3122 2303 3179 lari
2334 3122 2653 3194 desiderat,
2683 3139 3038 3181 mensuram
3055 3140 3301 3181 necesse
3330 3127 3419 3181 est
3440 3124 3633 3181 dolori
3664 3139 3853 3197 quem

2195 3213 2443 3285 suscipit
2463 3217 2684 3286 ponat;
2714 3228 2789 3268 ne
2813 3228 2937 3271 non
2966 3212 3170 3269 solum
3199 3212 3506 3271 dolentem
3532 3228 3655 3270 non
3696 3212 3853 3269 mul-

2196 3306 2347 3370 ceat,
2382 3301 2490 3358 sed
2516 3301 2919 3376 intemperate
2942 3301 3175 3372 dolens,
3210 3303 3414 3360 aﬂlicti
3445 3304 3718 3361 animum
3769 3302 3851 3359 ad

2196 3390 2441 3465 pondus
2474 3392 2915 3466 desperationis
2954 3398 3207 3465 premat.
3250 3394 3437 3451 Amici
3494 3409 3639 3451 vero
3691 3392 3849 3450 beati

2196 3480 2308 3537 Job
2338 3481 2673 3554 plusquam
2704 3497 2952 3538 necesse
2984 3481 3179 3540 fuerat
3207 3485 3269 3539 in
3295 3483 3711 3541 consolatione
3736 3482 3845 3539 do-

2191 3570 2452 3639 luerunt,
2481 3571 2586 3645 qui
2615 3571 2764 3627 dum
2794 3573 3260 3645 percussionem
3283 3579 3557 3645 cernunt,
3579 3575 3683 3632 sed
3712 3591 3847 3649 per-

2193 3660 2353 3717 cussi
2377 3664 2643 3717 mentem
2672 3662 2970 3733 nesciunt,
3004 3662 3090 3720 ita
3121 3663 3183 3720 in
3213 3664 3587 3722 immensum
3617 3664 3851 3722 luctum

2190 3750 2348 3807 versi
2381 3755 2538 3820 sunt,
2573 3768 2643 3808 ac
2669 3753 2718 3807 si
2770 3768 3099 3825 percussus
3127 3755 3218 3811 vir
3275 3759 3452 3814 tantae
3483 3753 3850 3813 fortitudinis

2190 3841 2253 3897 in
2282 3840 2528 3914 plagam
2558 3842 2852 3916 corporis,
2897 3843 3083 3900 etiam
3115 3844 3294 3902 corde
3326 3844 3660 3904 cecidisset.
3694 3845 3850 3903 Mrs-

2190 3946 2329 3987 TlCI-I.
2363 3931 2629 3988 Haeretici
2657 3932 2885 4006 quique
2918 3949 3058 3992 cum
3086 3939 3306 3993 sanctae
3366 3936 3645 3995 Ecclesiae
3692 3936 3850 3995 facta

2190 4020 2593 4092 considerant,
2652 4022 2861 4080 oculos
2911 4023 3135 4095 levant,
3167 4025 3313 4100 quia
3344 4026 3461 4102 ipsi
3484 4026 3762 4086 videlicet
3785 4026 3849 4084 in

2190 4109 2327 4167 imis
2355 4115 2511 4168 sunt.
2547 4112 2767 4169 Sancta
2797 4112 3023 4187 quippe
3054 4114 3318 4174 Ecclesia
3341 4114 3569 4191 appetit
3598 4115 3696 4174 hic
3720 4133 3848 4176 ma-

2189 4199 2250 4257 la
2274 4202 2559 4275 recipere,
2587 4206 2653 4259 ut
2698 4203 2895 4276 possit
2950 4204 3029 4261 ad
3071 4209 3306 4262 aeternae
3342 4207 3846 4267 remunerationis

416 4290 797 4399 c‘ontentione
843 4288 1238 4399 conveniupt‘,
1286 4304 1563 4399 eamque,
1605 4290 1787 4399 quasi
1828 4290 2079 4364 quibus-
2115 4344 2162 4399 Β
2190 4290 2511 4364 praemium
2538 4295 2797 4364 purgata
2825 4291 3163 4367 pervenire.
3198 4292 3472 4354 Haeretici
3494 4298 3678 4369 igitur
3701 4297 3857 4373 quia-

416 4377 562 4434 dam
584 4376 823 4450 jaculis,
848 4375 1339 4433 irrationabilitus
1380 4376 1576 4432 verbis
1605 4375 1815 4448 ﬁgunt.
1875 4378 2076 4452 Sequi-

416 4470 513 4525 tur
543 4484 556 4524 :
589 4466 1004 4524 Convenerunt
1032 4466 1105 4522 de
1135 4468 1261 4522 loco
1292 4481 1417 4521 suo.
1453 4465 1876 4523 Haereticorum
1905 4467 2077 4542 quip-

414 4572 491 4632 pe
520 4555 691 4616 locus
725 4556 859 4630 ipsa
880 4558 969 4613 est
985 4554 1288 4631 superbia,
1313 4555 1465 4611 sicut
1488 4571 1519 4611 e
1545 4558 1753 4613 contra
1771 4556 2076 4615 humilitas

415 4644 586 4705 locus
613 4646 938 4715 bonorum,
971 4648 1037 4702 ut
1062 4644 1210 4702 illud
1241 4644 1596 4702 Salomonis.
1632 4663 1662 4698 α
1694 4645 1752 4700 Si
1796 4646 2077 4704 ascende-

414 4735 491 4793 rit
520 4752 702 4813 super
752 4739 807 4793 te
865 4733 1106 4809 spiritus
1156 4738 1515 4809 potestatem
1561 4733 1817 4806 habens,
1874 4735 2076 4794 locum

412 4828 588 4882 tuum
616 4842 692 4884 ne
719 4824 1016 4883 dimiseris
1048 4825 1270 4899 (Eccle.
1318 4843 1377 4895 x,
1411 4829 1491 4895 4).
1526 4845 1557 4879 ›
1592 4826 1861 4883 Haeretici
1898 4826 2077 4899 igitur

414 4914 491 4972 de
514 4915 650 4973 loco
684 4932 796 4972 suo
823 4916 1087 4986 veniunt,
1120 4917 1265 4991 quia
1295 4919 1504 4974 contra
1550 4921 1821 4975 sanctam
1878 4918 2075 4977 Eccle-

415 5003 569 5095 siam
589 5020 663 5061 ex
693 5004 975 5079 superbia
1003 5010 1339 5095 moventur.
1382 5005 1624 5095 E1iphas
1657 5008 2077 5081 interpretatur

2190 4393 2300 4451 pro
2321 4394 2547 4449 magno
2567 4382 2890 4453 praesentia
2912 4387 3224 4458 appetunt,
3249 4401 3388 4442 eam
3408 4386 3472 4443 in
3492 4386 3845 4446 vulneribus

2186 4468 2448 4541 positam
2469 4483 2593 4526 non
2612 4478 3009 4542 cognoscunt.
3037 4475 3141 4533 Hic
3172 4492 3443 4552 namque
3468 4478 3635 4553 quod
3659 4479 3723 4535 in
3743 4477 3847 4537 illa

2187 4559 2533 4631 cernunt,in
2554 4576 2804 4619 suorum
2825 4563 3104 4622 cordium
3131 4566 3475 4639 cognitione
3503 4584 3627 4625 non
3665 4569 3847 4626 relin-

2185 4652 2402 4722 quunt.
2441 4651 2722 4723 Sequitur
2771 4670 2783 4708 :
2816 4653 3150 4727 Scissisque
3196 4658 3449 4715 vestibus
3485 4666 3845 4727 sparserunt

2183 4740 2490 4808 pulverem
2529 4755 2710 4811 super
2765 4749 2945 4813 caput
2996 4761 3169 4803 suum
3212 4748 3273 4804 in
3324 4748 3557 4809 caelum.
3582 4779 3650 4787 —
3679 4747 3845 4807 Sicut

2185 4828 2541 4887 vestimenta
2572 4830 2841 4888 Ecclesiae
2865 4839 3118 4891 cunctos
3144 4835 3353 4894 ﬁdeles
3380 4837 3734 4912 accipimus,
3777 4843 3842 4895 ut

2184 4916 2333 4974 illud
2352 4919 2662 4992 prophetae
2687 4938 2746 4976 :«
2769 4923 3061 4981 Omnibus
3084 4925 3178 4981 his
3198 4927 3730 4985 velutornamento
3746 4944 3842 4985 ve-

2185 5007 2376 5063 stieris
2401 5010 2542 5080 (Isa.
2575 5026 2726 5083 XLIX,
2766 5012 2870 5082 l8),
2901 5037 2928 5063 ››
2960 5014 3045 5072 ita
3068 5015 3489 5075 haereticorum
3545 5022 3684 5076 sunt
3713 5034 3841 5076 om-

412 5092 524 5152 Dei
551 5099 941 5165 contemptus.
976 5093 1208 5151 Baldad
1235 5099 1435 5152 autem
1459 5092 1719 5154 vetustas
1747 5100 1895 5154 sola.
1922 5100 2074 5153 Dum
2184 5112 2291 5153 nes
2313 5098 2417 5170 qui
2449 5098 2532 5155 eis
2559 5102 2952 5173 concordant,
2984 5103 3340 5160 inhaerentes
3357 5104 3602 5165 illorum
3626 5108 3837 5166 errori-

412 5200 588 5244 novae
608 5183 742 5242 vitae
773 5184 1223 5242 conversionem
1253 5184 1513 5241 haeretici
1541 5186 1871 5259 negligunt,
1905 5190 1961 5243 et
2002 5204 2074 5244 ex
2182 5186 2298 5242 bus
2326 5185 2730 5246 involvuntur.
2762 5192 2873 5256 Qui
2903 5190 3053 5247 dum
3111 5192 3191 5249 ad
3234 5192 3533 5253 deteriora
3572 5197 3837 5271 quotidie

414 5272 543 5332 sola
571 5278 860 5333 vetustate
912 5277 1001 5331 est
1034 5273 1202 5348 quod
1256 5273 1606 5344 intendunt;
1642 5276 1874 5349 Sophar
1904 5277 2073 5334 dissi-
2181 5279 2384 5349 ruunt,
2419 5279 2477 5333 et
2507 5277 2818 5335 sentiendo
2849 5280 3063 5353 pejora
3112 5279 3175 5337 in
3222 5283 3427 5341 multis
3454 5301 3515 5342 se
3566 5286 3839 5359 partibus

407 5365 577 5435 patio
608 5367 885 5437 speculae,
914 5363 1005 5422 vel
1032 5364 1466 5435 speculatorem
1501 5365 1820 5436 dissipans.
1852 5369 2072 5424 Montes
2185 5365 2490 5424 scindunt.
2526 5367 2740 5443 Sicque
2770 5368 2857 5439 ﬁt,
2891 5373 2957 5426 ut
2989 5370 3193 5429 scissis
3215 5375 3578 5449 sequacibus
3607 5376 3840 5434 malitia

413 5468 681 5527 namque
706 5455 977 5513 ﬁdelium
1006 5454 1085 5513 ad
1109 5453 1577 5528 contemplanda
1594 5471 1855 5528 superna
1886 5473 1946 5511 se
1968 5456 2073 5511 eri-
2182 5472 2388 5513 eorum
2423 5458 2799 5528 cogitationis
2822 5459 3147 5536 aperiatur,
3180 5468 3245 5521 ut
3265 5463 3631 5522 discordiam
3661 5466 3837 5523 dolus

415 5546 584 5616 gunt,
614 5542 721 5600 sed
749 5543 897 5601 dum
925 5543 1342 5604 haereticorum
1373 5543 1558 5601 verba
1587 5548 1923 5618 pervertere
1952 5560 2071 5601 rec-
2181 5546 2520 5621 patefaciet,
2549 5564 2706 5622 quos
2757 5549 2998 5623 spiritus
3053 5556 3254 5625 gravis
3284 5555 3623 5614 concordiae
3656 5555 3837 5630 culpa

413 5638 476 5692 ta
520 5632 994 5707 contemplantes
1036 5639 1346 5709 appetunt,
1418 5633 1729 5709 speculam
1776 5634 2067 5711 dissipare
2182 5636 2523 5697 claudebat.
2547 5640 2654 5697 Per
2675 5639 3010 5713 pulverem,
3032 5648 3333 5704 terrenam
3348 5645 3833 5718 intelligentiam,
