4158 6192
219 176 317 231 133

1050 168 1347 227 ΕΡΙΤΟΗΕ
1383 166 1751 225 MORABIUM
1789 165 1846 223 S.
1889 162 2094 222 GREG.
2136 165 2208 223 IN
2245 163 2394 225 JOB.
2435 197 2503 209 —
2542 164 2676 226 LIB.
2717 172 2805 226 IV.

3541 173 3642 234 134

213 314 318 373 per
346 299 530 371 caput
555 299 841 364 mentem,
882 307 988 366 per
1012 292 1231 349 caelum
1268 293 1639 365 praeceptum
1667 306 1869 365 super-
1905 286 1955 343 Α
1982 291 2309 349 inﬁrmitati
2339 296 2562 349 sanctae
2614 293 2884 351 Ecclesia
2938 308 3003 351 se
3049 294 3641 372 condescenderesi-

211 403 303 443 nae
329 385 650 443 locutionis
681 384 1026 457 accipimus.
1054 381 1364 438 Pulverem
1395 396 1538 451 ergo
1568 395 1750 454 super
1778 396 1872 437 ca-

211 479 321 550 put
363 476 425 531 in
459 475 617 531 casio
642 489 920 550 spargere
950 474 1056 541 est,
1091 470 1343 527 seculari
1374 469 1675 527 intellectu
1708 485 1872 526 men-

211 569 332 622 tem
361 579 769 637 corrumpere,
811 566 869 618 et
895 560 971 617 de
1014 559 1211 616 verbis
1261 558 1600 615 caelestibus
1641 563 1872 615 terrena

214 654 455 711 sentire.
494 655 681 727 Super
723 652 920 725 capita
961 650 1142 722 igitur
1194 648 1505 724 pulverem
1559 652 1869 723 spargunt,

213 745 358 820 quia
386 744 447 801 in
469 743 778 818 praeceptis
810 741 911 797 Dei
934 757 1044 815 per
1080 744 1380 797 terrenam
1421 739 1871 810 intelligentiam

213 835 371 892 ultra
400 849 646 891 suarum
664 832 960 889 mentium
989 833 1145 887 vires
1174 830 1460 887 nituntur.
1518 832 1870 887 Momurea.

210 923 470 980 Atﬁictos
500 922 663 978 enim
695 937 807 978 nos
845 920 987 978 vitia
1020 919 1266 976 minime
1297 923 1689 989 cognoscunt,
1729 918 1874 992 quia

210 1012 374 1069 triste
404 1027 508 1068 cor
535 1026 679 1067 mox
711 1015 775 1066 ut
826 1009 1203 1083 pulsaverint
1230 1009 1553 1083 reprobata
1582 1007 1870 1078 resiliunt,

210 1107 266 1159 et
292 1116 428 1175 quae
448 1117 564 1158 nos
593 1101 763 1157 laetos
790 1101 965 1174 quasi
990 1104 1305 1169 noverant,
1327 1099 1432 1172 qui
1452 1097 1868 1172 penetrabant,

211 1196 530 1249 mcerentes
558 1206 923 1262 cognoscere
957 1193 1285 1263 nequeunt,
1328 1188 1472 1261 quia
1502 1188 1635 1262 ipso
1669 1177 1872 1242 nostro

209 1281 404 1352 rigore
429 1281 807 1351 franguntur.
845 1281 960 1348 Qui
1000 1281 1409 1336 exclamantes
1449 1278 1869 1347 ploraverunt.

213 1372 491 1444 Signatur
534 1371 697 1427 enim
730 1369 923 1443 pietas
954 1385 1061 1443 per
1084 1369 1409 1442 ploratum,
1443 1367 1718 1423 discretio
1768 1381 1874 1439 per

211 1459 561 1517 scissionem
583 1459 859 1525 vestium,
884 1458 1132 1515 aﬂectus
1153 1472 1405 1531 operum
1429 1472 1537 1529 per
1554 1455 1873 1529 pulverum

213 1551 501 1625 capitum.
527 1550 804 1625 Sequitur
836 1566 850 1604 :

1982 381 2234 450 mulant,
2266 386 2324 438 et
2344 382 2458 439 sub
2486 381 3038 441 blandimentorum
3079 385 3275 459 specie
3331 386 3506 444 dolos
3536 388 3641 445 de-

1982 470 2270 546 ceptionis
2299 476 2533 546 parant.
2591 473 2657 528 In
2687 476 2842 529 terra
2865 489 3008 544 ergo
3038 476 3362 533 consedere
3393 481 3500 547 est,
3533 478 3642 535 ali-

1981 561 2127 635 quid
2158 561 2232 617 de
2278 561 2542 633 imagine
2580 560 2933 619 humilitatis
2990 563 3325 633 ostendere,
3367 570 3451 634 ut,
3492 567 3641 625 dum

1982 650 2232 707 humilia
2271 650 2571 720 exhibent,
2632 651 2998 726 persuadent
3041 654 3305 726 superba
3352 672 3489 729 quae
3536 657 3643 714 do-

1984 744 2135 796 cent.
2169 740 2365 796 Potest
2388 740 2568 797 etiam
2596 754 2705 813 per
2754 745 2974 799 terram
3030 741 3163 814 ipsa
3191 742 3523 801 Mediatoris
3549 746 3641 802 in-

1983 831 2249 887 carnatio
2269 829 2593 900 designari.
2628 830 2793 887 Unde
2810 831 2889 888 ad
2910 831 3087 889 lsrael
3103 830 3320 889 dicitur
3345 850 3360 888 :
3390 853 3419 883 «
3443 833 3642 892 Altare

1982 920 2057 976 de
2106 924 2263 976 terra
2309 919 2532 976 facietis
2562 919 2708 977 mihi
2743 921 2962 988 (Exod.
2992 938 3086 991 xx,
3128 923 3218 989 24,
3249 924 3339 990 25,
3370 925 3483 995 28).
3518 946 3546 974 ››
3576 928 3643 980 in

1982 1013 2138 1067 terra
2190 1025 2333 1080 ergo
2382 1009 2586 1066 sedere
2616 1014 2705 1067 est
2753 1009 2849 1067 vel
2872 1011 2934 1067 in
2963 1011 3077 1068 hoc
3105 1010 3273 1085 quod
3302 1010 3531 1085 aliquid
3567 1014 3643 1071 de

1982 1100 2349 1175 plenitudine
2376 1100 2639 1157 veritatis
2687 1099 3043 1172 intelligunt,
3103 1101 3196 1158 vel
3224 1102 3286 1157 in
3314 1103 3430 1159 hoc
3477 1103 3645 1177 quod

1985 1207 2106 1246 suae
2138 1190 2397 1247 stultitim
2428 1189 2687 1247 tenebris
2717 1196 3094 1248 exerceantur
3121 1190 3403 1263 haeretici,
3446 1192 3645 1251 incar-

1982 1279 2241 1336 nationis
2272 1281 2631 1353 mysterium
2662 1295 2883 1352 negare
2904 1296 3027 1337 non
3059 1297 3259 1354 posse,
3318 1298 3645 1358 veramque

1984 1369 2393 1441 Redemptoris
2445 1384 2688 1425 carnem
2746 1385 2885 1425 cum
2934 1373 3142 1426 sancta
3206 1370 3470 1428 Ecclesia
3522 1388 3644 1429 cre-

1983 1458 2142 1513 dere.
2177 1460 2517 1514 MORALITER.
2548 1458 2697 1513 Cum
2752 1456 2985 1515 afﬂictis
3028 1457 3204 1515 nobis
3258 1456 3403 1514 vitia
3439 1459 3648 1518 sedent

1983 1547 2044 1601 in
2074 1551 2251 1616 terra,
2278 1560 2418 1602 cum
2446 1546 2775 1618 imaginem
2823 1546 3175 1603 humilitatis
3222 1550 3546 1618 ostentant,
3580 1553 3647 1607 ut

283 1640 458 1697 Vens.
492 1639 578 1697 l3.
612 1640 914 1696 Sederunt
946 1653 1077 1694 cum
1111 1652 1173 1694 eo
1203 1640 1267 1693 in
1295 1641 1459 1694 terra
1495 1641 1715 1709 septem
1750 1636 1872 1691 die-
1913 1648 1955 1703 Β
1985 1635 2267 1693 affectum
2322 1634 2587 1692 utilitatis
2642 1634 3019 1703 subtrahant,
3066 1637 3132 1691 ut
3186 1634 3335 1691 dum
3373 1650 3434 1690 se
3462 1650 3646 1692 unus-

216 1729 321 1785 bus
347 1735 403 1785 et
431 1734 647 1800 septem
671 1728 963 1796 noctibus,
996 1730 1052 1783 et
1080 1726 1330 1799 reliqua.
1364 1759 1430 1766 —
1456 1728 1664 1782 Utrum
1695 1725 1877 1781 conti-

211 1819 349 1876 nuis
376 1823 605 1892 septem
633 1817 845 1875 diebus
876 1822 932 1873 et
952 1822 1181 1890 septem
1214 1816 1495 1872 noctibus
1521 1831 1659 1872 cum
1696 1814 1877 1871 afﬂic-

214 1920 274 1974 to
303 1908 414 1965 Job
446 1906 726 1977 sederint,
777 1922 855 1963 an
888 1911 1041 1962 certe
1093 1904 1307 1962 diebus
1350 1910 1404 1961 et
1434 1905 1712 1961 noctibus
1742 1904 1875 1960 toti—

215 1998 357 2054 dem
402 1997 692 2054 instantia
738 1996 791 2052 ei
830 1996 1055 2052 crebras
1095 1994 1450 2051 visitationis
1495 1994 1873 2065 adhzrserint,

213 2087 588 2160 ignoramus.
623 2088 785 2160 Saepe
824 2088 1029 2143 tamen
1058 2084 1362 2157 Scriptura
1389 2088 1580 2140 totum
1612 2099 1721 2155 pro
1745 2099 1879 2156 par-

215 2180 299 2247 te,
322 2180 381 2233 et
397 2192 507 2249 pro
521 2180 641 2232 toto
664 2179 896 2249 partem
909 2189 1134 2247 ponere
1158 2173 1490 2229 consuevit.
1518 2172 1878 2228 Intuendum

214 2265 491 2323 videlicet
526 2271 633 2333 est,
665 2266 809 2340 quia
849 2269 988 2321 sunt
1015 2263 1288 2320 nonnulli
1319 2262 1421 2336 qui
1454 2267 1510 2318 et
1534 2261 1701 2335 loqui
1730 2278 1878 2335 pree-

214 2356 528 2430 cipitanter
554 2355 868 2428 incipiunt,
916 2358 973 2410 et
997 2353 1280 2410 effrenate
1313 2355 1505 2426 erepta
1535 2349 1879 2407 effrenatius

214 2449 645 2520 exsequuntur.
678 2447 750 2502 Et
782 2448 921 2501 sunt
962 2443 1237 2500 nonnulli
1284 2444 1389 2517 qui
1420 2441 1587 2499 tarde
1632 2441 1880 2517 quidem

214 2535 382 2610 loqui
410 2535 719 2604 inchoent,
750 2535 855 2591 sed
881 2534 1066 2591 semel
1095 2534 1449 2590 inchoantes
1478 2531 1702 2587 habere
1752 2547 1880 2587 mo-

216 2623 368 2681 dum
397 2624 714 2681 locutionis
736 2624 1031 2694 ignorant.
1061 2621 1251 2678 Amici
1270 2620 1448 2692 igitur
1466 2620 1626 2677 beati
1647 2619 1756 2676 Job
1777 2619 1882 2675 do-

213 2712 409 2771 lorem
439 2713 731 2783 videntes,
764 2710 871 2770 diu
898 2716 1236 2783 tacuerunt,
1268 2711 1371 2768 sed
1399 2709 1564 2767 tarde
1593 2710 1880 2766 inchoan-

215 2809 303 2862 tes
332 2803 653 2861 indiscrete
682 2803 864 2860 locuti
894 2807 1053 2871 sunt,
1077 2802 1221 2876 quia
1251 2816 1497 2875 parcere
1528 2799 1750 2857 dolenti
1776 2815 1881 2855 no-

212 2893 476 2952 luerunt.
510 2893 677 2950 Unde
701 2908 944 2949 necesse
968 2894 1057 2948 est
1084 2896 1147 2948 ut
1173 2906 1297 2947 non
1321 2890 1518 2947 solum
1541 2889 1883 2946 intueamur

213 2984 370 3060 quid
408 2984 666 3056 agimus,
703 2982 810 3040 sed
841 2983 1019 3039 etiam
1060 2998 1200 3037 cum
1248 2983 1479 3054 quanta
1525 2978 1881 3035 discretione
1920 3008 1962 3062 ο

211 3089 603 3148 peragamus.
637 3074 899 3131 MYSTICE.
934 3075 998 3126 In
1026 3070 1121 3126 die
1150 3085 1286 3144 quae
1312 3067 1584 3125 videmus
1615 3066 1885 3140 agnosci-

213 3179 384 3231 mus,
438 3164 499 3218 in
547 3165 722 3218 nocte
753 3164 956 3218 autem
1005 3164 1108 3216 aut
1153 3158 1415 3215 caecitate
1445 3158 1529 3214 nil
1558 3157 1880 3225 cernimus,

214 3256 324 3311 aut
355 3250 656 3307 dubietate
687 3249 1038 3321 caligamus.
1070 3251 1176 3305 Per
1197 3248 1359 3304 diem
1419 3248 1621 3322 itaque
1670 3245 1883 3302 intelli-

212 3342 442 3415 gentia,
492 3356 599 3415 per
648 3346 887 3398 noctem
929 3356 1068 3395 vero
1118 3338 1457 3409 ignorantia
1512 3336 1879 3408 designatur.

216 3431 573 3506 Septenario
616 3436 817 3487 autem
873 3445 1128 3487 numero
1189 3445 1433 3485 summa
1483 3424 1883 3484 universitatis

212 3521 591 3596 exprimitur.
626 3524 865 3595 Septem
890 3520 1052 3577 enim
1074 3520 1287 3576 diebus
1312 3533 1491 3575 omne
1512 3518 1626 3573 hoc
1643 3519 1883 3590 tempus

211 3610 617 3670 consumitur.
672 3610 829 3677 Quid
878 3614 966 3665 est
1012 3624 1154 3680 ergo
1212 3608 1274 3664 in
1306 3613 1460 3665 terra
1491 3610 1719 3681 septem
1757 3604 1881 3659 die-

211 3701 338 3758 bus
391 3705 448 3757 et
490 3700 771 3759 noctibus
818 3700 1045 3766 sedere,
1094 3698 1208 3755 nisi
1259 3697 1425 3772 quod
1467 3695 1746 3764 haeretici,
1792 3692 1883 3750 vel

208 3790 312 3848 his
357 3790 419 3845 in
446 3790 667 3863 quibus
703 3805 911 3846 verum
940 3788 1147 3845 lumen
1192 3787 1546 3857 intelligunt,
1578 3784 1673 3841 vel
1701 3784 1762 3839 in
1786 3783 1881 3838 his

209 3880 272 3937 in
340 3879 563 3956 quibus
611 3879 963 3950 ignorantiae
1017 3878 1296 3935 tenebras
1343 3876 1668 3951 patiuntur,
1709 3871 1884 3947 quasi

1986 1725 2241 1799 quisque
2268 1724 2585 1796 indignum
2616 1723 2974 1791 considerat,
3003 1739 3098 1780 res
3131 1724 3195 1780 in
3234 1722 3458 1797 quibus
3512 1740 3651 1798 pro-

1986 1815 2161 1871 desse
2216 1814 2505 1888 proximis
2560 1817 2813 1887 poterat,
2858 1813 3192 1870 ministrare
3244 1812 3643 1886 pertimescat.

1990 1902 2267 1977 Sequitur
2298 1919 2310 1957 :
2343 1903 2421 1959 Et
2461 1917 2630 1959 nemo
2678 1902 3033 1974 loquebatur
3061 1902 3118 1959 e2“
3152 1901 3416 1959 verbum.
3450 1934 3518 1943 ——
3545 1903 3649 1959 Ta-

1988 1998 2185 2050 centes
2238 1993 2398 2049 enim
2443 1991 2824 2049 adversarios
2875 1991 3191 2059 habemus,
3228 1992 3277 2047 si
3332 2006 3465 2049 vere
3491 1991 3649 2050 ﬁlios

1988 2082 2129 2138 ﬁdei
2175 2082 2566 2156 praedicando
2618 2096 2903 2152 generare
2932 2081 3315 2153 negligimus.
3356 2082 3413 2139 Si
3446 2084 3648 2139 autem

1988 2172 2153 2246 loqui
2182 2176 2338 2228 recte
2393 2171 2735 2244 incipimus,
2794 2187 3007 2242 graves
3056 2187 3201 2228 mox
3255 2171 3649 2229 contumelias

1990 2278 2063 2318 ex
2115 2277 2325 2318 eorum
2389 2262 2778 2335 responsione
2834 2263 3143 2318 sentimus.
3200 2265 3650 2337 Nonnunquam

1989 2351 2192 2404 tamen
2220 2346 2479 2403 haeretici
2504 2362 2641 2402 cum
2668 2350 2906 2419 torpore
2934 2347 3156 2402 inertiae
3177 2345 3446 2403 ﬁdelium
3468 2345 3652 2403 corda

1992 2436 2392 2506 considerant,
2449 2436 2663 2492 erroris
2717 2450 2925 2491 semen
2969 2451 3291 2510 aspergere
3344 2436 3650 2505 loquendo

1989 2543 2113 2583 non
2143 2530 2401 2583 cessant.
2467 2528 2616 2582 Cum
2668 2541 2812 2581 vero
2856 2528 3087 2581 mentes
3116 2525 3419 2582 bonorum
3446 2524 3654 2581 vident

1991 2617 2111 2675 alta
2133 2633 2362 2692 sapere,
2395 2615 2470 2672 de
2500 2630 2773 2673 aerumna
2797 2615 2980 2688 hujus
3039 2614 3227 2671 exsilii
3258 2619 3494 2673 strenue
3550 2613 3654 2671 do-

1990 2708 2131 2779 lere,
2183 2705 2718 2781 circumspectione
2778 2704 3025 2761 sollicita
3076 2703 3350 2776 linguam
3394 2703 3649 2760 h‘enant.

1994 2797 2145 2864 Quia
2173 2796 2372 2853 vident
2398 2795 2565 2868 quod
2593 2799 2800 2851 contra
2843 2793 3028 2850 corda
3056 2792 3388 2851 dolentium
3436 2792 3498 2849 in
3528 2807 3653 2849 cas-

1995 2901 2130 2940 sum
2181 2884 2495 2957 loquentes
2547 2882 2719 2938 citius
2784 2878 3229 2937 obmutescunt.
3291 2879 3457 2937 Unde
3509 2895 3653 2936 mox

1994 2971 2312 3029 subditur:
2358 2969 2647 3027 Videbam
2683 2985 2840 3026 emm
2891 2969 3154 3026 dolorem
3200 2984 3321 3026 esse
3350 2969 3654 3026 vehemen-

1997 3068 2129 3119 tem.
2164 3093 2229 3101 —
2259 3062 2612 3117 Mamurra.
2646 3059 2704 3117 Si
2729 3058 2891 3115 enim
2913 3073 3014 3114 cor
3046 3058 3334 3115 veraciter
3353 3057 3514 3115 dolet
3541 3058 3653 3114 lin-

1996 3169 2181 3225 guam
2242 3154 2451 3209 contra
2505 3165 2615 3206 nos
2662 3149 2805 3206 vitia
2856 3163 2981 3205 non
3022 3148 3268 3206 habent.
3325 3151 3476 3205 Nam
3515 3163 3656 3203 cum

1994 3242 2169 3317 plene
2199 3242 2316 3298 vita
2347 3238 2714 3296 rectitudinis
2752 3239 3060 3312 quaaritur,
3095 3253 3473 3313 supervacua
3522 3251 3657 3307 sug-

1997 3332 2183 3402 gestio
2238 3327 2544 3406 pravitatis
2598 3326 2950 3384 obduratur.
3015 3328 3182 3400 Saepe
3232 3330 3435 3382 autem
3466 3324 3514 3381 si
3545 3339 3656 3382 nos

1994 3421 2217 3477 fortiter
2247 3419 2615 3490 stringimus,
2648 3416 2790 3473 sitia
2842 3416 2919 3473 ad
2950 3431 3130 3472 usum
3172 3416 3400 3473 virtutis
3428 3417 3651 3472 immu-

1996 3515 2213 3568 tamus.
2242 3508 2356 3567 Sed
2377 3508 2526 3564 dum
2554 3506 2706 3563 iram
2734 3506 2947 3564 rationi
2977 3505 3352 3577 subjicimus,
3381 3504 3445 3561 in
3468 3504 3658 3563 sancti

1994 3600 2099 3657 zeli
2130 3598 2532 3656 ministerium
2588 3596 2896 3667 vertimus,
2957 3595 3004 3652 si
3036 3611 3176 3652 cum
3216 3594 3499 3669 superbia
3551 3595 3659 3651 eri-

1996 3691 2097 3761 git,
2130 3691 2290 3747 hanc
2348 3687 2429 3745 ad
2486 3685 2899 3744 defensionem
2942 3684 3185 3759 justitiaa
3213 3684 3609 3743 immutamus
3641 3701 3654 3739 :

1996 3780 2043 3835 si
2074 3797 2214 3836 cum
2241 3778 2529 3836 fortitudo
2587 3777 2785 3835 carnis
2836 3775 3159 3845 illecebrat,
3206 3774 3440 3848 pietatis
3491 3774 3659 3833 lucra

1995 3885 2353 3926 mercemur.

815 3995 3627 4026 ..Μ-Μ

1461 4113 1806 4200 LIBER
1890 4106 2433 4213 QUARTUS.

1740 4260 2157 4277 ﬂ

293 4460 416 4527 Qui
441 4461 671 4517 textum
698 4455 1059 4527 considerat,
1105 4459 1165 4513 et
1194 4470 1445 4512 sensum
1473 4468 1660 4512 sacrae
1690 4452 1889 4510 lectiw

221 4552 327 4609 nis
354 4549 615 4620 ignorat,
642 4561 767 4604 non
791 4551 916 4603 tam
956 4560 1021 4601 se
1047 4543 1381 4601 eruditione
1411 4542 1670 4607 instruit,
1700 4556 1891 4615 quam

225 4638 625 4710 ambiguitate
646 4635 980 4693 confundit.
1006 4637 1153 4691 Ecce
1180 4633 1344 4690 enim
1372 4633 1585 4690 beatus
1614 4631 1729 4688 Job
1760 4647 1890 4688 ma-

224 4727 508 4786 ledixisse
536 4726 655 4783 diei
674 4742 787 4782 suo
806 4724 1180 4794 describitur,
1207 4723 1415 4780 dicens
1447 4740 1460 4778 :

304 4820 471 4875 Vna.
506 4822 557 4875 3.
589 4818 809 4874 Pereat
863 4816 985 4872 dies
1015 4816 1080 4871 in
1128 4830 1249 4887 qua
1272 4820 1453 4871 natus
1469 4828 1620 4869 sum.
1648 4840 1719 4852 --
1747 4809 1892 4877 Quis

228 4910 437 4966 autem
465 4906 695 4965 nesciat
711 4906 840 4963 dies
863 4921 988 4980 qua
1014 4907 1195 4961 natus
1221 4908 1311 4960 est
1328 4917 1721 4976 nequaquam
1749 4904 1893 4957 tunc

232 5001 398 5055 stare
419 4996 682 5071 potuisse
704 4997 732 5052 ‘t
760 4997 877 5053 Cur
904 5010 1049 5065 ergo
1076 4994 1168 5051 vir
1198 4997 1396 5051 tantus
1415 4991 1798 5050 malediceret
1811 4988 1896 5046 rei

230 5103 424 5161 quam
476 5102 866 5160 nequaquam
908 5083 1230 5142 subsistere
1273 5098 1398 5140 non
1440 5081 1792 5153 ignoraret?
1838 5078 1897 5136 Si

232 5178 399 5234 enim
428 5175 777 5234 subsistenti
811 5175 894 5232 rei
925 5172 1255 5239 maledixit,
1283 5171 1620 5246 perniciose
1648 5169 1789 5243 egit.
1840 5168 1898 5225 Si

234 5281 362 5322 non
389 5265 739 5323 subsistenti
766 5265 852 5322 rei
893 5264 1222 5335 maledixit,
1272 5262 1477 5319 otiose.
1526 5260 1788 5333 Ideoque
1814 5258 1897 5314 sic

234 5357 432 5414 otiosa
486 5356 647 5413 velut
694 5356 873 5413 etiam
922 5354 1264 5429 perniciosa
1320 5350 1710 5409 formidanda
1738 5352 1895 5404 sunt.

236 5445 384 5503 Hinc
409 5446 572 5505 enim
601 5446 889 5520 scriptum
913 5449 1002 5501 est
1030 5461 1092 5500 :«
1118 5446 1307 5500 Omne
1326 5441 1584 5499 verbum
1609 5438 1895 5506 otiosum,

236 5534 405 5607 quod
429 5534 611 5593 locuti
640 5536 859 5593 fuerint
880 5533 1179 5605 homines,
1209 5532 1459 5589 reddent
1489 5531 1565 5588 de
1604 5545 1677 5586 eo
1718 5527 1899 5586 ratio-

239 5639 380 5685 nem
408 5627 651 5696 (Matth.
686 5643 786 5698 xu,
818 5628 928 5697 36).
964 5623 1274 5696 Sequitur:

1918 4327 1963 4381 D
2073 4325 2247 4379 Vens.
2281 4323 2335 4377 4.
2368 4319 2506 4376 Dies
2545 4317 2652 4375 ille
2679 4322 2953 4376 vertatur
2979 4318 3043 4375 in
3085 4315 3379 4387 tenebras,
3426 4335 3548 4377 non
3573 4336 3661 4378 re-

2000 4414 2207 4487 quirat
2236 4427 2369 4469 eum
2401 4410 2558 4467 Deus
2590 4408 2847 4481 desuper
2869 4415 2925 4467 et
2950 4426 3069 4467 non
3100 4409 3394 4466 lustretur
3416 4409 3659 4468 lumine.

2001 4536 2070 4545 —
2097 4502 2231 4558 Dies
2262 4500 2369 4575 qui
2392 4499 2602 4576 lapsus
2634 4516 2814 4557 cursu
2838 4499 3123 4575 temporis
3153 4499 3356 4571 scitur,
3382 4516 3490 4557 cur
3516 4497 3665 4557 verti

1998 4595 2063 4652 in
2082 4592 2360 4650 tenebras
2385 4590 2620 4660 dicitur,
2652 4595 2709 4648 et
2738 4590 2842 4666 qui
2872 4606 2997 4647 non
3026 4588 3312 4660 subsistit,
3353 4590 3664 4664 quomodo

1999 4683 2222 4741 umbra
2241 4666 2423 4739 volvit
2447 4681 2475 4736 ‘I
2504 4682 2620 4736 Aut
2648 4695 2837 4753 quam
2848 4684 3086 4736 noctem
3108 4677 3462 4735 tenebrosus
3489 4678 3665 4736 turbo

2002 4771 2290 4848 possidet,
2322 4786 2509 4844 quam
2538 4766 2740 4823 nullus
2766 4770 2956 4822 status
2976 4770 3135 4823 tenet
3161 4766 3190 4821 ?
3209 4770 3324 4822 Aut
3355 4762 3667 4840 quomodo

2004 4866 2246 4938 Optatur
2277 4858 2539 4916 solitaria
2580 4856 2728 4930 ﬁeri,
2770 4873 2906 4931 quia
2937 4853 3304 4913 transeundo
3326 4855 3458 4927 jam
3478 4854 3670 4912 fuerat

2004 4950 2211 5008 nulla?
2245 4952 2358 5005 Aut
2379 4948 2578 5004 lucem
2608 4945 2918 5021 quomodo
2948 4948 3275 5020 exspectat,
3300 4962 3438 5021 quas
3486 4962 3668 5005 sensu

2007 5041 2221 5098 caret?
2254 5036 2532 5111 Sequitur
2564 5054 2578 5092 :

2053 5168 2252 5236 Quare
2267 5181 2389 5223 non
2405 5166 2469 5221 in
2482 5165 2666 5222 vulva
2676 5168 2947 5220 mortuus
2960 5176 3115 5233 sum,
3133 5178 3402 5235 egressus
3413 5178 3488 5220 ea
3498 5168 3667 5218 utero

2008 5273 2130 5313 non
2140 5256 2343 5313 statim
2350 5254 2515 5324 perii
2522 5258 2551 5309 ?
2562 5254 2761 5321 Quare
2773 5260 3055 5323 exceptus
3065 5252 3455 5324 genibus,cur
3478 5250 3668 5303 lacta-

2010 5355 2105 5403 tus
2118 5346 2397 5402 uberibus
2413 5350 2442 5400 ?
2454 5345 2634 5400 Nunc
2644 5344 2802 5400 enim
2817 5343 3119 5401 dormiens
3129 5340 3449 5401 sileremﬂt
3464 5349 3667 5392 80m

2009 5454 2137 5495 meo
2149 5437 2748 5510 requiesceremVsas.
2774 5435 2794 5489 ι
2809 5427 3319 5500 1-13.—-Nunquid
3330 5425 3379 5481 si
3393 5440 3669 5496 egressus

2010 5544 2083 5595 ex,
2113 5531 2283 5584 utero
2306 5525 2502 5584 statim
2532 5525 2828 5599 periisset,
2851 5516 3254 5579 retributionis
3286 5514 3571 5573 meritum
3597 5529 3669 5571 ex

2014 5619 2130 5677 bac
2159 5619 2297 5692 ipsa
2339 5616 2671 5692 perditione
2706 5610 3040 5687 perciperet
3053 5606 3083 5663 τ
3122 5606 3404 5682 Nunquid
3448 5609 3672 5663 autem:
