4154 6160
512 70 610 120 139

1553 66 1610 121 S.
1651 67 1908 122 ODONIS
1947 61 2238 119 ABBATIS
2277 63 2780 122 CLUNIACENSIS
2822 67 2864 120 l-l

3819 67 3922 124 140

503 189 740 246 Domini
767 205 875 262 per
894 203 990 243 me
1017 186 1159 256 (Isa.
1182 203 1296 256 LXI,
1323 188 1392 258 t).
1415 210 1442 236 »
1479 191 1542 243 Et
1559 192 1698 271 post
1724 187 2040 262 paululum
2069 186 2118 242 in

2265 219 2401 259 care
2431 206 2675 278 quidem
2707 224 2824 262 non
2857 207 3198 276 debuimus,
3229 207 3330 260 sed
3365 207 3590 262 utinam
3631 222 3754 262 non
3813 224 3920 262 un-

501 277 650 335 fert:
680 301 707 327 ‹‹
734 281 801 334 Ut
827 274 1218 350 praedicarem
1241 291 1472 332 annum
1499 269 1863 350 placabilem
1904 275 2156 333 Domino

499 369 700 440 (Ibid,
726 367 808 436 ii).
834 388 862 414 »
887 365 1041 432 Quid
1069 381 1212 422 vero
1237 381 1344 439 per
1373 365 1522 434 dies,
1549 367 1664 422 nisi
1696 365 1948 437 singulae
1993 381 2155 438 quae-

497 471 614 528 que
643 455 968 511 electorum
989 455 1262 512 mentes?
1284 455 1435 522 Quid
1457 471 1564 528 per
1583 471 1845 522 menses,
1868 455 1979 510 nisi
2003 453 2154 509 mul-

495 544 774 618 tiplicatae
813 561 1024 602 eorum
1056 545 1350 612 Ecclesiae,
1385 561 1521 618 quae
1571 561 1752 601 unam
1796 544 2148 600 catholicam

493 633 740 706 faciunt,
771 634 1166 706 designantur
1184 635 1212 690 ?
1247 633 1345 690 [lla
1367 651 1510 706 ergo
1539 650 1661 690 nox
1690 650 1812 690 non
1833 636 2148 706 computa-

491 727 588 780 tur
611 722 673 780 in
698 723 912 779 diebus
940 722 1105 793 anni,
1128 723 1272 796 quia
1291 723 1573 796 antiquus
1615 723 1802 778 hostis
1850 720 2146 794 superbiae

493 829 617 868 sua:
645 811 908 868 tenebris
928 827 1193 886 pressus,
1220 811 1542 868 adventum
1573 811 1818 884 quidem
1854 810 2147 882 Redemp-

492 901 636 958 toris
657 901 964 974 conspicit,
1021 901 1126 958 sed
1163 918 1555 974 nequaquam
1603 901 1678 957 ad
1726 900 1968 956 veniam
2007 915 2146 954 cum

493 990 690 1046 electis
741 989 910 1046 redit.
953 989 1096 1046 Hinc
1129 989 1289 1045 enim
1326 989 1612 1062 scriptum
1642 994 1731 1045 est
1753 1006 1765 1044 :
1787 1011 1814 1039 ‹‹
1837 992 2142 1060 Nusquam

493 1079 653 1136 enim
682 1079 928 1150 angelos
955 1079 1370 1153 apprehendit,
1388 1079 1490 1134 sed
1522 1095 1725 1136 semen
1756 1078 2008 1134 Abrahae
2041 1091 2142 1148 ap-

489 1168 801 1241 prehendit
831 1169 994 1240 (Πρὸ.
1027 1185 1088 1236 ιι,
1127 1171 1231 1232 l6).
1259 1191 1286 1218 ››
1315 1171 1566 1224 Possunt
1596 1167 1713 1224 dici
1733 1167 1813 1232 hi,
1837 1167 1940 1239 qui
1963 1166 2140 1220 inter-

487 1273 569 1314 na
597 1258 726 1314 luce
756 1261 1130 1332 permanent,
1158 1257 1410 1330 angelici
1441 1257 1680 1330 spiritus
1710 1276 1721 1324 ;
1755 1273 1992 1312 menses
2039 1271 2142 1311 au—

485 1351 624 1415 tem,
657 1363 868 1402 eorum
889 1347 1130 1403 ordines
1159 1351 1215 1403 et
1243 1347 1561 1419 dignitates
1590 1345 1854 1415 intelligi.
1908 1345 2136 1412 Singuli

483 1435 706 1510 quique
735 1435 896 1492 enim
917 1435 1180 1508 spiritus,
1221 1435 1364 1506 quia
1408 1435 1627 1502 lucent,
1664 1433 1791 1490 dies
1826 1438 1982 1489 sunt.
2022 1432 2139 1490 Sed

481 1525 624 1597 quia
647 1524 819 1580 certis
845 1524 1214 1596 quibusdam
1244 1523 1633 1594 dignitatibus
1657 1523 2130 1592 distinguuntur,
2166 1535 2210 1586 Β

483 1616 548 1666 ut
567 1611 664 1667 alii
681 1611 921 1678 Tlironi,
953 1610 1052 1667 alii
1076 1611 1518 1668 Dominationes
1551 1611 1688 1680 sint,
1736 1625 1971 1666 menses
2027 1625 2134 1666 vo-

483 1704 712 1755 cantur.
748 1699 862 1756 Sed
883 1699 1026 1772 quia
1057 1699 1338 1773 antiquus
1377 1699 1564 1755 hostis
1615 1713 2004 1772 nequaquam
2057 1699 2136 1755 ad

479 1789 760 1844 meritum
785 1788 954 1856 lucis,
983 1805 1374 1862 nequaquam
1401 1789 1478 1845 ad
1523 1789 1797 1845 ordinem
1849 1803 2136 1860 superno-

476 1894 616 1934 rum
637 1877 952 1948 agminum
978 1877 1300 1941 reducitur,
1318 1894 1428 1934 nec
1453 1877 1514 1932 in
1529 1877 1744 1932 diebus
1765 1877 1928 1948 anni,
1948 1891 2057 1933 nec
2073 1877 2132 1932 in

478 1965 790 2022 mensibus
800 1969 1501 2023 numeraturMonALiri-m.
1525 1965 1978 2022 llluminationis
1999 1981 2136 2021 nos-

476 2059 578 2110 tra
601 2069 797 2111 annus
814 2058 955 2111 tunc
979 2053 1303 2127 perﬁcitur,
1327 2053 1576 2127 quando
1603 2058 1926 2126 apparente
1967 2057 2131 2109 teter-

475 2158 555 2198 no
573 2142 773 2213 judice
805 2146 1025 2199 sanctis
1057 2141 1348 2210 Ecclesiae,
1377 2141 1869 2215 peregrinationis
1891 2155 2012 2198 suae
2039 2142 2127 2197 vi-

475 2237 536 2288 ta
566 2231 919 2304 completur.
965 2235 1126 2288 Tunc
1176 2231 1399 2288 laboris
1443 2231 1534 2286 sui
1580 2231 2126 2288 remunerationem

469 2321 730 2394 recipiet,
749 2337 888 2376 cum
909 2319 1144 2394 expleto
1169 2321 1284 2376 hoc
1303 2319 1443 2376 belli
1467 2325 1753 2392 tempore,
1773 2319 1850 2374 ad
1870 2319 2128 2392 patriam

469 2409 642 2476 redit,
664 2413 731 2464 ut
748 2407 898 2464 illud
913 2409 1218 2480 Propheta;
1243 2425 1256 2462 :
1277 2428 1307 2461 ς
1332 2407 1650 2464 Benedices
1681 2423 1969 2462 coronam
1985 2407 2128 2463 anni

469 2497 853 2566 benignitatis
875 2500 990 2552 tute
1013 2497 1204 2566 (Psal.
1233 2513 1386 2561 LXIV,
1416 2495 1520 2568 t2).
1553 2519 1580 2546 »
1615 2495 1746 2552 Dies
1791 2512 1931 2552 vero
1985 2496 2127 2553 anni

471 2585 656 2657 hujus
685 2589 821 2641 sunt
835 2583 1089 2655 singulae
1113 2599 1372 2658 quaeque
1398 2584 1668 2654 virtutes,
1727 2601 1964 2641 menses
2027 2601 2130 2641 au—

469 2678 590 2732 tem
620 2673 973 2746 multiplicia
1002 2673 1161 2730 facta
1180 2673 1482 2730 virtutum.
1512 2675 1594 2728 Ac
1616 2673 1664 2728 si
1698 2689 1841 2743 ergo
1893 2674 2125 2730 distric-

467 2768 596 2820 tum
623 2762 892 2834 judicem
919 2767 1119 2819 exoret
1139 2761 1376 2818 dicens:
1407 2766 1554 2819 Cum
1577 2762 1876 2836 completo
1907 2767 2126 2820 sanctae

469 2851 742 2909 Ecclesiae
773 2856 1064 2924 tempore,
1087 2855 1352 2908 extremo
1377 2855 1433 2908 te
1460 2851 1736 2908 examine
1751 2851 2123 2921 manifestas,
2156 2885 2196 2940 ρ

467 2942 548 2997 sic
577 2941 742 2998 dona
765 2957 902 3014 quae
933 2939 1233 2996 contulisti
1277 2956 1618 3010 remunera,
1675 2945 1739 2996 ut
1788 2939 1948 2998 mala
1985 2957 2123 3014 qua

465 3029 900 3098 commisimus,
939 3045 1062 3086 non
1091 3030 1380 3102 requiras.
1418 3031 1474 3087 Si
1512 3030 1673 3086 enim
1693 3045 1813 3087 nox
1838 3029 1938 3086 illa
1964 3047 2124 3088 com-

466 3124 729 3193 putatur,
761 3135 941 3176 omne
962 3119 1126 3192 quod
1153 3119 1388 3190 egimus
1415 3135 1493 3176 ex-
1533 3119 1842 3192 pravitatis
1899 3125 2120 3177 nostra:

465 3197 855 3265 aestimatione
876 3209 1264 3264 confunditur
1287 3227 1300 3276 ;
1329 3213 1386 3264 et
1399 3209 1528 3264 dies
1549 3209 1836 3264 virtutum
1848 3209 1977 3279 jam
1997 3227 2119 3266 non

461 3297 682 3365 lucent,
705 3295 755 3352 si
775 3295 886 3352 hos
909 3295 970 3351 in
1001 3299 1326 3370 conspectu
1359 3300 1460 3352 tuo
1479 3301 1876 3352 annumerata
1900 3304 2118 3355 nostrae

460 3385 652 3443 noctis
681 3385 998 3442 tenebrosa
1027 3384 1298 3440 confusio
1327 3385 1624 3441 obscuret.
1652 3385 1927 3458 Sequitur
1958 3403 1971 3440 :

534 3477 698 3531 Vens.
731 3479 784 3528 7.
810 3474 904 3529 Sit
934 3489 1052 3529 nox
1077 3473 1192 3528 illa
1205 3473 1706 3530 solitaria—Nox
1735 3471 1833 3528 illa
1855 3473 2120 3532 solitaria

459 3561 729 3631 efﬁcitur,
753 3561 898 3634 quia
921 3561 1596 3634 districtione-perpetua
1611 3578 1648 3618 a
1667 3562 2001 3634 frequentia
2022 3581 2118 3621 su-

456 3668 660 3727 pernae
688 3651 896 3726 patriaa
937 3656 1268 3726 separatur,
1327 3651 1527 3708 Aliter.
1585 3653 1674 3708 Ad
1719 3652 2116 3726 perditionem

455 3741 683 3815 quippe
713 3741 942 3798 socium
965 3736 1272 3798 heminem
1301 3741 1522 3798 fecerat
1573 3741 1706 3814 sibi,
1767 3758 1948 3816 quem
2005 3746 2114 3800 Re-

453 3829 785 3905 demptoris
815 3831 1066 3888 sublatis
1095 3831 1179 3888 eis
1207 3830 1313 3904 qui
1333 3831 1500 3888 electi
1531 3835 1690 3900 sunt,
1743 3831 1909 3888 solus
1959 3833 2114 3891 auﬁ-

449 3937 610 3994 quus
635 3920 824 3978 hostis
855 3937 994 3977 cum
1025 3937 1134 3977 suo
1159 3935 1410 3994 corpore
1440 3919 1675 3978 aeternis
1723 3920 1966 3992 ignibus
2011 3939 2111 3994 ge-

447 4010 660 4068 hennae
687 4009 1088 4085 mancipatur.
1126 4010 1432 4084 Sequitur:
1463 4012 1588 4068 Nec
1616 4010 1808 4068 laude
1824 4012 2109 4083 digna.—

449 4102 597 4156 Cum
627 4101 794 4170 enim,
809 4101 1148 4157 humanum
1181 4115 1373 4170 genus
1406 4099 1624 4156 erroris
1656 4101 1916 4158 tenebris
1945 4117 2108 4175 pres-

448 4205 612 4272 sum,
637 4189 784 4244 deos
801 4189 1031 4262 lapides
1057 4189 1341 4256 crederet,
1365 4189 1511 4262 quid
1541 4189 1706 4245 aliud
1745 4207 1931 4262 quam
1960 4207 2104 4247 noc-

449 4275 520 4331 tis
551 4275 830 4330 tenebras
851 4276 1120 4331 laudavit
1147 4275 1178 4330 ‘l
1206 4275 1350 4331 Hinc
1393 4277 1610 4331 Paulus
1640 4277 1719 4332 ait
1747 4295 1760 4332 :
1793 4298 1821 4330 «
1873 4279 2103 4336 Scimus

445 4363 588 4434 quia
612 4363 844 4420 idolum
865 4363 1010 4419 nihil
1041 4367 1129 4419 est
1150 4363 1208 4434 (Ι
1229 4364 1363 4419 Cor.
1412 4381 1534 4434 vui,
1591 4369 1668 4431 4).
1731 4388 1759 4414 ››
1802 4367 1916 4423 Sed
1964 4384 2098 4440 quae

440 4451 757 4508 immolant
781 4457 985 4523 gentes
1041 4451 1356 4508 daemoniis
1406 4453 1739 4510 immolant.
1799 4456 1930 4512 Sed
1961 4473 2098 4514 ecce

461 4558 560 4598 am
583 4541 908 4608 cernimus,
941 4542 1084 4615 quia
1113 4558 1233 4598 nox
1253 4541 1353 4598 illa
1383 4559 1505 4598 non
1536 4558 1664 4598 esse
1685 4543 1871 4614 digna
1917 4545 2096 4602 laude

435 4631 838 4703 cognoscitur,
880 4647 1018 4687 cum
1065 4647 1101 4687 a
1151 4631 1462 4706 redempto
1513 4632 1784 4688 humano
1855 4649 2093 4706 genere,

431 4717 732 4776 idolorum
761 4719 1065 4792 veneratio
1094 4720 1467 4794 reprobatur,
1488 4725 1542 4776 et
1570 4720 1834 4778 solitaria
1852 4737 1974 4779 nox
1998 4739 2092 4780 re-

428 4805 738 4878 linquitur,
763 4809 908 4881 quia
935 4826 1074 4864 cum
1101 4809 1390 4866 damnato
1421 4813 1695 4882 apostata
1745 4811 1954 4884 spiritu
2011 4813 2090 4870 ad

428 4897 726 4952 tormenta
755 4912 874 4952 non
903 4897 966 4953 it.
995 4901 1342 4954 Mensurae.
1369 4901 1518 4955 Sunt
1547 4899 1820 4956 nonnulli
1843 4901 1948 4974 qui
1963 4918 2086 4958 non

425 4983 620 5040 solum
641 5001 1028 5060 nequaquam
1059 4987 1280 5042 deﬂent
1308 4988 1473 5060 quod
1504 4988 1746 5061 faciunt,
1775 4991 1880 5046 sed
1903 4991 2078 5062 etiam

425 5071 674 5130 laudare
703 5078 758 5129 et
777 5072 1097 5130 defendere
1142 5091 1264 5130 non
1311 5073 1623 5132 desistunt.
1675 5079 1740 5132 Et
1797 5077 2082 5136 nimirum

421 5177 560 5216 cum
611 5161 947 5218 defenditur
1003 5161 1200 5235 culpa,
1259 5164 1616 5248 geminatur.
1664 5167 1880 5222 Contra
1913 5167 2078 5248 quod

418 5254 577 5304 recte
593 5250 807 5306 dicitur
837 5268 847 5305 :
875 5270 904 5304 «
931 5251 1190 5306 Peccasti
1209 5252 1237 5305 ‘I
1256 5267 1329 5306 ne
1350 5247 1598 5323 adjicias
1624 5253 1836 5309 iterum
1860 5247 2073 5324 (Eccli.

415 5353 560 5408 χχιι,
596 5341 668 5411 t).
701 5363 730 5390 ››
757 5343 840 5396 Ac
867 5339 918 5394 si
945 5355 1085 5412 ergo
1112 5340 1270 5397 dicat
1301 5359 1312 5396 :
1347 5340 1534 5413 Culpa
1590 5359 1776 5415 quam
1827 5343 2074 5398 fecimus

415 5427 544 5484 sola
575 5434 900 5498 remaneat,
925 5446 1033 5486 nec
1054 5429 1336 5487 laudatur
1354 5434 1410 5486 et
1433 5429 1788 5498 defenditur,
1823 5433 1882 5488 in
1927 5449 2071 5489 con-

413 5521 620 5592 spectu
660 5535 772 5576 nos
817 5519 1054 5591 judicis'
1087 5519 1472 5594 multiplicius
1530 5519 1864 5592 adstringat
1935 5525 2068 5578 Pec-

2265 299 2512 363 gueutes
2545 296 2637 351 vel
2667 312 2740 352 ea
2783 313 2917 368 quae
2949 295 3198 351 fecimus
3232 297 3354 350 sola
3409 297 3779 351 deseramus.
3817 298 3915 350 Se-

2261 382 2462 458 quitur
2493 401 2504 437 :

2331 511 2495 564 Vens.
2532 515 2584 566 8.
2617 510 2992 565 Malodicanf
3017 511 3068 566 ei
3103 511 3206 578 qui
3235 511 3598 575 maledicum
3631 510 3912 566 (Hell—In

2262 598 2436 654 veteri
2461 599 2845 654 translatione
2871 599 3085 654 dicitur
3121 617 3131 652 :
3167 619 3196 651 «
3240 599 3540 654 Maletlicat
3599 616 3757 667 eam,
3808 601 3913 675 qui

2257 686 2564 744 maledixit
2589 687 2768 752 diem,
2793 689 2895 760 qui
2923 695 3206 760 capturus
3230 694 3315 744 est
3346 687 3575 756 grande
3633 696 3850 742 celum.
3882 710 3910 740 »

2256 775 2591 838 Antichristi
2619 777 2778 832 enim
2808 776 2898 832 bis
2957 777 3148 834 verbis
3204 777 3456 849 perditio
3511 777 3908 849 [praevidener

2255 865 2599 937 providetur
2621 865 2834 922 futura.
2866 865 3152 933 Malignus
3184 882 3446 939 namque
3485 867 3742 938 spiritus,
3807 867 3908 940 qui

2254 970 2358 1026 per
2381 955 2659 1010 meritum
2691 971 2804 1010 nox
2839 961 2943 1010 est.
2979 954 3134 1010 diem
3165 973 3226 1010 se
3258 955 3316 1010 in
3360 955 3566 1010 mundi
3596 956 3786 1028 tinem
3838 956 3908 1012 si—

2252 1043 2460 1112 mulat,
2494 1061 2630 1100 cum
2661 1061 2722 1098 se
2753 1045 2928 1116 quasi
2969 1046 3152 1101 Deum
3210 1045 3555 1099 hominibus
3607 1045 3903 1113 ostendat.

2252 1136 2494 1189 Noctem
2524 1133 2700 1202 igitur
2725 1133 3042 1194 maledicit,
3076 1135 3179 1206 qui
3209 1134 3507 1192 maledicit
3527 1133 3708 1204 diem,
3763 1135 3908 1206 quia

2251 1221 2344 1276 ille
2377 1238 2531 1278 nunc
2559 1221 2982 1292 ejusmalitiam
3030 1222 3296 1291 destruit,
3355 1223 3458 1296 qui
3517 1222 3904 1280 illustrationc

2250 1310 2544 1366 adventus
2578 1309 2687 1377 sui,
2723 1315 2861 1366 tunc
2886 1310 3062 1364 etiam
3107 1301 3436 1382 potentiam
3492 1311 3622 1382 ejus
3682 1309 3904 1366 fortitu-

2249 1399 2407 1456 dinis
2434 1399 2770 1468 exstinguit.
2802 1400 2990 1468 Hujus
3022 1399 3180 1454 enim
3215 1399 3324 1456 ceti
3345 1400 3623 1455 fortitudo
3646 1399 3705 1454 in
3729 1400 3905 1472 aquis

2251 1489 2501 1562 capitur,
2531 1489 2674 1562 quia
2702 1488 2933 1560 antiqui
2961 1489 3150 1544 hostis
3171 1488 3432 1547 versutia
3477 1489 3760 1561 baptismi
3806 1507 3902 1560 sa-

2247 1583 2553 1645 cramento
2583 1584 2916 1650 superatur.
2947 1577 3042 1632 Hic
3071 1583 3269 1643 autem
3293 1579 3366 1638 de
3397 1577 3594 1632 electis
3636 1579 3766 1648 ejus
3798 1594 3903 1632 an-

2247 1667 2390 1738 gelis
2419 1667 2632 1726 dicitur
2661 1685 2672 1722 :
2712 1667 2874 1735 Diem
2907 1683 2967 1722 se
2997 1666 3222 1740 quippe
3255 1667 3608 1740 superbiens
3659 1668 3901 1741 Spiritus

2243 1761 2538 1813 ostentare
2567 1755 2746 1814 etiam
2775 1755 3058 1826 angelicis
3079 1747 3470 1829 potestatibus
3501 1757 3704 1824 voluit,
3759 1775 3898 1814 cum

2245 1863 2306 1902 se
2339 1845 2511 1919 quasi
2537 1845 2599 1900 in
2621 1845 2885 1919 potentia
2913 1846 3238 1902 divinitatis
3281 1862 3461 1922 super
3504 1852 3744 1902 caeteros
3801 1864 3898 1902 ex-

2243 1936 2477 2006 tollens,
2531 1939 2616 1992 tot
2665 1941 2800 2008 post
2856 1951 2916 1991 se
2969 1935 3046 1990 ad
3080 1935 3376 1992 interitum
3408 1935 3669 2004 legiones
3700 1941 3893 1996 traxrt.

2253 2025 2367 2084 Sed
2394 2025 2454 2082 hi
2477 2025 2579 2098 qui
2605 2024 2664 2080 in
2691 2029 2932 2080 auctore
2993 2041 3102 2082 suo
3153 2024 3362 2080 humili
3414 2025 3592 2084 corde
3628 2027 3894 2100 perstite-

2239 2119 2398 2184 runt,
2422 2131 2558 2170 cum
2589 2114 2772 2168 errori
2802 2115 2932 2184 ejus
2966 2119 3196 2171 nocte'u
3235 2115 3428 2170 inesse
3458 2114 3892 2188 conspicerent,

2239 2204 2399 2260 diem
2415 2202 2694 2260 claritatis
2724 2201 2879 2261 illius
2899 2203 2973 2258 de
3006 2202 3341 2274 semetipsis
3369 2202 3616 2259 humilia
3641 2203 3894 2258 sentien-

2237 2292 2318 2348 do
2349 2291 2746 2356 calcaverunt,
2779 2291 2882 2362 qui
2918 2307 3078 2346 nunc
3108 2290 3281 2346 nobis
3303 2290 3422 2349 doli
3454 2291 3582 2361 ejus
3615 2292 3891 2348 tenebras

2237 2380 2520 2449 indicant,
2554 2384 2610 2436 et
2634 2394 2823 2452 quam
2847 2379 3051 2435 sitillis
3083 2379 3471 2454 despicienda
3512 2379 3670 2435 facta
3727 2381 3894 2444 clari-

2238 2475 2326 2526 tas
2351 2469 2782 2526 demonstrant.
2838 2471 3182 2524 Monauren.
3237 2467 3320 2523 llli
3390 2469 3676 2527 veraciter
3731 2470 3892 2526 mala

2237 2562 2539 2617 transacta
2573 2572 2676 2629 per
2697 2557 3282 2615 animadversionem
3310 2556 3668 2632 paenitentiae
3715 2559 3893 2613 corri-

2237 2651 2402 2717 gunt,
2434 2645 2538 2718 qui
2563 2645 2692 2715 jam
2725 2644 2801 2700 ad
2835 2645 2994 2700 bona
3019 2643 3282 2700 fallentia
3304 2645 3471 2700 nulla
3500 2645 3889 2702 delectatione

2234 2733 2570 2805 rapiuntur.
2605 2737 2728 2788 Non
2753 2749 2906 2806 quos
2939 2733 3137 2790 adhuc
3168 2735 3348 2790 noxia
3401 2733 3520 2790 alia
3568 2733 3884 2799 delectant,

2236 2823 2456 2880 falsum
2485 2829 2573 2880 est
2595 2823 2762 2896 quod
2791 2824 2975 2878 cernit
3005 2841 3068 2892 ll‘,
3101 2824 3244 2896 quia
3275 2829 3614 2897 perpetrata
3644 2823 3760 2888 alia
3791 2827 3890 2880 de-

2235 2913 2492 2985 plorant.
2517 2913 2692 2970 Aliter
2717 2929 2738 2968 .·
2761 2912 2842 2968 Illi
2865 2919 3192 2970 trausactas
3215 2913 3422 2990 culpas
3449 2929 3585 2970 vere
3606 2913 3886 2992 puniunt,

2233 3001 2336 3074 qui
2365 3000 2612 3072 maligni
2641 3001 2972 3058 seductoris
2993 3001 3240 3058 insidias
3259 3001 3318 3065 in
3341 3001 3474 3074 ipsa
3499 3001 3724 3068 blanda
3753 3019 3890 3076 sug-

2233 3090 2495 3160 gestione
2521 3089 2998 3165 deprehendunt.
3029 3089 3304 3163 Sequitur
3337 3109 3350 3145 :
3382 3089 3496 3158 Qui
3512 3094 3724 3162 parati
3745 3099 3887 3150 sunt

2229 3181 2525 3236 suscitare
2546 3178 2906 3234 Leniat/tan.
2928 3178 3324 3236 —l.eviathan
3365 3179 3593 3252 quippe
3646 3181 3888 3241 addita-

2229 3273 2487 3324 mentum
2525 3283 2726 3324 eorum
2781 3266 3216 3340 interpretatur,
3268 3267 3586 3327 hominum
3640 3269 3882 3338 scilicet,

2229 3355 2370 3428 quia
2401 3361 2724 3430 postquam
2751 3357 3010 3429 primum
3041 3356 3284 3430 culpam
3317 3357 3476 3427 mala
3504 3359 3886 3429 suggestione

2226 3444 2440 3515 intulit,
2463 3445 2619 3500 hanc
2647 3444 2914 3516 quotidie
2945 3460 3164 3516 augere
3211 3446 3584 3515 gravioribus
3632 3463 3883 3520 persua-

2225 3532 2497 3590 sionibus
2526 3548 2651 3588 non
2677 3533 2926 3592 desistit.
2961 3534 3060 3594 Vel
3099 3541 3252 3591 certe
3310 3551 3417 3608 per
3469 3537 3882 3609 exprobratio-

2223 3639 2366 3680 nem
2393 3623 2872 3694 additamentum
2893 3624 3212 3682 hominum
3227 3625 3460 3683 dicitur.
3476 3627 3590 3683 Eos
3615 3643 3882 3706 namque

2221 3712 2286 3769 in
2366 3713 2650 3787 paradiso
2724 3713 3095 3774 immortales
3165 3715 3404 3788 reperit,
3460 3716 3568 3774 sed
3609 3716 3884 3776 divinita-

2223 3805 2344 3859 tem
2363 3803 2786 3876 promittendo,
2817 3803 3327 3864 immortalitatem
3372 3805 3689 3870 calliditate
3741 3807 3882 3867 sub-

2221 3891 2412 3951 traxit.
2474 3891 2661 3961 Electi'
2707 3890 2869 3950 enim
2939 3891 3179 3966 spiritus
3247 3893 3580 3968 superbum
3635 3899 3878 3968 aposta-

2218 3983 2348 4048 tam
2403 3981 2828 4056 comprimunt,
2879 3981 3026 4056 quia
3073 3981 3332 4040 humiles
3368 3984 3530 4042 hunc
3577 3985 3745 4059 sequi
3772 4000 3881 4042 no-

2217 4067 2476 4141 luerunt,
2507 4069 2775 4146 ipsisque
2819 4070 3378 4140 administrantibus
3420 4073 3778 4148 disponitur,
3807 4079 3878 4130 ut

2219 4157 2301 4214 ad
2354 4158 2822 4230 internecionem
2897 4161 3022 4239 apti
3075 4161 3414 4218 certaminis
3469 4161 3872 4232 destruendus

2134 4233 2179 4287 ο
2215 4247 2484 4308 funditus
2537 4248 2908 4322 quandoque
2947 4233 3290 4310 revocetur.
3343 4253 3688 4318 Memmium.
3735 4254 3874 4321 0m.-

2213 4350 2320 4392 nes
2347 4333 2454 4408 qui
2481 4349 2553 4400 ea
2581 4350 2718 4408 quae
2740 4335 2954 4395 mundi
2973 4340 3110 4405 sunt
3136 4343 3335 4404 mente
3378 4340 3630 4410 calcant,
3684 4346 3741 4415 et
3793 4356 3871 4398 ea

2209 4439 2346 4496 quae
2373 4421 2479 4487 Dei,
2497 4426 2639 4481 sunt
2666 4422 2849 4496 plena
2885 4422 3210 4484 intentione
3263 4427 3626 4502 desiderant,
3673 4428 3871 4487 Levia-

2209 4513 2354 4572 than
2379 4515 2592 4584 contra
2617 4527 2678 4568 se
2705 4511 3016 4581 suscitant,
3037 4514 3184 4586 quia
3206 4516 3335 4586 ejus
3361 4516 3652 4588 malitiam
3694 4519 3867 4576 insti-

2205 4601 2446 4674 gatione
2471 4618 2593 4658 suae
2625 4601 3092 4672 conversationis
3117 4602 3517 4669 inﬂammant.
3573 4609 3721 4660 Nam
3754 4611 3868 4684 qui
3969 4648 3990 4660 .

2203 4691 2332 4762 ejus
2362 4689 2652 4748 voluntati
2678 4689 2928 4762 subjecti
2954 4695 3112 4760 sunt,
3156 4691 3330 4766 quasi
3372 4689 3578 4764 quieto
3626 4691 3705 4748 ab
3754 4695 3866 4756 illo

2193 4778 2330 4850 jure
2350 4777 2748 4851 possidentur.
2777 4782 2840 4837 Et
2889 4779 3065 4854 quasi
3119 4779 3357 4849 dormit,
3416 4779 3568 4838 dum
3625 4783 3862 4856 SOpitus

2197 4866 2262 4932 in
2289 4883 2498 4924 eorum
2523 4883 2712 4940 pravo
2738 4867 2917 4938 corde
2957 4868 3232 4945 quiescit.
3284 4869 3399 4927 Sed
3449 4872 3738 4928 excitatur
3789 4873 3856 4930 in

2193 4956 2616 5029 provocatione
2637 4957 3142 5026 certaminis,cum
3153 4958 3253 5032 jus
3274 4957 3538 5016 amiserit
3555 4976 3853 5034 perversae

2193 5035 2642 5104 dominationis.
2674 5046 2743 5102 Hi
2771 5062 2914 5119 ergo
2968 5053 3177 5110 contra
3225 5053 3542 5122 peccatum
3573 5049 3706 5118 forti
3755 5053 3852 5124 ju-

2190 5133 2345 5192 dicio
2371 5133 2752 5192 districtionis
2783 5153 2844 5191 se
2871 5136 3126 5207 erigunt,
3157 5137 3260 5210 qui
3286 5138 3352 5195 in
3407 5139 3534 5194 suis
3583 5141 3848 5198 tentatio-

2187 5221 2366 5279 nibus
2404 5223 2660 5282 excitare
2691 5224 3008 5297 antiquum
3036 5225 3450 5288 adversarium
3474 5245 3596 5293 non
3643 5227 3848 5286 formi-

2183 5311 2348 5368 dant.
2377 5312 2654 5384 Sequitur
2685 5330 2698 5367 :

2253 5435 2424 5492 Vens.
2449 5442 2503 5493 9.
2537 5437 3013 5494 Obtenebrentur
3047 5441 3308 5511 caligine
3331 5443 3522 5499 steuw
3541 5444 3836 5512 βίαι-1η

2182 5523 2484 5596 Scriptura
2514 5541 2687 5583 sacra
2709 5526 3036 5601 aliquando
3059 5537 3403 5588 sanctorum
3418 5531 3651 5602 justitia
3677 5531 3836 5589 desi-
