4158 6192
191 124 279 176 Ml
586 165 590 170 .
1070 123 1358 176 ΕΡΙΤΟΜΕ
1390 122 1750 177 MORALIUM
1785 122 1842 174 S.
1869 120 2071 174 GREG.
2109 123 2171 174 IN
2199 122 2340 176 JOB.
2366 153 2434 162 —-
2475 125 2599 178 LIB.
2634 127 2721 180 IV.

3503 133 3609 186 142

184 249 419 310 gnatur,
445 248 507 298 ut
531 243 747 298 Paulus
768 243 1075 316 apostolus
1106 245 1220 299 ait:
1253 269 1278 293 ‹‹
1312 248 1371 299 ιιι
1404 244 1603 300 medio
1652 246 1843 300 natio-
1872 247 1921 298 A
1954 243 2154 310 tando,
2188 246 2503 309 sustinuit:
2538 247 2640 302 sed
2670 247 3006 305 venientem
3038 250 3284 308 minime
3305 254 3606 323 cognovit.

184 332 272 387 nis
302 348 506 404 pravae
544 338 602 388 et
626 348 935 405 perversae.
966 332 1114 386 inter
1146 350 1298 404 quns
1340 333 1549 388 lucetis
1578 334 1730 390 sicut
1758 334 1843 389 lu-

184 421 442 477 minaria
468 422 528 477 in
572 421 800 476 mundo
847 421 1031 487 (Phil.
1061 438 1119 489 ιι,
1147 427 1251 487 15).
1282 444 1307 470 »ι
1358 421 1697 494 Aliquando
1738 424 1845 493 hy-

184 512 557 583 pocritarum
595 511 753 566 ﬁctio
804 510 1271 573 demonstratur.
1306 518 1368 566 ιιι
1412 512 1552 568 illud
1590 531 1601 567 :
1649 536 1675 560 ιι
1698 513 1846 568 ιιιειι

182 598 369 653 draco
396 598 676 658 caudam.
709 604 764 652 et
803 598 971 653 traxit
1003 605 1232 670 partem
1281 599 1585 653 stellarum
1633 600 1841 670 (Apoc.

182 704 284 756 xu,
318 689 394 757 4).
434 710 461 734 η
512 694 591 741 Ac
641 687 688 741 si
735 703 876 755 ergo
924 686 1129 743 dicat:
1189 689 1407 744 Contra
1462 704 1566 743 eos
1620 692 1845 760 quante

183 777 198 843 (
220 776 469 831 Videtur
480 775 721 842 phrasis
744 780 1055 843 corrupta)
1097 776 1396 831 humanos
1446 776 1675 845 oculos,
1701 792 1850 847 qua—

184 865 233 919 si
262 864 438 919 bonis
468 864 753 935 operibus
790 864 1126 937 splendent,
1162 866 1386 921 malitia
1433 865 1664 937 antiqui
1712 865 1850 920 bos-

184 953 253 1008 tis
279 952 539 1007 obscura
572 953 909 1023 praevaleat,
942 960 999 1007 et
1034 956 1147 1009 hoc
1188 954 1356 1026 quod
1395 958 1537 1009 ante
1578 956 1849 1009 humana

185 1040 407 1113 judicia
436 1048 843 1112 sumpserant,
875 1043 1079 1097 lumen
1129 1043 1324 1098 laudis
1371 1044 1700 1115 deponant.
1739 1045 1851 1099 Mo-

184 1148 433 1186 mmsen.
464 1131 653 1185 Stellae
679 1132 904 1203 quippe
933 1132 1121 1187 noctis
1162 1130 1413 1199 caligine
1441 1133 1849 1200 tenebrantur,

184 1218 436 1291 quando
463 1225 520 1273 et
548 1219 606 1273 hi
636 1220 739 1291 qui
764 1220 1005 1287 magnis.
1022 1222 1150 1289 iam
1174 1221 1490 1277 virtutibus
1511 1220 1847 1292 splendent,

186 1308 385 1363 adhuc
410 1308 484 1362 de
513 1306 873 1363 obscuritate
906 1308 1096 1381 enlpe
1128 1309 1354 1381 aliquid
1384 1309 1701 1364 retinentes
1723 1325 1849 1363 sus-

186 1397 392 1457 tinent.
428 1403 488 1451 ut
521 1396 698 1451 etiam
731 1413 955 1463 magna
983 1398 1250 1453 claritate
1270 1398 1527 1459 luceant,
1556 1403 1618 1453 ut
1649 1403 1847 1453 tamen

185 1486 385 1541 adhuc
413 1487 603 1541 noctis
634 1486 860 1557 reliqua
891 1486 1158 1542 nolentes
1186 1489 1440 1543 trahant.
1480 1488 1645 1542 Unde
1690 1493 1748 1543 et
1787 1486 1853 1543 in.

1952 335 2092 397 Quae
2116 338 2174 389 et
2203 335 2499 403 surgentis
2524 352 2756 392 aurora
2786 342 2984 394 ortum
3009 355 3134 396 non
3159 340 3324 407 vidit,
3350 343 3496 415 quin
3522 345 3613 400 in,

1950 421 2125 478 ﬁrma
2144 422 2244 479 illa
2268 428 2489 479 sanctae
2516 425 2785 481 Ecclesiae
2805 427 3135 497 primordia
3162 432 3436 488 venerari
3465 449 3610 489 con-

1956 510 2211 581 tempsit.
2248 514 2590 569 Mensurae.
2637 514 3016 579 Quantalibet
3053 516 3379 576 intentione
3413 521 3616 578 adhuc

1952 598 2267 668 peregrina
2309 615 2480 655 mens
2519 605 2772 671 satagat,
2804 600 3005 657 videre
3053 602 3249 661 lucem
3306 607 3459 664 sicut
3504 613 3611 674 est,

1952 701 2076 741 non
2105 687 2278 757 valet,
2309 687 2453 760 quia
2483 689 2638 745 hanc
2667 690 2721 744 ei
2763 689 3175 747 damnationis
3226 710 3353 749 sua:
3381 696 3621 753 caecitas

1954 772 2291 829 abscondit.
2326 777 2501 831 Ortus
2529 792 2669 832 vero
2698 782 2791 833 est
2819 793 3051 833 aurorae.
3079 778 3180 835 illa
3210 796 3371 837 nova
3406 783 3618 840 nativi~

1955 867 2047 917 tas
2073 864 2520 920 resurrectionis
2546 865 2837 921 Ecclesiae.
2873 867 3015 922 Hinc
3041 868 3331 924 Dominus
3351 871 3431 927 ait
3455 888 3471 925 :
3497 894 3527 921 η
3553 877 3617 927 In

1956 952 2401 1020 regeneratione
2424 971 2565 1009 cum
2596 955 2815 1011 sederit
2860 955 3019 1011 filius
3055 958 3317 1013 hominis
3366 959 3429 1015 in
3476 960 3623 1016 sede

1957 1040 2288 1110 maiestatis
2315 1058 2440 1097 suae
2474 1044 2711 1111 (Matth.
2738 1061 2847 1111 xix,
2880 1046 2990 1115 28).
3021 1069 3050 1094 ››
3086 1047 3199 1103 Sed
3246 1047 3627 1119 quantalibet

1955 1125 2173 1203 virtute
2217 1128 2383 1184 electi
2426 1147 2588 1186 nunc
2634 1132 2922 1203 fulgeant,
2953 1140 3265 1205 penetrare
3310 1142 3621 1209 nequeunt

1956 1231 2092 1286 quae
2120 1217 2232 1272 erit
2252 1217 2349 1274 illa
2379 1235 2551 1274 novus.
2578 1221 2905 1277 nativitatis
2932 1222 3145 1293 gloria,
3171 1241 3294 1296 qua
3327 1230 3469 1282 tunc
3494 1243 3623 1283 car-

1954 1320 2031 1359 ne
2057 1306 2136 1361 ad
2165 1308 2705 1380 contemplandum
2742 1311 3081 1368 aeternitatis
3107 1311 3311 1369 lumen
3356 1314 3623 1372 abscon-

1956 1393 2128 1450 dunt.
2164 1396 2459 1467 Sequitur.

2030 1486 2199 1539 Vens.
2248 1484 2330 1539 ιθ.
2375 1486 2527 1553 Quia
2572 1502 2691 1542 non
2724 1489 2994 1543 conclusi
3036 1491 3189 1546 ostia
3240 1493 3464 1547 ventris
3518 1509 3629 1564 qui

188 1584 342 1633 terra
365 1576 849 1647 repromissionis
880 1577 939 1631 in
986 1575 1189 1631 medio
1222 1577 1503 1647 Ephraim
1534 1576 1711 1632 tribui
1747 1593 1847 1632 ca-
1881 1596 1920 1649 Β
1951 1575 2221 1640 portavit
2252 1590 2364 1643 me,
2396 1591 2505 1631 nec
2532 1575 2783 1632 abstulit
2821 1579 2989 1633 mala
3015 1578 3092 1634 ab
3120 1581 3310 1635 oculis
3355 1583 3521 1637 meis.
3553 1614 3623 1623 ——

186 1670 394 1719 nentes
449 1663 625 1723 tribu.
662 1662 901 1718 talarius
952 1665 1319 1736 relinquitur.
1368 1666 1564 1721 Aliter.
1598 1670 1721 1721 Nox
1763 1670 1863 1721 est

187 1769 523 1809 consensus
553 1752 926 1823 adculpam,
956 1769 1091 1823 (fuere
1143 1754 1217 1807 ad
1253 1770 1365 1811 nos
1415 1753 1591 1825 primi
1640 1770 1849 1825 paren-

190 1843 259 1898 tis
286 1848 373 1897 est
414 1858 666 1897 excessu
708 1846 1057 1912 propagata.
1096 1846 1329 1913 Nosque
1375 1843 1505 1913 jam
1550 1846 1683 1914 post
1728 1859 1851 1912 μω-

188 1949 331 1988 nam
362 1931 439 1986 ad
473 1933 629 1986 hanc
658 1932 838 1987 vitam
870 1932 1160 1991 damnati.
1192 1949 1331 1987 cum
1385 1932 1591 1990 mortis
1638 1933 1860 1991 merito

187 2024 483 2077 venimus.
520 2022 671 2078 Multi
708 2028 905 2077 tamen
932 2022 991 2075 in
1067 2022 1325 2076 tenebris
1360 2022 1495 2077 vitae
1540 2022 1855 2093 praesentis

187 2111 337 2165 dum
396 2111 704 2181 superiora
760 2110 835 2164 de
885 2127 946 2165 se
1004 2109 1282 2181 exempla
1329 2110 1630 2171 exhibent,
1666 2116 1849 2166 astro-

186 2216 324 2277 rum
358 2215 520 2254 more
546 2198 718 2254 nobis
747 2199 1010 2270 desuper
1040 2198 1256 2253 lucent.
1291 2199 1399 2264 Qui
1431 2205 1629 2254 tamen
1655 2215 1849 2271 quan-

187 2288 391 2345 tolibet
420 2304 483 2342 se
512 2288 646 2356 igne
673 2288 1155 2360 compunctionis
1182 2289 1530 2355 accendant,
1556 2288 1701 2343 dum
1725 2305 1850 2342 cor-

190 2377 453 2450 ruptibili
482 2376 681 2432 adhuc
728 2394 904 2432 carne
955 2378 1184 2442 gravati
1232 2382 1390 2436 sunt.
1422 2383 1709 2433 aeternum
1759 2376 1847 2431 lu-

188 2482 349 2535 men,
374 2465 526 2521 sicut
545 2471 651 2541 est,
667 2465 863 2520 videre
876 2482 993 2520 nou
1015 2472 1282 2536 possunt.
1305 2466 1466 2520 Dicat
1489 2482 1657 2533 ergo:
1686 2466 1852 2521 Obte-

188 2554 725 2609 nebrenturstettic
751 2554 1009 2623 caligine
1042 2554 1187 2621 ejus.
1232 2553 1291 2607 Id
1326 2559 1412 2608 est
1455 2553 1636 2608 etiam
1664 2553 1745 2608 illi
1788 2553 1851 2608 in

187 2641 696 2712 contemplatione
721 2658 829 2695 sua
846 2641 1107 2713 antiquae
1146 2642 1335 2696 noctis
1356 2642 1557 2696 adhuc
1576 2642 1851 2697 tenebras

187 2731 470 2799 sentiant,
492 2728 568 2785 de
588 2730 810 2801 quibus
833 2730 1113 2785 nimirum
1137 2735 1370 2785 constat
1391 2731 1555 2801 quod
1582 2732 1850 2786 humano

184 2819 393 2889 generi
420 2817 484 2873 in
508 2818 687 2887 hujus
720 2818 849 2872 vine
882 2818 1130 2885 caligine
1166 2820 1444 2873 virtutum
1475 2836 1723 2874 suarum
1753 2836 1849 2875 ra—

183 2910 325 2965 dios
346 2908 710 2979 expandant.
738 2910 1045 2979 Sequitur:
1072 2910 1386 2976 Exspecth
1421 2910 1631 2973 lucem,
1656 2915 1708 2963 et
1730 2925 1850 2963 non

184 2999 409 3055 valeat.
444 3029 512 3036 ——
537 3000 657 3051 Lux
686 2997 972 3051 Dominus
995 3003 1100 3051 cst.
1126 2998 1253 3067 Ipse
1280 2998 1505 3068 quippe
1528 2997 1641 3052 ait:
1675 3022 1697 3043 ‹‹
1733 3000 1849 3065 Ego

182 3104 326 3143 sum
356 3086 459 3141 lux
487 3085 696 3141 mundi
733 3087 952 3152 (.loan.)
985 3101 1107 3152 VIII,
1140 3090 1242 3151 1'2).
1274 3109 1299 3133 ››
1343 3088 1465 3140 Nox
1508 3102 1648 3140 vero
1700 3093 1851 3141 tene-

184 3176 411 3232 brosus
441 3175 646 3230 hostis.
679 3191 816 3228 cum
849 3174 1134 3229 membris
1161 3175 1287 3229 suis
1334 3181 1438 3237 est,
1474 3190 1607 3245 quis
1653 3176 1851 3231 lucem

182 3267 573 3336 exspectatet
593 3278 712 3319 non
736 3262 909 3317 videt.
937 3263 1087 3327 Quia
1122 3263 1206 3317 vel
1235 3263 1295 3318 hi
1344 3264 1443 3334 qui
1489 3262 1671 3320 (idem
1726 3263 1859 3319 sine,

180 3351 479 3426 operibus
506 3352 759 3406 retinent
786 3368 923 3405 cum
951 3367 1061 3422 pro
1091 3351 1305 3407 eadem
1350 3351 1465 3407 Iide
1497 3352 1557 3409 in
1585 3356 1851 3408 extremo

174 3440 417 3513 judicio
443 3439 669 3495 salvere
721 3456 783 3494 se
838 3454 1020 3511 posse
1078 3439 1406 3503 conﬁdunt,
1438 3456 1575 3511 spes
1614 3440 1853 3497 illorum

180 3528 588 3594 frustrabitur,
646 3534 711 3582 ut
786 3527 847 3582 hi
915 3528 1019 3601 qui
1065 3545 1173 3600 pro
1234 3529 1513 3584 humana
1557 3528 1735 3584 laude
1792 3529 1852 3584 in

179 3618 356 3674 bona
388 3617 617 3672 actione
648 3634 710 3671 se
740 3616 1039 3681 exhibent,
1072 3617 1133 3672 in
1165 3633 1404 3673 cassum
1435 3617 1852 3674 advenientem

176 3706 457 3777 judicem
480 3704 929 3762 retributionem
960 3704 1265 3761 bonorum
1290 3720 1543 3776 operum
1588 3709 1851 3777 sperant,

179 3796 442 3851 Veritate
487 3797 821 3859 attestante,
866 3810 1003 3866 quae
1051 3792 1131 3849 ait
1166 3811 1177 3848 :
1241 3798 1429 3849 Amen
1471 3794 1606 3849 dico
1652 3793 1850 3857 vobis,

178 3886 544 3956 receperunt
593 3881 934 3938 mercedem
993 3897 1165 3937 suam
1236 3882 1478 3951 (Matth.
1533 3898 1630 3946 vn,
1695 3882 1769 3951 2).
1826 3904 1853 3929 υ

179 3970 468 4046 Sequitur
501 3987 514 4024 :
555 3970 678 4025 Nec
706 3974 901 4025 ortum
931 3971 1230 4037 surgentis
1261 3984 1521 4026 aurorae.
1570 4000 1638 4009 -—
1668 3974 1854 4024 Auro-

177 4078 247 4118 ra
302 4060 544 4134 quippe
602 4056 863 4113 Ecclesia
907 4057 1141 4125 dicitur,
1189 4072 1326 4127 quas
1379 4073 1417 4112 ει
1470 4062 1857 4128 peccatorum

180 4164 443 4209 suorum
497 4144 778 4214 tenebris,
829 4145 907 4202 ad
943 4144 1143 4201 lucem
1183 4144 1424 4215 justitiie
1462 4150 1854 4217 permutatur.

183 4243 262 4297 De
289 4254 428 4312 qua.
455 4234 714 4291 dicitur:
756 4256 783 4283 ‹‹
814 4236 955 4298 Quin
998 4238 1087 4293 est
1125 4234 1238 4291 ista
1275 4250 1409 4306 quae
1457 4233 1856 4308 progreditur,

181 4326 373 4401 quasi
396 4340 617 4382 aurora
640 4338 1014 4393 consurgens
1044 4322 1073 4377 ‘2
1096 4345 1123 4372 »
1171 4324 1368 4392 (Cant.
1396 4340 1477 4394 γι,
1510 4324 1584 4393 9.)
1642 4326 1703 4379 In
1758 4322 1860 4379 illa

182 4417 373 4488 igitur
396 4414 553 4481 luce,
578 4429 713 4485 quae
735 4413 797 4469 in
821 4411 1068 4469 districti
1090 4411 1311 4483 judicis
1347 4412 1611 4469 adventu
1651 4428 1855 4469 mons-

186 4502 471 4574 kabitur,
501 4518 721 4574 corpus
759 4500 1031 4558 damnati
1072 4500 1260 4559 hostis
1309 4505 1507 4557 ortum
1556 4500 1857 4571 surgentis

188 4608 435 4651 aurorae
462 4606 586 4646 non
617 4590 791 4660 videt,
818 4589 964 4663 quia
1010 4588 1255 4661 iniquus
1306 4589 1561 4663 quisque
1609 4605 1861 4646 suorum

188 4680 450 4751 caligine
469 4680 820 4736 meritorum
841 4696 1109 4752 pressus,
1127 4682 1356 4751 quanta
1377 4679 1640 4736 claritate
1652 4685 1865 4736 sancta

190 4769 465 4828 Ecclesia
482 4769 545 4825 in
564 4769 869 4825 internum
887 4768 1088 4825 cordis
1106 4768 1311 4824 lumen
1351 4773 1575 4838 surgat,
1604 4768 1856 4837 ignorat.

191 4860 345 4926 Qum
369 4857 551 4914 etiam
581 4857 842 4914 Ecclesia
869 4858 931 4913 in
975 4856 1204 4928 judicio
1234 4855 1433 4913 adhuc
1465 4872 1685 4914 aurora
1730 4857 1859 4927 erit,

194 4947 311 5004 sed
338 4945 400 5002 in
429 4960 614 5016 regno
637 4946 786 5003 dies.
817 4948 995 5003 Ortus
1026 4946 1227 5017 itaque
1275 4961 1507 5001 aurorae
1554 4949 1644 5001 est
1688 4961 1861 5001 exor-

193 5037 373 5095 dium
400 5035 780 5093 clarescenh's
831 5034 1120 5101 Ecclesiae,
1156 5051 1342 5106 quem
1380 5034 1580 5090 videre
1623 5034 1861 5108 reprobi

193 5129 528 5197 nequeunt,
558 5124 707 5197 quia-
732 5125 793 5180 in
823 5127 1148 5197 conspectu
1167 5122 1413 5179 districti
1430 5122 1649 5193 judicis
1671 5124 1859 5180 malo-

194 5230 338 5271 rum
359 5229 610 5270 suorum
624 5213 890 5287 pondere
907 5212 1095 5286 pressi
1115 5212 1193 5268 ad
1214 5211 1492 5278 tenebras
1513 5214 1864 5284 pertrahun-

198 5309 318 5360 tur.
342 5305 423 5359 De
444 5303 666 5375 quibus
687 5303 982 5376 propheta
1006 5302 1086 5358 ait
1116 5319 1128 5357 :
1181 5326 1208 5351 «ι
1241 5301 1501 5357 Tollatur
1538 5302 1758 5374 impius
1786 5318 1862 5357 ne

200 5392 667 5462 ddeatgloriam
683 5394 826 5464 justi
853 5394 996 5463 ([sa.
1025 5409 1174 5460 xxvr,
1201 5392 1305 5462 IO).
1333 5416 1362 5442 »
1394 5392 1608 5447 Aliter:
1655 5393 1863 5447 Judaea

200 5481 407 5539 lucem
425 5483 809 5556 exspectavit,
843 5486 1050 5537 etnon
1092 5480 1257 5549 vidit,
1285 5480 1427 5553 quia
1474 5481 1727 5538 humani
1769 5498 1866 5551 ge-

200 5569 374 5633 muit
401 5570 863 5645 Redemptorem
902 5572 1242 5633 venturum,
1272 5570 1441 5641 quod
1467 5573 1561 5627 est
1611 5571 1866 5645 prophe-

1958 1661 2131 1726 Quod
2185 1663 2511 1736 unicuique
2558 1665 2792 1722 homini
2840 1671 3046 1723 venter
3096 1672 3188 1723 est
3232 1668 3463 1734 matris,
3508 1671 3629 1726 hoc

1962 1750 2241 1807 universo
2269 1752 2540 1810 humano
2571 1755 2773 1824 generi
2804 1755 3022 1811 exstitit
3048 1755 3153 1812 illa
3173 1774 3411 1814 summa
3451 1774 3627 1831 para-

1957 1839 2091 1895 disi.
2127 1843 2208 1896 Ex
2237 1841 2373 1914 ipsa
2404 1858 2669 1915 namque
2708 1844 3049 1900 humanum
3098 1861 3289 1915 genus
3341 1846 3505 1903 velut
3550 1864 3623 1903 ex

1961 1932 2163 1985 ventre
2215 1929 2436 2002 prodiit
2500 1932 2613 1987 Sed
2671 1932 2852 2002 hujus
2905 1933 3126 1989 ventris
3168 1934 3323 1990 ostia
3377 1919 3629 2008 serpens

1958 2018 2217 2089 aperuit,
2245 2036 2383 2075 cum
2414 2020 2807 2091 persuasione
2831 2022 3048 2078 callida
3086 2024 3146 2079 in
3195 2024 3374 2080 corde
3426 2025 3625 2081 homi-

1961 2107 2055 2161 nis
2127 2108 2483 2164 mandatum
2547 2110 2782 2166 caeleste
2852 2110 3141 2168 dissolvit.
3196 2116 3311 2169 Nec
3383 2117 3631 2169 moveat

1958 2196 2125 2267 quod
2165 2212 2287 2251 non
2329 2196 2693 2253 conclusisse
2748 2200 3055 2271 quaeritur,
3081 2217 3267 2273 quem
3315 2203 3625 2275 aperuisse

1958 2283 2222 2356 paradisi
2260 2284 2515 2354 januam
2562 2285 2904 2343 detestatur.
2942 2291 3067 2343 Non
3120 2289 3414 2346 conclusit
3461 2290 3629 2346 enim

1958 2372 2119 2442 dicit,
2176 2373 2428 2444 aperuit,
2489 2379 2545 2429 et
2593 2374 2755 2445 mala
2810 2391 2933 2432 non
2990 2377 3256 2443 abstulit,
3314 2378 3631 2449 irrogavit.

1960 2461 2139 2526 Quasi
2165 2462 2324 2516 enim
2352 2463 2626 2531 auferret,
2662 2464 2712 2518 si
2758 2464 3111 2536 quiesceret,
3144 2471 3199 2521 et
3243 2467 3421 2538 quasi
3463 2466 3631 2523 ciuus

1958 2552 2129 2606 deret
2186 2550 2236 2605 si
2275 2550 2353 2606 ab
2392 2551 2719 2624 irruptioue
2768 2560 3049 2610 cessaret.
3077 2557 3425 2611 Mensurae.
3459 2555 3623 2611 Ostia

1957 2639 2182 2711 quippe
2260 2639 2479 2695 ventris
2545 2645 2686 2696 sunt
2757 2640 3058 2698 desideria
3119 2643 3627 2715 concupiscentia

1958 2728 2235 2791 carnalis,
2263 2728 2338 2784 de
2367 2729 2589 2800 quibus
2619 2745 2729 2800 per
2768 2731 3129 2802 prophetam
3173 2731 3426 2788 dicitur:
3473 2754 3509 2782 κν
3533 2735 3627 2788 In-

1959 2822 2049 2872 tra
2073 2816 2135 2873 in
2164 2817 2443 2873 cubicula
2474 2823 2595 2883 tua,
2629 2822 2686 2874 et
2714 2818 2929 2875 claude
2958 2820 3115 2876 ostia
3142 2824 3249 2877 tua
3286 2821 3429 2891 (lsa.
3462 2837 3627 2890 χαι,

1959 2908 2069 2971 20).
2104 2928 2131 2955 ››
2168 2910 2289 2961 Nox
2323 2923 2460 2961 vero
2491 2911 2584 2961 est
2610 2906 2789 2978 culpa
2816 2908 3065 2979 peccati,
3106 2925 3243 2981 quae
3279 2909 3437 2965 ostia
3481 2925 3629 2965 ven-

1961 2996 2062 3049 tris
2088 2994 2339 3066 aperuit,
2388 2994 2529 3065 quia
2559 3001 2848 3066 concepto
2879 3011 2917 3050 a
2967 3001 3212 3068 peccato
3254 2997 3486 3053 homini
3521 2998 3631 3053 de-

1960 3084 2178 3140 sideria
2206 3084 2704 3156 concupiscentiis
2734 3085 3038 3155 reseravit,
3070 3102 3192 3142 non
3214 3085 3523 3155 conclusit,
3558 3091 3626 3142 ut

1961 3189 2148 3246 supra
2198 3172 2451 3244 aperuit,
2484 3176 2541 3228 et
2597 3189 2721 3228 non
2775 3172 3037 3244 abstulit,
3070 3173 3372 3244 irrogavit.
3416 3174 3623 3247 Sequi»

1962 3267 2055 3317 tur
2074 3280 2086 3317 :

2032 3355 2196 3408 Vens.
2228 3357 2311 3406 lt.
2348 3353 2544 3419 Quare
2572 3366 2692 3407 non
2722 3352 2785 3406 ui
2817 3353 3001 3408 vulva
3046 3358 3320 3408 mortuus
3357 3354 3533 3409 smn?
3560 3356 3629 3409 et

1958 3441 2208 3513 reliqua.
2238 3472 2304 3479 —
2338 3442 2603 3504 Quatuor
2626 3439 2849 3512 quippe
2887 3439 3084 3495 modis
3126 3444 3441 3513 peccatum
3483 3456 3627 3513 per-

1962 3536 2230 3603 petretur
2256 3530 2318 3584 in
2348 3529 2549 3595 corde,
2590 3534 2850 3601 quatuor
2885 3534 3341 3586 consummatur
3372 3530 3435 3585 in
3475 3546 3623 3603 φει-

1964 3635 2025 3674 re
2056 3637 2068 3673 :
2100 3620 2165 3673 In
2213 3618 2392 3673 corde
2439 3634 2707 3691 namque
2752 3618 3160 3689 suggestione,
3208 3618 3621 3690 delectatione,

1963 3724 2262 3764 consensu
2337 3711 2396 3763 et
2470 3706 2833 3762 defensionis
2906 3707 3165 3764 audacia
3225 3712 3618 3781 perpetretur.

1962 3797 2179 3852 Iisdem
2209 3796 2388 3852 etiam
2432 3801 2691 3868 quatuor
2742 3796 2943 3853 modis
2990 3801 3309 3868 peccatum
3344 3814 3633 3856 consums-

1968 3888 2185 3950 matur,
2242 3884 2305 3938 in
2357 3900 2536 3956 opere
2578 3903 2591 3938 :
2659 3884 2825 3939 Prius
2880 3900 3144 3956 namque
3198 3884 3388 3942 latens
3443 3885 3639 3959 euripi

1966 3972 2109 4039 agit,
2141 3972 2531 4043 postmodum
2560 3972 2743 4027 etiam
2764 3976 2901 4027 ante
2930 3971 3137 4027 oculos
3156 3972 3472 4028 hominum
3499 3972 3633 4029 sine

1967 4059 2318 4114 confusione
2348 4064 2548 4113 reatus
2579 4061 2863 4130 aperitur,
2892 4074 2963 4113 ac
3014 4058 3153 4113 hinc
3199 4058 3261 4115 in
3315 4063 3635 4115 consuetu-

1967 4147 2173 4203 dinem
2227 4146 2461 4216 dicitur,
2513 4146 2591 4201 ad
2634 4151 2967 4202 extremum
3023 4161 3267 4219 quoque
3311 4151 3419 4203 aut
3460 4146 3637 4204 falsas

1971 4236 2101 4310 spei
2129 4235 2579 4292 seductionibus
2609 4235 2703 4292 vel
2730 4235 3128 4292 obstinatione
3157 4236 3386 4293 miserae
3417 4237 3630 4309 despe-

1968 4325 2214 4382 rationis
2244 4324 2553 4383 enutritur.
2616 4327 2832 4382 Beatus
2883 4324 3065 4394 igitur
3110 4324 3201 4381 vir
3231 4326 3491 4382 humani
3532 4342 3641 4396 ger

1968 4414 2127 4471 neris
2181 4414 2389 4487 lapsus
2450 4413 2722 4485 aspiciat,
2778 4417 2835 4468 et
2886 4413 3090 4470 dicat:
3149 4414 3348 4481 Quare
3402 4431 3523 4472 non
3565 4416 3641 4472 iis

1970 4505 2153 4560 vulva
2180 4508 2455 4559 mortuus
2478 4518 2605 4558 sum
2630 4504 2657 4559 ‘2
2689 4501 2756 4557 Id
2792 4505 2903 4569 est,
2935 4501 2996 4558 in
3038 4502 3171 4575 ipsa
3217 4503 3453 4560 occulta
3497 4519 3641 4576 per-

1968 4592 2301 4665 petratione
2356 4590 2607 4663 peccati.
2649 4607 2755 4646 cur
2797 4606 2835 4646 a
2882 4591 3080 4647 carnis
3128 4590 3249 4648 vita
3275 4591 3640 4648 mortiﬁcare

1971 4697 2066 4736 me
2097 4680 2305 4737 nolui?
2336 4682 2643 4751 Sequitur:
2675 4679 2964 4749 Egressus
2995 4695 3070 4735 ea:
3120 4685 3308 4745 utero,
3343 4696 3463 4735 non
3508 4684 3637 4736 sta-

1971 4770 2075 4824 tim
2094 4769 2296 4837 perii?
2316 4799 2384 4807 -
2410 4766 2479 4822 Id
2495 4770 2605 4830 est,
2646 4770 2969 4837 postquam
2998 4766 3076 4822 ad
3122 4770 3393 4838 apertam
3424 4766 3637 4839 iniqui-

1969 4861 2153 4913 tatem
2184 4856 2319 4925 exii,
2352 4870 2459 4910 cur
2484 4869 2581 4911 me
2610 4858 2751 4909 tunc
2780 4854 2991 4910 saltem
3018 4854 3320 4928 perditum
3367 4871 3490 4913 non
3536 4872 3634 4913 co-

1970 4943 2150 5016 gnovi
2182 4945 2210 5000 ?
2240 4942 2508 4999 Periisset
2534 4940 2757 5015 quippe
2792 4942 2855 4997 in
2888 4959 2997 4999 suo
3018 4942 3267 5015 judicio,
3299 4944 3350 5000 si
3393 4960 3454 5001 se
3506 4961 3643 5017 per-

1970 5035 2163 5090 ditum
2185 5032 2587 5103 cognovisset.
2618 5031 2898 5104 Sequitur
2931 5052 2943 5088 :

1969 5127 2158 5180 Vnus.
2180 5129 2262 5179 t2.
2281 5124 2479 5191 Quare
2508 5128 2791 5191 exceptus
2817 5123 3065 5191 genibus
3087 5123 3114 5176 ’ἶ
3146 5154 3215 5165 --
3241 5123 3311 5179 Id
3354 5129 3460 5191 est,
3500 5128 3649 5195 post:

1970 5217 2242 5287 apertam
2259 5211 2636 5284 culpam,cur
2646 5227 2743 5267 me
2755 5210 2958 5267 adhuc
2970 5211 3032 5267 in
3056 5211 3157 5268 illa
3178 5213 3361 5268 etiam
3389 5225 3661 5267 censue...

1969 5302 2116 5358 tudo
2134 5300 2418 5373 suscepit,
2436 5304 2501 5356 ut
2516 5300 2905 5357 valentiorem
2925 5300 3005 5356 ad
3020 5301 3317 5371 nequitias
3342 5297 3654 5369 redderet,

1970 5397 2025 5448 et
2048 5392 2247 5465 pravis
2260 5390 2524 5446 motibus
2550 5391 2848 5447 sustinens
2872 5390 3134 5446 foveret?
3161 5386 3467 5457 Sequitur:
3521 5387 3655 5444 Cur

1973 5484 2091 5539 lact
2097 5488 2156 5538 at
2165 5499 2230 5537 us
2245 5481 2521 5538 uberibus
2534 5485 2563 5536 ?
2590 5512 2658 5522 ——
2686 5481 2747 5536 Id
2764 5483 3207 5550 est,postqua.m
3222 5474 3283 5531 in
3296 5474 3488 5550 culpis
3506 5494 3623 5534 con

1973 5570 2353 5626 suetudinem
2375 5570 2645 5637 veni,cur
2668 5584 2773 5624 me
2790 5566 2869 5624 ad
2894 5562 3253 5621 atrociorem
3285 5566 3657 5637 nequitiam,
