4158 6192
514 66 617 119 143

1572 57 1628 111 S.
1663 53 1922 110 ODONIS
1950 54 2241 110 ABBATIS
2281 58 2783 113 (ZLUNIACENSIS
2812 59 2874 111 ll.

3835 54 3942 106 144

505 184 601 242 vel
625 182 791 240 falsae
812 180 940 254 spei
961 177 1206 249 ﬁducia,
1236 177 1334 235 vel
1359 177 1510 234 lacte
1534 177 1769 233 miserae
1797 174 2162 248 desperatio-
2194 180 2239 232 Α
2276 178 2460 235 videri
2483 179 2709 252 aliquid
2743 175 3178 245 volunt,densis
3210 173 3639 246 cogitationum
3669 173 3939 229 tumulti-

506 274 603 331 nis
634 269 883 330 enutrivi
903 271 930 326 ‘I
968 273 1233 339 Augetur
1261 267 1442 323 etiam
1466 266 1647 339 culpa
1683 264 1989 321 favoribus
2017 280 2162 320 enu-

508 363 813 419 trita.Rinc
837 358 1121 416 Salomon
1144 356 1262 413 ait:
1297 378 1325 405 ‹‹
1348 354 1456 410 Fili
1496 355 1600 423 mi,
1626 354 1672 411 si
1719 359 1775 410 te
1820 353 2164 410 lactaverint

504 454 871 525 peccatores,
894 464 970 504 ne
992 445 1344 519 acquiescas
1366 446 1569 513 (Prov.
1589 461 1627 514 ι,
1655 444 1762 510 tO).
1788 464 1817 494 »
1842 442 2162 500 Sciendum

501 554 746 612 quoque
765 534 934 610 quod
957 539 1077 590 tres
1095 532 1199 589 illli
1221 537 1421 589 motus
1441 532 1839 606 peccantium,
1858 530 2032 601 juxta
2047 529 2163 585 dis-

501 644 710 685 cessus
739 624 831 680 sui
876 623 1151 680 ordinem
1200 620 1434 678 facilius
1482 621 1879 690 corriguntur,
1909 622 2161 692 quartus

498 733 642 773 vero
671 715 782 771 iste
811 711 1112 768 difﬁcilius
1133 710 1508 768 emendatur.
1536 709 1700 766 Unde
1726 713 1783 764 et
1803 707 2163 781 Redemptor

498 808 704 862 noster
730 800 994 875 puellam
1033 799 1093 856 in
1137 799 1342 867 domo,
1373 799 1656 871 juvenem
1704 802 1870 854 extra
1898 801 2155 871 portam,

501 896 790 949 Lazarum
827 890 902 945 de
930 887 1227 961 sepulcro,
1257 890 1538 960 quartum
1572 902 1711 943 vero
1741 901 1864 943 non
1914 884 2160 941 suscitat

498 984 827 1037 mortuum.
864 976 1068 1033 Aliter:
1119 978 1316 1045 Quare
1359 992 1479 1033 non
1547 977 1609 1032 in
1659 975 1841 1032 vulva
1886 979 2158 1030 mortuus

498 1085 626 1125 sum
648 1071 676 1124 7
703 1067 771 1123 Id
798 1070 905 1136 est,
929 1082 1069 1122 cum
1099 1065 1389 1138 serpentis
1419 1063 1723 1135 suggestio
1752 1079 1849 1119 me
1879 1061 2156 1135 concipe-

496 1161 604 1228 ret,
657 1162 795 1215 tunc
865 1155 1098 1212 utinam
1175 1171 1312 1228 quae
1392 1169 1489 1209 me
1564 1169 1727 1210 mors
1785 1155 2152 1225 sequeretur,

498 1246 900 1317 agnovissem,
930 1260 1006 1300 ne
1031 1260 1223 1318 usque
1253 1243 1332 1300 ad
1361 1242 1820 1299 delectationem
1849 1239 2153 1312 suggestio

493 1338 811 1408 raperet,et
838 1333 1015 1390 morti
1033 1332 1255 1389 arctius
1278 1332 1506 1403 ligaret.
1536 1330 1837 1403 Sequitur:
1860 1331 2150 1401 Egressus

494 1440 570 1482 ea:
600 1430 790 1490 utero,
821 1439 941 1479 non
965 1422 1171 1478 statim
1197 1421 1356 1489 perii
1384 1423 1413 1475 φ
1458 1422 1538 1475 Ac
1572 1419 1621 1474 si
1649 1419 1808 1474 dicat
1846 1436 1859 1474 :
1914 1417 2148 1475 Utinam

2272 268 2477 338 bus,in
2501 269 2679 325 corde
2697 267 3476 340 comprimuntur.Dumque
3496 262 3939 318 desideriorum

2271 358 2478 413 turbas
2500 358 2655 414 intra
2690 374 2751 413 se
2787 356 3064 425 excitant,
3088 358 3443 429 prostratam
3488 357 3750 407 mentem
3780 352 3941 425 pede

2270 445 2521 503 miseria:
2552 444 3046 519 frequentationis
3078 442 3331 499 calcant.
3363 446 3433 497 At
3492 444 3699 496 contra
3742 442 3938 496 sancti

2269 533 2549 608 viri,quia
2568 534 2711 590 nihil
2730 534 2911 605 hujus
2932 532 3142 589 mundi
3170 534 3480 604 appetunt,
3506 528 3684 585 nullis
3723 530 3937 602 procul

2268 621 2455 680 dubio
2475 623 2536 679 in
2552 623 2730 679 corde
2743 621 3172 693 cogitationum
3187 619 3540 676 tumultibus
3554 624 3933 691 premuntur.

2270 711 2628 769 Solitudines
2648 726 2790 781 ergo
2811 709 3104 766 aediﬁcare
3121 713 3211 764 est
3229 725 3263 764 a
3286 712 3510 764 secreto
3525 706 3721 763 cordis
3751 711 3935 763 terre-

2267 817 2485 857 norum
2505 800 2939 857 desideriorum
2964 798 3253 855 tumultus
3276 796 3591 870 expellere,
3610 800 3667 852 et
3695 812 3818 852 una
3848 796 3935 851 in-

2266 890 2526 947 tentione
2555 895 2787 946 aeterna;
2820 888 3045 963 patriae,
3077 887 3138 943 in
3165 903 3435 943 amorem
3456 885 3679 942 intimae
3710 885 3934 958 quietis

2266 979 2569 1036 anhelare.
2587 981 2679 1035 An
2700 994 2822 1035 non
2847 982 3094 1035 cunctos
3115 993 3151 1032 a
3172 993 3233 1032 se
3259 975 3689 1048 cogitationum
3713 974 3941 1032 tumul-

2264 1073 2360 1125 tus
2379 1068 2691 1141 expulerat
2717 1068 2823 1141 qui
2852 1067 3090 1124 dicebat
3118 1066 3146 1121 ‘2
3176 1089 3202 1115 ‹‹
3238 1065 3432 1121 Unam
3473 1064 3612 1137 petii
3656 1081 3692 1119 a
3737 1064 3935 1121 Domi-

2265 1172 2367 1227 no,
2393 1155 2550 1213 hanc
2577 1156 2882 1228 requiram
2908 1159 2973 1212 ut
3011 1153 3341 1211 inhabilem
3370 1153 3441 1208 in-
3478 1153 3663 1209 domo
3696 1152 3935 1209 Domini

2266 1244 2457 1315 (Psal.
2516 1261 2680 1315 xxvr,
2725 1246 2782 1317 4)
2812 1267 2839 1294 ››
2901 1246 3007 1299 Et:
3068 1266 3096 1291 ‹‹
3141 1245 3285 1299 Ecce
3340 1241 3614 1311 elongavi
3672 1240 3932 1312 fugiens,

2265 1338 2324 1390 et
2363 1334 2560 1389 mansi
2601 1332 2664 1388 in
2716 1332 3033 1389 solitudine
3079 1333 3264 1403 (Psal.
3298 1348 3408 1401 Liv,
3469 1330 3543 1401 8).
3576 1348 3602 1377 ι
3661 1332 3728 1386 Et
3766 1331 3933 1385 ‘Jere—

2266 1423 2420 1480 mias
2444 1423 2561 1480 ait:
2622 1445 2650 1472 «
2682 1425 2731 1477 Α
2774 1422 2926 1479 facie
2981 1437 3201 1479 manus
3249 1425 3365 1477 tuae
3408 1419 3571 1476 solus
3614 1418 3931 1488 sedebam,

494 1512 574 1569 ad
600 1511 952 1568 exteriorem
980 1507 1435 1565 delectationem
1451 1506 1675 1575 exiens,
1707 1522 1831 1580 quo
1875 1504 2152 1563 interiore
2189 1528 2228 1580 Β
2265 1513 2556 1586 quoniam
2585 1511 3052 1569 comminatione
3079 1509 3314 1584 replesti
3350 1525 3443 1566 me
3473 1510 3616 1580 (Jer.
3647 1526 3749 1578 xv,
3782 1510 3932 1580 17).»

491 1602 718 1659 lumine
742 1599 1045 1673 privabar,
1074 1598 1476 1670 agnovissem,
1497 1603 1555 1654 et
1585 1597 1795 1655 saltem
1811 1597 1874 1654 in
1888 1597 2021 1670 ipsa
2048 1598 2152 1652 de-

491 1689 805 1747 lectatione
835 1687 1278 1756 occumberem,
1311 1703 1386 1743 ne
1425 1703 1533 1761 per
1578 1702 1944 1744 consensum
1986 1702 2152 1742 mors

493 1777 689 1836 acrius
713 1777 952 1850 puniret
976 1777 989 1831 l
1025 1776 1337 1848 Sequitur:
1401 1776 1527 1833 Cur
1554 1782 1829 1846 exceptus
1857 1775 2104 1846 genibus
2133 1779 2153 1831 ,ν

493 1870 578 1923 Ac
607 1864 658 1922 s‘i
688 1866 849 1922 dicat
875 1884 888 1921 :
944 1865 1182 1922 Utinam
1213 1863 1459 1921 minime
1490 1881 1587 1920 me
1637 1880 1968 1920 consensus
2019 1863 2156 1920 sub-

486 1956 656 2029 jectis
687 1956 889 2028 pravis
917 1954 1195 2011 sensibus
1225 1953 1576 2027 excepisset,
1610 1970 1721 2009 nec
1747 1953 1880 2026 ipsa
1908 1969 2156 2010 consen-

490 2046 572 2104 tio
598 2063 695 2102 me
725 2044 1045 2101 audaciam
1076 2043 1335 2100 deterius
1364 2044 1635 2117 raperet!
1670 2042 1983 2116 Sequitur:
2029 2044 2155 2100 Cur

493 2138 752 2194 laetatus
776 2132 1103 2191 uberibus?
1157 2132 1219 2188 Id
1258 2137 1366 2201 est,
1397 2132 1629 2188 utinam
1684 2131 1952 2188 blandiri
2004 2131 2154 2187 mihi

489 2224 687 2281 saltim
717 2227 852 2296 post
889 2222 1049 2279 mala
1097 2226 1436 2295 perpetrata
1483 2220 1830 2289 voluissem,
1862 2235 1937 2277 ne
1989 2225 2153 2277 tanto

486 2330 586 2371 me
625 2312 884 2385 nequius
926 2310 1345 2382 astringerem,
1377 2314 1605 2383 quanto
1650 2308 1888 2366 mollius
1933 2308 1996 2365 in
2049 2308 2151 2365 illa

488 2419 587 2459 me
617 2404 883 2457 foverem
908 2400 921 2455 !
959 2399 1235 2472 Sequitur
1259 2416 1271 2454 :

562 2492 730 2545 Vens.
755 2488 837 2545 l3.
856 2489 1034 2544 Nunc
1053 2488 1209 2543 enim
1231 2486 1529 2543 dormiens
1551 2488 1806 2557 silerem,
1838 2491 1893 2543 et
1930 2501 2150 2542 sommo

492 2595 619 2636 meo
640 2575 1269 2649 requiescerem.—-Ad
1285 2575 1399 2631 hoc
1427 2576 1612 2632 homo
1642 2576 1701 2630 in
1732 2574 2018 2648 paradiso
2046 2591 2151 2648 po-

495 2664 641 2721 situs
672 2665 882 2731 fuerat,
906 2668 971 2720 ut
1000 2663 1049 2719 si
1091 2680 1153 2720 se
1200 2663 1503 2721 Conditori
1523 2680 1632 2720 suo
1676 2664 2043 2733 astringeret,
2070 2662 2150 2720 ad

494 2754 790 2811 cmlestem
814 2752 1169 2824 angelorum
1190 2752 1446 2826 patriam
1477 2753 1845 2827 quandoque
1879 2753 2006 2808 sine
2028 2769 2154 2809 car-

491 2842 586 2899 nis
606 2846 799 2899 morte
816 2842 1107 2909 transiret,
1132 2841 1193 2898 in
1209 2858 1333 2915 qua
1343 2842 1439 2899 vel
1452 2858 1722 2916 peccare,
1745 2842 1838 2898 vel
1852 2841 2009 2897 mori
2031 2857 2151 2897 non

490 2935 712 3004 posset.
761 2931 885 2986 Hoc
919 2929 1134 3004 quietis
1176 2929 1474 2985 silentium
1522 2931 1707 2986 homo
1753 2928 1981 2992 habuit,
2014 2946 2151 2985 eum

491 3024 698 3076 contra
725 3020 965 3075 hostem
995 3035 1172 3074 suum
1202 3018 1460 3075 liberum
1487 3018 1810 3074 voluntatis
1841 3017 2153 3074 arbitrium

492 3108 742 3181 accepit,
768 3108 867 3164 cui
887 3108 1031 3181 quia
1063 3124 1176 3164 sua
1205 3111 1417 3180 sponte
1439 3107 1774 3174 succubuit,
1804 3123 1944 3162 mox
1972 3106 2047 3163 de
2091 3123 2154 3163 se

491 3197 664 3271 quod
692 3201 900 3253 contra
925 3212 988 3252 se
1029 3200 1427 3270 perstreperet
1472 3195 1717 3251 invenit.
1752 3195 1895 3251 Hinc
1938 3195 2155 3253 Paulus

496 3287 604 3343 ait:
631 3308 658 3337 «
682 3285 865 3341 Video
899 3284 1080 3341 aliam
1123 3285 1319 3357 legem
1359 3284 1421 3341 in
1458 3284 1748 3341 membris
1785 3284 1931 3341 meis
1963 3285 2149 3356 (Rom.

491 3391 592 3445 vn,
609 3376 722 3446 23).
748 3397 777 3426 ››
807 3378 941 3449 Ipsa
964 3374 1125 3430 enim
1147 3374 1344 3431 carnis
1366 3374 1689 3445 suggestio,
1707 3373 1883 3447 quasi
1903 3373 2153 3446 quidam

491 3463 720 3521 clamor
765 3469 854 3520 est
899 3467 1107 3520 contra
1153 3462 1417 3536 quietem
1470 3462 1710 3531 mentis,
1760 3478 1947 3534 quam
2015 3466 2154 3518 ante

491 3552 1029 3624 transgressionem
1050 3552 1235 3607 homo
1250 3567 1373 3607 non
1395 3550 1596 3607 sensit.
1629 3550 1905 3624 Sequitur
1933 3568 1944 3605 :

562 3646 734 3701 VERS.
768 3647 851 3700 14.
888 3643 1038 3700 Cum
1076 3642 1316 3713 regibus
1359 3647 1417 3697 et
1460 3641 1804 3697 consulibus
1852 3647 2050 3699 terrce.
2086 3673 2154 3681 —-

488 3736 676 3803 Reges
726 3748 849 3789 non
905 3730 1204 3786 immerito
1258 3729 1616 3801 angelorum
1656 3729 1897 3802 spiritus
1940 3729 2153 3803 accipi-

488 3839 626 3879 mus
655 3822 762 3895 qui
789 3837 913 3894 quo
940 3819 1170 3876 auctori
1189 3819 1465 3875 omnium
1489 3818 1840 3875 familiarius
1863 3819 2150 3888 serviunt,

487 3927 560 3968 eo
627 3910 899 3983 subjecta
950 3908 1149 3982 potius
1205 3913 1438 3981 regunt.
1484 3908 1595 3974 Qui
1665 3908 1822 3964 bene
1877 3907 2153 3965 consules

486 4004 799 4068 vocantur,
849 3998 994 4072 quia
1040 3997 1189 4054 dum
1234 3998 1382 4072 ipsis
1425 3997 1842 4054 nuntiantibus
1882 3997 2153 4054 volunta-

487 4093 607 4146 tem
662 4087 997 4147 Conditoris
1041 4087 1453 4157 agnoscimus,
1480 4085 1542 4142 in
1581 4086 1665 4143 eis
1707 4086 1916 4158 procul
1963 4086 2148 4142 dubio

486 4177 829 4232 consultum
858 4175 938 4231 ab
968 4176 1246 4245 angustia
1294 4180 1512 4232 ηοεινω
1551 4175 1948 4232 tribulationis
1989 4175 2150 4232 inve-

482 4265 705 4321 nimus.
728 4266 879 4320 Cum
909 4264 1130 4337 quibus
1151 4265 1338 4320 homo
1359 4263 1663 4332 dormiret,
1686 4265 1832 4336 quia
1860 4263 2148 4320 nimirum

484 4370 624 4410 cum
663 4353 747 4408 eis
792 4353 1144 4425 quiesceret,
1187 4352 1236 4407 si
1270 4351 1641 4425 persuaseris
1664 4351 1936 4424 linguam
1979 4353 2150 4427 sequi

483 4441 790 4499 noluisset.
824 4440 1042 4497 Aliter:
1091 4442 1278 4510 Reges
1316 4443 1455 4495 sunt
1494 4440 1683 4497 sancti
1723 4440 2146 4513 praedicatores

484 4531 778 4599 Ecclesiae,
803 4529 909 4604 qui
934 4534 991 4586 et
1014 4529 1372 4586 commissos
1398 4528 1507 4585 sibi
1540 4534 1694 4585 recte
1718 4528 2059 4603 disponere,
2089 4534 2148 4588 et

480 4638 590 4678 sua
617 4622 772 4677 bene
798 4635 1003 4690 regere
1030 4635 1285 4692 corpora
1313 4617 1531 4675 sciunt.
1557 4619 1667 4685 Qui
1714 4619 1862 4675 dum
1915 4619 2146 4677 deside-

476 4713 705 4768 riorUm
762 4711 823 4767 in
872 4726 934 4766 se
981 4714 1184 4766 motus
1226 4712 1579 4781 temperant,
1628 4725 1809 4782 super
1861 4709 2141 4782 subjectis

477 4798 940 4867 cogitationibus
996 4797 1127 4868 lege
1175 4796 1404 4853 virtutis
1471 4801 1745 4868 regnant.
1803 4797 1914 4864 Qui
1986 4798 2140 4856 bene

477 4888 659 4944 etiam
715 4886 996 4943 consules
1053 4891 1224 4943 tet-rte
1282 4888 1592 4956 vocantur,
1640 4886 1784 4958 quia
1836 4888 2140 4945 exstinctis

472 4976 890 5051 peccatoribus
959 4975 1095 5031 vita:
1163 4973 1514 5039 consultum
1560 4973 1843 5047 praebent.
1904 4976 2016 5041 Qui
2083 4981 2140 5033 et

469 5071 737 5125 terrenas
769 5069 1001 5121 mentes
1034 5080 1142 5138 per
1184 5063 1613 5120 exhortationis
1648 5080 1771 5120 suae
1820 5064 2135 5122 consilium

469 5156 550 5214 ad
575 5154 837 5213 cmlestia
862 5153 1233 5227 pertrahunt.
1265 5153 1485 5210 Consul
1515 5153 1678 5210 enim
1698 5158 1824 5211 erat
1848 5155 1952 5228 qui
1981 5155 2139 5212 dicc-

467 5245 608 5302 bat:
667 5269 694 5295 ‹‹
725 5248 803 5301 De
828 5242 1161 5313 virginibus
1221 5246 1422 5299 autem
1468 5248 1847 5316 praeceptum
1901 5243 2134 5300 Domini

467 5349 593 5390 non
621 5333 841 5402 habeo,
871 5331 1189 5390 consilium
1221 5336 1424 5388 autem
1449 5331 1529 5387 do
1555 5334 1615 5402 (Ι
1643 5333 1778 5389 Cor.
1815 5348 1911 5403 vn,
1945 5337 2059 5400 25).
2106 5356 2133 5383 ››

470 5422 782 5492 Sequitur:
831 5421 945 5488 Qui
971 5420 1270 5489 aediﬁcant
1316 5419 1430 5475 sibi
1466 5420 1836 5476 solitudines.
1874 5450 1941 5458 —
1992 5421 2131 5475 Om-

464 5526 572 5568 nes
588 5508 749 5566 enim
765 5508 869 5581 qui
886 5509 977 5565 vel
997 5507 1198 5566 illicita
1221 5510 1531 5582 appetunt,
1550 5506 1643 5564 vel
1671 5507 1732 5564 in
1758 5508 1872 5565 hoc
1902 5508 2132 5566 mundo

2189 4231 2231 4285 Ι)

2260 1602 2539 1675 Sequitur
2563 1619 2577 1657 :

2335 1693 2506 1747 Vens.
2542 1690 2626 1745 15.
2657 1690 2808 1746 Cum
2831 1689 3215 1760 principibus
3237 1689 3343 1760 qui
3353 1687 3659 1758 possident
3681 1702 3925 1747 aurum.

2264 1787 2320 1838 et
2341 1780 2574 1850 replent
2599 1779 2801 1836 domos
2824 1795 2966 1836 suas
2992 1783 3263 1850 argento.
3293 1809 3363 1817 —--
3393 1778 3557 1842 Quos
3589 1775 3737 1832 alios
3766 1775 3929 1849 prin-

2263 1868 2447 1942 cipes,
2472 1867 2591 1924 nisi
2621 1871 2841 1923 sanctae
2884 1866 3155 1923 Ecclesiae
3186 1871 3443 1924 rectores
3472 1869 3650 1920 vocat
3677 1864 3705 1919 ?
3762 1866 3927 1937 Quos

2262 1956 2664 2013 indesinenter
2693 1956 2912 2012 inloco
2951 1955 3409 2029 praecedentium
3462 1953 3926 2026 praedicatorum

2263 2046 2468 2103 divina
2495 2044 2862 2118 dispensatio
2888 2044 3190 2115 subrogat.
3230 2047 3307 2100 De
3350 2043 3572 2116 quibus
3601 2041 3793 2097 eidem
3825 2044 3928 2096 Ec-

2263 2135 2459 2190 clesiae
2489 2133 2800 2189 Psalmista
2826 2133 2945 2190 ait:
2973 2157 2998 2183 ‹‹
3035 2136 3140 2188 Pro
3165 2131 3435 2205 patribus
3475 2132 3590 2186 tuis
3621 2130 3746 2185 nati
3785 2135 3926 2184 sunt

2262 2221 2363 2277 tibi
2396 2223 2517 2287 ﬁlii,
2547 2246 2573 2272 »
2621 2228 2677 2278 et
2717 2221 2947 2293 reliqua
3007 2222 3195 2289 (Psal.
3232 2236 3383 2285 xuv,
3425 2220 3527 2289 l7).
3570 2217 3721 2282 Quid
3776 2234 3917 2273 vero

2263 2326 2477 2366 aurum
2510 2308 2623 2365 nisi
2646 2310 3003 2381 sapientiam
3036 2308 3344 2381 appellat?
3374 2311 3439 2364 Ut
3476 2307 3622 2363 illud
3655 2306 3924 2363 Salomo-

2264 2399 2403 2455 nis:
2446 2422 2472 2448 «
2508 2400 2844 2455 Thesaurus
2898 2397 3314 2454 desiderabilis
3361 2396 3676 2469 requiescit
3718 2395 3776 2450 iu
3824 2412 3926 2451 ore

2265 2488 2550 2561 sapientis
2580 2490 2782 2554 (Prov.
2812 2505 2924 2553 χχι,
2958 2489 3068 2559 20).
3100 2512 3126 2537 ››
3160 2486 3312 2553 Quid
3344 2492 3541 2542 autem
3575 2502 3681 2559 per
3709 2485 3928 2541 domos

2266 2577 2378 2633 nisi
2431 2577 2807 2634 conscientizn
2859 2576 3249 2646 designantur
3276 2578 3303 2632 ‘?
3345 2575 3507 2631 Unde
3548 2581 3757 2631 sanato
3809 2575 3930 2631 cui-

2267 2667 2409 2722 dam
2439 2666 2690 2723 dicitur:
2724 2689 2750 2714 ‹‹
2784 2666 2943 2721 Vade
2968 2666 3028 2721 in
3059 2665 3311 2721 domum
3354 2670 3517 2723 tuam
3566 2665 3808 2733 (Matth.
3846 2680 3925 2733 ix,

2266 2760 2341 2817 6.)
2374 2780 2402 2805 »
2435 2755 2585 2821 Quid
2613 2772 2718 2829 per
2748 2758 3084 2825 argentum,
3119 2753 3233 2809 nisi
3262 2752 3502 2825 eloquia
3540 2752 3743 2809 divina
3770 2752 3926 2823 ligu-

2265 2844 2518 2900 rantur?
2552 2848 2629 2900 De
2654 2844 2873 2917 quibus
2909 2860 3012 2915 per
3044 2842 3418 2898 l‘salmistam
3448 2840 3694 2897 dicitur:
3731 2862 3758 2888 «
3794 2840 3925 2896 Elo-

2265 2935 2408 3008 quia
2438 2934 2687 3000 Domini,
2721 2933 2959 3006 eloquia
2990 2938 3174 2999 casta,
3204 2937 3518 3001 argentum
3542 2930 3679 3001 igne
3697 2929 3925 2986 exami-

2264 3030 2475 3081 natum
2511 3025 2695 3095 (Psal.
2743 3041 2827 3093 xi,
2870 3026 2943 3093 7).
2995 3046 3019 3071 n
3100 3022 3157 3078 Si
3223 3021 3381 3077 enim
3447 3024 3759 3094 parentem
3812 3020 3929 3092 pri-

2265 3131 2433 3171 mum
2509 3113 2675 3169 nulla
2730 3112 2956 3186 peccati
3008 3111 3263 3185 putredo
3346 3113 3774 3183 corrumperet,
3828 3124 3927 3164 ne-

2263 3218 2575 3275 quaquam
2605 3217 2677 3257 ex
2705 3218 2766 3258 se
2796 3200 2950 3257 ﬁlios
2997 3201 3286 3270 gehennae
3345 3204 3674 3270 generaret.
3707 3197 3818 3254 Sed
3864 3197 3926 3253 hi

2261 3290 2367 3364 qui
2394 3306 2554 3346 nunc
2585 3306 2692 3363 per
2722 3288 3197 3361 redemptionem
3224 3286 3494 3344 salvandi
3520 3290 3677 3353 sunt,
3702 3284 3815 3340 soli
3844 3284 3925 3341 ab

2261 3379 2362 3436 illo
2386 3379 2553 3436 electi
2582 3382 2985 3435 nascerentur.
3022 3376 3275 3434 Eosdem
3305 3391 3445 3447 ergo
3467 3374 3684 3431 electos
3711 3373 3929 3447 aspicit

2261 3467 2352 3523 vir
2381 3471 2643 3536 sanctus,
2677 3471 2856 3538 atque
2883 3463 3194 3539 quomodo
3221 3480 3360 3521 cum
3388 3463 3473 3520 eis
3489 3462 3796 3537 quiescere
3821 3477 3920 3535 po-

2266 3556 2487 3624 tuisset,
2520 3554 2789 3611 intendit.
2826 3555 3139 3629 Sequitur:

2334 3648 2505 3702 VERS.
2545 3649 2627 3701 16.
2653 3648 2776 3701 Aut
2802 3651 2955 3701 sicut
2984 3644 3319 3702 abortivum
3351 3642 3760 3700 absconditum
3804 3658 3923 3698 non

2263 3723 2656 3791 subsisterem.
2711 3764 2784 3773 —
2838 3732 3187 3790 Abortivum
3265 3730 3497 3799 dicitur,
3552 3729 3718 3804 quod
3785 3733 3925 3787 ante

2264 3823 2511 3896 plenum
2558 3826 2797 3895 tempus
2845 3822 3051 3892 oritur,
3105 3820 3462 3877 exstinctum
3508 3819 3783 3892 protinus
3831 3834 3927 3876 oc-

2262 3911 2535 3968 cultatur.
2590 3910 2904 3967 Abortivos
2952 3910 3112 3967 enim
3161 3926 3300 3966 cum
3348 3907 3569 3982 quibus
3618 3909 3925 3983 quiescere

2260 3998 2776 4073 potuissetomnes
2788 3998 3093 4071 vocat,qui
3105 3998 3183 4054 ab
3208 3998 3340 4072 ipso
3360 3996 3690 4071 primordio
3712 3997 3927 4053 mundi

2262 4093 2398 4145 ante
2427 4087 2856 4162 redemptionis
2894 4092 3131 4160 tempus
3177 4087 3363 4143 exorti
3413 4090 3570 4156 sunt,
3617 4089 3674 4143 et
3721 4090 3927 4143 tamen

2260 4176 2401 4234 huic
2448 4177 2679 4234 mundo
2732 4175 3089 4234 mortiﬁcare
3144 4176 3499 4249 semetipsos
3541 4181 3923 4234 curaverunt.

2263 4267 2495 4333 Quicon
2504 4266 2613 4322 seri
2621 4271 2736 4339 ptas
2748 4265 2894 4337 legis
2907 4266 3146 4323 tabulas
3166 4282 3290 4322 non
3317 4265 3629 4331 habentes,
3643 4266 3820 4339 quasi
3845 4266 3926 4324 ab

2257 4359 2426 4412 utero
2452 4355 2671 4411 mortui
2701 4360 2858 4424 sunt,
2891 4355 3038 4429 quia
3088 4358 3405 4412 Auctorem
3448 4371 3628 4411 suum
3665 4355 3927 4427 naturali

2253 4443 2384 4514 lege
2414 4443 2755 4499 timuerunt.
2781 4446 3040 4517 Tempus
3094 4443 3298 4517 itaque
3343 4442 3512 4509 illud,
3543 4443 3710 4516 quod
3749 4444 3927 4515 juxta

2255 4532 2466 4588 mundi
2483 4532 2716 4589 initium
2742 4537 3013 4589 mortuos
3032 4532 3171 4588 huic
3206 4530 3426 4589 saaculo
3456 4532 3659 4588 Patres
3685 4536 3928 4589 nostros

2254 4620 2519 4694 protulit,
2562 4622 2737 4693 quasi
2778 4620 3086 4678 abortivus
3130 4626 3335 4678 uterus
3370 4619 3496 4678 fuit.
3530 4618 3612 4685 lbi
3652 4634 3925 4693 namque

2251 4710 2418 4782 Abel,
2468 4710 2670 4766 Enoch
2695 4714 2753 4765 et
2795 4713 2936 4781 Noe,
2967 4709 3052 4766 ibi
3089 4708 3418 4771 Abraham.
3440 4700 3606 4764 Isa'ac
3636 4713 3693 4765 et
3738 4708 3923 4766 Jacob

2250 4798 2508 4856 fuerunt.
2531 4798 2683 4865 Quia
2706 4814 2848 4869 ergo
2882 4815 2920 4856 a
2950 4798 3163 4855 mundi
3178 4797 3508 4871 primordio
3530 4797 3693 4855 edita
3730 4797 3926 4855 multi-

2249 4888 2393 4944 tudo
2416 4887 2717 4943 bonorum
2733 4904 2807 4944 ex
2825 4902 3050 4959 magna
3070 4892 3237 4960 parte
3280 4889 3501 4943 nostra;
3530 4885 3757 4943 notitia:
3777 4885 3921 4942 sub-

2250 4974 2399 5032 trahi
2409 4975 2716 5044 tur,aborti
2727 4992 2863 5032 vum
2877 4976 2994 5032 hoc
3007 4973 3430 5032 absconditum
3442 4977 3922 5046 vocatur.Neque

2250 5064 2412 5120 enim
2450 5068 2534 5120 tot
2561 5063 2949 5121 solummodo
2974 5064 3190 5135 justos,
3209 5078 3400 5137 usque
3413 5053 3492 5118 ad
3502 5067 3814 5136 acceptam
3834 5061 3920 5119 le-

2250 5169 2388 5223 gem
2404 5153 2698 5210 exstitisse
2729 5152 3097 5209 credendum
3111 5154 3616 5226 est,quotMoyses
3645 5150 3923 5208 brevissi-

2247 5259 2346 5299 ma
2361 5242 2760 5317 descriptione
2777 5258 2915 5314 pers
2923 5240 3316 5315 trinxit,quod
3326 5257 3451 5299 non
3465 5241 3803 5298 substitisse
3833 5239 3924 5311 di;

2245 5331 2565 5405 citur,quia
2582 5331 2947 5388 enumeratis
2960 5331 3170 5405 paucis
3181 5347 3393 5388 eorum
3404 5330 3742 5404 frequentia
3751 5329 3922 5389 nullo

2247 5421 2413 5494 apud
2444 5437 2555 5476 nos
2604 5420 2907 5476 memoriae
2962 5421 3181 5494 scripto
3211 5421 3552 5477 retineatur.
3591 5418 3869 5493 Sequitur
3903 5435 3916 5472 :

2261 5512 2362 5568 Vel
2390 5512 2494 5584 qui
2503 5511 2775 5581 concepti
2794 5527 2913 5569 non
2943 5512 3219 5570 viderunt
3238 5513 3449 5569 lucem.
3475 5542 3538 5551 —
3566 5509 3921 5584 Hinamque
