4158 6192
203 216 300 269 145

1055 207 1363 265 EPITOME
1403 208 1767 265 MORALIUM
1808 209 1862 264 s.
1906 180 2111 265 suae.
2152 213 2219 266 IN
2256 214 2395 271 .IOB.
2430 247 2496 256 -
2529 218 2657 272 1.13.
2691 217 2761 274 v.

3527 225 3629 278 146

196 336 299 410 qui
328 340 467 408 post
494 339 805 408 acceptam
832 333 1023 403 legem
1053 331 1114 387 in
1142 332 1257 387 hoc
1288 331 1518 388 mundo
1548 331 1675 387 nati
1698 334 1855 399 sunt,
1888 332 1937 385 A
1979 334 2064 389 tia
2094 365 2163 374 —
2189 336 2391 394 Justos
2422 339 2580 394 enim
2623 342 2900 412 quamvis
2951 342 3151 399 nullus
3200 310 3632 402 desideriorum

196 424 434 480 Auctori
464 440 577 478 suo
605 421 875 493 ejusdem
906 420 1055 489 legis
1093 424 1233 475 sunt
1261 419 1675 476 admonitione
1720 435 1861 475 con-

194 512 369 586 cepti.
407 512 525 568 Sed
555 517 756 569 tamen
785 508 1054 582 concepti
1068 508 1266 565 lucem
1284 509 1530 565 minime
1560 508 1857 576 viderunt,

192 601 340 676 quia
361 601 443 659 ad
459 601 786 658 adventum
818 597 1138 656 Dominicis
1167 597 1616 667 incarnationis,
1642 613 1861 672 quam-

190 691 284 747 vis
342 691 505 747 hanc
559 688 808 746 ﬁdeliter
854 686 1077 761 apertis
1129 687 1563 761 prophetarum
1613 686 1861 743 vocibus

192 778 433 836 excitati
459 778 785 845 crederent,
811 775 1125 850 pervenire
1145 776 1561 849 nequiverunt.
1588 780 1863 832 lncarna—

192 875 290 926 tus
313 868 541 942 quippe
572 867 861 924 Dominus
888 866 1032 923 dicit
1061 884 1075 922 :
1126 888 1153 915 ‹‹
1188 869 1310 938 Ego
1342 881 1481 921 sum
1514 864 1619 921 lux
1647 864 1861 921 mundi

190 958 390 1029 (Joan.
411 973 537 1026 vui,
573 956 677 1028 l2).
708 978 736 1006 »
766 959 957 1028 Atque
983 954 1133 1029 ipse,
1175 956 1300 1011 Lux
1326 954 1461 1027 ipsa
1488 954 1602 1011 ait:
1645 975 1674 1004 «
1703 952 1861 1010 Multi

190 1046 499 1120 prophetae
529 1049 588 1101 et
610 1044 756 1117 justi
793 1043 1287 1101 desideraverunt
1334 1042 1537 1099 videre
1585 1059 1722 1116 quae
1768 1041 1859 1098 vi-

190 1135 366 1201 detis,
419 1139 478 1192 et
528 1149 652 1191 non
707 1132 986 1189 viderunt
1045 1133 1285 1190 (Matth.
1346 1148 1471 1204 xm,
1526 1133 1634 1203 t7).
1677 1154 1706 1181 »
1756 1132 1856 1188 Se-

189 1223 392 1297 quitur
420 1240 433 1278 :

262 1315 433 1368 Vens.
467 1316 553 1367 I7.
569 1311 662 1366 Ibi
680 1312 853 1381 impii
868 1314 1250 1368 cessaverunt
1274 1324 1312 1366 a
1339 1310 1858 1366 tumultu—Cor-

187 1402 271 1458 da
301 1400 681 1475 peccantium
708 1416 817 1473 per
841 1400 954 1455 hoc
984 1399 1151 1472 quod
1197 1397 1477 1471 strepitus
1523 1392 1851 1454 desiderio;

186 1506 324 1546 rum
377 1487 662 1562 possidet,
712 1487 913 1558 gravis
952 1486 1383 1556 cogitationum
1441 1485 1852 1556 instigantium

188 1579 482 1636 tumultus
512 1577 749 1651 premit.
784 1577 897 1634 Sed
928 1577 987 1632 in
1016 1577 1131 1633 hac
1161 1576 1292 1632 luce
1323 1593 1359 1632 a
1387 1575 1647 1632 tumultu
1683 1574 1853 1649 impii

1975 423 2306 481 carnalium
2327 428 2636 499 possideat
2664 429 2972 497 tumultus,
3000 431 3166 488 duris
3198 436 3400 489 tamen
3429 434 3631 491 vincu-

1972 509 2044 565 lis
2073 526 2177 567 eos
2198 512 2260 568 in
2280 512 2395 570 hac
2426 516 2542 571 vita
2573 516 2798 590 positos
2845 534 2971 573 sure
3009 521 3402 593 corruptionis
3449 523 3631 580 mole-

1973 598 2085 655 stia
2128 599 2289 671 ligat.
2353 605 2648 677 Scriptum
2698 605 2924 679 quippe
2946 611 3077 662 est:
3128 631 3155 655 ‹‹
3187 611 3417 682 Corpus
3462 613 3629 685 quod

1970 691 2391 762 corrumpitur,
2424 698 2714 763 aggravat
2743 693 3032 761 animam,
3084 699 3140 750 et
3189 696 3469 769 deprimit
3513 704 3628 756 ter-

1969 778 2490 837 renainhabitatio
2534 799 2778 838 sensum
2828 782 3017 838 multa
3062 785 3419 853 cogitantem
3467 791 3623 859 (Sap.

1972 881 2045 930 lli,
2084 866 2187 936 15).
2224 890 2250 915 ››
2284 868 2457 924 Aliud
2488 885 2753 943 namque
2781 870 2856 925 de
2901 878 3120 942 mente,
3170 872 3332 928 aliud
3380 873 3454 929 de
3502 890 3629 929 cor-

1967 969 2113 1026 pore
2137 954 2409 1023 tolerant,
2431 962 2488 1013 et
2512 962 2719 1013 contra
2750 959 3105 1033 semetipsos
3131 960 3398 1032 quotidie
3438 960 3499 1016 in
3540 960 3628 1016 in-

1966 1045 2138 1098 terno
2164 1045 2483 1101 certamine
2522 1047 2837 1103 exsudant.
2887 1050 3024 1105 iure
3068 1063 3211 1118 ergo
3260 1048 3442 1105 vincti
3481 1048 3626 1105 dici-

1965 1146 2120 1198 mur,
2180 1131 2326 1204 quia
2380 1133 2579 1189 adhuc
2633 1134 2935 1191 incessum
2981 1136 3167 1192 nostri
3222 1136 3499 1193 desiderii
3546 1137 3626 1193 ad

1966 1221 2159 1281 Deum
2198 1220 2456 1277 liberum
2500 1238 2619 1278 uon
2661 1222 2977 1279 habemus.
3026 1225 3173 1281 Hinc
3226 1225 3443 1282 Paulus
3494 1226 3623 1282 ait:

1966 1330 1995 1357 «
2028 1310 2214 1382 Cupio
2241 1309 2506 1370 dissolvi.
2537 1318 2748 1367 etesse
2779 1329 2918 1368 cum
2950 1314 3179 1369 Christo
3212 1314 3447 1385 (Philil,
3474 1315 3621 1387 23).»

1966 1398 2109 1453 Haec
2155 1405 2355 1455 autem
2408 1400 2645 1456 vincula
2696 1401 2757 1457 in
2800 1403 3231 1458 resurrectione
3283 1404 3622 1475 rumpenda

1962 1493 2376 1560 conspexerat,
2406 1489 2507 1561 qui
2540 1488 2777 1545 dicebat
2806 1490 3078 1559 gaudens
3103 1508 3116 1546 :
3150 1512 3178 1541 ‹‹
3200 1491 3477 1563 Dirupisti
3497 1491 3623 1547 vin-

1963 1576 2097 1632 cula
2126 1592 2282 1643 mea,
2312 1600 2341 1627 »
2372 1582 2430 1633 et
2451 1577 2682 1649 reliqua
2710 1578 2905 1649 (Psal.
2930 1595 3052 1644 cxv,
3090 1578 3199 1640 l7).
3239 1581 3394 1635 Bene
3419 1582 3622 1636 autem

186 1673 598 1736 cessaverunt,
629 1668 774 1740 quia
819 1666 1107 1722 nimirum
1155 1666 1485 1723 Mediatoris
1524 1665 1852 1722 adventum
1879 1684 1926 1737 Β
1962 1663 2195 1733 dicitur,
2226 1667 2528 1737 quondam
2569 1668 2798 1734 vincti;
2852 1667 2998 1740 quia
3043 1666 3192 1723 dum
3235 1666 3338 1724 illa
3386 1682 3624 1741 semper

188 1758 267 1815 ad
299 1759 430 1813 vitae
460 1772 584 1812 suae
632 1755 903 1828 requiem
951 1754 1164 1829 populi
1192 1753 1439 1825 gentiles
1473 1753 1847 1817 invenerunt,

188 1845 371 1903 Paulo
401 1849 715 1902 attestante
752 1844 858 1917 qui
883 1845 995 1901 ait:
1045 1866 1070 1892 ‹‹
1102 1842 1273 1908 Quod
1316 1842 1627 1916 qurerebat
1675 1841 1852 1898 Israel

186 1935 305 1991 hoc
330 1949 457 1990 non
487 1937 577 1989 est
594 1938 973 2002 consecutus,
1023 1931 1230 1987 electio
1278 1936 1483 1988 autem
1530 1934 1851 1987 consecuta

188 2027 283 2079 est
307 2024 495 2091 (Rom.
532 2038 604 2087 xi,
632 2023 709 2093 7).
740 2045 768 2071 ››
799 2022 863 2077 In
890 2021 1006 2078 hac
1038 2021 1170 2076 luce
1199 2020 1367 2093 impii
1398 2024 1654 2085 cessant,
1702 2017 1853 2074 dum

184 2126 612 2185 perversorum
682 2114 913 2167 mentes
964 2109 1207 2165 veritate
1265 2108 1501 2179 cognita
1550 2106 1853 2164 laboriosa

186 2198 409 2256 mundi
455 2197 750 2255 desideria
791 2198 1048 2268 fugiunt,
1096 2205 1152 2253 et
1201 2194 1610 2268 tranquillitati
1660 2194 1852 2251 intimi

188 2288 378 2344 moris
407 2287 815 2359 acquiescunt.
857 2286 1028 2354 Hine,
1059 2286 1192 2359 ipsa
1240 2288 1364 2341 Lux
1411 2285 1493 2340 ait
1524 2302 1538 2339 :
1591 2306 1619 2333 «
1653 2283 1851 2340 Venite

182 2376 266 2433 ad
295 2390 393 2431 me
422 2390 635 2431 omnes
665 2374 772 2448 qui
789 2374 1076 2431 laboratis
1105 2380 1161 2429 et
1189 2372 1417 2429 onerati
1466 2372 1627 2439 estis,
1657 2378 1714 2427 et
1737 2387 1850 2442 ego

182 2465 453 2522 reﬁciam
484 2482 612 2521 vos.
641 2464 842 2521 Tollite
874 2465 1092 2536 jugum
1140 2480 1343 2520 meum
1391 2478 1571 2537 super
1616 2479 1743 2533 vos,
1794 2466 1853 2519 et

182 2555 393 2612 discite
423 2571 461 2611 a
493 2571 609 2624 me,
641 2554 787 2627 quia
814 2554 974 2611 mitis
1003 2570 1139 2610 sum
1188 2558 1246 2609 et
1289 2552 1534 2609 humilis
1562 2551 1762 2620 corde,
1794 2556 1852 2608 et

183 2644 504 2701 invenietis
543 2644 816 2716 requiem
865 2642 1187 2699 animabus
1244 2643 1451 2698 vestris
1494 2641 1736 2709 (Matth.
1766 2657 1846 2708 χι,

184 2738 395 2802 28,29).
434 2756 463 2783 ››
494 2733 771 2806 Sequitur
800 2749 814 2788 :
848 2733 942 2788 Ibi
969 2733 1385 2804 requieverunt
1432 2732 1577 2801 fessi
1617 2731 1845 2786 robore.

184 2855 251 2863 —
278 2824 507 2879 Omnes
546 2821 709 2877 enim
752 2820 854 2894 qui
898 2820 956 2875 in
1007 2820 1121 2875 hoc
1170 2818 1401 2877 mundo
1456 2819 1638 2875 fortes
1688 2822 1846 2885 sunt,

180 2912 363 2986 quasi
386 2910 603 2969 robore
634 2911 816 2967 fortes
847 2914 1007 2980 sunt,
1058 2925 1178 2965 non
1215 2909 1431 2967 robore
1459 2907 1696 2964 defessi.
1739 2906 1850 2972 Qui

1961 1770 2226 1826 praesens
2250 1755 2447 1812 laetitia
2476 1755 2754 1823 cernitur,
2787 1771 2968 1811 omne
2987 1755 3155 1829 quod
3175 1756 3285 1812 erit
3312 1761 3369 1812 et
3391 1755 3618 1826 deﬂuit,

1960 1844 2135 1917 quasi
2156 1846 2288 1916 jam
2316 1844 2678 1917 praeteritum
2706 1844 2957 1902 videtur.
3007 1847 3163 1901 Dum
3211 1845 3369 1901 enim
3418 1860 3622 1902 rerum

1960 1932 2096 1988 ﬁnis
2122 1933 2462 2001 attenditur,
2494 1949 2675 1989 omne
2701 1934 2867 2007 quod
2911 1933 3172 2007 praeterit
3215 1935 3390 2006 quasi
3435 1933 3621 1990 fuisse

1960 2027 2265 2093 pensatur.
2302 2023 2615 2095 Sequitur:
2646 2023 2785 2079 Non
2814 2023 3219 2079 exaudierunt
3252 2039 3449 2081 vocem
3475 2038 3621 2081 exa-

1961 2113 2141 2167 eloris
2169 2114 2281 2168 sui.
2308 2144 2373 2152 —
2404 2115 2654 2168 Exactor
2682 2111 2778 2168 ille
2808 2111 3190 2185 importunus
3237 2118 3326 2169 est
3370 2129 3620 2186 persua-

1962 2215 2081 2267 sor,
2111 2200 2216 2273 qui
2240 2200 2512 2256 humano
2539 2200 2742 2272 generi
2767 2200 2955 2257 semel
2982 2217 3304 2257 nummum
3318 2202 3621 2275 deceptio-

1962 2288 2053 2343 nis
2084 2288 2349 2349 contulit.
2396 2293 2453 2344 et
2498 2288 2579 2344 ob
2618 2288 3047 2360 hoc-quotidie
3095 2294 3371 2362 expetere
3412 2291 3621 2346 mortis

1960 2376 2229 2432 debitum
2260 2393 2383 2432 non
2413 2376 2659 2432 desistit.
2691 2378 2772 2432 De
2819 2378 2935 2432 hoc
2985 2378 3208 2432 Veritas
3252 2377 3397 2433 dicit
3427 2396 3439 2433 :
3492 2400 3521 2427 «
3553 2380 3621 2434 Et

1953 2465 2143 2537 judex
2166 2465 2360 2521 tradet
2392 2470 2443 2521 te
2473 2464 2734 2521 exactori
2765 2466 2929 2536 (Luc.
2961 2481 3063 2535 xu,
3095 2466 3203 2536 58).
3232 2488 3259 2515 »
3286 2466 3478 2535 Hujus
3499 2483 3618 2522 vox

1959 2561 2050 2611 est
2068 2555 2312 2611 tentatio
2344 2555 2573 2609 miserae
2604 2553 3023 2625 suggestionis.
3054 2554 3241 2625 Hujus
3270 2570 3478 2610 vocem
3509 2570 3619 2611 au-

1958 2643 2160 2699 dimus
2205 2660 2344 2699 eum
2366 2643 2686 2700 tentatione
2716 2642 3053 2716 pulsamur,
3088 2643 3194 2698 sed
3217 2658 3339 2698 non
3369 2642 3619 2699 exaudi-

1958 2749 2096 2787 mus
2129 2749 2267 2788 cum
2297 2732 2541 2788 tentanti
2590 2732 2941 2789 resistimus.
2992 2732 3176 2804 Cujus
3217 2747 3428 2788 vocem
3473 2732 3620 2804 justi

1958 2837 2082 2877 non
2112 2820 2523 2892 exaudierunt,
2555 2821 2830 2894 quinimo
2856 2820 3298 2890 suggestionem
3318 2821 3467 2892 ejus,
3494 2826 3551 2877 et
3571 2820 3621 2877 si

1959 2909 2213 2965 audiunt
2263 2925 2402 2964 cum
2458 2912 2779 2975 tentantur,
2835 2924 2958 2963 non
3014 2914 3217 2965 tamen
3268 2909 3619 2982 exaudiunt,

181 3016 329 3057 vero
356 3000 419 3056 in
446 2998 716 3056 Auctoris
743 2999 835 3055 sui
866 3013 1073 3054 amore
1100 2996 1481 3064 roborantur,
1507 3012 1630 3070 quo
1654 2995 1848 3066 magis
1878 3028 1920 3084 ο
1958 2998 2104 3071 quia
2132 2996 2469 3053 consentire
2491 3001 2901 3052 contemnunt.
2939 2997 3215 3069 Sequitur
3247 3015 3260 3052 :

178 3089 239 3145 in
266 3089 594 3161 concupita
618 3086 720 3144 Dei
735 3086 1078 3144 fortitudine
1099 3085 1547 3154 convalescunt,
1569 3100 1640 3141 eo
1658 3100 1693 3140 a
1713 3099 1849 3157 pro-

179 3178 314 3251 pria
342 3177 555 3234 virtute
585 3176 888 3233 deﬁciunt.
914 3174 1057 3232 Hinc
1082 3175 1399 3232 Psalmista
1417 3174 1500 3231 ait
1527 3192 1540 3230 :
1570 3196 1598 3223 «
1632 3172 1850 3230 Deiecit

176 3266 238 3324 in
270 3265 538 3323 salutare
571 3271 737 3322 tuum
765 3265 970 3322 anima
996 3279 1132 3321 mea
1156 3265 1347 3332 (Psal.
1380 3279 1570 3333 cxvui,
1604 3263 1753 3335 81).»
1784 3264 1849 3318 Et

174 3371 474 3412 rursum:
510 3377 538 3405 «
566 3352 916 3426 Concupivit
960 3353 1164 3409 anima
1215 3368 1370 3421 mea,
1421 3355 1478 3408 et
1523 3350 1737 3408 defecit
1785 3351 1848 3406 in

175 3442 335 3500 atria
366 3442 601 3499 Domini
634 3442 818 3514 (Psal.
852 3457 1071 3503 Lxxxui,
1105 3446 1183 3498 3).
1218 3463 1247 3490 »
1293 3445 1375 3496 Ac
1422 3441 1470 3495 si
1517 3443 1717 3513 aperte
1765 3438 1851 3494 di-

176 3537 273 3588 cat
308 3548 324 3587 :
363 3530 482 3587 Illic
507 3530 743 3604 requies
762 3530 912 3586 lucis
931 3532 1294 3597 remunerat,
1316 3543 1473 3601 quos
1494 3528 1589 3584 hic
1605 3527 1850 3584 interius

177 3636 464 3677 recreans
492 3624 812 3692 provectus
843 3618 1067 3690 fatigat.
1088 3617 1432 3674 Notandum
1454 3616 1598 3689 quia
1622 3631 1744 3672 non
1769 3615 1851 3672 ait

176 3710 233 3765 in
265 3710 394 3765 hac
417 3708 572 3780 luce,
604 3708 711 3765 sed
734 3708 836 3764 ibi.
871 3710 1064 3773 Quam
1102 3704 1264 3762 enim
1289 3706 1590 3762 continere
1633 3705 1850 3761 electos

176 3798 498 3871 conspicit,
530 3799 702 3872 quasi
733 3797 934 3854 locum
964 3801 1238 3853 nostrum
1268 3796 1427 3851 hanc
1458 3812 1590 3851 esse
1636 3794 1849 3866 depre-

177 3888 414 3945 hendit.
439 3889 580 3945 Hinc
603 3887 916 3943 Psalmista
937 3887 1019 3942 ait
1052 3905 1064 3941 :
1113 3909 1139 3933 ‹‹
1167 3889 1248 3941 Tu
1285 3889 1486 3941 autem
1528 3885 1689 3941 idem
1720 3885 1850 3957 ipse

174 3994 256 4045 es,
293 3982 357 4033 et
389 3977 532 4032 anni
559 3977 641 4032 tui
671 3991 794 4031 non
815 3975 1109 4030 deﬁcient.
1134 3973 1260 4027 Filii
1281 3990 1589 4028 servorum
1611 3978 1851 4029 tuorum

175 4068 550 4124 habitabant
577 4064 765 4134 (Psal.
801 4080 870 4128 CI,
897 4067 988 4130 28,
1010 4065 1121 4132 29).
1164 4086 1188 4109 ι»
1222 4063 1497 4133 Sequitur
1529 4079 1541 4115 :

244 4160 433 4212 VERS.
456 4157 538 4208 18.
572 4153 651 4207 Et
675 4152 975 4223 quondam
1004 4151 1187 4205 vincti
1212 4151 1614 4219 pm-ilersme
1652 4151 1856 4204 moles-

2030 3089 2199 3142 Veus.
2242 3090 2320 3142 I9.
2357 3086 2591 3141 Parvus
2613 3091 2666 3141 et
2690 3100 2945 3156 magnus
2975 3086 3061 3141 ibi
3102 3091 3264 3155 sunt,
3315 3092 3373 3141 et
3416 3101 3621 3143 servus

1960 3176 2110 3231 liber
2138 3190 2175 3231 a
2205 3175 2444 3230 domino
2463 3190 2590 3229 suo.
2617 3205 2686 3213 ——
2717 3173 2867 3240 Quia
2896 3174 2957 3228 in
3002 3174 3116 3229 hac
3154 3173 3272 3229 vita
3320 3173 3496 3229 nobis
3534 3179 3623 3230 est

1957 3264 2232 3320 discretio
2259 3278 2534 3335 operum,
2566 3263 2674 3318 erit
2702 3262 2764 3317 in
2790 3261 2891 3318 illa
2917 3261 3128 3335 procul
3171 3261 3358 3318 dubio
3403 3262 3623 3319 discre-

1960 3353 2038 3409 tio
2066 3352 2424 3424 dignitatum
2458 3369 2470 3407 :
2509 3356 2570 3407 ut
2596 3366 2719 3424 quo
2748 3350 2846 3407 hic
2877 3350 3030 3406 alius
3056 3349 3243 3407 alium
3282 3353 3494 3408 merito
3526 3368 3622 3407 su-

1957 3447 2144 3516 perat,
2191 3440 2306 3496 illic
2348 3440 2499 3496 alius
2543 3439 2731 3496 alium
2778 3438 3165 3496 retributione
3214 3440 3617 3496 transcendat.

1958 3531 2101 3587 Hinc
2128 3530 2352 3586 Veritas
2383 3528 2463 3584 ait
2497 3545 2509 3583 :
2540 3550 2568 3576 ‹‹
2604 3532 2667 3583 In
2695 3527 2882 3583 domo
2907 3527 3092 3583 Patris
3128 3526 3248 3583 mei
3274 3528 3621 3585 mansiones

1958 3620 2159 3677 multae
2184 3622 2324 3674 sunt
2368 3620 2567 3685 (Joan.
2595 3634 2718 3685 xiv,
2766 3618 2841 3686 2).
2878 3640 2906 3667 »
2954 3616 3097 3672 Hinc
3146 3615 3456 3673 Psalmista
3496 3617 3618 3675 ait:

1959 3733 1986 3759 ι(
2020 3708 2439 3783 Imperfectum
2467 3721 2672 3763 meum
2714 3706 2993 3762 viderunt
3019 3704 3177 3762 oculi
3203 3705 3308 3774 tui,
3357 3708 3414 3762 et
3457 3704 3520 3763 in
3557 3706 3625 3763 li-

1958 3798 2069 3854 bro
2113 3803 2216 3853 tuo
2268 3796 2609 3853 scribuntur
2660 3796 2844 3867 (Psal.
2898 3812 3160 3861 cxxxvui,
3220 3795 3329 3866 I6).
3358 3817 3386 3844 ››
3429 3794 3625 3855 Tanta

1959 3886 2120 3942 enim
2145 3886 2236 3941 vis
2268 3886 2330 3940 in
2370 3885 2472 3940 illa
2514 3900 2663 3956 pace
2706 3900 2820 3941 nos
2868 3885 3075 3954 sociat,
3128 3887 3194 3939 ut
3236 3883 3405 3956 quod
3449 3885 3512 3941 in
3560 3901 3622 3941 se

1959 3974 2215 4047 quisque
2299 3988 2424 4028 non
2488 3972 2801 4044 acceperit,
2871 3988 2935 4027 se
3011 3971 3314 4043 accepisse
3378 3971 3440 4027 in
3505 3973 3621 4028 alio

1962 4060 2233 4117 exsultet.

1432 4456 1774 4544 LIBER
1862 4455 2372 4561 QUINTUS.

257 4772 427 4825 Vens.
460 4773 548 4826 20.
584 4773 793 4825 Beatus
822 4769 1041 4825 etenim
1068 4768 1178 4824 .Iob
1208 4786 1348 4824 cum
1398 4784 1723 4841 supernam
1768 4783 1857 4824 re-
1883 4772 1927 4825 D
1968 4770 2211 4843 cipiunt,
2239 4775 2297 4827 et
2324 4786 2464 4827 cum
2488 4769 2664 4826 valde
2704 4767 2984 4839 deﬂeant,
3013 4768 3159 4841 quia
3186 4766 3353 4825 tarde
3396 4766 3476 4824 ad
3519 4781 3625 4839 pa-

187 4859 393 4930 quiem
437 4857 878 4930 contemplatus
908 4857 1151 4921 diceret,
1199 4858 1435 4912 Parvus
1491 4862 1545 4915 et
1598 4871 1854 4928 magnus

188 4947 273 5001 ibi
294 4953 454 5012 sunt,
488 4952 542 5002 et
564 4961 769 5002 servus
802 4946 953 5001 liber
977 4962 1014 5001 a
1042 4946 1285 5001 Domino
1306 4961 1431 5001 suo.
1461 4945 1619 5000 Illico
1642 4943 1855 5014 adjun-

189 5036 310 5105 git:
346 5037 543 5104 Quare
565 5037 711 5092 data
746 5042 830 5092 est
860 5037 1073 5092 misero
1122 5036 1278 5091 lux?
1324 5066 1394 5076 -—-
1444 5039 1505 5091 In
1554 5033 1854 5106 Scriptura

189 5141 361 5181 sacra
388 5140 831 5198 nonnunquam
857 5125 1007 5180 lucis
1039 5124 1439 5197 appellatione
1466 5122 1850 5196 prosperitas,

189 5213 380 5269 noctis
411 5219 614 5270 autem
640 5214 882 5269 nomine
910 5212 1239 5268 adversitas
1270 5211 1639 5281 designatur.
1689 5210 1852 5267 Unde

190 5306 247 5357 et
274 5318 381 5374 per
412 5302 787 5358 Psalmistam
821 5301 1034 5357 dicitur
1066 5319 1078 5356 :
1132 5325 1157 5349 ‹‹
1184 5302 1344 5357 Sicut
1386 5299 1648 5356 tenebrae
1697 5299 1848 5370 ejus,

191 5391 270 5447 ita
300 5392 578 5448 etlumen
602 5394 731 5464 ejus
760 5394 947 5463 (Psal.
982 5408 1252 5460 cxxxvm,
1304 5391 1410 5459 I2).
1449 5412 1473 5439 ιι
1525 5392 1647 5445 Lux
1690 5389 1851 5445 enim

194 5481 421 5536 miseris
444 5483 638 5547 datur,
661 5480 910 5553 quando
935 5479 995 5535 hi
1014 5480 1116 5552 qui
1141 5479 1421 5536 sublimia
1442 5478 1850 5551 contemplan-

194 5573 281 5624 tes
308 5585 435 5626 esse
463 5585 525 5625 se
572 5571 633 5626 in
681 5571 797 5626 hac
846 5569 1320 5641 peregrinatione
1370 5569 1623 5641 miseros
1668 5583 1852 5638 agno-

196 5663 386 5727 scunt,
414 5658 742 5717 claritatem
774 5657 1124 5716 transitoria:
1155 5657 1560 5731 prosperitatis
1600 5672 1723 5716 non
1749 5672 1849 5714 ac-

1965 4859 2140 4913 triam
2161 4858 2432 4927 redeunt,
2456 4857 2707 4913 tolerare
2730 4856 2978 4928 insuper
2994 4854 3241 4911 honoris
3262 4870 3447 4912 onera
3463 4869 3626 4912 com-

1962 4946 2282 5019 pelluntur.
2313 4945 2589 5019 Sequitur
2614 4963 2628 5001 :
2651 4947 2731 5002 Et
2752 4946 2878 5001 vita
2899 4946 2990 5001 his
3012 4945 3117 5017 qui
3129 4945 3193 5001 in
3217 4946 3625 5005 amaritudine

1962 5037 2180 5093 anima:
2192 5042 2333 5092 sunt
2354 5038 2381 5093 ‘?
2402 5067 2471 5076 —-
2492 5040 2555 5092 In
2576 5034 2975 5092 amaritudine
2997 5034 3222 5109 quippe
3243 5035 3462 5092 animae
3483 5041 3624 5094 sunt

1961 5139 2174 5180 omnes
2191 5122 2378 5190 electi,
2397 5123 2543 5196 quia
2560 5122 2774 5196 punire
2798 5122 2997 5179 flendo
3017 5138 3141 5179 non
3160 5123 3463 5192 desinunt,
3483 5140 3621 5197 quas

1960 5210 2358 5283 deliquerunt,
2390 5211 2485 5268 vel
2513 5210 2683 5283 gravi
2725 5227 2789 5269 se
2834 5227 3088 5269 maerore
3135 5211 3427 5275 afﬁciunt,
3477 5208 3622 5280 quia

1960 5300 2138 5371 longe
2169 5301 2288 5357 huc
2336 5317 2371 5358 a
2419 5300 2568 5358 facie
2608 5299 2942 5358 Conditoris
2990 5300 3259 5376 projecti,
3312 5297 3512 5355 adhuc
3555 5294 3622 5352 in

1960 5393 2195 5446 aeterne
2220 5388 2427 5461 patriae
2459 5388 2695 5460 gaudiis
2723 5404 2848 5445 non
2873 5394 3031 5445 sunt.
3056 5392 3135 5445 De
3156 5397 3418 5458 quorum
3437 5381 3620 5440 corde

1959 5479 2111 5535 bene
2141 5493 2247 5551 per
2278 5478 2660 5536 Salomonem
2714 5478 2966 5535 dicitur:
3013 5477 3186 5531 «Cor
3235 5470 3404 5545 quod
3454 5471 3622 5530 novit

1959 5567 2420 5624 amaritudinem
2441 5568 2659 5625 animae
2679 5582 2824 5635 suae,
2837 5565 2899 5620 in
2915 5559 3140 5634 gaudio
3153 5558 3312 5617 illius
3329 5575 3456 5618 non
3473 5560 3622 5617 mis-

1960 5655 2186 5715 cebitur
2211 5660 2531 5714 extraneus
2560 5657 2764 5725 (Prov.
2796 5668 2906 5718 xw,
2939 5649 3049 5721 l0).
3082 5671 3111 5698 »
3151 5648 3427 5722 Sequitur
3456 5666 3470 5706 :
