4154 6160
536 192 632 242 147

1570 185 1626 238 S.
1671 182 1933 238 ODONIS
1971 181 2264 238 ABBATlS
2303 174 2804 238 CLUNIACENSIS
2847 186 2908 237 ll.

3855 182 3971 237 148

604 309 876 364 νειις.21.
905 307 1018 372 Qui
1043 310 1388 374 exspectant
1415 310 1662 360 mortem
1693 310 1745 359 et
1778 318 1894 358 non
1921 303 2098 358 venit.
2120 335 2185 342 —
2215 306 2263 358 Δ
2302 317 2436 358 cum
2463 303 2776 370 inundant,
2809 321 2946 358 cum
2982 305 3204 375 impetu
3237 304 3496 369 veniunt,
3544 312 3599 357 et
3643 303 3974 359 crescenti-

537 397 878 453 Desidcrant
905 395 1129 466 quippe
1161 393 1350 448 sancti
1379 393 1737 448 mortiticare
1788 410 1851 445 se
1901 391 2186 455 funditus,

531 491 708 556 atque
738 483 816 540 ab
845 483 1010 539 omni
1045 483 1162 538 vita
1190 482 1391 552 gloria:
1423 481 1768 554 temporalis
1794 481 2188 549 exstinguere,

529 574 631 628 sed
664 573 912 628 occultis
943 573 1042 626 Dei
1069 588 1226 644 smpe
1251 571 1509 642 judiciis,
1543 570 1636 626 vel
1671 586 1929 641 pricesse
1959 569 2019 624 in
2047 569 2193 637 regi-

530 661 712 725 mine,
737 661 830 717 vel
859 659 1140 732 occupari
1164 659 1446 730 injunctis
1469 659 1801 714 honoribus
1829 657 2195 729 compellun-

531 755 644 806 tur.
681 749 1118 805 Desideriorum
1150 765 1397 804 suorum
1441 747 1799 802 detrimenta
1850 746 2077 815 tolerat,
2131 750 2196 800 ut

531 841 767 910 majora
797 839 964 894 lucra
993 838 1295 894 conversis
1326 837 1456 893 aliis
1503 841 1823 910 reportent.
1871 835 2145 908 Sequitur
2179 851 2190 889 :

535 929 720 996 Quasi
763 928 1100 997 eﬂ‘odientes
1150 927 1518 982 thesaurum.
1572 957 1638 965 —-
1685 925 1791 990 Qui
1847 925 2194 979 thesaurum

533 1015 846 1086 effodiunt,
920 1015 1023 1084 illi,
1100 1015 1656 1088 apprOpinquautes
1725 1014 1784 1068 in
1855 1012 2192 1074 etfossione,

536 1105 770 1176 enixius
791 1104 1105 1172 laborant;
1141 1105 1224 1159 sic
1255 1105 1480 1176 quippe
1529 1103 1633 1175 qui
1677 1101 2195 1158 mortiﬁcationem

534 1211 709 1251 suam
740 1194 914 1268 plene
935 1198 1242 1267 appetunt,
1271 1193 1445 1265 quasi
1471 1192 1818 1248 etfodientes
1849 1193 2196 1247 thesaurum

535 1287 833 1355 quaerunt,
865 1289 921 1338 et
951 1299 1020 1338 eo
1072 1283 1132 1338 in
1182 1298 1361 1354 opere
1420 1280 1828 1336 delectabilius
1879 1281 2194 1348 exsudant,

535 1386 660 1441 quo
703 1371 830 1441 jam
869 1369 1027 1426 velut
1075 1370 1424 1426 thesaurum
1471 1369 1719 1440 praemia
1763 1367 2197 1440 propinquiora

535 1456 940 1513 considerant.
976 1457 1139 1513 Unde
1187 1456 1405 1512 Paulus
1455 1455 1566 1510 ait:
1631 1479 1656 1502 α
1684 1458 1812 1510 Non
1859 1455 2198 1510 deserentes

533 1543 948 1602 collectionem
978 1549 1252 1600 nostram
1279 1543 1431 1599 sicut
1459 1547 1546 1598 est
1589 1543 2037 1599 consuetudinis
2065 1543 2199 1615 qui-

2303 392 2414 446 bus
2445 393 2842 464 multipliciter
2873 393 3278 448 voluminibus
3313 393 3735 448 intumescunt.
3781 393 3968 449 Electi

2303 497 2440 536 vero
2463 481 2610 536 dum
2643 483 2854 538 mentis
2883 499 3002 536 suze
3034 481 3190 538 oculi
3237 481 3442 537 divina
3487 481 3716 552 judicia
3762 497 3967 554 oppoo

2300 574 2470 638 nunt,
2515 569 2662 626 dum
2693 571 2766 626 de
2797 571 3031 626 occulta
3075 586 3148 626 μθ
3197 585 3259 624 se
3298 571 3588 626 sententia
3631 569 3966 642 u-epidant,

2299 658 2447 713 dum
2474 661 2905 732 prieteritorum
2933 675 3181 714 suorum
3230 657 3500 714 recolunt
3527 675 3664 732 quae
3711 658 3963 725 deﬂent,

2299 747 2568 820 dumque
2599 749 2710 804 sibi
2741 749 2938 805 adhuc
2969 749 3166 804 futura
3195 764 3330 820 qum
3371 748 3641 804 nesciunt
3685 748 3968 822 pertime-

2301 843 2494 908 scunt,
2521 839 2692 910 quasi
2732 840 3012 911 quaedam
3043 839 3104 894 in
3143 839 3226 893 eis
3255 853 3552 910 aquarum
3591 853 3757 894 more
3785 837 3962 894 volu-

2301 926 2467 981 mina
2496 927 2871 996 colliguntur,
2903 944 3038 1000 qua:
3073 928 3131 982 in
3160 927 3434 982 maeroris
3483 926 3732 996 rugitus,
3782 926 3963 999 quasi

2303 1015 2358 1068 in
2393 1015 2661 1086 subjecta
2690 1016 2885 1072 littora
2915 1017 3205 1071 deﬂuunt.
3241 1015 3516 1088 Sequitur
3549 1033 3562 1070 :

2375 1105 2540 1160 VERS.
2573 1109 2663 1160 25.
2695 1107 2844 1174 Quia
2879 1109 3056 1162 timor
3094 1121 3262 1176 quem
3295 1105 3570 1162 timebam
3601 1107 3759 1162 venit
3787 1107 3959 1162 mihi.

2305 1225 2370 1232 —-
2398 1195 2540 1248 .lzisti
2575 1195 2750 1261 igitur
2781 1195 3001 1249 detlent
3029 1199 3085 1249 et
3113 1199 3354 1266 pavent,
3387 1198 3444 1249 et
3489 1194 3725 1264 magnis
3767 1209 3831 1249 se
3877 1195 3964 1250 la-

2308 1283 2521 1336 mentis
2549 1283 2832 1348 cruciant,
2865 1283 3010 1355 quia
3037 1282 3230 1337 deseri
3260 1282 3604 1338 formidant.
3643 1285 3705 1338 Et
3747 1298 3962 1356 quam-

2307 1372 2393 1424 vis
2419 1370 2490 1425 de
2523 1372 2884 1426 correctione
2908 1372 3228 1440 gaudeant,
3248 1387 3455 1426 eorum
3481 1371 3775 1444 trepidam
3799 1387 3968 1428 men-

2305 1464 2422 1513 tem
2451 1461 2734 1514 correctio
2764 1460 2893 1530 ipsa
2921 1459 3248 1532 perturbat,
3286 1475 3360 1515 ne
3391 1459 3619 1516 malum
3657 1461 3822 1533 quod
3873 1465 3964 1516 to-

2306 1546 2512 1614 lerant,
2542 1563 2665 1602 non
2697 1548 2794 1619 pia
2826 1549 3132 1619 percussio
3162 1547 3491 1619 disciplima
3541 1549 3636 1606 sit.
3685 1547 3786 1603 sed
3834 1551 3964 1603 ani-

535 1632 949 1702 busdam,sed
975 1632 1354 1688 consolantes
1387 1634 1552 1687 tanto
1593 1631 1810 1701 magis,
1838 1635 2066 1704 quanto
2111 1631 2198 1688 vi-
2231 1655 2270 1710 θ
2310 1637 2649 1692 madversio
2703 1637 2880 1706 justze
2932 1637 3226 1692 vindicta».
3276 1639 3345 1692 Ut
3399 1637 3542 1692 illud
3598 1637 3962 1693 Psalmistue:

537 1721 740 1776 deritis
764 1721 1352 1793 appropinquantem
1381 1719 1542 1775 diem
1572 1721 1775 1791 (Hebr.
1812 1737 1868 1788 ιι,
1898 1722 2012 1790 25).
2040 1743 2066 1770 ι)
2091 1720 2202 1776 Ali-

541 1812 630 1864 ter
659 1825 672 1863 :
703 1808 919 1864 Mundo
945 1811 1257 1875 morimur,
1277 1809 1325 1863 si
1355 1807 1569 1863 relictis
1597 1807 1952 1874 visibilibus,
1973 1810 2034 1863 in
2058 1809 2201 1863 invi-

550 1895 830 1952 sibilibus
859 1896 1704 1953 abscondamurJ‘hesaurum
1723 1896 2042 1952 effodimus
2062 1913 2200 1952 cum

543 1985 900 2057 sapientiam
954 1985 1376 2058 perquirimus,
1439 1985 1514 2040 de
1563 2000 1686 2056 qua
1744 1985 2026 2041 Salomon
2077 1985 2197 2041 ait:

543 2095 569 2122 ‹‹
605 2074 663 2130 Si
691 2074 993 2146 quaesieris
1019 2073 1184 2130 illam
1214 2073 1388 2146 quasi
1413 2073 1752 2146 pecuniam,
1792 2079 1848 2128 et
1877 2074 2028 2129 sicut
2075 2074 2201 2130 the-

539 2177 752 2218 sauros
778 2163 1024 2218 etfodies
1050 2178 1185 2218 eam
1225 2164 1428 2232 (Prov.
1489 2179 1546 2228 ιι,
1604 2162 1680 2233 4).
1711 2185 1738 2210 ››
1790 2164 1983 2226 Quam
2031 2163 2201 2218 facile

539 2249 779 2316 invenit,
811 2251 916 2324 qui
946 2251 1168 2306 molem
1199 2266 1234 2306 a
1262 2267 1326 2305 se
1355 2255 1600 2306 terrente
1621 2249 1998 2320 cogitationis
2019 2250 2202 2324 repel-

540 2337 625 2394 lit.
660 2339 937 2411 Sequitur
969 2355 982 2393 :

613 2429 780 2483 Vens.
805 2430 891 2483 22.
911 2427 1303 2497 Gaudentque
1320 2426 1692 2482 vehementer
1714 2443 1847 2483 cum
1865 2429 2202 2483 invenerint

543 2517 908 2584 sepulcrum.
943 2545 1009 2555 ——
1039 2515 1198 2572 Sicut
1227 2515 1388 2570 enim
1415 2515 1476 2570 in
1505 2515 1780 2586 sepulcro
1812 2516 2206 2572 absconditur

541 2617 788 2675 corpus,
814 2604 894 2659 ita
923 2604 982 2658 in
1013 2603 1218 2658 divina
1267 2603 1768 2676 contemplatione
1815 2605 2206 2661 absconditur

544 2691 770 2748 anima.
818 2691 1036 2748 Mundo
1081 2691 1278 2748 adhuc
1316 2691 1574 2747 vivimus
1623 2708 1762 2746 cum
1809 2698 2006 2748 mente
2063 2693 2204 2748 foris

543 2795 872 2849 vagamur;
904 2779 1010 2835 sed
1035 2780 1253 2835 mortui
1276 2780 1336 2834 in
1360 2778 1633 2852 sepulcro
1656 2780 2046 2836 absconditur
2065 2798 2204 2836 cum

543 2869 881 2926 mortiﬁcati
910 2869 1185 2936 exterius,
1214 2869 1271 2924 in
1303 2873 1529 2924 secreto
1556 2867 1805 2925 interna:
1832 2870 2201 2943 contempla-

545 2955 718 3012 tionis
771 2957 1056 3013 cclamur.
1097 2956 1239 3012 Hinc
1283 2956 1500 3012 Paulus
1543 2956 1625 3012 ait
1659 2974 1670 3011 :
1725 2979 1752 3004 ‹‹
1785 2957 1990 3014 Mortui
2041 2957 2200 3014 enim

537 3045 704 3117 estis,
731 3050 789 3102 et
816 3046 937 3103 vita
965 3051 1162 3102 vestra
1190 3045 1545 3102 abscondita
1583 3049 1672 3102 est
1695 3061 1835 3102 cum
1881 3046 2111 3104 Christo
2138 3047 2202 3104 in

543 3136 660 3191 Deo
689 3134 840 3208 (Col.
892 3151 974 3206 ιιι,
1022 3136 1096 3207 3).
1130 3151 1161 3188 ›
1203 3133 1379 3192 Aliter
1432 3135 1778 3191 thesaurum
1818 3135 1880 3191 in
1927 3137 2202 3208 sepulcro

539 3222 870 3292 gaudentes
898 3223 1244 3294 quaerimus,
1277 3239 1417 3278 cum
1445 3238 1631 3278 sacra:
1671 3223 1986 3294 Scripturaa
2031 3223 2200 3296 pagi-

535 3325 650 3366 nas
677 3311 1032 3384 sapientiam
1045 3311 1455 3383 perquirentes
1485 3310 1808 3381 voluimus,
1841 3326 1976 3366 cum
2007 3329 2202 3368 exem—

539 3397 640 3470 pla
669 3398 1137 3472 praecedentium
1166 3403 1630 3471 perscrutamur,
1665 3398 1839 3470 quasi
1888 3415 1960 3455 ex
2007 3402 2200 3472 sepul-

539 3502 640 3542 cro
666 3487 958 3558 gaudium
988 3489 1303 3554 sumimus,
1338 3488 1484 3560 quia
1512 3487 1725 3542 mentis
1764 3486 2004 3544 divitias
2035 3489 2200 3562 apud

536 3580 810 3632 mortuos
841 3576 1203 3632 invenimus.
1241 3575 1519 3648 Sequitur
1551 3593 1564 3632 :

535 3713 540 3717 .
612 3668 775 3722 Vsus.
806 3670 894 3722 23.
935 3667 1071 3724 Viro
1101 3668 1200 3722 cui
1228 3667 1579 3722 abscondita
1607 3673 1690 3722 est
1713 3667 1830 3737 via,
1862 3672 1915 3723 et
1948 3667 2198 3723 circum-

537 3755 702 3812 dedit
721 3770 854 3812 eum
892 3757 1049 3812 Deus
1099 3755 1401 3812 tenebris?
1430 3786 1498 3795 —
1543 3754 1644 3811 Via
1693 3755 1854 3810 enim
1911 3771 2022 3811 sua
2072 3757 2198 3812 viro

536 3843 894 3901 abscondita
922 3849 1032 3912 est,
1063 3845 1205 3917 quia
1234 3849 1290 3900 et
1320 3844 1371 3899 si
1391 3843 1522 3915 jam
1553 3841 1610 3898 in
1646 3859 1768 3914 qua
1799 3843 1872 3899 sit
1895 3843 2025 3900 vitte
2055 3861 2200 3917 qua-

535 3938 694 3996 litate
719 3939 1082 4008 considerat,
1128 3939 1326 3995 adbuc
1379 3941 1606 4008 tamen,
1657 3939 1736 3994 ad
1783 3954 1966 4012 quem
2014 3941 2198 3996 tinem

536 4028 758 4095 tendat,
811 4029 1066 4099 ignorat.
1103 4032 1168 4084 Et
1207 4029 1254 4084 si
1296 4028 1426 4099 jam
1478 4043 1739 4100 superna
1787 4029 2032 4101 appetit,
2089 4031 2198 4085 etsi

534 4118 726 4192 plenis
756 4119 883 4176 haec
909 4117 1217 4174 desideriis
1257 4117 1489 4190 quaerit,
1518 4117 1718 4173 adhuc
1767 4117 1814 4172 si
1861 4119 1922 4174 in
1969 4118 2197 4174 eisdem

534 4206 844 4261 de~ideriis
873 4210 1248 4278 permaneat,
1268 4205 1472 4261 nescit.
1503 4208 1600 4261 Est
1621 4210 1819 4261 autem
1849 4211 1905 4262 et
1925 4206 2043 4262 alia
2064 4207 2198 4263 vitae.

535 4298 751 4349 nostra:
769 4295 1258 4366 abseonsio,quia
1282 4308 1724 4366 nonnunquam
1741 4299 1798 4350 et
1823 4295 1900 4350 ad
1913 4288 2044 4368 ipsa
2061 4311 2198 4368 quin

534 4385 690 4436 recte
719 4397 831 4436 nos
861 4397 1036 4452 agere
1085 4382 1410 4450 credimus,
1460 4397 1539 4438 an
1581 4383 1640 4437 in
1688 4382 1934 4439 districti
1975 4384 2196 4454 judicis

535 4469 814 4526 examine
845 4475 1005 4526 recta
1037 4470 1499 4541 sitignoramus,
1527 4469 1844 4526 Salomone
1863 4475 2196 4542 attestante,

533 4559 637 4632 qui
666 4559 786 4616 ait:
827 4581 854 4608 α
890 4563 987 4616 Est
1029 4561 1126 4618 via
1167 4576 1301 4632 quas
1339 4559 1570 4616 videtur
1622 4560 1969 4616 hominibus
2015 4566 2196 4627 recta,

532 4649 863 4707 novissima
893 4655 1092 4707 autem
1125 4651 1175 4722 ej
1187 4667 1255 4706 us
1283 4650 1590 4706 deducunt
1611 4649 1690 4705 ad
1710 4655 1964 4706 mortem
1990 4653 2195 4722 (Prov.

532 4754 654 4802 xw,
708 4739 816 4813 12).
852 4761 880 4790 ››
931 4740 1253 4814 Sequitur:
1309 4741 1388 4795 Et
1433 4739 1823 4797 circumdedit
1862 4754 1992 4796 eum
2043 4741 2196 4799 Deus

533 4832 808 4888 tenebris.
855 4862 926 4873 —
979 4830 1260 4888 Tenebris
1315 4845 1580 4902 namque
1627 4830 1814 4887 homo
1860 4830 2195 4890 circumda-

531 4922 648 4989 tur,
679 4919 826 4992 quia
853 4921 1132 4992 quamvis
1161 4919 1383 4978 caelesti
1416 4919 1712 4976 desiderio
1759 4921 2000 4990 ferveat,
2047 4922 2195 4994 quid

530 5007 607 5064 de
635 5007 959 5082 semetipso
1002 5011 1077 5066 sit
1121 5009 1482 5083 dispositum
1533 5009 1889 5067 intrinsecus
1937 5011 2190 5080 ignorat.

533 5097 812 5171 Sequitur
840 5115 854 5154 :

604 5189 766 5244 Vens.
799 5190 888 5243 24.
920 5187 1262 5260 Antequam
1293 5187 1592 5244 comedam
1620 5190 1878 5258 suspiro.
1903 5221 1970 5230 —
1992 5192 2194 5248 Come-

527 5277 670 5334 dere
693 5279 784 5334 est
809 5291 1076 5350 namque
1099 5277 1338 5347 animae,
1364 5291 1640 5350 superna;
1653 5275 1804 5333 lucis
1833 5278 2194 5352 contempla-

526 5366 790 5424 tionibus
813 5367 1006 5442 pasci.
1041 5368 1308 5441 Suspirat
1333 5381 1482 5438 ergo
1522 5371 1848 5438 antequam
1894 5368 2189 5431 comedat,

526 5455 671 5527 quia
699 5459 923 5525 gemitu
952 5456 1349 5514 tribulationis
1391 5455 1665 5524 afﬁcitur,
1715 5461 1773 5511 et
1797 5455 2191 5527 postmodum

529 5544 1048 5616 contemplationis
1075 5546 1393 5602 refectione
1425 5545 1690 5601 satiatur.
1744 5543 2060 5616 Sequitur:
2111 5545 2188 5600 Et

526 5633 701 5706 quasi
725 5633 1086 5690 inundantes
1107 5650 1297 5707 aquae,
1320 5637 1405 5692 sic
1426 5635 1665 5704 rugitus
1680 5647 1862 5690 meus.
1889 5663 1958 5673 —
1981 5637 2184 5714 Aquae,

2309 1749 2336 1776 ‹‹
2373 1727 2514 1792 Quis
2545 1727 2703 1782 novit
2737 1732 3082 1797 potestatem
3121 1727 3216 1781 iraa
3274 1728 3430 1782 tuae?
3463 1749 3488 1774 η
3542 1729 3722 1796 (Psat.
3748 1743 3964 1790 usus,

2313 1818 2422 1884 tt.)
2452 1815 2726 1886 Sequitur
2758 1833 2769 1870 :

2384 1908 2543 1959 Vens.
2573 1909 2659 1958 26.
2696 1907 2904 1961 Nonne
2923 1907 3300 1961 (Ιίεδίηιιιιαιιί
3317 1912 3344 1961 γ
3359 1921 3557 1962 nonne
3571 1906 3750 1960 silui?
3767 1920 3969 1962 nonne

2309 1997 2545 2063 quievi?
2575 2000 2626 2048 et
2667 1995 2824 2049 venit
2858 2010 3037 2062 super
3065 2011 3155 2049 me
3187 1996 3546 2065 indignatio.
3581 2025 3646 2036 -—
3681 1996 3968 2058 Quamvis

2307 2083 2576 2155 quolibet
2597 2084 2652 2138 in
2673 2083 2804 2137 loco
2821 2085 3016 2156 pos-ili,
3032 2085 3374 2151 cogitando,
3390 2086 3647 2153 egelido,
3664 2083 3967 2156 loquendo

2309 2186 2648 2244 peccemus,
2685 2178 2822 2226 tunc
2852 2179 3048 2227 tamen
3084 2187 3189 2244 per
3221 2173 3327 2228 tria
3373 2173 3498 2228 lure
3529 2174 3767 2228 animus
3796 2173 3962 2227 etlre~

2310 2261 2507 2315 natius
2534 2261 2778 2332 rapitur,
2815 2276 2950 2315 cum
2988 2261 3193 2316 mundi
3227 2261 3406 2330 hujus
3451 2262 3838 2334 prosperitate
3865 2275 3962 2315 su-

2313 2349 2598 2405 blevatur.
2635 2354 2778 2405 Nam
2807 2365 2944 2406 cum
2977 2352 3323 2406 auctoritate
3366 2352 3527 2406 vocis
3559 2367 3593 2406 a
3646 2350 3810 2406 nullo
3856 2367 3966 2405 res-

2315 2440 2586 2508 tringitur
2617 2440 2839 2506 lingua,
2875 2441 3145 2496 licentius
3175 2457 3280 2514 per
3311 2441 3571 2514 abrupta
3595 2441 3963 2496 diﬂ'renatur.

2317 2529 2424 2582 Sed
2460 2530 2650 2582 sancti
2681 2529 2786 2582 viri
2815 2545 2952 2584 cum
2981 2531 3188 2584 mundi
3215 2529 3396 2601 hujus
3414 2535 3701 2602 potesate
3722 2529 3966 2584 fulciun-

2317 2625 2426 2685 tur,
2460 2631 2563 2672 cor
2591 2617 2664 2670 ad
2713 2618 3214 2674 considerandam
3265 2633 3438 2675 suam
3492 2619 3744 2688 gloriam
3790 2617 3967 2690 repri-

2316 2713 2505 2768 munt,
2538 2705 2803 2768 linguam
2836 2707 2912 2761 ab
2958 2707 3354 2762 immoderata
3398 2707 3696 2762 locutione
3737 2707 3969 2761 restrin-

2313 2801 2481 2864 gunt,
2506 2809 2659 2866 opus
2689 2795 2767 2850 ab
2796 2795 3224 2868 iuquictudinis
3257 2797 3572 2865 vagatione
3604 2795 3962 2851 custodiunt.

2314 2887 2575 2940 Potestas
2601 2884 2848 2956 quippe,
2874 2901 3010 2939 cum
3039 2885 3308 2952 habetur,
3341 2893 3398 2940 et
3425 2883 3746 2950 cogitanda
3775 2891 3862 2940 est
3891 2885 3964 2938 ad

2313 2974 2623 3029 utilitatem
2654 2979 2709 3029 et
2736 2973 3174 3029 dissimulanda
3209 2979 3451 3046 propter
3502 2981 3817 3030 tumorem.
3853 2973 3965 3029 Ali-

2315 3067 2442 3118 ter:
2479 3063 2656 3120 Silere
2704 3069 2791 3118 est
2840 3068 3098 3118 mentem
3147 3079 3182 3116 τι
3227 3069 3596 3118 terrenarum
3645 3063 3969 3118 desiderio-

2311 3167 2443 3206 rum
2475 3167 2614 3206 voce
2659 3151 3028 3220 restringere.
3079 3152 3401 3216 Quiescunt
3441 3150 3546 3223 qui
3601 3157 3966 3207 terrenarum

2311 3241 2615 3295 actionum
2649 3241 2926 3312 strepitus
2958 3257 3063 3312 pro
3094 3241 3298 3296 divino
3344 3256 3551 3296 amore
3577 3245 3965 3312 postponunt.

2314 3330 2516 3385 Sciunt
2538 3329 2696 3384 enim
2718 3330 2862 3400 quia
2885 3343 3271 3402 nequaquam
3307 3344 3475 3384 mens
3501 3328 3580 3385 ad
3603 3343 3865 3402 superna
3889 3334 3970 3384 at-

2310 3418 2547 3485 tollitur,
2582 3417 2628 3472 si
2677 3433 2956 3473 curarum
2997 3418 3348 3474 tumultibus
3392 3419 3670 3474 continue
3725 3417 3784 3473 in
3833 3417 3966 3473 inti-

2311 3505 2424 3560 mis
2451 3512 2800 3578 occupatur.
2832 3505 2984 3570 Quid
3012 3506 3168 3560 enim
3199 3507 3273 3561 de
3306 3507 3425 3561 Deo
3469 3510 3764 3578 occupata
3813 3505 3966 3560 obti-

2309 3599 2468 3664 neat,
2501 3609 2634 3666 qute
2665 3594 2739 3648 de
2770 3594 2870 3648 illo
2901 3593 3351 3667 apprehendere
3391 3595 3617 3667 aliquid
3657 3596 3834 3651 etiam
3871 3609 3966 3650 va—

2309 3698 2453 3737 cans
2475 3681 2756 3738 laborat?
2789 3686 2938 3738 Bene
2969 3689 3166 3738 autem
3201 3684 3258 3738 in
3290 3683 3536 3738 Psalmis
3567 3684 3824 3739 dicituru
3850 3683 3966 3739 Ya-

2309 3777 2438 3827 cate
2467 3775 2524 3826 et
2551 3772 2761 3834 videte,
2791 3773 3079 3843 quoniam
3109 3788 3221 3841 ego
3253 3788 3386 3828 sum
3413 3776 3564 3828 Deus
3610 3774 3800 3843 (t’sat.
3831 3787 3965 3836 XLv,

2314 3865 2418 3923 tt).
2457 3883 2484 3908 ››
2517 3859 2666 3925 Quia
2700 3876 2908 3914 vacare
2948 3864 3060 3915 lico
3095 3861 3356 3930 negligit,
3375 3877 3484 3915 suo
3515 3859 3966 3932 sibijudiciolu-

2308 3964 2447 4002 men
2471 3949 2599 4017 ejus
2644 3949 2890 4002 visionis
2929 3949 3263 4004 abscondit.
3313 3949 3629 4020 Sequitur:
3685 3952 3760 4004 b‘t
3807 3951 3966 4004 venit

2307 4053 2490 4107 super
2517 4053 2609 4092 me
2638 4037 2994 4108 indignatio.
3055 4069 3116 4076 -—
3164 4041 3374 4107 Magna
3419 4039 3644 4110 quippe
3689 4045 3812 4094 arte
3865 4039 3969 4092 do-

2308 4125 2508 4182 ctrinae
2552 4125 2841 4191 dicturus,
2886 4127 3134 4182 verbera
3177 4126 3432 4198 praetulit
3482 4127 3630 4182 i'eizte
3681 4129 3854 4195 facta,
3907 4131 3971 4181 ut

2310 4215 2724 4286 unusquisque
2781 4216 2915 4269 hinc
2974 4214 3327 4281 consideret,
3385 4233 3521 4288 quae
3578 4216 3968 4289 peccantibus

2310 4303 2699 4376 postmodum
2755 4303 3046 4374 supplicia
3096 4311 3396 4367 maneant,
3454 4307 3500 4360 si
3550 4307 3729 4361 etiam
3771 4307 3970 4375 justus

2313 4399 2433 4448 tam
2466 4391 2664 4447 valida
2696 4392 2790 4447 hic
2824 4393 3062 4460 ﬂagella
3091 4395 3404 4463 castigant.
3441 4397 3580 4449 tlinc
3613 4398 3812 4450 Petrus
3838 4394 3920 4450 ait
3951 4411 3964 4448 :

2309 4504 2334 4529 ι(
2368 4482 2427 4534 Et
2457 4480 2502 4534 si
2529 4479 2729 4550 justus
2779 4483 2875 4536 vix
2920 4481 3269 4553 salvahitur,
3321 4484 3541 4554 impius
3590 4487 3648 4538 et
3689 4488 3972 4555 peccator

2308 4569 2410 4625 ubi
2440 4570 2785 4642 parebunt?
2815 4594 2841 4620 »
2870 4575 2920 4642 (Ι
2951 4574 3114 4628 Petr.
3151 4589 3226 4638 Iv,
3265 4573 3366 4641 18.)
3402 4572 3678 4642 Sequitur
3711 4591 3723 4626 :

2961 4661 3183 4714 CAPUT
3223 4661 3307 4712 IV.

2379 4748 2668 4817 Vens.l,2.
2692 4748 3071 4816 Respanttens
3096 4747 3353 4815 Etiphaz
3377 4744 3748 4800 Themanites
3770 4746 3928 4804 dixit
3943 4765 3968 4803 .-

2304 4838 2373 4892 Si
2395 4837 2743 4905 coeperimus
2763 4836 2928 4906 loqui
2943 4836 3070 4901 tibi,
3086 4835 3348 4904 forsitan
3363 4833 3601 4888 moleste
3615 4834 3964 4903 accipies.—

2305 4925 2544 4996 Eliphaz
2570 4939 2836 4996 namque
2865 4925 3065 4979 Latina
3093 4921 3300 4992 lingua
3324 4921 3539 4977 dicitur
3565 4923 3808 4980 Domini
3829 4939 3968 4980 con-

2304 5018 2576 5081 temptus.
2626 5016 2690 5068 Et
2717 5012 2863 5084 quid
2895 5010 3058 5066 aliud
3088 5009 3345 5066 hieretici
3376 5009 3617 5076 faciunt,
3651 5011 3763 5066 nisi
3793 5014 3960 5084 quod

2300 5101 2446 5157 dum
2477 5099 2628 5155 falsa
2657 5101 2731 5155 de
2756 5104 2874 5156 Deo
2906 5099 3183 5165 sentiunt,
3217 5114 3353 5153 eum
3382 5099 3786 5172 superbiendo
3815 5115 3961 5156 con-

2301 5192 2576 5246 temnunt
2593 5188 2622 5243 ?
2653 5187 2834 5259 Loqui
2871 5202 3132 5258 namque
3150 5187 3404 5244 molliter
3427 5187 3665 5261 Eliphaz
3695 5188 3958 5255 inchoat,

2298 5277 2402 5350 qui
2432 5276 2844 5333 haereticorum
2877 5275 3138 5348 speciem
3161 5281 3336 5344 tenet,
3361 5277 3464 5350 qui
3493 5279 3794 5350 etprimus
3814 5276 3962 5332 ami-

2299 5381 2505 5422 corum
2538 5366 2817 5438 loquitur,
2832 5380 2936 5436 qui
2953 5365 3100 5420 dum
3116 5365 3401 5438 loquendi
3427 5365 3760 5422 custodiam
3779 5364 3964 5434 negli-

2299 5453 2400 5522 git,
2435 5469 2628 5526 usque
2660 5453 2737 5509 ad
2761 5451 2963 5508 aﬂlicti
2991 5453 3386 5510 contumelias
3435 5453 3666 5510 excedit
3700 5453 3912 5508 dicens
3943 5469 3956 5507 :

2299 5565 2326 5589 «
2351 5543 2535 5611 Tigris
2563 5541 2754 5615 periit,
2786 5559 2859 5598 eo
2883 5543 3046 5616 quod
3071 5559 3194 5600 non
3221 5544 3468 5600 haberet
3496 5542 3763 5615 praedam
3797 5543 3957 5608 (Job.

2298 5647 2373 5701 iv,
2394 5632 2499 5699 tt).
2524 5653 2552 5681 ››
2577 5634 2942 5708 Exasperare
2961 5634 3188 5708 quippe
3201 5631 3460 5690 hieretici
3480 5631 3782 5688 auditores
3811 5645 3958 5687 suos
