4158 6192
305 196 404 247 149

1194 187 1487 241 EPITOME
1519 181 1883 240 MOHALIUM
1927 183 1983 235 S.
2013 180 2217 235 GRRG.
2254 181 2320 234 IN
2346 181 2486 235 JOB.
2517 209 2589 219 —
2620 180 2750 235 LIB.
2783 182 2846 234 V.

3622 182 3721 233 150

296 317 354 372 in
386 315 638 371 exordio
668 314 980 369 locutionis
1040 315 1330 371 metuunt,
1367 315 1429 364 ut
1482 306 1796 383 vigilanter
1854 320 1956 359 au-
1991 306 2037 356 Α
2068 306 2187 360 Deo
2214 305 2453 374 perisse.
2488 335 2555 343 —
2588 302 2825 358 Dolores
2856 302 3149 373 seminare
3176 306 3234 358 et
3256 301 3720 359 fraudulentiam

299 405 563 465 diantur.
595 409 651 458 et
682 418 832 474 pene
878 415 1112 471 semper
1140 398 1368 453 blanda
1412 402 1547 451 sunt
1578 412 1714 467 quae
1743 408 1959 466 propo-

299 499 472 559 nunt,
511 492 616 547 sed
646 506 856 564 aspera
911 505 1047 561 quae
1081 487 1501 561 prosequendo
1559 483 1954 539 subinferunt.

302 581 587 654 Sequitur
611 599 622 636 :

373 674 548 727 Vens.
584 676 633 727 3.
667 670 783 726 Sed
837 673 1183 738 conceptum
1230 681 1555 723 sermonem
1600 664 1730 735 quis
1758 668 1958 718 tenere

296 763 531 832 posset?
559 793 626 799 —
650 759 779 813 Tria
811 773 1031 826 genera
1057 760 1195 811 sunt
1214 754 1529 811 hominum
1557 754 1661 827 qui
1692 769 1727 808 ει
1754 768 1814 807 se
1840 750 1956 806 dis-

300 851 534 905 sidunt:
561 851 708 904 Sunt
737 848 838 919 qui
870 847 950 901 ad
978 846 1351 918 loquendum
1379 860 1563 917 prava
1592 841 1951 913 concipiunt,

294 943 351 993 et
382 938 546 993 nulla
571 937 781 992 silentii
815 935 1103 1005 gravitate
1152 934 1526 990 refrenantur
1553 952 1566 1000 ;
1606 937 1660 988 et
1690 935 1825 987 sunt
1851 930 1954 1002 qui

293 1044 433 1082 cum
488 1042 678 1099 prava
721 1025 1086 1097 concipiunt,
1134 1023 1342 1094 magni
1388 1022 1601 1078 silentii.
1647 1037 1708 1075 sc
1756 1019 1954 1088 vigore

292 1117 695 1187 restringunt;
741 1120 981 1185 etsunt
1027 1114 1130 1188 qui
1182 1114 1467 1169 virtutum
1526 1129 1639 1167 usu
1668 1109 1951 1177 roborati,

295 1222 486 1278 usque
517 1206 595 1261 ad
655 1221 791 1261 eam
833 1204 1246 1260 celsitudinem
1294 1202 1721 1275 provehantur,
1784 1203 1845 1253 ut
1875 1197 1953 1252 ad

291 1296 671 1367 loquendum
706 1296 763 1349 in
805 1295 981 1349 corde
1021 1293 1261 1365 quidem
1299 1307 1581 1365 perversa
1611 1288 1953 1361 concipiant

290 1402 428 1458 quae
456 1384 689 1439 silendo
745 1388 1154 1456 compescant.
1192 1383 1428 1455 Eliphaz
1476 1381 1675 1453 itaque
1730 1395 1798 1433 ex
1829 1393 1950 1448 quo

292 1474 366 1528 sit
389 1473 600 1528 ordine
630 1472 978 1537 ostenditur,
1012 1487 1151 1526 cum
1179 1470 1278 1525 ait:
1306 1470 1421 1525 Sed
1451 1474 1793 1536 conceptum
1826 1481 1947 1521 ser-

289 1578 520 1617 monem
562 1569 758 1617 tenere
782 1562 912 1631 quis
951 1561 1216 1629 poterit?
1247 1560 1351 1624 Qui
1401 1560 1576 1612 etiam
1644 1553 1948 1628 loquendo

2067 394 2262 450 dicere
2294 411 2419 459 eos,
2454 398 2511 450 et
2562 397 2780 448 metere
2808 396 2896 448 est
2942 392 3198 448 dicendo
3244 392 3585 465 praevalere.
3618 391 3723 447 Vel

2067 488 2222 539 certe
2246 484 2484 540 dolores
2516 483 2815 539 seminant
2835 482 2939 554 qui
2962 498 3246 554 perversa
3270 487 3477 553 agunt,
3493 485 3721 538 metunt

2068 589 2206 628 cum
2260 573 2333 628 de
2364 573 2575 628 eadem
2622 569 3010 644 perversitate
3068 571 3417 643 puniuntur.
3478 574 3720 626 Fructus

2066 663 2290 735 quippe
2310 661 2531 718 doloris
2548 666 2636 717 est
2654 659 2962 716 retributio
2979 658 3401 716 damnationis.
3416 659 3723 716 Seminant

2065 766 2229 821 ergo,
2257 750 2469 823 inquit,
2497 750 2734 806 dolores
2778 754 2835 805 et
2865 752 3114 816 metunt,
3155 748 3300 820 quia
3349 749 3557 821 iniqua
3583 752 3722 804 sunt

2063 856 2201 911 quae
2250 839 2496 907 faciunt,
2527 843 2583 895 et
2624 839 2684 894 in
2732 838 2869 911 ipsa
2911 836 3223 909 iniquitate
3266 841 3717 908 prosperantur,

2065 929 2219 985 sicut
2248 929 2555 985 Psalmista
2585 928 2700 984 ait:
2734 951 2761 976 ‹‹
2791 925 3139 983 Polluuntur
3165 926 3276 981 vim
3308 926 3437 996 ejus
3462 924 3523 980 in
3553 925 3718 979 omni

2064 1022 2330 1090 tempore
2358 1019 2542 1087 (Psal.
2579 1034 2661 1086 ix,
2694 1021 2805 1082 25).
2846 1040 2872 1065 »
2928 1015 3092 1070 Flare
3122 1015 3242 1085 Dei,
3272 1013 3534 1070 vindicta
3561 1013 3722 1068 retri-

2061 1105 2325 1161 butionis
2353 1105 2585 1160 dicitur.
2604 1106 2756 1159 Bene
2782 1104 2983 1176 itaque
3014 1102 3121 1175 qui
3138 1103 3375 1158 dolores
3399 1101 3715 1177 seminant,

2064 1193 2242 1250 ﬂante
2275 1197 2413 1262 Deo,
2442 1198 2711 1264 pereunt,
2765 1192 2912 1264 quia
2940 1192 3101 1247 unde
3133 1191 3275 1246 foris
3326 1206 3607 1263 perversa
3639 1188 3722 1244 fa-

2062 1284 2246 1349 ciunt,
2282 1281 2419 1336 inde
2446 1280 2525 1337 ab
2556 1280 2779 1336 intimis
2837 1284 2995 1335 recte
3027 1279 3335 1335 feriuntur.
3381 1278 3544 1334 Flare
3575 1278 3718 1333 iras-

2061 1371 2253 1426 cendo
2284 1371 2517 1438 dicitur,
2545 1369 2688 1442 quia
2716 1370 2766 1424 is
2797 1369 2899 1442 qui
2932 1369 2992 1423 in
3022 1384 3085 1423 se
3116 1366 3473 1439 tranquillus
3501 1372 3587 1422 est
3616 1382 3718 1439 pe-

2060 1458 2371 1515 reuntibus
2403 1456 2779 1513 turbulentus
2808 1456 3063 1512 videtur.
3082 1456 3356 1529 Sequitur
3380 1472 3392 1509 :

2135 1557 2304 1611 Vens.
2338 1559 2423 1609 10.
2454 1556 2705 1625 Rugitus
2739 1556 2922 1610 leonis
2953 1561 3007 1610 et
3036 1570 3152 1610 vox
3184 1555 3404 1629 leaenae,
3428 1559 3483 1609 et
3511 1553 3716 1609 dentes

292 1668 354 1705 se
386 1649 764 1705 otfensurum
822 1650 1004 1704 novit.
1041 1649 1208 1703 Pravi
1260 1649 1435 1715 igitur
1468 1648 1621 1701 sicut
1656 1646 1713 1700 in
1765 1660 1948 1699 sensu
1988 1658 2029 1709 Β
2061 1647 2397 1703 catulorum
2430 1645 2661 1700 leonum
2694 1645 2941 1700 contriti
2964 1649 3123 1699 sunt.
3151 1675 3219 1683 —
3250 1642 3403 1709 Quid
3431 1642 3592 1717 enim
3621 1658 3717 1701 ru-

289 1740 446 1794 levcs
480 1744 637 1803 sunt,
666 1739 745 1794 ita
776 1741 835 1794 in
865 1740 1163 1794 locutione
1197 1738 1550 1809 praecipites.
1612 1734 1754 1789 Hinc
1789 1733 1949 1789 Salo-

292 1844 431 1883 mon
461 1830 539 1883 ait
565 1844 577 1880 :
604 1850 630 1875 ‹‹
658 1828 766 1892 Qui
797 1828 1008 1882 emittit
1035 1843 1280 1899 aquam.
1302 1832 1481 1897 caput
1507 1828 1591 1879 est
1612 1824 1947 1893 jurgiorum

293 1918 492 1985 (Prov.
528 1933 668 1981 xvn,
706 1919 809 1987 14).
846 1939 870 1963 ››
906 1915 1202 1987 Sequitur.

363 2009 533 2061 Vens.
578 2010 620 2059 ἱ.
680 2009 825 2061 Ecce
854 2005 1111 2060 docuisti
1140 2007 1456 2073 plurimos,
1507 2008 1562 2057 et
1599 2001 1844 2073 reliqua.

294 2097 521 2159 Magnae
572 2093 941 2149 celsitudinis
1002 2094 1107 2148 iste
1136 2093 1219 2147 vir
1254 2094 1377 2159 fuit,
1411 2093 1513 2164 qui
1561 2090 1711 2144 inter
1741 2105 1947 2143 curam

291 2183 535 2251 domus,
564 2188 617 2236 et
648 2182 1067 2254 multiplicium
1094 2198 1293 2236 rerum
1323 2180 1678 2239 custodiam,
1703 2176 1950 2232 affectus

292 2271 617 2342 pignorum
652 2271 969 2342 studiaque
998 2270 1297 2325 laborum.
1349 2267 1689 2324 erudiendis
1723 2266 1948 2320 caeteris

287 2375 352 2413 se
383 2359 1081 2432 impendit.’[‘emporalia
1110 2358 1373 2426 regenda
1402 2354 1947 2428 (vlisposuit,aaterna

283 2449 675 2521 praedicando
705 2449 1020 2504 nuntiavit.
1070 2448 1184 2504 Sed
1210 2464 1315 2502 seu
1364 2446 1640 2515 haeretici,
1673 2461 1777 2500 seu
1818 2460 1946 2515 per-

283 2537 441 2591 versi
467 2537 736 2609 quilibet.
774 2553 908 2592 cum
940 2537 1102 2592 bona
1126 2537 1427 2606 justorum
1454 2534 1732 2604 referunt,
1766 2549 1836 2588 ea
1866 2531 1943 2588 ad

281 2631 710 2695 argumentum
743 2625 1005 2680 criminis
1038 2626 1296 2680 ﬂectunt.
1332 2628 1477 2681 Nam
1510 2623 1808 2696 sequitur:

356 2718 523 2770 Vsus.
643 2715 821 2770 Nunc
851 2721 1046 2771 autem
1081 2722 1236 2770 venit
1266 2729 1445 2781 super
1468 2720 1523 2768 te
1550 2715 1736 2783 plaga
1767 2717 1821 2767 et
1847 2711 1942 2766 de-

286 2806 514 2873 fecisti.
550 2837 615 2843 —
647 2804 737 2858 Ab
768 2804 987 2876 iniquis
1014 2821 1152 2859 vero
1177 2805 1361 2859 modo
1392 2804 1687 2858 bonorum
1720 2801 1940 2870 locuto,

279 2898 390 2948 aut
418 2893 689 2963 ejusdem
736 2892 952 2962 linguae
981 2910 1103 2946 suae
1134 2892 1484 2963 adjudicata
1512 2890 1849 2946 testimonio
1880 2889 1941 2944 in

2058 1735 2215 1803 gitus
2246 1733 2434 1788 leonis
2468 1732 2751 1805 appellat,
2785 1732 2922 1803 nisi,
2955 1737 3018 1788 ut
3045 1732 3227 1805 paulo
3265 1735 3401 1787 ante
3429 1730 3716 1802 praemisi-

2058 1840 2216 1889 mus,
2278 1823 2651 1878 severitatem
2712 1821 2817 1876 viri
2839 1822 2866 1877 'I
2896 1821 3043 1894 quid
3089 1836 3302 1877 vocem
3347 1819 3571 1889 leaena,
3602 1819 3716 1874 nisi

2055 1911 2480 1985 loquacitatem
2537 1910 2859 1981 conjugis?
2917 1910 3071 1976 Quid
3122 1909 3331 1969 dentes
3381 1907 3715 1965 catulorum

2054 1998 2322 2068 leonum,
2381 1999 2495 2054 nisi
2550 1998 2905 2055 edacitatem
2935 1997 3172 2070 prolis?
3226 1997 3377 2063 Quia
3420 1997 3582 2053 enim
3610 1994 3715 2051 ﬁlii

2056 2088 2442 2143 convivantes
2471 2089 2710 2144 extincti
2744 2093 2905 2155 sunt,
2933 2087 3204 2143 dentium
3234 2086 3615 2159 expressione
3641 2085 3715 2140 si-

2054 2182 2334 2248 gnantur.
2365 2179 2505 2240 Quae
2531 2183 2749 2233 cuncta
2776 2178 2924 2231 dum
2972 2176 3225 2232 contrita
3254 2175 3493 2248 Eliphaz
3521 2174 3715 2230 eXSul-

2056 2270 2139 2322 tat
2171 2266 2453 2336 [exaltat].
2482 2266 2656 2338 quasi
2677 2266 2809 2335 jure
2836 2265 3126 2321 damnata
3164 2265 3495 2321 denuntiat.
3529 2264 3711 2334 Cujus

2054 2355 2253 2412 adhuc
2306 2355 2590 2411 duritiam
2662 2354 3085 2427 increpationis
3153 2354 3502 2425 ingeminat,
3570 2367 3711 2408 cum

2055 2444 2367 2514 subjungit
2391 2462 2403 2498 :

2123 2543 2295 2597 Vens.
2356 2547 2440 2596 11.
2496 2542 2689 2611 Tigris
2741 2541 2942 2610 periit,
2997 2554 3063 2596 eo
3115 2540 3277 2611 quod
3316 2554 3436 2595 non
3468 2538 3711 2595 haberet

2044 2631 2338 2702 prmdam,
2366 2638 2422 2688 et
2451 2632 2643 2687 catuli
2672 2631 2856 2686 leonis
2905 2631 3184 2700 dissipati
3209 2634 3369 2685 sunt.
3402 2660 3471 2667 —
3518 2630 3710 2693 Quem

2049 2721 2209 2776 enim
2236 2721 2481 2777 nomine
2510 2721 2674 2788 tigris
2703 2720 2817 2775 nisi
2842 2719 3055 2776 beatus
3098 2719 3209 2774 Job
3239 2722 3383 2774 nota
3408 2716 3709 2773 varietatis

2050 2810 2269 2880 signa?
2304 2809 2395 2865 vel
2452 2824 2766 2882 aspersum
2814 2809 3066 2865 maculis
3117 2806 3514 2864 simulationis
3535 2806 3563 2861 ?
3596 2804 3711 2861 Sed

2048 2899 2336 2954 nimirum
2392 2899 2589 2953 omnis
2638 2897 2954 2969 hypocrita
3007 2897 3171 2965 tigris
3206 2900 3331 2963 (est,
3362 2895 3507 2967 quia
3562 2894 3710 2950 dum

277 2983 531 3037 Crimine
593 2983 711 3037 Vita
769 2999 909 3037 SUCO
923 2982 1148 3037 umbat-
1208 2982 1317 3047 Olli
1347 2981 1526 3036 etiam
1557 2981 1719 3035 bona
1752 2979 1826 3035 de
1851 2980 1943 3049 ἀα-
1976 3008 2015 3061 (;
2050 2987 2314 3043 mundus
2341 2987 2504 3042 color
2532 2986 3007 3043 dissimulatione
3046 2986 3279 3052 dicitur,
3311 2986 3594 3040 vitiorum
3624 2984 3710 3039 ni~

278 3072 392 3127 stis
424 3072 553 3127 aliis
583 3073 821 3140 cognita
864 3072 1209 3144 loquuntur.
1231 3069 1333 3126 sed
1361 3072 1488 3126 haec
1510 3072 1640 3141 ipsa
1666 3069 1937 3140 protinus

275 3159 364 3216 ad
395 3160 705 3215 cumulum
734 3160 1171 3230 objurgationis
1201 3160 1568 3232 pertrahunt.
1625 3156 1934 3229 Sequitur:

356 3252 521 3304 Vens.
554 3254 605 3303 6.
646 3250 757 3305 Ubi
784 3256 864 3305 est
886 3253 1064 3304 timor
1093 3249 1548 3318 tuusfortitudo
1571 3248 1939 3316 lua,patien-

274 3339 367 3392 tia
392 3344 497 3392 tua
523 3344 577 3393 et
605 3340 892 3407 perfectio
916 3340 1147 3393 viarum
1168 3344 1445 3392 tuarum?
1466 3369 1532 3376 —
1550 3342 1691 3402 Quae
1722 3342 1937 3391 cuncta

276 3426 579 3497 superiori
644 3428 953 3498 conjungit
1020 3426 1342 3482 sententiae.
1404 3425 1511 3481 Sed
1582 3425 1936 3480 intuendum

271 3514 456 3569 valde
482 3520 589 3581 est,
650 3516 791 3587 quia
820 3516 1100 3587 quamvis
1152 3515 1639 3570 inconvenienter
1668 3514 1940 3569 inchoas—

271 3609 391 3669 set,
456 3611 850 3673 congruenter
905 3612 1106 3661 tamen
1165 3605 1407 3661 ordines
1461 3618 1660 3659 rerum
1712 3607 1932 3659 narrat.

269 3696 549 3760 Quatuor
572 3694 795 3767 quippe
829 3696 1023 3749 modis
1057 3696 1233 3751 vitam
1269 3694 1425 3749 beati
1467 3694 1577 3748 Job
1617 3694 1934 3749 virtutibus

265 3784 692 3839 enuimerando
723 3784 1005 3850 distinxit,
1026 3784 1173 3839 dum
1201 3788 1256 3837 et
1283 3783 1478 3839 timori
1507 3782 1933 3847 fortitudinem,

264 3878 334 3929 et
378 3872 702 3927 fortitudini
762 3873 1134 3944 patientiam,
1178 3879 1233 3927 et
1287 3872 1579 3944 patientiae
1634 3870 1938 3943 perfectio-

263 3977 418 4018 nem
446 3961 732 4031 junxit.ln
759 3962 853 4015 via
880 3977 1146 4032 namque
1173 3963 1267 4015 Dei
1291 3961 1468 4016 timor
1490 3960 1677 4027 gignit
1705 3960 1933 4014 fortitu-

261 4051 507 4117 dinem,
542 4054 601 4102 ut
649 4049 929 4103 Salomon
962 4050 1078 4103 ait:
1137 4074 1161 4095 ‹‹
1198 4051 1258 4103 In
1311 4050 1520 4103 timore
1553 4050 1672 4115 Dei,
1716 4047 1937 4102 ﬁducia

259 4136 638 4197 fortitudinis
668 4139 868 4207 (Prov.
920 4152 1043 4196 xw.
1074 4137 1180 4206 26).
1221 4160 1246 4186 »
1279 4137 1427 4202 Quia
1457 4134 1604 4191 dum
1636 4150 1805 4190 mens
1834 4151 1939 4190 no-

259 4236 396 4285 stra
423 4230 584 4281 recto
614 4230 777 4281 metu
809 4225 1108 4282 (londitori
1144 4226 1415 4281 omnium
1453 4224 1742 4296 jungitur,
1776 4228 1937 4295 pote-

263 4322 428 4374 state
454 4316 722 4389 quadam
776 4333 958 4389 supra
988 4316 1193 4371 omnia
1249 4315 1611 4381 sublevatur,
1653 4312 1936 4369 fortitudo
1972 4355 2015 4407 Β

262 4410 475 4463 autem
508 4404 744 4460 nonnisi
770 4404 830 4459 in
852 4404 1207 4460 adversitate
1234 4403 1581 4460 ostenditur.
1601 4402 1762 4459 Unde
1795 4418 1934 4458 mox

263 4493 559 4567 patientia
604 4492 985 4557 subrogatur,
1044 4496 1101 4547 et
1157 4491 1356 4547 statim
1411 4495 1546 4563 post
1582 4490 1929 4562 patientiam

262 4583 505 4638 viarum
544 4581 824 4654 perfectio
876 4581 1260 4636 subinfertur.
1317 4582 1411 4636 Ille
1437 4581 1599 4636 enim
1635 4580 1930 4652 perfectus

267 4675 363 4726 est
376 4671 478 4742 qui
506 4686 647 4740 erga
667 4670 1179 4742 imperfectionem
1195 4670 1450 4742 proximi
1470 4670 1787 4742 impatiens
1810 4684 1932 4724 non

270 4764 383 4815 est.
419 4760 714 4831 Sequitur.

348 4846 512 4899 Vens.
546 4850 598 4898 7.
627 4845 985 4909 Recordare,
1019 4843 1258 4899 obsecro
1287 4850 1360 4909 te,
1393 4846 1525 4916 quis
1547 4859 1818 4915 unquam
1839 4845 1931 4899 in-

272 4948 490 4989 nocens
515 4935 741 5002 periit?
769 4938 827 4990 et
852 4933 1101 5005 reliqua.
1154 4933 1321 5005 Saepe
1353 4933 1514 4988 enim
1543 4933 1639 4988 hic
1681 4939 1739 4989 et
1767 4934 1933 4989 inno—

271 5026 474 5077 centes
524 5028 793 5094 pereunt,
851 5022 956 5078 sed
1027 5021 1105 5077 ad
1183 5026 1471 5078 aeternam
1520 5022 1773 5092 gloriam
1828 5038 1933 5094 pe-

270 5111 505 5167 reundo
547 5116 877 5168 servantur.
932 5110 1081 5177 Quia
1112 5112 1206 5167 hic
1250 5113 1538 5167 innocens
1590 5112 1760 5184 perit,
1805 5129 1937 5185 pro-

269 5201 453 5272 pheta
482 5198 743 5257 aﬂlrmat
768 5218 780 5255 :
812 5223 841 5251 «
868 5204 1067 5257 Justus
1124 5201 1277 5273 perit
1295 5205 1353 5257 et
1398 5217 1580 5256 nemo
1609 5206 1698 5257 est
1719 5203 1823 5274 qui
1850 5219 1940 5259 re-

272 5289 490 5357 cogitet
536 5291 681 5357 (Isa.
717 5307 845 5359 Lvn,
878 5294 950 5359 1).
988 5315 1015 5340 ››
1068 5291 1149 5347 De
1199 5291 1372 5346 rectis
1417 5290 1717 5361 Sapientia
1759 5292 1932 5348 dicit:

289 5399 313 5424 ‹‹
349 5380 576 5449 Raptus
607 5384 695 5433 est
729 5395 800 5433 ne
844 5378 1067 5434 malitia
1114 5383 1371 5434 mutaret
1415 5378 1778 5434 intellectum
1809 5380 1939 5450 ejus

279 5467 451 5535 (Sap.
485 5483 563 5535 iv,
599 5468 705 5535 11).
737 5490 763 5516 ι»
799 5467 1110 5539 Sequitur:

345 5557 512 5611 Vens.
528 5559 579 5623 8,
595 5559 647 5611 9.
665 5558 820 5624 Quin
847 5538 1046 5624 potius
1075 5556 1208 5612 vide
1233 5572 1327 5613 eos
1353 5559 1459 5628 qui
1479 5538 1813 5628 epeiantur
1825 5560 1938 5616 ini-

276 5645 659 5715 quitatem,et
684 5646 982 5702 seminam
1011 5644 1267 5713 dolores,
1286 5652 1341 5701 et
1369 5654 1599 5704 metunt
1622 5650 1939 5720 eos,ﬂante

2048 3074 2292 3144 gredine
2350 3074 2821 3146 interrumpente
2876 3074 3156 3130 variatur.
3212 3074 3379 3145 Saepe
3437 3071 3586 3126 dum
3636 3070 3710 3126 de

2047 3162 2332 3218 castitatis
2358 3162 2656 3217 munditia
2682 3161 2998 3231 extollitur,
3030 3161 3206 3216 sorde
3239 3160 3502 3216 avaritiae
3528 3159 3713 3215 foeda-

2048 3255 2160 3306 tur.
2192 3252 2335 3316 Quse
2364 3249 2640 3305 videlicet
2663 3250 2828 3320 tigris
2873 3250 3031 3322 rapit
3081 3249 3370 3322 praedam,
3403 3248 3550 3320 quia
3604 3248 3713 3303 hu-

2047 3342 2245 3396 manis
2276 3340 2389 3395 sibi
2442 3339 2747 3395 favoribus
2778 3347 3033 3412 usurpat
3057 3338 3329 3410 gloriam.
3369 3338 3520 3403 Quia
3548 3336 3708 3393 enim

2045 3433 2221 3503 rapta
2248 3428 2427 3484 laude
2456 3426 2774 3498 extollitur,
2807 3428 2978 3500 quasi
3012 3427 3219 3500 praeda
3249 3426 3516 3483 satiatur.
3540 3428 3711 3482 Tran-

2045 3518 2216 3573 slatio
2247 3522 2447 3573 autem
2508 3517 2894 3591 Septuaginta
2921 3520 3313 3590 lnterpretum
3351 3529 3475 3571 non
3526 3514 3711 3572 habet

2046 3608 2237 3677 tigris,
2260 3605 2388 3676 sed,
2406 3607 2813 3662 mirmicoleon
2831 3607 3034 3676 periit.
3058 3596 3454 3663 Mirmicoleon
3481 3603 3708 3676 quippe

2045 3711 2305 3768 parvum
2334 3694 2506 3750 valde
2521 3699 2625 3749 ~est
2655 3694 2883 3750 animal
2928 3694 3193 3751 formicis
3225 3693 3545 3749 adversum
3564 3691 3592 3746 ?
3620 3691 3709 3748 Di-

2045 3786 2195 3841 citur
2225 3790 2428 3841 autem
2460 3786 2661 3841 Latine
2709 3784 3097 3842 formicarum
3126 3784 3241 3847 leo,
3288 3783 3383 3839 vel
3414 3786 3569 3838 certe
3593 3781 3709 3837 for-

2046 3875 2203 3930 mica
2231 3879 2287 3929 et
2313 3874 2423 3929 leo.
2483 3874 2636 3938 Quid
2694 3874 2755 3928 in
2787 3874 3161 3929 micoleontis
3191 3872 3438 3928 nomine
3470 3870 3708 3945 Eliphaz

2044 3963 2104 4018 in
2137 3964 2313 4018 beato
2339 3963 2450 4017 Job
2477 3963 2590 4017 nisi
2618 3978 2910 4034 pavorem
2957 3967 3014 4017 et
3044 3961 3364 4017 audaciam
3391 3960 3708 4032 reprehen-

2043 4049 2179 4106 dit?
2207 4055 2287 4105 Ac
2322 4050 2373 4103 si
2402 4055 2603 4121 aperte
2633 4050 2792 4104 dicat
2814 4048 2982 4120 :jNon
3001 4050 3219 4118 injuste
3250 4060 3576 4119 percussus
3605 4062 3702 4114 es;

2045 4142 2254 4193 contra
2302 4140 2530 4191 erectos
2588 4136 2852 4201 timidus,
2911 4140 3121 4192 contra
3177 4135 3448 4190 subditos
3503 4132 3707 4189 audax

2046 4226 2225 4283 fuisti.
2270 4228 2491 4282 TYPICE.
2545 4228 2680 4295 Leo,
2710 4228 2953 4298 propter
2998 4225 3297 4295 virtutem,
3336 4222 3703 4291 Dominum;

2045 4320 2290 4390 propter
2318 4315 2605 4371 saevitiam
2635 4314 2966 4384 diabolum,
2998 4315 3292 4386 designat.
3315 4314 3399 4370 De
3428 4312 3701 4370 Domino:

2043 4430 2069 4457 ‹‹
2105 4407 2247 4463 Vicit
2276 4407 2367 4462 leo
2396 4406 2470 4462 de
2529 4405 2686 4461 tribu
2744 4404 2902 4462 Juda
2933 4407 3138 4479 (Apoc.
3169 4422 3228 4462 v.
3278 4405 3353 4478 5).
3384 4426 3414 4455 »
3470 4404 3550 4460 De
3579 4402 3705 4461 dia-

2039 4496 2219 4553 bolo:
2273 4517 2301 4547 ‹‹
2360 4495 2747 4552 Adversarius
2802 4500 2997 4553 vester
3047 4494 3345 4562 diabolus,
3404 4492 3557 4551 sicut
3608 4492 3703 4550 leo

2039 4586 2282 4656 rugiens
2311 4586 2364 4657 (Ι
2382 4587 2546 4641 Petr.
2578 4603 2633 4649 v,
2665 4587 2740 4655 8).
2768 4608 2796 4635 »
2843 4589 3067 4641 Leaenae
3096 4588 3297 4641 autem
3325 4583 3569 4640 nomine
3595 4582 3702 4639 ali-

2040 4675 2290 4749 quando
2349 4679 2559 4730 sancta
2590 4674 2848 4729 Ecclesia
2898 4674 3267 4744 designatur,
3325 4673 3471 4744 quia
3501 4669 3704 4727 audax

2040 4767 2128 4819 est
2156 4762 2218 4818 in
2253 4762 2541 4829 adversis,
2573 4765 2638 4817 ut
2664 4761 2855 4817 isdem
2886 4761 2997 4817 Job
3027 4763 3138 4818 ait:
3159 4780 3190 4814 ι
3222 4764 3351 4818 Non
3376 4757 3703 4832 pertransi-

2041 4852 2125 4907 vit
2151 4863 2261 4922 per
2284 4860 2423 4907 eam
2450 4849 2643 4906 leama
2667 4850 2816 4920 (Job.
2852 4864 3050 4916 XXVIII,
3079 4850 3154 4921 8).
3182 4873 3210 4901 »
3236 4846 3575 4922 Aliquando
3594 4848 3703 4904 Ba-

2041 4939 2291 5011 bylonia
2324 4944 2568 5012 propter
2620 4937 3079 4997 immanitatem.
3134 4937 3325 4999 Catuli
3352 4943 3556 4997 autem
3584 4937 3702 4995 leo-

2042 5042 2192 5084 num
2221 5031 2360 5084 sunt
2382 5026 2632 5100 quilibet
2652 5027 2912 5101 reprobi,
2941 5027 3019 5086 ad
3047 5028 3320 5103 iniqtmm
3347 5029 3536 5085 vitam
3566 5042 3699 5084 ma-

2043 5116 2344 5187 lignorum
2438 5115 2756 5188 spirituum
2839 5122 3036 5174 errem
3125 5117 3408 5189 generati.
3502 5114 3700 5174 Sancti

2043 5206 2263 5261 etenim
2292 5204 2403 5261 viri
2454 5205 2697 5263 sollicite
2727 5207 3069 5264 custodiunt
3100 5208 3471 5282 semetipsos,
3504 5202 3580 5259 he
3604 5202 3697 5258 leo
3732 5232 3735 5235 λ

2044 5294 2207 5350 idem
2246 5295 2532 5367 antiquus
2557 5296 2746 5352 hostis
2775 5304 2877 5352 eos
2902 5296 3017 5353 sub
3062 5297 3267 5370 aliqua
3294 5293 3557 5363 imagine
3586 5292 3699 5347 vir-

2042 5383 2181 5440 tutis
2211 5383 2461 5451 occidat,
2513 5400 2588 5441 ne
2643 5385 2847 5442 leaenae
2900 5402 3019 5442 vox
3044 5385 3291 5441 auribus
3342 5383 3694 5453 perstrepat,

2042 5471 2203 5528 idem
2233 5488 2309 5529 ne
2340 5473 2662 5545 Babylonis
2688 5475 2876 5547 gloria
2904 5474 3151 5530 censum
3183 5470 3261 5526 ab
3290 5474 3497 5527 amore
3526 5471 3696 5527 ϐαδιε-

2043 5562 2146 5618 stis
2200 5563 2406 5635 patriae
2456 5568 2702 5631 avertat,
2759 5578 2833 5618 ne
2891 5559 3226 5617 catulorum
3278 5560 3487 5617 dentes
3540 5575 3696 5615 mor-

2045 5650 2312 5720 deant,id
2337 5657 2424 5708 est
2443 5667 2518 5707 ne
2548 5652 2943 5723 reproborum
2964 5648 3166 5705 suasio
3191 5648 3252 5705 in
3274 5648 3454 5708 corde
3479 5660 3696 5704 conva-
