4156 6178
428 146 519 196 151

1493 142 1549 198 s.
1584 141 1844 198 ODONIS
1874 138 2171 197 ABBA'I‘IS
2204 112 2707 202 CLUNIACENSIS
2738 145 2802 200 ιι.

3759 155 3864 206 152

423 252 628 322 lescat.
664 263 779 320 Sed
804 262 1063 319 haeretici
1083 264 1213 335 jam
1244 265 1421 338 quasi
1454 266 1526 323 de
1557 267 1867 323 sanctitate
1898 265 2090 323 securi
2125 270 2169 321 A
2206 269 2269 323 Et
2294 270 2589 326 Joannes:
2626 293 2653 321 ‹‹
2682 270 3028 328 Videbimus
3054 286 3192 328 eum
3225 271 3393 327 sicuti
3436 276 3526 328 est
3554 272 3751 344 (Joan.
3781 292 3881 365 ut,

429 358 589 423 sunt,
610 353 754 425 quia
785 368 909 408 suae
963 353 1099 409 vitae
1148 354 1372 410 meritis
1402 360 1617 412 cuncta
1673 373 1736 413 se
1774 371 2091 429 superasse

429 441 828 514 suspicantur.
858 444 923 497 tn
952 441 1117 513 tigris
1147 443 1325 499 etiam
1356 444 1600 501 nomine
1620 448 1871 518 propter
1898 443 2093 501 multi-

427 529 635 586 formis
663 530 892 587 astutiaa
942 531 1288 588 varietatem
1319 549 1441 589 non
1474 533 1801 604 incongrue
1842 550 1981 590 eum
2014 534 2090 590 si-

427 617 653 690 gnavit,
677 635 861 692 quem
917 619 1193 694 superius
1223 636 1331 693 per
1358 622 1614 679 leonem.
1659 625 1839 680 Satan
1868 623 2092 696 quippe

426 705 615 763 modo
645 706 963 763 stultorum
1011 710 1244 764 mentes
1274 708 1498 765 blande
1531 710 1872 782 persuadet,
1908 711 2092 767 modo

427 790 506 847 ad
532 790 671 863 culp
679 806 779 847 am
794 791 1070 847 terrendo
1088 793 1394 865 pertrahit.
1405 798 1547 849 Item
1559 809 1667 867 per
1681 794 2093 851 mirmicoleon

427 879 800 950 designatur,
850 880 995 954 quia
1023 880 1366 938 carnalibus
1416 882 1510 938 leo
1542 887 1650 953 est,
1684 882 2090 957 spiritualibus

428 958 630 1025 autem
649 966 920 1026 formica.
957 969 1233 1043 Sequitur
1256 988 1269 1025 :

498 1058 961 1115 Vans.12.Porro
991 1059 1073 1115 ad
1098 1073 1194 1114 me
1220 1059 1445 1116 dictum
1474 1067 1559 1117 est
1586 1062 1830 1118 verbum
1848 1063 2093 1119 abscon-

429 1148 641 1204 ditum.
678 1147 937 1203 Verbum
989 1147 1412 1204 absconditum
1473 1150 1731 1207 haaretici
1791 1151 1998 1207 audire
2031 1167 2093 1207 se

430 1234 735 1301 simulant,
770 1239 835 1290 ut
864 1234 1208 1290 auditorum
1238 1237 1544 1293 mentibus
1576 1239 1844 1312 quadam
1874 1239 2091 1313 praedi-

428 1323 680 1379 cationis
711 1340 834 1379 suae
863 1325 1259 1382 reverentiam
1311 1326 1636 1385 obducant.
1674 1330 1815 1396 Quis
1847 1329 2088 1397 scilicet,

428 1415 491 1466 ut
516 1411 671 1467 mira
716 1412 1034 1469 ostendere
1074 1413 1334 1486 valeant,
1386 1431 1545 1472 nova
1593 1433 1831 1491 semper
1882 1419 2089 1491 exqui-

427 1503 587 1569 runt,
617 1503 686 1554 ut
739 1499 1023 1557 Salomon
1047 1501 1162 1557 ait:
1224 1524 1252 1551 «
1286 1507 1472 1575 Aquae
1531 1504 1764 1561 furtiva-
1794 1505 2090 1562 dulciores

428 1590 587 1698 εἶπεν
622 1591 743 1698 »ξε
780 1587 1016 1688 relique
1059 1590 1374 1698 ,(έῗζῖου-,ξῖξτ
1423 1591 1526 1661 ιηο
1560 1595 1779 1698 Tum
1832 1594 2091 1698 Yerbum
2127 1616 2170 1669 Β
2200 1620 2315 1677 tici.
2353 1587 3124 1682 es...“ivstissiiigimg
3178 1628 3193 1698 [

428 1674 854 1732 absconditum
901 1677 1211 1733 invisibilis
1274 1679 1450 1735 Filius
1506 1687 1775 1752 vocatur,
1833 1678 1923 1738 de'
1967 1699 2090 1757 quo

425 1764 685 1818 Joannes
713 1762 830 1819 ait:
866 1782 896 1816 ‹
928 1768 990 1820 In
1017 1765 1310 1840 principio
1353 1772 1480 1824 erat
1505 1769 1783 1838 Verbum,
1821 1795 1848 1820 ››
1881 1776 1937 1827 et
1962 1772 2091 1827 reli-

426 1865 552 1923 qua
576 1850 773 1923 (Joan.
802 1869 841 1923 ι,
898 1854 970 1924 t).
1030 1855 1143 1910 Sed
1196 1855 1310 1911 hoc
1361 1856 1617 1912 verbum
1664 1857 2088 1917 absconditum

427 1939 753 1996 electorum
779 1941 1079 1998 mentibus
1101 1942 1483 2010 dicitur,cum
1512 1951 1778 2019 potestas
1803 1948 2090 2018 uuigeniti

426 2027 555 2084 Filii
609 2028 990 2086 credentibus
1042 2032 1477 2091 manifestatur.
1515 2038 1708 2091 Potest
1750 2039 1928 2093 etiam
1960 2037 2092 2093 abs-

426 2116 737 2174 conditum
767 2117 1050 2175 allocutio
1080 2120 1304 2177 intimas
1335 2124 1715 2195 aspirationis
1746 2124 2090 2197 intelligi,de

424 2220 549 2278 qua
573 2207 833 2262 Joannes
891 2207 1010 2263 ait:
1044 2230 1071 2259 ‹‹
1108 2210 1313 2266 Unctio
1340 2211 1471 2282 ejus
1501 2211 1676 2268 docet
1724 2230 1834 2270 nos
1860 2215 1935 2271 de
1964 2232 2092 2272 0m-

423 2293 603 2350 nibus
631 2295 691 2367 (Ι
704 2297 883 2352 Joan.
912 2312 978 2363 ιι,
1006 2302 1083 2366 7).
1120 2322 1148 2349 »
1190 2301 1334 2365 Quae
1364 2301 1620 2358 nimium
1650 2303 1934 2376 aspiratio
1983 2306 2081 2361 hu-

422 2399 674 2440 manam
703 2390 969 2443 mentem
1016 2389 1323 2458 tangendo
1356 2390 1646 2459 sublevat,
1682 2397 1739 2448 et
1767 2408 1838 2449 ex
1860 2394 2093 2451 deside-

421 2472 493 2529 rii
519 2472 766 2530 internis
791 2474 1150 2532 inﬂammat.
1206 2478 1643 2536 Abseonditum
1669 2497 1814 2551 ergo
1834 2484 2090 2541 verbum

421 2560 631 2619 audire
659 2567 751 2619 est
776 2563 1141 2621 locutionem
1172 2567 1362 2623 sancti
1391 2568 1642 2640 Spiritus
1701 2572 1881 2628 corde
1907 2573 2093 2645 perci-

420 2665 584 2723 pere.
619 2653 761 2717 Quas
790 2652 1057 2725 profecto
1106 2653 1242 2711 sciri
1298 2672 1420 2713 non
1449 2662 1667 2730 potest,
1725 2660 1839 2716 nisi
1864 2677 1901 2718 a
1966 2679 2091 2735 qua

422 2738 635 2795 haberi
662 2743 876 2813 potest.
910 2740 1169 2797 Verbum
1221 2742 1335 2800 hoc
1367 2744 1794 2804 absconditum
1850 2749 2085 2820 dicitur,

423 2826 570 2900 quia
597 2827 745 2885 illud
770 2844 807 2884 a
830 2829 1198 2902 quibusdam
1220 2833 1430 2905 procul
1454 2833 1643 2892 dubio
1671 2836 1732 2892 in
1757 2839 1937 2896 corde
1959 2856 2091 2912 per-

426 2915 665 2988 cipitur,
697 2917 864 2989 quod
890 2934 928 2973 a
957 2919 1225 2976 maxima
1254 2927 1420 2994 parte
1448 2923 1764 2982 hominum
1796 2929 2081 2987 nescitur.
2124 2967 2164 3022 ρ

423 3003 525 3059 Vel
548 3009 706 3061 certe
735 3004 960 3063 aﬂlatio
990 3011 1177 3064 sancti
1205 3010 1477 3082 Spiritus,
1506 3011 1929 3073 absconditum
1960 3035 2088 3075 ver-

416 3090 568 3147 bum
626 3096 732 3162 est,
764 3094 909 3166 quia
963 3096 1165 3152 sentiri
1215 3102 1431 3170 potest,
1466 3102 1712 3173 strepitu
1767 3102 2084 3163 locutionis

421 3181 677 3253 exprimi
725 3198 848 3239 non
892 3189 1107 3256 potest.
1157 3187 1469 3259 Sequitur:
1502 3190 1579 3246 Et
1634 3194 1809 3262 quasi
1855 3195 2086 3264 furtive

420 3271 679 3339 suscepit
736 3274 903 3329 auris
931 3288 1063 3330 mea
1095 3290 1273 3331 venas
1320 3280 1561 3333 susurri
1589 3282 1736 3348 ejus.
1787 3310 1860 3324 —
1892 3287 2082 3343 Venas

418 3357 621 3430 itaque
655 3359 882 3415 susurri
903 3359 1091 3417 divini
1116 3363 1377 3436 suscepit
1407 3365 1635 3435 furtive,
1663 3369 1766 3441 qui
1792 3371 1872 3427 ad
1900 3374 2083 3445 perci-

416 3445 704 3519 piendam
758 3447 989 3505 virtutis
1014 3450 1146 3520 ejus
1200 3453 1497 3522 notitiam,
1545 3455 1780 3514 deserto
1824 3462 2082 3533 publicte

390 3526 860 3607 praedicationis
916 3537 1125 3609 ostio,’
1161 3555 1365 3611 prava:
1438 3526 1846 3615 intelligentiae.
1898 3551 2082 3610 rimas

415 3621 648 3693 quaerit,
682 3622 757 3678 de
788 3623 1012 3695 quibus
1040 3627 1327 3683 Dominus
1353 3629 1529 3686 dicit:
1564 3653 1590 3680 «
1621 3634 1730 3698 Qui
1751 3652 1875 3692 non
1906 3637 2083 3695 intrat

413 3724 522 3782 per
545 3709 843 3766 ostiumin
869 3711 1023 3769 ovile
1046 3714 1376 3786 ovium,hic
1403 3718 1425 3773 Γ
1428 3736 1493 3774 ιιι·
1514 3726 1602 3777 est
1628 3727 1685 3777 et
1708 3722 1858 3781 latro
1883 3727 2077 3794 (Joan.

414 3812 474 3867 x,
514 3796 583 3866 1).
619 3819 648 3847 »
678 3800 898 3855 TYPICE.
928 3801 1140 3857 Venias
1160 3805 1406 3875 superni
1438 3810 1661 3865 susurri
1692 3813 1852 3869 auris
1883 3816 2080 3873 cordis

412 3878 627 3936 furtive
657 3881 922 3955 suscipit,
981 3886 1127 3957 quia
1178 3887 1562 3948 subtilitatem
1622 3892 1938 3954 locutionis
1995 3899 2080 3956 in-

411 3967 803 4060 timteaﬂlata
832 3987 1004 4028 mens
1024 3974 1245 4047 raptim
1267 3980 1325 4033 et
1348 3979 1575 4037 occulte
1605 3986 2079 4060 cognoscit,quia

410 4060 468 4112 et
494 4056 801 4148 subtracta
827 4075 865 4117 a
917 4061 1252 4120 visibilibus
1303 4066 1624 4128 invisibilia
1679 4056 1988 4148 conspicit.
2021 4081 2079 4135 et

407 4147 634 4220 repleta
683 4149 1082 4207 invisibilibus
1144 4154 1399 4214 visibilia
1427 4160 1684 4231 perfecte
1724 4147 2070 4224 contemnit.

408 4237 982 4326 Susurrumquippe
1010 4241 1227 4298 occulti
1253 4245 1420 4302 verbi
1449 4253 1556 4319 est,
1584 4250 1711 4307 haec
1740 4252 1872 4326 ipsa
1912 4255 2075 4313 locu-

408 4323 489 4380 tio
510 4324 891 4396 aspirationis
921 4327 1190 4386 internae.
1240 4335 1412 4389 Venas
1454 4313 1657 4394 autem
1702 4313 1931 4399 susurri
1988 4345 2076 4401 di-
2110 4313 2152 4366 Β

407 4415 624 4467 cuntur
653 4426 978 4471 causarum
1007 4416 1292 4490 origines,
1324 4422 1544 4494 quibus
1585 4426 1715 4483 huic
1741 4428 1873 4502 ipsa
1918 4433 2073 4506 aspi-

404 4498 556 4555 ratio
584 4500 665 4556 ad
692 4507 963 4561 montem
1015 4505 1278 4565 ducitur.
1308 4511 1489 4577 Quasi
1540 4515 1703 4572 enim
1733 4498 1951 4577 v—enam
1982 4498 2074 4578 su-

406 4587 561 4684 surri
590 4590 683 4646 sui
701 4592 910 4665 aperit,
968 4611 1110 4652 cum
1139 4597 1315 4655 nobis
1360 4599 1613 4661 latenter
1640 4604 1909 4666 insinuat
1936 4612 2069 4684 qui-

401 4674 519 4733 bus
546 4678 744 4735 modis
799 4682 878 4738 ad
910 4688 1131 4741 nostra;
1185 4686 1589 4760 intelligentiae
1647 4710 1857 4754 aurem
1884 4674 2066 4758 venit.

400 4765 739 4840 Aliquando
789 4771 952 4829 enim
986 4789 1215 4845 amore,
1276 4778 1608 4853 aliquando
1664 4787 1870 4844 terrori
1908 4805 2070 4846 com-

665 4858 844 4917 Aliter
870 4879 882 4915 :
949 4863 1061 4929 Qui
1092 4865 1256 4922 enim
1308 4877 1595 4937 susurrat,
1628 4876 1856 4934 occulte
1878 4878 2069 4953 loqui-

398 4948 513 5012 tur,
545 4950 602 5001 et
620 4963 834 5004 vocem
863 4965 987 5007 non
1017 4953 1423 5027 exprimit,scd
1458 4959 1897 5024 imitatur.Cum
1920 4948 2063 5038 ergo

398 5032 887 5128 anipotensse
943 5040 1120 5097 nobis
1148 5058 1257 5116 per
1311 5045 1495 5104 rimas
1539 5032 2062 5128 contemplationis

394 5119 641 5214 indicat,
670 5137 1061 5199 nequaquam
1108 5129 1286 5187 nobis
1315 5132 1597 5208 loquitur,
1632 5139 1737 5197 sed
1772 5119 2060 5214 susurrat,

394 5208 538 5281 quia
562 5212 621 5266 et
643 5225 704 5267 se
733 5211 908 5285 plene
939 5230 1063 5272 non
1091 5215 1331 5277 intimat
1357 5240 1370 5289 ;
1402 5225 1699 5295 quiddam
1753 5235 1957 5289 tamen
1986 5208 2063 5290 de

394 5312 459 5352 se
482 5297 767 5357 humanae
796 5304 982 5361 menti
1009 5306 1371 5365 manifestat.
1408 5313 1576 5370 Tunc
1598 5322 1804 5375 autem
1842 5337 2064 5394 nequa-

393 5401 581 5459 quam
599 5388 729 5458 jam
759 5399 1050 5466 susurrat,
1101 5396 1208 5453 sed
1236 5396 1503 5472 loquitur
1558 5421 1697 5462 cum
1727 5409 1857 5479 ejus
1883 5388 2060 5467 nobis

392 5479 554 5533 certa
582 5481 809 5563 species
837 5484 1154 5543 revelatur.
1201 5486 1350 5545 Hinc
1402 5492 1692 5550 Dominus
1748 5497 1867 5554 ait:
1898 5521 1925 5549 ‹‹
1959 5502 2061 5558 Pa-

389 5564 514 5625 lam
543 5565 619 5626 de
666 5568 838 5629 Patre
868 5575 1242 5651 annuntiabo
1275 5579 1443 5651 vobis
1477 5582 1671 5647 (Joan.
1719 5603 1843 5660 xvr,
1873 5590 1984 5661 25).
2023 5613 2051 5640 »

1485 5664 1492 5671 δ

2198 360 2275 423 2).
2308 380 2335 408 »
2366 358 2680 431 Sequitur:

2272 468 2434 522 Vens.
2471 467 2553 524 l3.
2602 471 2673 525 In
2705 469 2928 527 honore
2986 471 3228 528 visionis
3260 475 3590 538 nocturnae,
3620 473 3869 543 quando

2198 556 2345 612 solet
2399 573 2578 628 sopor
2632 574 2928 630 occupare
2981 560 3266 618 homines.
3333 593 3403 600 —
3449 561 3514 616 In
3566 565 3870 620 nocturna

2197 642 2421 716 quippe
2449 644 2897 714 visione,dubie
2928 648 3205 705 cernitur.
3224 648 3428 705 Rimas
3456 665 3601 721 ergo
3630 651 3869 708 susurri

2197 730 2257 786 in
2283 747 2507 803 pavore
2532 739 2839 791 nocturnae
2860 735 3108 793 visionis
3138 754 3199 793 se
3230 738 3570 812 percepisse
3599 739 3871 798 haeretici

2198 823 2637 896 asserunt,quia
2666 828 2731 881 ut
2760 840 2831 881 ea
2851 841 2987 898 qua:
3017 825 3236 884 docent
3255 827 3376 884 alta
3406 828 3503 884 alii
3520 829 3865 899 ostendant,

2196 908 2297 965 vix
2326 925 2397 965 ea
2424 927 2486 967 se
2516 928 2727 986 capere
2756 930 2934 988 posse
2969 915 3346 975 denuntiant.
3384 918 3499 975 Sed
3528 918 3668 976 hinc
3697 919 3865 977 colli-

2199 997 2467 1066 gendum
2492 1006 2599 1065 est,
2630 1001 2943 1074 quomodo
2992 1003 3372 1062 audientibus
3411 1010 3571 1063 certa
3596 1023 3725 1065 esse
3748 1007 3865 1081 po-

2199 1090 2395 1143 terunt
2449 1104 2586 1161 qute
2632 1090 2746 1164 ipsi
2802 1091 2983 1149 dubie
3028 1093 3324 1150 viderunt.
3358 1097 3578 1151 TYPICE.
3636 1094 3869 1151 Horror

2197 1179 2506 1232 nocturnae
2531 1178 2774 1236 visionis
2802 1185 2891 1237 est
2919 1197 3110 1254 pavor
3134 1182 3384 1242 occultae
3407 1183 3868 1257 contemplatio-

2199 1264 2313 1319 nis.
2350 1265 2629 1323 Humana
2654 1269 2868 1326 etenim
2902 1287 3093 1342 mens,
3111 1287 3235 1345 quo
3267 1272 3442 1328 altius
3469 1272 3696 1329 elevata
3720 1289 3865 1346 qua:
3924 1320 3931 1325 .

2200 1352 2320 1408 sint
2345 1357 2564 1411 aeterna
2616 1357 2953 1414 considerat
2977 1375 3049 1414 eo
3099 1359 3174 1415 de
3217 1359 3387 1416 factis
3420 1360 3864 1434 temporalibus

2200 1443 2437 1510 gravius
2468 1445 2809 1503 tremefacta
2831 1447 3129 1505 formidat.
3156 1450 3459 1523 Sequitur:
3496 1451 3748 1518 Quando
3775 1467 3868 1507 so-

2202 1533 2278 1587 let
2309 1548 2487 1602 sopor
2510 1550 2806 1605 occupare
2829 1537 3110 1594 homines.
3148 1570 3215 1578 —
3253 1543 3334 1594 Ac
3365 1538 3415 1594 si
3440 1538 3645 1596 dicant
3670 1539 3867 1595 haere-

3201 1626 3469 1699 inferius]
3525 1627 3863 1695 dormiunt,

2199 1727 2310 1767 nos
2334 1711 2413 1769 ad
2439 1714 2824 1788 percipienda
2868 1733 3131 1790 superna
3188 1717 3526 1788 vigilamus.
3579 1719 3866 1787 Figurate

2198 1806 2400 1857 autem
2432 1802 2629 1859 tribuo
2660 1805 2854 1861 modis
2887 1822 3140 1862 somnus
3163 1807 3488 1881 accipitur:
3522 1807 3862 1881 aliquando

2197 1890 2358 1946 enim
2394 1907 2554 1947 mors
2585 1894 2783 1949 carnis
2814 1896 3124 1969 accipitur,
3174 1901 3236 1952 ut
3264 1897 3480 1954 Paulus
3503 1898 3617 1954 ait:
3651 1921 3677 1946 ‹‹
3709 1897 3865 1954 Nolo

2197 1995 2307 2035 vos
2336 1979 2635 2051 ignorare,
2666 1983 2895 2051 fratres,
2936 1984 3011 2041 de
3038 1985 3496 2055 dormientibus,
3528 2007 3558 2039 ›
3591 1991 3648 2043 et
3668 1986 3864 2060 paulo

2196 2074 2335 2142 post
2359 2088 2371 2126 :
2403 2092 2430 2119 «
2466 2075 2549 2128 Ita
2578 2077 2635 2129 et
2661 2075 2812 2129 Deus
2836 2075 3078 2149 eos,qui
3107 2075 3499 2147 dormierunt,
3517 2093 3624 2150 per
3651 2080 3866 2134 Jesum

2197 2160 2459 2216 adducet
2488 2177 2617 2217 cum
2646 2178 2718 2218 eo
2747 2163 2804 2235 (Ι
2838 2166 3030 2221 Thess.
3065 2181 3139 2235 IV,
3177 2170 3263 2232 t3,
3298 2170 3407 2233 14).
3454 2189 3480 2215 η
3511 2165 3866 2239 Aliquando

2197 2254 2403 2324 torpor
2448 2252 2843 2323 negligentiae,
2876 2259 2940 2309 ut
2962 2253 3145 2311 illud:
3205 2277 3233 2305 ‹‹
3266 2258 3418 2312 Hora
3474 2260 3564 2311 est
3580 2255 3711 2327 jam
3742 2272 3866 2312 nos

2196 2340 2271 2396 de
2294 2356 2508 2396 somno
2559 2356 2799 2410 surgere
2832 2343 3015 2414 (Rom.
3072 2360 3191 2414 xm,
3231 2348 3318 2411 tt)
3347 2363 3359 2413 ;
3396 2367 3422 2395 »
3456 2348 3556 2401 Et:
3592 2367 3619 2393 ‹‹
3656 2345 3861 2415 Evigi-

2196 2427 2331 2495 late,
2360 2419 2512 2498 justi.
2536 2431 2594 2497 (Ι
2621 2430 2756 2486 Cor.
2793 2447 2885 2500 xv,
2918 2432 3024 2503 3i).
3072 2455 3098 2481 ››
3133 2431 3471 2506 Aliquando
3501 2449 3643 2490 vero
3664 2434 3860 2490 calca-

2198 2517 2268 2573 tis
2293 2517 2601 2573 desideriis
2623 2519 2888 2585 terrenis,
2918 2521 3089 2593 quies
3120 2523 3253 2578 vitae
3278 2522 3565 2595 accipitur
3594 2529 3652 2579 et
3674 2522 3857 2579 illud:

2197 2628 2225 2655 «
2259 2609 2380 2677 Ego
2405 2606 2661 2677 dormio,
2694 2613 2749 2665 et
2773 2624 2875 2664 cor
2901 2626 3102 2666 meum
3134 2610 3342 2682 vigilat
3381 2610 3575 2683 (Cant.
3611 2628 3666 2681 v,
3708 2617 3788 2667 2).
3829 2635 3857 2663 ››

2197 2694 2480 2767 Quisquis
2510 2696 2669 2751 enim
2699 2712 2770 2754 ea
2801 2714 2937 2771 quae
2968 2700 3178 2756 mundi
3233 2705 3375 2757 sunt
3401 2717 3578 2772 agere
3605 2702 3855 2776 appetit,

2195 2783 2371 2857 quasi
2409 2784 2648 2854 vigilat;
2700 2786 2973 2859 quisquis
3025 2804 3165 2844 vero
3223 2788 3520 2846 internam
3578 2791 3859 2863 requiem

2195 2888 2499 2945 quaerens,
2525 2874 2707 2945 hujus
2754 2876 2965 2932 mundi
2992 2879 3302 2950 strepitum
3350 2878 3519 2949 fugit,
3554 2879 3714 2936 velut
3750 2880 3862 2936 ob-

2194 2961 2521 3018 dormiscit.
2557 2963 2705 3029 Quia
2760 2964 2938 3036 igitur
2965 2980 3350 3040 nequaquam
3383 2967 3587 3025 notitia
3618 2969 3859 3025 interna

2194 3050 2547 3124 concipitur,
2580 3052 2699 3109 nisi
2727 3053 2804 3110 ab
2862 3059 3104 3111 externa
3134 3056 3539 3130 implicatione
3564 3065 3856 3125 cessetur,

2192 3144 2347 3195 recte
2376 3156 2538 3196 nunc
2592 3140 2842 3198 dicitur:
2878 3144 3127 3212 Quando
3169 3162 3346 3218 sopor
3375 3149 3520 3204 solet
3551 3163 3858 3218 occupare

2194 3228 2477 3296 homines,
2543 3234 2604 3285 ut
2631 3232 2920 3287 Dominus
2949 3233 3069 3289 ait:
3113 3257 3140 3283 ‹‹
3172 3238 3356 3291 Nemo
3386 3241 3580 3310 potest
3604 3236 3856 3293 duobus

2192 3318 2453 3374 dominis
2487 3320 2701 3376 servire
2735 3322 2970 3392 (Matth.
3006 3341 3079 3393 γι,
3108 3325 3217 3396 24).
3252 3349 3278 3375 ››
3304 3326 3613 3400 Sequitur:

2262 3442 2434 3497 Vens.
2472 3445 2554 3498 14.
2588 3445 2791 3500 Pavor
2828 3448 3012 3504 tenuit
3041 3463 3148 3516 me,
3195 3454 3251 3505 et
3282 3456 3522 3519 tremor,
3553 3454 3606 3507 et
3637 3449 3848 3505 omnia

2190 3543 2323 3585 ossa
2364 3544 2495 3587 mea
2512 3534 2841 3601 perterrita
2891 3542 3051 3591 sunt.
3082 3569 3150 3576 —
3196 3537 3346 3603 Quia
3370 3537 3529 3594 enim
3559 3537 3850 3606 haeretici,

2189 3616 2263 3673 de
2294 3617 2578 3675 doctrinae
2609 3637 2733 3677 suae
2782 3622 3090 3681 altitudine
3137 3626 3269 3682 miri
3300 3625 3486 3682 videri
3529 3630 3848 3699 appetunt,

2188 3705 2365 3777 quasi
2394 3708 2823 3779 pertimescunt
2869 3712 3035 3785 quod
3060 3713 3285 3770 dicunt.
3349 3718 3642 3770 FIGL'RATE.
3689 3715 3853 3781 Quid

2188 3810 2296 3867 per
2323 3812 2465 3853 ossa
2514 3798 2623 3854 nisi
2677 3799 2849 3857 fortia
2901 3807 3033 3858 acta
3064 3805 3436 3876 accipimus?
3492 3808 3568 3860 De
3616 3805 3851 3878 quibus

2185 3885 2479 3957 Propheta
2505 3887 2621 3943 ait:
2672 3909 2699 3937 «
2736 3890 3022 3946 Dominus
3055 3892 3311 3949 custodit
3343 3893 3546 3949 omnia
3575 3909 3717 3949 ossa
3743 3909 3854 3951 eo-

2185 3988 2321 4029 rum
2350 3974 2472 4045 (Ps.
2503 3992 2700 4041 xxxui,
2731 3980 2843 4047 2t).
2886 4001 2911 4027 ››
2942 3983 3022 4035 Ac
3048 3981 3096 4036 si
3125 3981 3454 4038 diceretur:
3490 3980 3849 4039 Subtilitatis

2182 4060 2406 4119 intimae
2433 4080 2656 4122 arcana
2683 4067 3037 4140 percipiens,
3077 4069 3235 4126 unde
3261 4087 3359 4127 me
3384 4071 3547 4144 apud
3590 4086 3689 4127 me
3717 4070 3851 4127 fore

2182 4151 2425 4219 credidi,
2470 4158 2605 4210 ante
2658 4162 3047 4230 conspectum
3103 4159 3322 4228 judicis
3364 4160 3502 4217 inde
3558 4160 3843 4218 titubavi.

2183 4240 2613 4301 Districtionem
2638 4246 2862 4320 quippe
2874 4248 3115 4318 justitiae
3138 4250 3633 4323 contemplantes,
3654 4251 3845 4309 etiam

2183 4327 2257 4383 de
2308 4329 2453 4403 ipsis
2475 4332 2761 4404 operibus
2813 4335 2972 4407 juste
2998 4337 3493 4411 pertimescimus,
3542 4356 3679 4413 quae
3728 4357 3848 4397 nos

2183 4416 2355 4474 fortia
2385 4420 2575 4490 egisse
2599 4423 2987 4496 putabamus.
3025 4427 3334 4500 Sequitur:

2248 4526 2419 4583 Vens.
2458 4533 2542 4585 t5.
2574 4530 2651 4585 Et
2677 4546 2808 4588 cum
2852 4534 3121 4603 spiritus,
3176 4552 3269 4592 me
3298 4543 3609 4606 praesente,
3666 4545 3845 4595 tran-

2177 4615 2341 4686 siret,
2416 4617 2851 4677 inhorruerunt
2920 4623 3043 4693 pili
3112 4627 3313 4682 carnis
3388 4642 3549 4683 mem.
3626 4660 3695 4668 —
3772 4631 3848 4686 Ut

2174 4703 2804 4778 incomprehensibilia
2858 4712 2922 4768 se'
2967 4714 3320 4783 cognovisse
3362 4715 3653 4787 judicent,
3710 4733 3843 4775 non

2175 4793 2427 4863 stetisse,
2525 4796 2632 4852 sed
2728 4800 3013 4858 transisse
3105 4818 3310 4860 coram
3406 4821 3469 4861 se
3558 4805 3841 4879 spiritum

2173 4888 2417 4954 narrat,
2444 4886 2692 4958 Mystice
2745 4893 2943 4947 autem
3001 4891 3177 4949 nobis
3234 4895 3631 4966 praesentibus
3675 4900 3842 4953 tran-

2173 4971 2247 5028 sit
2298 4973 2558 5046 spiritus,
2613 4978 2862 5050 quando
2917 4980 3232 5038 invisibilia
3283 4985 3728 5055 cognoscimus,
3779 4992 3843 5044 et

2172 5063 2374 5118 tamen
2431 5062 2559 5121 haec
2617 5082 2741 5123 non
2794 5069 3001 5140 solide,
3050 5071 3155 5127 sed
3207 5072 3423 5145 raptim
3468 5073 3835 5133 videbimus.

2171 5152 2299 5205 Non
2328 5166 2472 5223 ergo
2501 5158 2618 5212 stat
2668 5157 2932 5230 spiritus,
2966 5159 3070 5215 sed
3102 5162 3327 5230 transit,
3371 5164 3516 5235 quia
3545 5164 3605 5220 in
3635 5166 3837 5221 suavi-

2171 5240 2286 5294 tate
2338 5243 2860 5316 contemplationis
2913 5247 3136 5304 intimae
3186 5249 3289 5306 diu
3339 5267 3512 5308 mens
3556 5251 3676 5309 ﬁxa
3706 5269 3834 5310 non

2169 5335 2500 5400 permanet,
2520 5348 2656 5405 qua:
2676 5350 2817 5390 mox
2845 5337 2922 5393 ad
2954 5339 3342 5412 semetipsum
3367 5341 3495 5414 ipse
3525 5341 3837 5400 immensi-

2168 5418 2287 5472 tate
2306 5416 2552 5475 luminis
2578 5423 2957 5481 reverberata
2979 5433 3314 5484 revocatur.
3345 5428 3446 5485 Pili
3469 5430 3665 5486 carnis
3688 5437 3835 5488 sunt

2165 5505 2447 5577 quaslibet
2471 5492 2775 5581 superflua
2804 5513 3088 5572 humana:
3117 5517 3534 5589 corruptionis,
3567 5518 3661 5575 vel
3688 5520 3831 5578 vitae

2166 5594 2378 5656 veteris
2451 5599 2860 5669 cogitationes.
2927 5606 3288 5662 Transeunte
3367 5622 3512 5675 ergo
3590 5608 3833 5684 spiritu,
