4154 6160
252 180 348 234 153

1093 172 1386 228 ΕΡΙΤΟΜΕ
1427 164 1792 226 MORALIUM
1832 161 1889 214 S.
1930 159 2134 214 GREG.
2176 163 2247 219 IN
2287 168 2432 226 JOB.
2477 205 2543 212 ——
2587 177 2720 231 LIB.
2764 179 2825 232 V.

3554 183 3655 238 154

241 305 344 378 pili
378 304 577 360 carnis
596 302 1039 366 inhorruerunt,
1071 298 1217 371 quia
1244 300 1380 352 ante
1406 285 1885 367 compunctionis
1922 286 1970 338 A
2081 289 2244 346 Vens.
2277 297 2356 348 t8.
2389 297 2542 354 Ecce
2573 303 2677 370 qui
2699 303 2966 358 serviunt
2993 304 3048 359 ei
3070 319 3188 360 non
3228 311 3365 362 sunt
3393 306 3652 363 stabiles.

241 395 365 450 vim
399 391 792 462 cogitationes
827 389 1143 463 superfluae
1171 386 1425 457 fugiunt,
1457 387 1520 439 ut
1549 381 1630 438 nil
1660 381 1891 435 ﬂuxum

240 483 450 547 libeat,
479 483 628 554 quia
658 480 924 536 efﬂatam
957 482 1224 534 mentem
1256 475 1438 544 etiam
1468 476 1676 529 contra
1706 483 1893 525 seme-

243 572 469 644 tipsam
518 568 868 626 visitationis
922 567 1144 623 intimae
1203 563 1485 621 severitas
1537 560 1891 617 inﬂammat.

245 659 535 732 Sequitur
567 676 579 712 :

319 751 490 804 Vens.
527 752 610 803 t6.
643 747 812 803 Stetit
843 746 1077 817 quidem
1124 747 1297 814 cujus
1357 758 1474 798 non
1505 737 1894 810 agnoscebam

243 838 499 893 vultum.
531 867 600 875 —
632 834 875 890 Vultum
934 851 995 889 se
1054 833 1272 888 vidisse
1319 828 1687 900 incognitum
1719 826 1899 881 haere-

242 925 339 981 tici
393 924 702 995 simulant,
735 928 800 980 ut
829 939 958 979 esse
1011 940 1073 979 se
1124 921 1176 978 ei
1215 921 1507 991 cognitos,
1539 916 1644 990 qui
1675 914 1753 971 ab
1791 914 1898 968 hu-

242 1030 429 1071 mana
461 1019 663 1070 mente
695 1013 979 1084 cognosci
1032 1028 1156 1068 non
1201 1010 1378 1078 valet,
1410 1006 1748 1065 ostendant.
1794 1006 1896 1058 Tv-

241 1120 380 1160 rics.
439 1102 697 1169 Quidam
757 1118 1025 1175 namque
1080 1117 1203 1157 non
1257 1098 1532 1164 dicimus,
1563 1094 1677 1152 nisi
1722 1093 1795 1148 de
1825 1107 1895 1146 eo

241 1193 448 1265 utique
477 1207 662 1264 quem
689 1191 1025 1264 exprimere
1059 1194 1162 1247 aut
1182 1189 1487 1253 nolumus,
1520 1189 1622 1241 aut
1652 1198 1772 1239 non
1799 1196 1895 1235 vo-

239 1281 466 1337 lumus.
515 1280 630 1336 Sed
669 1297 792 1353 qua
827 1284 1026 1336 mente
1057 1279 1171 1334 hoc
1217 1277 1351 1332 loco
1381 1274 1598 1332 dicitur
1625 1270 1890 1342 quidam,

239 1370 557 1444 exponitur
582 1385 724 1425 cum
783 1368 1056 1441 protinus
1108 1366 1471 1422 subinfcrtur
1499 1381 1512 1418 :
1539 1363 1727 1431 Cujus
1773 1374 1893 1414 non

247 1459 667 1531 cognoscebam
721 1459 975 1515 vultum.
1011 1460 1155 1514 Cum
1189 1455 1347 1512 enim
1381 1453 1621 1509 animus
1660 1452 1894 1522 postpo-

239 1564 392 1604 nens
415 1547 620 1603 omnia
641 1546 967 1616 imaginem
990 1560 1210 1611 rerum,
1240 1543 1697 1616 phantasmata,
1726 1536 1895 1592 subs-

2007 407 2074 415 —
2105 380 2323 437 Natura
2365 384 2590 458 quippe
2644 389 2914 456 angelica
2987 391 3092 446 etsi
3151 392 3655 466 contemplatione

2005 467 2245 525 Auctori
2273 471 2622 531 inhaerendo
2652 476 2710 532 in
2744 481 2900 533 statu
2922 495 3032 534 suo
3052 480 3501 539 immutabiliter
3522 499 3654 556 per-

2005 564 2225 630 manet,
2252 577 2322 616 eo
2351 562 2482 636 ipso
2505 569 2705 622 tamen
2730 582 2852 639 quo
2875 566 3106 625 factura
3123 575 3230 638 est,
3252 572 3310 627 in
3334 573 3658 646 semetipsa

2004 647 2476 708 vicissitudinem
2514 655 2928 712 mutabilitatis
2959 657 3158 713 habet.
3191 705 3195 708 .
3221 661 3426 717 Mutari
3455 667 3657 718 autem

2004 752 2075 792 ex
2103 738 2220 795 alio
2267 741 2344 796 ad
2390 743 2552 800 aliud
2594 745 2678 800 ire
2708 749 2819 812 est,
2851 750 2906 802 et
2934 747 2995 802 in
3027 747 3353 821 semetipsa
3379 751 3657 807 stabilem

2004 842 2125 882 non
2155 845 2306 885 esse.
2354 831 2490 888 Sola
2519 837 2720 890 autem
2767 839 2983 892 natura
3035 835 3658 910 incomprehensibilis

2003 916 2190 973 nescit
2219 921 2463 989 moveri,
2493 937 2629 994 quae
2661 923 2740 979 ab
2767 939 2837 980 eo
2889 924 3059 997 quod
3090 941 3327 998 semper
3353 925 3517 982 idem
3547 931 3653 994 est,

2003 1007 2190 1063 nescit
2217 1008 2540 1066 immutari.
2576 1014 2736 1068 Hanc
2764 1017 2964 1069 autem
3012 1014 3072 1070 in
3102 1014 3330 1085 angelis
3357 1014 3657 1070 mutabili-

2003 1101 2183 1152 tatem
2201 1097 2360 1166 dicit,
2376 1100 2655 1172 quamvis
2676 1101 3078 1159 immutabiles
3097 1103 3213 1159 sint
3235 1119 3342 1177 per
3361 1104 3474 1160 hoc
3490 1103 3656 1177 quod

2003 1186 2052 1241 ei
2083 1185 2186 1258 qui
2208 1203 2445 1260 semper
2470 1189 2752 1260 idemest,
2777 1191 3026 1247 vinculis
3043 1191 3321 1262 ligantur.
3344 1193 3652 1265 Sequitur:

2003 1282 2068 1332 Et
2096 1278 2160 1332 in
2203 1279 2433 1348 angelis
2461 1281 2583 1334 suis
2635 1283 2856 1350 reperit
2904 1283 3288 1352 pravitatem.
3322 1315 3389 1323 —
3423 1285 3539 1338 Hoc
3581 1283 3657 1338 de

2003 1365 2292 1437 apostatis
2322 1366 2625 1439 spiritibus
2650 1368 2916 1425 infertur.
2957 1371 3089 1427 Mire
3119 1375 3319 1426 autem
3350 1373 3504 1426 Deus
3527 1386 3658 1427 om-

2005 1453 2277 1526 nipotens
2302 1459 2581 1512 naturam
2617 1473 2994 1513 summorum
3047 1459 3363 1531 spirituum
3406 1459 3656 1526 bonam,

2005 1542 2108 1598 sed
2139 1543 2490 1600 mutabilem
2515 1545 2805 1611 condidit,
2831 1551 2891 1602 ut
2919 1551 2977 1601 et
3005 1547 3108 1618 qui
3134 1563 3378 1603 manere
3409 1548 3653 1613 nollent,

243 1639 612 1708 tantiamque
625 1651 860 1708 semper
891 1639 957 1691 ut
985 1639 1074 1690 est
1092 1634 1254 1689 idem
1282 1636 1370 1688 est
1411 1634 1472 1687 et
1498 1628 1722 1700 ubique
1750 1641 1895 1698 pl‘tE-
1926 1636 1966 1690 Β
2004 1636 2260 1699 ruerent,
2291 1637 2347 1688 et
2373 1634 2474 1706 qui
2503 1635 2559 1690 in
2605 1635 2944 1690 conditione
2975 1636 3375 1708 persisterent,
3406 1642 3570 1692 tanto
3598 1637 3658 1692 in

243 1743 382 1783 sens
412 1731 520 1796 est,
547 1727 785 1797 cogitat,
818 1724 1107 1798 conspicit
1135 1725 1309 1780 hanc.
1343 1724 1534 1788 Quam
1557 1718 1606 1774 si
1635 1717 1893 1774 necdum

239 1815 385 1888 quid
417 1815 490 1870 sit
520 1814 938 1889 apprehendit,
973 1813 1216 1885 agnovit
1244 1816 1398 1868 certe
1455 1807 1603 1882 quid
1646 1823 1766 1863 non
1799 1805 1891 1860 sit.

242 1906 398 1961 Bene
439 1908 641 1960 autem
697 1904 926 1960 dictum
976 1907 1066 1959 est
1123 1902 1362 1958 :Stetit.
1419 1898 1625 1955 Omnis
1672 1895 1896 1968 quippe

239 1997 535 2063 creatura,
564 1992 710 2064 quia
740 2007 814 2047 ex
859 1989 1045 2046 nihilo
1070 1990 1226 2045 facta
1274 1998 1382 2051 est,
1409 1992 1467 2042 et
1487 2001 1595 2058 per
1628 1983 1900 2053 semetip-

243 2097 382 2136 sam
412 2081 492 2136 ad
519 2079 777 2135 nihilum
809 2077 1014 2134 tendit.
1035 2079 1198 2134 Stare
1230 2091 1374 2146 ergo
1401 2074 1589 2130 solius
1607 2070 1898 2127 Creatoris

239 2174 354 2237 est,
380 2183 487 2241 per
514 2183 700 2240 quem
759 2170 978 2222 cuncta
1035 2169 1447 2220 transeuntem
1492 2164 1821 2229 transeunt,
1847 2163 1904 2213 et

237 2258 304 2312 in
339 2272 460 2329 quo
491 2255 694 2328 aliquo
715 2255 921 2328 aliqua
954 2270 1029 2310 ne
1064 2258 1374 2310 transeant
1409 2252 1756 2307 retinentur.
1810 2252 1900 2306 Se-

250 2344 456 2417 quitur
481 2363 493 2399 :
519 2345 726 2415 Imago
756 2359 960 2400 eorum
991 2344 1179 2399 oculis
1211 2343 1371 2398 meis.
1402 2373 1470 2381 —
1500 2341 1666 2412 Saepe
1718 2339 1900 2393 haire-

239 2434 336 2490 tici
371 2436 560 2490 Deum
592 2433 707 2488 sibi
730 2431 1133 2502 imaginaliter
1161 2431 1420 2502 fingunt,
1451 2445 1635 2502 quem
1686 2427 1899 2483 intueri

244 2521 585 2596 spiritaliter
613 2526 944 2594 nequeunt,
986 2520 1239 2592 ejusque
1282 2535 1494 2576 vocem
1529 2517 1708 2590 quasi
1735 2532 1896 2572 aura:

243 2611 388 2666 levis
410 2609 618 2667 audire
651 2626 712 2666 se
743 2609 1078 2682 perhibent,
1101 2609 1206 2680 qui
1235 2608 1312 2664 ad
1345 2612 1576 2663 secreta
1603 2605 1760 2661 illius
1801 2621 1896 2660 co-

249 2699 598 2772 gnoscenda
617 2698 792 2772 quasi
813 2714 943 2754 esse
977 2714 1038 2754 se
1059 2697 1476 2754 familiariores
1503 2695 1728 2751 caneris
1756 2709 1897 2763 gau-

243 2790 409 2845 dent.
454 2793 583 2845 Non
631 2789 790 2845 enim
822 2804 894 2844 ea
946 2788 1163 2844 docent
1190 2804 1327 2860 quae
1356 2785 1592 2860 publice
1632 2790 1786 2841 Deus
1815 2784 1898 2840 lo-

245 2879 470 2951 quitur,
505 2877 609 2934 sed
621 2893 757 2950 quas
777 2892 989 2933 eorum
1019 2877 1150 2934 auri
1178 2875 1353 2948 quasi
1375 2875 1626 2931 latenter
1647 2872 1893 2946 aspirat.

2003 1739 2073 1777 ea
2083 1723 2102 1792 j
2113 1739 2211 1778 am
2225 1722 2485 1792 dignius,
2505 1729 2731 1795 quanto
2745 1741 2816 1780 ex
2838 1724 3080 1780 arbitrio
3093 1729 3333 1780 starent.
3351 1725 3654 1797 Sequitur:

2072 1814 2241 1866 Vens.
2279 1816 2364 1867 49.
2390 1813 2623 1880 Quanto
2650 1816 2840 1883 magis
2871 1815 2975 1884 qui
3015 1814 3290 1870 habitant
3335 1814 3537 1869 domos
3569 1813 3659 1868 lu-

2005 1907 2146 1957 teas.
2171 1933 2240 1940 —
2274 1904 2483 1958 Luteas
2512 1902 2736 1974 quippe
2766 1902 2983 1957 domos
3020 1902 3385 1968 habitamus,
3440 1901 3544 1974 qui
3595 1901 3657 1956 in

2005 2006 2257 2062 corpora
2279 1995 2511 2046 terrena
2540 1991 2940 2061 subsistimus,
2997 1996 3058 2046 ut
3099 1991 3316 2048 Paulus
3339 1991 3456 2047 ait:
3489 2013 3515 2040 ι‹
3549 1991 3658 2046 Ha-

2007 2079 2220 2134 bemus
2247 2080 2592 2136 thesaurum
2616 2080 2796 2136 istum
2818 2080 2878 2135 in
2917 2081 3076 2136 vasis
3103 2081 3381 2136 fictilibus
3413 2080 3500 2151 (II
3517 2080 3654 2136 Cor.

2009 2184 2087 2234 1v,
2119 2173 2196 2233 7).
2234 2190 2261 2216 ››
2303 2170 2369 2224 Et
2422 2184 2661 2224 rursum
2694 2187 2706 2223 :
2739 2191 2766 2217 ‹‹
2803 2169 3034 2226 Scimus
3071 2169 3214 2241 quia
3270 2169 3317 2224 si
3365 2169 3658 2225 terrestris

2008 2259 2228 2313 domus
2257 2259 2463 2312 nostra
2491 2257 2870 2325 dissolvatur,
2905 2278 2933 2309 ι
2966 2264 3023 2314 et
3055 2258 3285 2330 reliqua
3315 2261 3408 2329 (II
3435 2261 3572 2315 Cor.
3601 2271 3657 2324 ν,

2008 2350 2083 2417 5).
2119 2347 2432 2420 Sequitur:
2469 2347 2583 2414 Qui
2599 2353 2897 2404 terrenum
2932 2348 3148 2404 habent
3171 2348 3655 2416 fundamentum.

2005 2469 2073 2476 —
2092 2439 2411 2492 Terrenum
2424 2435 2886 2491 fundamentum
2917 2439 3006 2492 est
3026 2436 3360 2492 substantia
3381 2435 3657 2505 carnalis,

2005 2529 2067 2581 ut
2092 2524 2402 2580 Psalmista
2435 2525 2515 2581 ait
2551 2542 2563 2578 :
2595 2545 2624 2577 ‹
2658 2527 2782 2580 Non
2831 2529 2919 2581 est
2959 2524 3325 2580 occultatum
3355 2541 3423 2580 os
3454 2539 3658 2579 meum

2005 2629 2040 2668 a
2072 2617 2125 2669 te
2154 2613 2319 2685 quod
2352 2612 2537 2668 fecisti
2565 2612 2624 2667 in
2676 2611 2928 2682 occulto,
2959 2617 3016 2668 et
3067 2610 3400 2668 substantia
3431 2627 3566 2668 mea
3596 2611 3656 2667 in

2003 2701 2380 2758 inferioribus
2411 2705 2576 2756 terrae
2609 2701 2796 2765 (Psal.
2828 2718 3094 2771 exuviu,
3131 2707 3233 2769 t5).
3279 2723 3296 2752 ι
3334 2700 3609 2774 Sequitur
3641 2715 3655 2753 :

2008 2790 2445 2846 Consumentur
2471 2793 2632 2848 velut
2653 2805 2690 2845 a
2721 2791 2902 2846 tinea.
2936 2822 3002 2830 —-
3023 2791 3202 2846 Tinca
3231 2791 3305 2846 de
3332 2794 3490 2845 veste
3518 2805 3660 2846 nas-

2007 2879 2176 2948 citur,
2209 2883 2264 2933 et
2288 2879 2569 2934 eamdem
2622 2883 2846 2934 vestem
2873 2879 2948 2934 de
2980 2894 3104 2950 qua
3137 2879 3344 2941 oritur,
3409 2879 3657 2934 oriendo

243 2971 507 3024 Mvsrics.
565 2967 769 3036 imago
823 2965 1012 3022 Patris
1043 2964 1218 3020 Filius
1248 2968 1354 3030 est,
1387 2963 1537 3020 sicut
1564 2966 1792 3035 Moyses
1824 2961 1898 3017 de
1936 2983 1977 3038 ρ
2008 2968 2352 3040 corrumpit.
2386 2967 2565 3030 Quasi
2593 2967 2874 3038 quaedam
2902 2983 3040 3022 vero
3068 2967 3248 3022 vestis
3270 2967 3487 3022 animae
3517 2981 3660 3022 caro

245 3057 606 3112 formatione
631 3054 896 3111 hominis
928 3054 1008 3112 ait
1035 3073 1047 3111 :
1083 3077 1111 3105 «
1138 3054 1228 3108 Ad
1258 3053 1586 3123 imaginem
1622 3068 1792 3106 suam
1821 3051 1899 3106 fe-

244 3146 325 3201 cit
389 3145 558 3201 illum
615 3145 766 3216 (Gen
819 3162 857 3216 ι,
882 3145 993 3216 27).
1025 3168 1053 3194 »
1088 3147 1154 3199 Et
1183 3142 1520 3216 Apostolus.
1556 3165 1582 3190 ‹‹
1620 3142 1899 3208 Quicum

245 3234 319 3289 sit
339 3233 604 3306 spendor
630 3233 832 3303 gloriae
863 3236 918 3288 et
939 3232 1137 3302 figura
1164 3229 1508 3286 substantiae
1532 3229 1661 3300 ejus
1691 3230 1894 3294 (Hebr.

245 3339 288 3389 ι,
314 3325 390 3394 3),
421 3346 448 3372 ››
478 3324 628 3377 Cum
657 3337 799 3390 ergo
831 3320 1126 3376 aeternitas
1159 3319 1436 3385 cernitur,
1465 3315 1900 3390 proutinﬁrmi—

244 3411 381 3468 tatis
441 3416 659 3466 nostra:
711 3409 1079 3482 possibilitas
1138 3407 1415 3473 admittit,
1497 3407 1705 3476 imago
1771 3407 1900 3477 ejus

247 3500 467 3556 mentis
514 3504 732 3556 nostra!
789 3498 977 3555 oculis
1013 3498 1354 3554 antefertur.
1399 3497 1552 3562 Quia
1586 3512 1728 3552 vero
1761 3511 1898 3551 cum

246 3590 307 3645 in
341 3592 512 3647 Patre
548 3589 938 3652 intendimus,
1003 3589 1165 3644 hunc
1213 3592 1508 3660 quantum
1557 3585 1901 3658 accepimus

246 3696 356 3752 per
377 3697 546 3737 suam
577 3679 928 3750 imaginem,
961 3678 1023 3734 id
1051 3683 1139 3734 est
1168 3695 1274 3750 per
1319 3676 1554 3746 Filium,
1604 3675 1898 3743 videmus,

247 3775 314 3826 ut
350 3770 474 3842 ipse
514 3769 802 3826 Dominus
858 3768 940 3824 ait
972 3787 984 3823 :
1024 3790 1052 3817 «
1084 3771 1269 3824 Nemo
1323 3766 1482 3821 venit
1527 3766 1604 3822 ad
1665 3767 1900 3820 Patrem

246 3858 358 3913 nisi
389 3874 495 3931 per
517 3873 611 3912 me
642 3859 838 3927 (Joan.
870 3873 980 3919 xxv,
1012 3857 1087 3925 6).
1119 3854 1412 3927 Sequitur.
1434 3855 1510 3908 Et
1536 3870 1732 3909 vocem
1759 3868 1903 3922 gua-

245 3949 299 4000 si
351 3961 522 4003 aurce
581 3947 724 4002 levis
779 3944 1004 4000 audivi.
1036 3975 1105 3983 —
1135 3943 1290 4008 Quid
1346 3942 1504 3998 enim
1543 3957 1651 4013 per
1690 3957 1902 3996 vocem

244 4051 410 4091 aurae
437 4034 604 4100 levis,
636 4032 751 4087 nisi
781 4031 1040 4100 cognitio
1069 4031 1324 4102 Spiritus
1386 4031 1573 4085 sancti
1603 4032 1630 4084 ?
1690 4029 1802 4094 Qui
1827 4030 1903 4084 de

243 4127 417 4179 Patre
449 4119 809 4193 procedens,
843 4123 902 4174 et
928 4119 1004 4173 de
1029 4134 1101 4173 eo
1130 4117 1297 4189 quod
1323 4121 1411 4172 est
1442 4117 1560 4172 Filii
1579 4117 1903 4187 accipiens,

243 4217 466 4269 nostrae
525 4209 776 4266 tenuiter
828 4207 1052 4264 notitiae
1104 4205 1468 4262 infirmitatis
1549 4204 1900 4262 infunditur.

248 4301 398 4368 Quia
426 4299 605 4370 igitur
627 4300 900 4355 humana
929 4312 1124 4367 mens,
1155 4295 1532 4369 quantalibet
1573 4295 1785 4350 virtute
1818 4299 1897 4348 te-
1939 4329 1982 4383 Β

248 4389 519 4456 tenderit,
579 4389 680 4444 vix
710 4387 784 4444 de
829 4387 1052 4444 intimis
1081 4390 1348 4442 extrema
1387 4384 1711 4456 cognoscit,
1743 4390 1898 4440 recte

247 4495 409 4535 nunc
438 4479 653 4535 dicitur
685 4495 698 4533 :
729 4479 805 4533 Et
831 4493 1028 4534 vocem
1065 4478 1242 4546 quasi
1270 4476 1411 4531 levis
1439 4475 1665 4531 audivi.
1699 4506 1766 4513 —
1799 4477 1898 4529 Se-

247 4568 450 4642 quitur
484 4585 496 4623 :
1057 4633 1059 4635 ι

322 4658 492 4713 γιειιδ.
526 4663 610 4713 t7.
646 4656 938 4727 Nunquid
964 4655 1136 4712 homo
1171 4653 1280 4708 Dei
1308 4657 1755 4722 comparatione
1784 4656 1902 4719 ius-

249 4747 732 4815 tiﬁcabitur?—
786 4747 1061 4799 Humana
1111 4741 1340 4812 justitia
1397 4741 1612 4796 divinae
1663 4741 1902 4811 justitia:

247 4841 604 4908 comparata
649 4833 936 4905 injustitia
967 4837 1075 4888 est.
1110 4830 1260 4897 Quia
1292 4835 1348 4886 et
1372 4830 1619 4886 lucerna
1648 4830 1708 4884 in
1739 4834 1902 4885 tene-

245 4924 371 4980 bris
411 4924 636 4994 fulgere
664 4922 949 4988 cernitur,
979 4920 1091 4976 sed
1122 4920 1182 4975 in
1216 4919 1360 4975 solis
1390 4919 1561 4975 radio
1591 4919 1788 4990 posita
1819 4923 1902 4974 te-

246 5013 553 5068 nebratur.
587 5014 744 5068 Bene
775 5015 976 5067 autem
1005 5008 1282 5065 subditur
1314 5025 1325 5062 :
1354 5009 1477 5063 Aut
1506 5009 1758 5062 Factore
1800 5023 1904 5062 suo

240 5104 462 5171 purior
489 5102 603 5157 erit
626 5102 719 5156 vir
744 5103 772 5155 ?
790 5131 858 5139 ——
884 5098 1198 5155 Muriorem
1235 5101 1439 5154 autem
1461 5113 1524 5151 se
1557 5095 1646 5150 vir
1671 5095 1902 5150 Factori

249 5206 361 5245 suo
389 5190 664 5258 aestimat,
696 5189 745 5244 si
774 5192 982 5244 contra
1009 5185 1320 5258 ﬂagellum
1348 5185 1653 5258 querelam
1710 5189 1902 5257 parat,

247 5295 513 5352 eumque
531 5278 643 5334 sibi
659 5277 1064 5352 proculdubio
1087 5276 1520 5350 postponit,cuj
1533 5291 1599 5327 us
1609 5273 1902 5344 judicium

247 5370 323 5424 de
352 5386 462 5424 sua
491 5367 809 5425 afflictione
841 5366 1165 5435 redarguit.
1200 5365 1308 5430 Qui
1340 5364 1501 5420 enim
1535 5363 1678 5418 mire
1709 5363 1903 5418 homi-

248 5475 390 5513 nem
422 5475 495 5514 ex
523 5457 712 5513 nihilo
743 5455 878 5510 fecit
899 5454 1124 5509 factum
1150 5454 1330 5526 impie
1355 5469 1479 5509 non
1506 5451 1735 5521 afﬂigit.
1754 5453 1906 5516 Qua-

249 5552 496 5620 propter
523 5547 680 5602 male
711 5561 772 5600 se
784 5548 1011 5599 rectum
1036 5545 1224 5614 putat,
1243 5542 1345 5615 qui
1360 5541 1633 5614 regulam
1650 5557 1904 5596 summae

251 5637 621 5697 rectitudinis
650 5635 904 5707 ignorat.
941 5632 1215 5706 Sequitur
1249 5649 1259 5686 :

2007 3060 2112 3111 est.
2148 3058 2230 3110 Ex
2259 3071 2380 3126 qua
2409 3055 2694 3110 nimirum
2724 3054 2979 3109 carnalis
3008 3055 3250 3109 tentatio
3303 3054 3465 3107 velut
3503 3054 3662 3108 tinea

2007 3142 2290 3206 nascitur,
2317 3158 2387 3198 ac
2428 3158 2535 3214 per
2583 3141 2741 3196 hanc
2795 3141 2874 3196 ad
2907 3140 3203 3195 interitum
3237 3140 3497 3195 lacerata
3527 3153 3661 3211 per-

2007 3231 2184 3287 venit.
2219 3237 2298 3286 Ac
2326 3231 2373 3286 si
2402 3230 2638 3286 dicatur
2671 3247 2683 3284 :
2721 3231 2778 3287 Si
2831 3229 2912 3284 illi
2961 3229 3201 3302 spiritus
3250 3227 3660 3284 immutabiles

2008 3335 2135 3375 esse
2166 3323 2490 3392 nequeunt,
2519 3319 2624 3390 qui
2672 3317 2835 3374 nulla
2865 3317 3062 3374 carnis
3096 3317 3435 3372 infirmitate
3465 3316 3661 3388 depri—

2011 3415 2276 3478 muntur,
2302 3425 2426 3481 qua
2476 3409 2802 3465 temeritate
2835 3424 2898 3464 se
2943 3408 3216 3464 homines
3245 3407 3305 3463 in
3334 3407 3507 3462 bonis
3533 3422 3664 3479 per-

2010 3515 2251 3555 manere
2270 3502 2612 3554 constanter
2642 3498 2940 3554 iestimant
2966 3498 2992 3552 ?
3021 3500 3530 3568 Possuntquoque
3555 3511 3666 3568 per

2010 3589 2256 3659 angelos
2276 3588 2462 3644 sancti
2477 3588 2752 3644 doctores
2771 3587 3037 3656 intelligi,
3057 3591 3121 3642 ut
3147 3581 3293 3641 illud
3320 3585 3626 3658 prophetas
3647 3600 3660 3638 :

2011 3697 2039 3729 «
2075 3677 2252 3732 Labia
2283 3676 2606 3732 sacerdotis
2635 3675 2980 3731 custodiunt
3006 3673 3335 3740 scientiam,
3367 3677 3423 3728 et
3468 3672 3663 3742 legem

2011 3767 2316 3838 requirunt
2347 3782 2414 3820 ex
2443 3781 2545 3820 ore
2577 3765 2726 3836 ejus,
2759 3765 2902 3836 quia
2951 3763 3202 3832 angelus
3237 3762 3470 3818 Domini
3503 3777 3666 3817 exer-

2011 3857 2233 3910 cituum
2291 3860 2377 3909 est
2430 3856 2596 3924 (Μαι.
2633 3855 2798 3922 11,7).
2838 3878 2860 3899 υ
2898 3855 3006 3918 Qui
3065 3867 3196 3907 esse
3243 3851 3489 3905 omnino
3535 3847 3663 3902 sine

2011 3943 2184 4015 culpa
2217 3947 2538 4014 nequeunt,
2573 3959 2710 3997 cum
2754 3940 3062 4013 praesentis
3096 3939 3226 3994 vitae
3254 3939 3360 3993 iter
3386 3936 3667 4007 gradiun-

2014 4039 2127 4096 tur,
2155 4031 2524 4103 quantalibet
2548 4031 2755 4084 virtute
2787 4029 3073 4096 fulgeant,
3104 4027 3248 4098 quia
3273 4042 3482 4080 eorum
3507 4041 3668 4093 gres-

2015 4137 2120 4175 sus
2151 4119 2429 4186 tangitur,
2463 4121 2566 4172 aut
2593 4117 2716 4172 luto
2747 4115 2927 4171 illiciti
2957 4114 3175 4185 operis,
3222 4117 3324 4167 aut
3372 4111 3665 4184 pulverea;

2015 4205 2407 4278 cogitationis.
2446 4208 2666 4260 Domus
2694 4204 2888 4260 luteas
2919 4203 3209 4269 habitant,
3238 4200 3338 4272 qui
3370 4200 3444 4255 de
3477 4199 3666 4254 illece.

2014 4299 2194 4353 brosa
2226 4297 2339 4351 hac
2369 4295 2485 4350 vita
2515 4293 2712 4349 carnis
2741 4293 3058 4348 exsultant.
3086 4294 3244 4346 Hanc
3287 4289 3504 4346 Paulus
3529 4289 3664 4343 des-

2012 4390 2254 4460 pexerat
2283 4384 2552 4440 habitare
2605 4382 2811 4439 dicens
2845 4400 2856 4436 :
2892 4402 2921 4434 «
2955 4384 3160 4436 Nostra
3199 4377 3573 4435 conversatio
3602 4377 3664 4433 in

2011 4473 2172 4530 caelis
2203 4477 2289 4528 est
2314 4472 2498 4538 (Phil.
2530 4487 2609 4535 ιιι,
2639 4470 2747 4541 20).
2783 4491 2811 4520 »
2836 4469 2950 4536 Qui
2977 4469 3138 4523 enim
3155 4468 3420 4522 serviunt
3446 4467 3518 4534 ei,
3541 4481 3662 4520 non

2009 4569 2150 4620 sunt
2177 4562 2417 4617 stabiles
2448 4560 2590 4632 quia
2629 4575 2767 4615 cum
2795 4574 2967 4614 mens
2997 4557 3074 4613 ad
3098 4556 3218 4612 alta
3246 4555 3450 4612 nititur
3466 4553 3664 4610 carnis

2013 4671 2130 4707 suze
2163 4651 2519 4721 cogitatione
2543 4648 2885 4720 dissipatur.
2924 4646 3183 4702 Pravitas
3209 4660 3351 4713 ergo
3382 4645 3440 4699 in
3484 4657 3668 4710 ange-

2010 4741 2080 4796 lis
2124 4739 2429 4811 reperitur,
2489 4737 2635 4792 dum
2694 4736 2857 4808 ipsos
2915 4750 3160 4806 quoque
3215 4733 3319 4804 qui
3361 4731 3667 4786 veritatem

2011 4827 2306 4894 nuntiant,
2330 4840 2771 4896 nonnunquam
2790 4821 3093 4894 subreptio
3124 4820 3252 4878 vitae
3282 4818 3511 4874 fallacis
3536 4832 3667 4888 gra-

2011 4922 2131 4974 vat.
2166 4921 2244 4970 Ac
2270 4915 2317 4969 si
2347 4915 2507 4969 dicat
2536 4931 2548 4967 :
2590 4913 2646 4969 Si
2671 4911 2838 4968 electi
2883 4909 3092 4966 mundi
3124 4909 3306 4979 hujus
3357 4907 3666 4980 iniquitate

2015 5006 2321 5070 feriuntur,
2349 5002 2570 5074 quibus
2603 5000 2814 5056 ictibus
2845 5002 3238 5073 penetrantur
3264 4996 3552 5070 reprobi?
3582 4996 3668 5052 Ti—

2012 5111 2126 5150 nea
2157 5093 2379 5166 quippe
2405 5091 2698 5146 damnum
2729 5094 2787 5144 et
2815 5105 2936 5143 non
2964 5087 3226 5144 solutum
3258 5087 3415 5143 facit.
3446 5089 3530 5142 Ita
3561 5085 3668 5140 ini-

2012 5200 2272 5256 quorum
2303 5179 2694 5252 mcntes,quia
2706 5178 2931 5234 damna
2949 5193 3057 5233 sua
3081 5177 3459 5233 considerare
3485 5172 3670 5239 negli-

2015 5278 2180 5342 gunt,
2201 5270 2595 5337 integritatem
2617 5267 2789 5340 quasi
2813 5267 3141 5323 neSezientes
3177 5265 3452 5337 perdunt.
3487 5257 3668 5314 Amit-

2016 5366 2144 5417 tunt
2192 5375 2454 5430 namque
2513 5374 2548 5412 a
2607 5356 2784 5411 corde
2837 5355 3262 5411 innocentiam.
3295 5349 3372 5403 ab
3397 5363 3498 5401 ore
3522 5345 3670 5401 veri-

2015 5454 2215 5515 tatem,
2264 5465 2300 5503 a
2355 5461 2532 5501 carne
2592 5444 3038 5506 continentiam,
3093 5444 3146 5494 et
3200 5453 3305 5506 per
3357 5451 3667 5491 accessum

2014 5538 2296 5611 temporis
2319 5539 2553 5592 aetatem
2592 5535 2741 5590 vitae.
2775 5531 2887 5588 Sed
2915 5531 3041 5585 haec
3072 5539 3460 5596 nequaquam
3500 5540 3669 5579 cons-

2014 5627 2257 5702 piciunt.
2295 5624 2570 5698 Sequitur
2594 5642 2604 5678 :
