4158 6192
491 163 590 214 185

1533 158 1588 214 S.
1631 156 1890 212 ODONIS
1929 144 2220 210 ABBATIS
2253 153 2770 213 CLUNIACENSIS
2803 157 2851 212 II

3801 158 3916 210 156

561 281 734 337 Vens.
767 283 853 336 90.
882 283 968 336 De
985 296 1163 338 mane
1185 279 1374 352 usq'ue
1392 282 1472 336 ad
1497 295 1799 350 vesperam
1831 279 2134 334 succiden-
2175 277 2220 332 Α
2251 281 2508 350 aliquem
2538 286 2880 337 sanctorum
2903 284 3264 334 convertere.
3298 309 3366 318 —
3397 279 3479 330 Ac
3543 277 3592 330 si
3624 276 3918 333 deridens

489 376 610 427 tur.
633 403 702 411 —-
732 373 808 426 De
836 383 1016 426 mane
1049 387 1243 442 usque
1265 371 1342 426 ad
1365 386 1674 444 vesperam
1697 375 1977 442 peccator
2007 384 2138 422 suc-

489 460 718 525 ciditur,
751 459 898 514 dum
929 475 966 516 a
994 459 1124 516 vitae
1155 476 1282 515 suae
1309 460 1558 516 exordio
1593 475 1782 530 usque
1837 459 1908 512 ad
1939 457 2138 512 termi-

487 562 655 609 num,
723 547 1052 620 iniquitatis
1125 547 1564 621 perpetratione
1629 547 1994 614 vulneratur,
2076 550 2141 601 ut

487 633 800 691 Psalmista
827 635 908 692 ait
937 653 948 690 :
985 659 1011 684 ‹‹
1027 637 1142 692 Viri
1176 637 1542 706 sanguinum
1588 650 1712 690 non
1738 633 2140 689 dimidiabunt

483 722 612 778 dies
641 739 782 779 suos
809 725 995 792 (Psal.
1027 742 1139 795 LIV,
1170 729 1282 791 24).
1321 749 1347 774 ››
1379 724 1654 796 Sequitur
1685 741 1698 777 :
1725 725 1802 778 Et
1833 725 1974 794 quia
2005 724 2139 777 nul-

487 813 584 868 lus
601 814 914 884 intelligit,
939 815 1002 869 in
1025 820 1309 871 aeternum
1331 815 1636 884 peribunt.
1664 811 1947 868 —-Nullus
1975 810 2141 866 intel-

487 901 615 970 ligit
641 901 734 956 vel
757 917 966 958 eorum
993 903 1100 976 qui
1119 908 1392 976 pereunt,
1407 903 1496 958 vel
1520 917 1731 958 eorum
1751 901 1856 974 qui
1874 900 2139 974 perditos

489 993 868 1065 pereuntium
915 1009 1112 1049 mores
1169 993 1494 1050 imitantur.
1551 995 1620 1048 Ut
1655 993 1800 1047 illud
1835 1009 1846 1047 :
1881 1011 1911 1044 ‹
1937 994 2138 1047 Justus

489 1082 678 1154 periit,
705 1087 768 1138 et
793 1099 971 1138 nemo
997 1088 1083 1138 est
1105 1083 1210 1154 qui
1238 1083 1517 1151 recogitet
1547 1084 1686 1154 (Isa.
1717 1099 1848 1149 Lvu,
1879 1083 1946 1153 l).
1973 1100 2002 1133 »
2036 1085 2138 1136 Po-

494 1176 605 1227 test
653 1171 832 1227 etiam
883 1188 990 1246 per
1045 1187 1224 1228 mane
1253 1173 1642 1245 prosperitas,
1683 1186 1928 1243 vespere
1957 1172 2138 1240 hujus

488 1259 701 1315 mundi
733 1261 1054 1317 adversitas
1083 1263 1403 1332 designari.
1441 1267 1518 1317 De
1551 1277 1728 1316 mane
1759 1277 1900 1324 ergo
1951 1277 2138 1333 usque

487 1349 569 1404 ad
628 1365 942 1422 vesperam
997 1351 1238 1422 reprobi
1295 1353 1705 1416 succidantur,
1761 1352 1905 1422 quia
1933 1357 1986 1406 ct
2031 1367 2138 1420 per

487 1447 780 1509 prospera
831 1437 1204 1495 lascivientes
1261 1441 1609 1512 depereunt.
1663 1445 1720 1494 et
1749 1455 1854 1510 per
1885 1439 2139 1495 adversa

487 1525 866 1598 impatientes
893 1527 969 1583 ad
997 1528 1295 1583 insaniam
1325 1535 1671 1584 exsura‘unt.
1691 1531 1848 1594 Quos
1869 1529 1944 1583 de
1962 1543 2138 1584 mane

487 1631 680 1687 usque
709 1616 788 1670 ad
817 1632 1130 1688 vesperam
1161 1619 1340 1688 culpa
1371 1633 1755 1690 nequaquam
1791 1618 2137 1686 succideret,

489 1701 538 1754 si
566 1699 657 1754 vel
685 1716 976 1772 prospera
1001 1701 1334 1757 fomentum
1389 1703 1716 1771 crederent,
1749 1703 1844 1756 vel
1885 1702 2139 1757 adversa

489 1788 811 1842 sectionem
845 1789 934 1843 sui
967 1790 1226 1846 vulneris
1255 1791 1637 1846 aestimarent.
1675 1793 1951 1864 Sequitur
1979 1810 1991 1846 :

563 1877 739 1933 Vsus.
774 1881 861 1932 “ll.
895 1879 1008 1944 Qui
1055 1885 1253 1935 autem
1277 1881 1500 1952 reliqui
1521 1882 1750 1948 fuerint
1783 1881 2140 1950 auferentur

489 1979 566 2020 ex
591 1967 692 2022 eis.
735 1998 795 2006 -—
821 1965 1094 2038 Reliquos
1121 1973 1322 2024 autem
1348 1969 1528 2040 hujus
1561 1969 1768 2025 mundi
1826 1969 2138 2042 despectos

489 2053 650 2122 dicit,
707 2071 860 2127 quos
915 2069 1176 2127 praesens
1220 2057 1512 2112 saeculum
1556 2059 1634 2114 ad
1663 2059 1884 2114 nullius
1937 2059 2138 2126 glorise

489 2159 668 2198 usum
693 2143 878 2214 eligit,
907 2146 1010 2200 sed
1033 2147 1209 2217 quasi
1231 2146 1514 2202 minimos
1543 2148 1944 2220 indignosque
1975 2148 2138 2203 dere-

485 2231 718 2305 linquit.
755 2234 867 2290 Sed
893 2234 1004 2290 hos
1033 2236 1318 2292 Dominus
1348 2236 1563 2305 eligere
1593 2253 1714 2292 non
1753 2237 2135 2304 dedignatur.

488 2321 1023 2393 Paulo'attestante,
1051 2325 1158 2396 qui
1187 2326 1270 2382 ait
1293 2343 1306 2380 :
1339 2346 1370 2379 ς
1392 2328 1536 2392 Quae
1563 2326 1742 2381 stulta
1759 2325 1971 2380 mundi
2001 2331 2134 2379 sunt

486 2411 661 2480 elegit
687 2413 864 2475 Deus.
897 2419 963 2468 ut
986 2414 1318 2469 confundat
1330 2415 1628 2486 sapientes
1651 2435 1664 2476 ;
1690 2434 1711 2458 ν
1735 2419 1822 2469 et:
1845 2436 1873 2462 ‹‹
1899 2413 2138 2468 infirma

487 2499 698 2554 mundi
718 2499 898 2568 eligit,
926 2507 988 2555 ut
1003 2501 1332 2556 confundat
1345 2501 1531 2556 fontia
1553 2503 1611 2570 (Ι
1625 2503 1759 2558 Cor.
1790 2517 1832 2565 ι,
1857 2502 1965 2571 ‘27).
1989 2525 2015 2550 ››
2043 2503 2138 2557 Se-

487 2587 731 2658 quitur:
767 2589 1103 2644 Moriemur
1145 2596 1198 2645 et
1253 2605 1373 2646 non
1419 2591 1482 2645 in
1541 2593 1855 2660 sapientia.
1908 2623 1975 2630 —
2023 2595 2138 2646 Hoc

485 2673 618 2729 loco
645 2673 883 2746 Eliplias
909 2689 1048 2730 cum
1074 2677 1148 2732 de
1176 2677 1372 2732 electis
1397 2678 1637 2745 diceret,
1660 2679 1760 2751 qui
1786 2679 1992 2751 reliqui
2021 2679 2140 2734 fue-

486 2762 604 2819 rint
630 2763 970 2819 auferentur
989 2771 1046 2820 et
1071 2766 1180 2834 eis,
1215 2765 1368 2822 illico
1393 2767 1728 2838 adjungeus
1754 2787 1765 2824 :
1801 2769 2140 2824 Moriemur

487 2857 542 2908 et
561 2867 681 2908 non
703 2854 766 2908 in
788 2855 1103 2923 sapientia,
1128 2855 1206 2910 ad
1226 2855 1370 2910 illud
1394 2856 1663 2928 protinus
1683 2857 1948 2914 recurrit.
1973 2857 2136 2928 quod

2249 367 2406 424 dicat
2438 386 2450 423 :
2480 372 2725 425 Sanctos
2753 383 2996 441 quoque
3037 366 3300 423 invenire
3357 365 3419 420 in
3455 363 3776 421 aﬁlictione
3799 366 3913 421 ad-

2243 457 2470 528 jutores
2491 474 2613 514 non
2645 459 2829 526 vales,
2861 473 3017 530 quos
3041 457 3264 512 habere
3281 455 3476 512 socios
3501 454 3564 510 in
3609 454 3913 511 hilaritate

2248 547 2506 603 noluisti.
2545 548 2820 620 Sequitur
2854 565 2866 603 :

2319 640 2482 692 Vsus.
2515 641 2567 692 2.
2609 639 2810 693 Virum
2859 638 3110 692 stultum
3141 637 3424 704 interﬁcit
3457 634 3801 690 iracundia.
3836 666 3912 674 ~—

2251 729 2381 781 Haec
2411 725 2694 781 nimirum
2722 724 3012 780 sententia
3041 737 3181 780 vera
3223 727 3397 790 esset,
3432 723 3479 776 si
3510 721 3674 777 illata
3697 729 3916 778 contra

2249 815 2393 872 tanti
2421 814 2526 870 viri
2555 814 2905 887 patientiam
2929 828 3054 868 non
3081 813 3313 868 fuisset.
3350 811 3647 884 Scriptum
3677 811 3912 884 quippe

2248 909 2336 960 est
2367 923 2378 959 :
2409 927 2436 955 ‹‹
2470 907 2554 959 Tu
2583 908 2786 959 autem
2818 919 2958 959 cum
3007 901 3428 974 tranquillitate
3457 899 3694 970 judicas
3729 901 3906 971 (Sap.

2247 1009 2348 1063 xu,
2385 993 2488 1063 I8).
2517 1013 2542 1044 υ
2581 993 2901 1049 Sciendum
2931 1006 3074 1047 vero
3103 991 3246 1063 quia
3271 989 3504 1062 quoties
3530 987 3912 1044 turbulentos

2247 1088 2448 1138 motus
2479 1082 2695 1136 animai
2749 1080 2862 1136 sub
2893 1078 3376 1136 mansuetudinis
3427 1077 3638 1133 virtute
3667 1077 3910 1133 restrin-

2249 1171 2468 1240 gimus,
2503 1170 2694 1225 redire
2751 1170 2828 1224 ad
2875 1168 3327 1224 similitudinem
3359 1167 3698 1222 Conditoris
3728 1181 3912 1221 cona-

2248 1275 2402 1314 mur.
2461 1261 2649 1320 Quam
2706 1259 2993 1313 nimirum
3051 1257 3525 1323 similitudinem,
3579 1271 3718 1312 cum
3745 1259 3911 1310 tran-

2247 1347 2598 1421 quillitatem
2627 1347 2843 1402 mentis
2883 1347 2970 1402 ira
2991 1345 3322 1420 perturbat,
3357 1345 3590 1401 amittit.
3619 1348 3725 1399 Per
3747 1344 3911 1400 iram

2249 1437 2541 1508 sapientia
2595 1437 2882 1510 perditur,
2939 1441 3000 1491 ut
3045 1435 3192 1490 illud
3227 1452 3238 1488 :
3273 1457 3301 1484 ‹‹
3326 1436 3421 1490 ira
3477 1435 3538 1489 in
3571 1433 3704 1488 sinu
3735 1432 3908 1488 stulti

2246 1525 2564 1596 requiescit
2623 1525 2840 1593 (Eccle.
2891 1541 2988 1594 vu,
3045 1524 3166 1594 10).
3227 1544 3250 1576 ι
3308 1525 3414 1578 Per
3464 1522 3618 1578 iram
3677 1521 3914 1592 justitia

2179 1631 2218 1683 Β
2248 1613 2616 1686 relinquitur,
2653 1613 2802 1667 sicut
2831 1612 3122 1684 scriptum
3149 1616 3240 1668 est
3271 1629 3284 1666 :
3309 1632 3340 1664 ‹
3364 1612 3454 1666 Ira
3473 1609 3582 1666 viri
3610 1610 3908 1682 justitiam

2252 1702 2348 1758 Dei
2375 1715 2499 1756 non
2529 1707 2812 1773 operatur
2840 1703 2991 1768 (Jac.
3036 1716 3080 1768 ι,
3102 1705 3216 1767 20).
3251 1722 3278 1750 ››
3307 1703 3414 1756 Per
3441 1699 3593 1755 iram
3619 1699 3720 1754 lux
3752 1699 3911 1753 veri-

2247 1791 2381 1846 tatis
2407 1789 2712 1855 amittitur,
2749 1795 2812 1844 ut
2857 1789 3005 1844 illud
3045 1807 3057 1844 :
3094 1811 3120 1841 κ
3155 1788 3252 1845 Sol
3291 1803 3413 1844 non
3451 1788 3686 1843 occidat
3721 1803 3911 1860 super

2248 1879 2623 1935 iracundiam
2679 1883 2938 1934 vestram
2999 1879 3242 1948 (Ephes.
3285 1893 3365 1944 ιν,
3418 1879 3531 1948 25).
3577 1896 3604 1926 »
3661 1877 3909 1932 Duobus

2247 1983 2390 2022 vero
2443 1967 2640 2022 modis
2693 1966 3010 2022 iracundia
3061 1965 3364 2022 vincitur:
3399 1964 3633 2020 Primus
3679 1969 3791 2026 est,
3837 1969 3909 2019 ut

2248 2073 2460 2112 omnes
2511 2055 2624 2111 sibi
2680 2055 2855 2128 quasi
2883 2055 3010 2128 pati
3038 2059 3236 2127 potest
3262 2053 3657 2110 contumelias
3683 2068 3906 2124 prepo-

2247 2149 2369 2199 nat.
2399 2144 2709 2200 Secundus
2733 2144 2952 2199 modus
2979 2148 3088 2215 est,
3119 2148 3182 2200 ut
3205 2158 3344 2198 cum
3372 2142 3597 2199 alienos
3623 2157 3906 2198 excessus

2247 2232 2594 2304 aspicimus,
2628 2237 2832 2287 nostra
2859 2232 3082 2304 quibus
3115 2233 3178 2287 in
3233 2231 3363 2287 aliis
3391 2230 3777 2300 excessimus,
3803 2229 3904 2285 de-

2245 2321 2383 2377 licta
2414 2323 2764 2392 cogitemus.
2799 2313 3118 2377 Sciendum
3144 2336 3282 2376 vero
3311 2326 3418 2389 est,
3475 2319 3644 2392 quod
3669 2319 3786 2376 alia
3815 2326 3904 2374 est

2245 2409 2354 2476 ira,
2404 2425 2590 2481 quam
2645 2409 3018 2482 impatientia
3073 2409 3310 2478 excitat,
3360 2409 3479 2466 alia
3511 2424 3702 2482 quam
3744 2407 3904 2464 zelus

2248 2499 2482 2554 format.
2523 2499 2620 2553 Illa
2649 2515 2720 2554 ex
2753 2499 2911 2565 vitio,
2942 2499 3058 2554 ista
3083 2514 3157 2554 ex
3210 2499 3424 2555 virtute
3447 2503 3792 2568 generatur.
3823 2499 3905 2552 De

2249 2589 2360 2642 hac
2403 2587 2716 2642 Psalmlsta
2754 2588 2834 2644 ait
2868 2606 2936 2642 :«
2963 2586 3294 2643 lrascimini
3324 2591 3383 2642 et
3438 2587 3618 2644 nolite
3653 2601 3905 2658 peccare

2249 2678 2437 2743 (Psal.
2472 2693 2552 2744 1v,
2587 2683 2663 2732 ὅ).
2692 2695 2720 2725 ιθ
2763 2681 2839 2732 De
2893 2678 3008 2732 hac
3059 2676 3340 2733 Salomon
3381 2675 3504 2732 ait:
3533 2697 3562 2724 ‹‹
3591 2674 3786 2731 Melior
3813 2679 3904 2729 est

2249 2765 2336 2820 ira
2359 2767 2481 2821 risu
2511 2767 2761 2830 (Eccles.
2796 2783 2894 2834 v11,
2923 2769 3001 2830 4).
3029 2785 3059 2817 ν
3094 2769 3174 2820 De
3205 2764 3306 2822 illa
3335 2783 3346 2820 :
3375 2785 3405 2818 α
3427 2766 3626 2821 Virum
3657 2763 3902 2820 stultum

2246 2853 2520 2910 interﬁcit
2567 2855 2878 2911 iracundia
2933 2855 3075 2926 (Job.
3105 2871 3162 2919 ν,
3191 2859 3268 2922 '2).
3303 2871 3333 2906 »
3386 2855 3470 2909 Ac
3499 2853 3548 2910 si
3576 2853 3736 2909 dicat
3765 2871 3783 2908 ε.
3813 2857 3905 2908 Ira

487 2941 816 3013 sapientius
857 2943 937 2998 de
983 2944 1252 3014 reprobis
1299 2947 1542 3017 protulit
1597 2946 1842 3000 dicens:
1873 2948 1948 3001 Et
1995 2948 2137 3017 quia
2177 2975 2220 3028 ο
2251 2959 2355 3015 per
2411 2943 2601 2998 zelum
2661 2945 2958 3016 sapientes
3010 2943 3228 3000 turbat.
3283 2947 3368 2998 Ira
3391 2957 3535 2998 vero
3561 2957 3667 3014 per
3695 2941 3904 2997 vitium

485 3033 693 3088 nullus
720 3033 1028 3104 intelligit,
1057 3039 1116 3088 et
1137 3033 1387 3106 reliqua.
1419 3067 1487 3075 —
1518 3037 1756 3092 Mortem
1807 3036 2051 3107 quidem
2081 3041 2138 3090 et

487 3120 839 3192 sapientiam
868 3122 1092 3194 pariter
1111 3123 1346 3194 reprobi
1372 3123 1630 3194 fugiunt,
1654 3125 1758 3179 sed
1781 3126 2138 3196 sapientiam

486 3209 723 3279 penitus
752 3210 1054 3272 deserunt.
1086 3211 1294 3266 mortis
1323 3219 1523 3268 autem
1552 3213 1799 3285 laqueos
1841 3229 1963 3270 non
1995 3231 2136 3270 cva-

485 3294 654 3350 dunt.
690 3299 754 3352 Et
779 3299 883 3368 qui
907 3298 1154 3369 quando
1181 3300 1446 3355 morituri
1477 3300 1669 3356 vivere
1699 3303 2012 3357 moriendo
2032 3319 2140 3374 po-

489 3387 740 3452 tuerant,
766 3385 912 3441 dum
945 3392 1198 3442 mortem
1223 3403 1358 3459 quae
1390 3389 1598 3460 procul
1647 3389 1838 3444 dubio
1889 3397 2140 3447 ventura

488 3478 577 3528 est
595 3480 890 3540 metuunt,
905 3482 959 3530 et
984 3477 1170 3531 vitam
1191 3477 1390 3547 simul,
1405 3483 1460 3534 et
1481 3478 1835 3550 sapientiam
1857 3481 2135 3551 perdunt.

490 3561 764 3632 Sequitur
793 3579 805 3617 :
1553 3569 1558 3574 “

1143 3671 1366 3726 CAPUT
1405 3671 1474 3728 V.

559 3787 730 3846 Vens.
763 3797 810 3847 I.
867 3793 1015 3874 Voca
1047 3809 1186 3863 ergo
1228 3795 1281 3848 si
1325 3800 1406 3850 est
1457 3795 1564 3864 qui
1607 3795 1716 3850 tibi
1759 3796 2134 3864 respondeat.

487 3909 556 3918 —
586 3880 974 3953 Omnipotens
1004 3883 1156 3937 Deus
1201 3899 1358 3955 saepe
1389 3883 1518 3954 ejus
1550 3899 1786 3955 precem
1816 3884 1876 3938 iu
1907 3891 2137 3957 pertur-

486 3965 725 4022 batione
783 3968 1020 4036 deserit,
1056 3970 1158 4042 qui
1189 3976 1485 4044 praecepta
1517 3972 1646 4041 ejus
1687 3971 1746 4026 iu
1801 3972 2135 4044 tranquilli-

486 4058 602 4112 tate
658 4059 1000 4114 contemnit.
1055 4058 1217 4116 Unde
1249 4059 1535 4133 scriptum
1567 4065 1655 4115 est
1689 4078 1756 4115 :«
1790 4061 1896 4126 Qui
1927 4061 2138 4117 avertit

485 4160 692 4201 aurem
719 4163 890 4203 suam
923 4165 996 4203 ne
1028 4148 1234 4204 audiat
1263 4148 1476 4217 legem,
1521 4150 1708 4205 oratio
1741 4151 1869 4222 ejus
1899 4151 2005 4206 erit
2035 4168 2134 4205 cx-

485 4234 787 4290 secrabilis
813 4237 1014 4305 (Prov.
1050 4255 1243 4302 xxvm,
1277 4240 1352 4309 9).
1389 4262 1417 4287 ››
1463 4241 1681 4294 Vocare
1721 4245 1994 4294 nostrum
2048 4245 2136 4296 est

482 4320 693 4376 humili
727 4323 908 4377 Deum
940 4339 1114 4395 prece
1144 4323 1486 4396 deposcere.
1512 4325 1893 4398 Respondere
1921 4327 2020 4382 Dei
2049 4333 2136 4383 est
2169 4325 2212 4378 D

483 4407 760 4464 effectum
787 4411 1065 4482 precibus
1086 4412 1372 4485 priebere.
1403 4426 1480 4469 Ac
1505 4414 1555 4468 si
1578 4415 1736 4470 dicat
1765 4435 1776 4471 :
1807 4417 2134 4482 Quantum—

481 4495 623 4552 libet
680 4493 934 4553 afﬂictus
985 4497 1228 4566 clames,
1260 4501 1448 4556 Deum
1505 4503 1965 4574 respondentem
2010 4521 2132 4560 non

484 4581 696 4649 habes.
723 4585 866 4659 quia
896 4604 1006 4643 vox
1035 4587 1094 4643 in
1117 4587 1496 4645 tribulatione
1529 4605 1649 4645 non
1677 4590 1904 4646 invenit
1950 4608 2128 4664 quem

483 4690 656 4730 mens
685 4675 747 4730 in
769 4675 1189 4750 tranquillitate
1213 4678 1588 4752 contempsit.
1617 4679 1920 4752 Sequitur:
1947 4682 2024 4736 Et
2053 4683 2134 4737 ad

2249 3033 2491 3088 stultum
2527 3034 2798 3088 trucidat.
2831 3032 3106 3106 Sequitur
3144 3049 3156 3088 :
3189 3034 3268 3088 Et
3311 3034 3642 3102 parvulum
3687 3031 3904 3087 occidit

2248 3123 2496 3178 invidia.
2531 3155 2596 3161 —-
2631 3123 2896 3178 Invidere
2950 3123 3113 3178 enim
3140 3137 3264 3178 non
3293 3136 3643 3194 possumus,
3671 3119 3788 3175 nisi
3817 3120 3904 3175 eis

2247 3225 2400 3282 quos
2451 3209 2511 3264 in
2569 3210 2772 3282 aliquo
2825 3210 3000 3266 nobis
3029 3209 3305 3267 meliores
3351 3213 3661 3281 putamus.
3691 3211 3905 3264 Parvu-

2247 3298 2340 3352 lus
2391 3313 2534 3368 ergo
2591 3305 2678 3356 est
2729 3301 2830 3372 qui
2887 3299 3070 3355 livore
3117 3299 3428 3370 occiditur,
3461 3298 3607 3371 quia
3635 3299 3762 3370 ipse
3789 3298 3903 3353 sibi

2248 3388 2657 3444 testimonium
2689 3389 2981 3461 perhibet,
3017 3389 3184 3461 quod
3213 3404 3286 3444 eo
3333 3388 3530 3444 minor
3579 3389 3672 3455 sit,
3727 3388 3904 3457 cujus

2246 3476 2472 3532 invidia
2503 3481 2828 3550 torquetur.
2863 3478 3014 3544 Quia
3041 3477 3154 3534 nisi
3177 3477 3306 3550 ipse
3330 3477 3574 3534 inferior
3602 3476 3900 3547 existeret,

2247 3565 2322 3620 de
2345 3565 2510 3621 bono
2541 3566 2781 3621 alterius
2813 3581 2934 3622 non
2961 3567 3205 3623 doleret.
3231 3567 3377 3623 Hinc
3435 3566 3728 3640 scriptum
3758 3572 3846 3621 est
3883 3583 3899 3620 :

2253 3676 2272 3704 ι
2313 3654 2538 3710 Invidia
2563 3654 2785 3710 diaboli
2815 3671 2978 3710 mors
3002 3655 3265 3712 introivit
3287 3655 3348 3710 in
3374 3655 3584 3711 orbem
3606 3659 3902 3711 terrarum

2247 3744 2415 3814 (Sap.
2446 3759 2507 3811 ιι,
2536 3744 2644 3814 24).
2683 3765 2709 3792 ι»
2742 3743 2970 3800 Invidia
3007 3743 3169 3799 enim
3199 3760 3339 3800 cum
3386 3749 3650 3800 mentem
3680 3743 3902 3803 tabefe-

2249 3833 2408 3892 cerit.
2438 3838 2655 3888 cuneta
2697 3849 2834 3904 quae
2864 3833 3152 3889 invenerit
3196 3833 3350 3889 bene
3381 3836 3551 3903 gesta
3577 3832 3900 3902 consumit,

2249 3926 2312 3976 ut
2337 3921 2484 3976 illud
2512 3921 2848 3976 Salomonis
2883 3937 2894 3976 :
2931 3940 2961 3975 ‹
2993 3922 3120 3977 Vita
3147 3921 3422 3978 carnium
3453 3921 3678 3977 sanitas
3700 3921 3904 3976 cordis

2246 4011 2499 4084 putredo
2529 4009 2762 4065 ossium
2789 4010 3016 4067 invidia
3043 4011 3246 4081 (Prov.
3279 4026 3389 4078 xxv,
3414 4013 3528 4078 30).
3565 4029 3590 4057 κ
3623 4010 3735 4076 Qui
3755 4024 3904 4078 ergo

2245 4099 2444 4154 livoris
2472 4103 2637 4171 peste
2667 4097 2840 4170 plene
2869 4113 3072 4154 carere
3099 4098 3419 4162 desiderat,
3444 4098 3608 4155 illam
3651 4097 3903 4153 haeredi-

2248 4192 2426 4242 tatem
2488 4186 2715 4255 diligat,
2767 4202 2954 4258 quam
2998 4187 3382 4242 cohaeredum
3437 4203 3726 4243 numerus
3775 4201 3900 4241 non

2246 4281 2544 4346 angustat.
2580 4275 2920 4331 Imminutio
2985 4290 3130 4344 ergo
3184 4275 3384 4332 livoris
3411 4281 3505 4332 est
3531 4277 3783 4333 affectus
3805 4292 3906 4332 ur-

2245 4381 2393 4435 gens
2420 4365 2663 4419 internas
2717 4363 3068 4432 dulcedinis,
3121 4369 3179 4421 et
3233 4365 3414 4437 plena
3441 4381 3607 4421 mors
3635 4365 3764 4436 ejus
3810 4371 3906 4422 est

2242 4455 2537 4526 perfectus
2564 4469 2736 4508 amor
2750 4453 3112 4510 aeternitatis.
3137 4454 3282 4519 Quia
3303 4469 3441 4510 cum
3471 4453 3636 4510 nulla
3665 4459 3905 4511 terrena

2239 4543 2556 4606 desiderat,
2589 4542 2737 4598 nihil
2767 4543 3039 4615 estquod
3059 4543 3187 4613 ejus
3214 4559 3358 4614 erga
3385 4544 3730 4616 proximum
3761 4544 3904 4600 cha-

2241 4633 2408 4687 ritate
2441 4631 2830 4688 contradicat.

1791 5002 2082 5090 LIBER
2173 5002 2592 5098 SEXTUS.

551 5315 715 5369 Vnus.
740 5313 926 5383 3.Ego
941 5313 1066 5369 vidi
1073 5315 1323 5370 stultum
1339 5316 1517 5384 ﬁrma
1534 5317 1815 5388 radice,cl
1837 5320 2128 5376 maledixi
2233 5319 3030 5394 luit,quiaelectoremVitam
3043 5325 3443 5398 temporaliter
3454 5325 3896 5397 exstinguenda

477 5400 926 5469 pulchritudini
959 5405 1085 5472 ejus
1097 5405 1394 5459 statim.—
1417 5404 1637 5460 Stultus
1657 5407 1880 5479 quippe
1901 5408 2130 5463 .Iudteo-

476 5503 613 5544 rum
633 5489 894 5561 populus
911 5491 1147 5561 exstitit,
1161 5491 1264 5564 qui
1276 5492 1956 5564 ipsamincarnationem
1969 5501 2128 5552 aeter—

479 5591 570 5632 nae
589 5576 902 5650 Sapientia.-
915 5579 1154 5650 sprevit.
1180 5579 1478 5652 Quiquasi
1498 5580 1676 5637 ﬁrma
1689 5582 1885 5638 radice
1907 5599 2128 5642 conva-

2239 5412 2556 5483 superavit.
2589 5412 2700 5468 Sed
2723 5413 2883 5468 hunc
2902 5411 3140 5486 Eliphas
3170 5414 3592 5472 maledicendo
3613 5415 3888 5488 despicit,

2237 5500 2380 5570 quia
2393 5499 2675 5555 nimirum
2700 5517 2910 5556 omnes
2935 5501 3191 5559 haeretici
3226 5519 3488 5577 quorum
3528 5508 3725 5560 tenere
3753 5521 3892 5578 spe-

2239 5587 2390 5643 ciem
2432 5589 2661 5646 amicos
2702 5587 2862 5646 beati
2903 5590 3018 5646 Job
3066 5590 3347 5662 diximus,
3380 5609 3519 5650 cum
3549 5593 3625 5650 de
3643 5593 3892 5653 nomine
