4156 6178
3648 206 3747 259 158

296 196 399 255 157
827 230 831 234 -
1149 200 1433 256 EPITOME
1473 196 1617 253 MOR
1630 196 1856 251 ΑΜοΜ
1903 194 1961 250 S.

2083 196 2208 252 κερ.
2259 201 2326 255 [Ν
2363 202 2502 285 JQB.
2545 230 2612 245 ιφ
2652 206 2783 260 LIB.
2829 208 2920 260 Vl.

291 322 518 379 Christi
542 322 894 393 gloriantur,
917 324 1261 380 Iudaeorum
1286 322 1595 397 perﬁdiam
1621 337 1691 377 ex
1712 318 1987 376 auctori-
2023 320 2070 376 Α
2102 337 2158 391 v,
2190 325 2263 395 6).
2302 346 2328 373 ιι
2356 330 2690 383 Mensurae.
2726 329 2911 384 Habet
2932 329 3112 383 etiam
3134 326 3446 384 famelicus
3464 343 3744 393 messem,

290 417 414 469 tate
446 410 917 485 reprehendunt.
952 416 1293 470 Mensurae.
1326 412 1504 478 Quasi
1554 412 1731 466 ﬁrma
1762 404 1985 464 radice
2094 415 2341 484 quando
2365 416 2599 488 iniquus
2620 417 2873 488 quisque
2893 419 3123 472 donum
3143 417 3541 485 intelligentiae
3572 421 3747 472 rectae

291 500 518 557 stultus
530 499 592 557 in
604 504 759 556 terra
778 500 1004 571 ﬁgitur,
1025 503 1166 575 quia
1191 502 1318 558 totis
1338 499 1719 557 desideriisin
1737 504 1988 554 terreno
2096 502 2324 574 accipit.
2362 506 2549 569 Quam
2577 505 2858 559 nimirum
2890 503 3151 558 comedit
3180 502 3507 571 famelicus,
3536 504 3683 577 quia
3697 502 3748 558 is

290 603 510 647 amore
540 588 852 645 solidatur.
897 592 1080 661 Cujus
1118 592 1275 647 enim
1313 590 1488 647 fortes
1520 589 1774 660 gloriam
1819 586 1987 659 aspi~

292 678 487 744 ciunt,
538 677 815 751 protinus
844 684 984 750 post
1015 679 1266 748 gloriam
1296 696 1428 752 quae
1449 694 1633 751 poena
1664 678 1981 750 sequatur,

297 767 704 833 attendunt,et
729 765 909 823 tacita
926 768 1086 824 intus
1111 768 1462 837 cogitatione
1484 764 1985 840 despiciuntPuL

297 854 709 913 chritudinem
734 856 960 929 quippe
990 857 1148 913 stulti
1178 856 1550 924 maledicere,
1574 861 1665 913 cst
1698 857 1832 927 ejus
1862 854 1983 925 glo-

293 946 458 1002 riam
480 962 555 1001 ex
573 945 953 1001 considerata
971 947 1357 1004 damnatione
1368 946 1661 1017 judicare.
1676 946 1887 1003 Statim
1909 962 1978 1002 ac

297 1032 346 1089 si
401 1032 637 1090 diceret
667 1050 679 1088 :
714 1036 931 1089 Contra
952 1033 1112 1090 stulti
1133 1031 1636 1107 pulchritudinem
1657 1049 1895 1091 moram
1918 1034 1977 1090 in

296 1121 734 1177 maledictione
754 1135 877 1176 non
907 1120 1114 1187 habui,
1147 1122 1287 1195 quia
1307 1136 1447 1178 cum
1480 1123 1609 1177 haec
1644 1138 1974 1192 cernerem,

293 1210 487 1265 simul
509 1210 695 1266 etiam
720 1224 966 1282 poenam
992 1215 1337 1283 sequentem
1362 1211 1500 1265 vidi.
1530 1212 1755 1266 Nemini
1777 1213 1972 1267 statim

294 1298 759 1363 maledicerem,
793 1298 843 1353 si
870 1312 994 1370 qua
1016 1314 1113 1354 me
1140 1299 1293 1354 illius
1321 1299 1522 1367 gloriae
1550 1299 1865 1355 delectatio
1898 1304 1975 1355 te-

296 1388 556 1443 nuisset.
588 1387 870 1459 Sequitur
892 1404 904 1442 :

368 1478 546 1532 Vsus.
573 1478 629 1531 4.
668 1478 861 1546 Longe
883 1477 1040 1545 ﬁant
1059 1478 1177 1546 ﬁlii
1216 1481 1342 1546 ejus
1387 1493 1424 1533 a
1470 1479 1683 1533 salute.
1738 1510 1808 1518 —
1854 1479 1972 1534 Filii

288 1565 432 1636 ejus
465 1562 633 1620 stulti
667 1569 803 1620 sunt
829 1578 1044 1620 omnes
1069 1566 1170 1637 qui
1202 1565 1466 1638 perﬁdiae
1498 1566 1654 1621 illius
1686 1566 1973 1638 pradica-

2092 590 2195 661 qui
2221 591 2298 647 ad
2322 595 2505 648 Deum
2531 593 2752 648 sanctis
2775 591 3086 647 desideriis
3104 592 3362 657 anhelat,
3381 592 3555 649 discit
3577 591 3748 665 quod

2092 679 2283 752 audit,
2314 682 2435 751 agit
2463 683 2627 753 quod
2657 681 2948 745 didicerit,
2983 679 3205 735 etdum
3257 681 3532 737 doctores
3575 679 3748 754 pravi

2089 772 2250 824 recta
2282 769 2701 841 praedicatione
2732 767 3096 833 reﬁciuntur,
3145 768 3294 840 quid
3339 768 3501 824 aliud
3557 781 3749 841 quam

2090 856 2250 913 stulti
2280 858 2448 929 fruge
2480 859 2772 915 satiantur
2791 858 2819 912 ‘I
2851 856 3126 929 Sequitur
3154 875 3166 911 :
3226 857 3305 912 Et
3338 857 3527 926 ipsum
3552 856 3748 925 rapiet

2087 952 2381 1002 armatus.
2417 976 2485 986 -—-
2512 947 2803 1019 Antiquus
2843 945 3029 1001 hostis
3078 945 3399 1001 Judaicum
3452 943 3750 1017 populum

2085 1038 2354 1090 armatus
2385 1035 2601 1108 rapuit,
2638 1035 2780 1107 quia
2802 1033 2862 1088 in
2889 1048 2960 1089 eo
2981 1033 3163 1088 vitam
3194 1034 3337 1090 ﬁdei
3366 1032 3753 1088 fraudulenta

2088 1122 2473 1191 suggestione
2501 1123 2677 1195 quasi
2703 1121 2918 1191 jaculis
2938 1121 3231 1177 exstinxit.
3258 1125 3605 1178 Mensurae.
3630 1123 3751 1173 An-

2084 1208 2288 1281 tiquus
2317 1226 2583 1283 namque
2616 1211 2800 1266 hostis
2820 1211 2995 1282 quasi
3018 1211 3260 1266 inermis
3304 1211 3577 1277 vincitur,
3606 1222 3753 1263 cum

2094 1298 2256 1353 mala
2286 1306 2491 1370 aperta
2512 1315 2858 1365 suggerens,
2885 1300 3165 1355 humana:
3199 1300 3381 1355 menti
3410 1300 3572 1355 bona
3615 1314 3753 1353 om-

2084 1392 2184 1441 nia
2215 1387 2398 1443 simul
2418 1389 2725 1444 destruere
2750 1392 3018 1444 conatur.
3071 1389 3182 1443 Sed
3243 1392 3511 1443 armatus
3566 1386 3751 1453 venit,

2083 1477 2332 1547 quando
2356 1477 2518 1532 bona
2541 1475 2656 1532 alia
2707 1476 2926 1532 intacta
2978 1478 3278 1546 deserens,
3335 1477 3583 1531 latenter
3631 1474 3757 1530 alia

2084 1567 2431 1636 corrumpit.
2466 1565 2739 1635 Sequitur
2808 1582 2819 1618 :
2878 1568 2947 1621 Et
2976 1566 3180 1621 bibunt
3206 1568 3469 1623 sitientes
3498 1565 3754 1619 divitias

289 1653 461 1708 tione
494 1657 873 1722 generantur.
903 1654 1016 1718 Qui
1054 1654 1273 1710 scilicet
1302 1671 1336 1709 a
1365 1655 1551 1710 salute
1580 1654 1760 1720 longe
1811 1657 1966 1719 sunt,
2010 1674 2054 1732 Β
2084 1657 2232 1723 ejus.
2264 1687 2332 1694 —
2358 1656 2547 1724 Hujus
2581 1654 2737 1709 stulti
2765 1656 3002 1710 divit‘as
3033 1656 3292 1710 sitientes
3323 1655 3553 1717 bibunt,
3603 1654 3756 1725 quia

292 1742 403 1815 qui
429 1742 547 1797 etsi
576 1741 977 1814 temporaliter
1010 1744 1201 1798 vitam
1237 1743 1363 1798 sine
1411 1742 1730 1799 afﬂictione
1780 1742 1968 1814 perci-

294 1832 497 1904 piunt,
532 1836 756 1887 interna
783 1831 1024 1900 gravius
1066 1831 1286 1887 ultione
1341 1832 1648 1886 feriuntur.
1709 1832 1869 1887 Sicut
1896 1831 1970 1885 de

293 1919 538 1975 eisdem
564 1919 701 1974 ﬁliis
730 1917 877 1973 illius
909 1919 1137 1975 dicitur
1188 1938 1198 1974 :
1266 1942 1291 1968 ‹‹
1326 1923 1420 1973 Vae
1447 1919 1637 1987 vobis,
1668 1919 1889 1975 Scriba:
1916 1923 1973 1973 et

301 2006 593 2064 Pharisaei
622 2006 963 2079 hypocrita),
994 2006 1105 2079 qui
1131 2006 1385 2062 circuitis
1418 2022 1583 2062 mare
1622 2014 1678 2062 et
1712 2006 1967 2075 aridam,

300 2102 372 2151 ut
394 2095 629 2151 faciatis
654 2111 838 2150 unum
864 2095 1264 2166 proselytum.
1298 2100 1355 2150 et
1382 2111 1522 2149 cum
1554 2094 1728 2149 fuerit
1756 2095 1967 2157 factus,

301 2183 504 2239 facitis
514 2199 653 2238 eum
673 2183 865 2238 ﬁlium
881 2182 1175 2252 gehennm
1190 2182 1377 2254 duplo
1397 2197 1585 2254 quam
1598 2198 1706 2237 vos
1723 2180 1967 2247 (Matth.

304 2288 472 2344 xxm,
510 2273 613 2343 l5).
649 2294 676 2321 »
707 2275 1046 2328 Mensurae.
1071 2271 1193 2326 Filii
1216 2272 1439 2344 quippe
1470 2271 1626 2327 stulti
1670 2277 1809 2326 sunt
1863 2270 1967 2342 qui

296 2364 359 2418 in
392 2361 731 2417 ambitione
758 2361 941 2431 hujus
967 2360 1189 2430 smeuli,
1216 2360 1446 2431 ex'ejus
1477 2361 1802 2416 imitatione
1837 2375 1968 2431 pas-

295 2457 547 2519 cuntur,
576 2450 683 2521 qui
704 2449 968 2521 profecto
999 2464 1037 2505 a
1057 2449 1242 2505 salute
1272 2449 1511 2519 longius
1538 2452 1706 2512 ﬁunt,
1739 2453 1967 2521 quanto

293 2538 833 2612 impetratione[in
864 2538 1318 2610 perpetrationej
1349 2539 1627 2610 nequitia!
1670 2539 1835 2593 nulla
1881 2537 1967 2593 in-

296 2630 592 2685 ﬁrmitate
626 2627 934 2682 feriuntur.
984 2628 1256 2699 Sequitur
1313 2647 1325 2683 :
1384 2630 1459 2684 Et
1479 2633 1867 2684 conterentur
1906 2628 1964 2683 in

295 2724 513 2788 porta,
544 2722 601 2772 et
634 2731 755 2772 non
781 2716 895 2772 erit
917 2717 1024 2786 qui
1047 2718 1280 2785 eripiat.
1336 2748 1404 2757 ———-
1453 2718 1596 2782 Quis
1648 2722 1833 2788 portu:
1863 2732 1967 2771 no-

293 2809 493 2873 mine,
525 2805 643 2860 nisi
675 2804 956 2860 Mediator
986 2807 1079 2860 Dei
1111 2810 1168 2860 et
1196 2806 1511 2861 hominum
1542 2806 1720 2861 debet
1757 2805 1967 2860 intelli~

296 2896 358 2966 gi
384 2898 414 2951 ξ)
438 2894 555 2957 Qui
577 2894 661 2949 ait
693 2911 707 2947 :
737 2915 764 2941 «ι
801 2895 931 2962 Ego
952 2909 1084 2948 sum
1110 2894 1350 2949 ostium.
1384 2896 1492 2949 Per
1522 2910 1617 2949 me
1648 2895 1697 2949 si
1725 2895 1860 2966 quis
1881 2895 1968 2949 in-

299 2983 556 3049 troierit,
584 2981 918 3037 salvabitur
944 2984 1137 3047 (Joan.
1163 2999 1218 3047 x,
1252 2984 1327 3052 9).
1366 3005 1391 3031 ›ι
1440 2983 1557 3037 Filii
1582 2983 1758 3051 igitur
1790 2985 1968 3051 hujus

297 3072 466 3127 stulti
495 3075 666 3126 extra
695 3072 935 3141 portam
958 3069 1367 3141 projiciuntur,
1400 3072 1460 3125 in
1474 3075 1646 3142 porta
1667 3078 1970 3126 conteren-

299 3168 414 3225 tur,
448 3159 601 3232 quia
628 3173 833 3230 pravaa
860 3157 1200 3213 JudiBOrum
1215 3158 1453 3213 soboles
1475 3162 1612 3213 ante
1641 3157 1968 3215 Mediatoris

296 3249 641 3305 adventum
669 3246 732 3301 in
761 3245 908 3315 legis
934 3246 1345 3301 observatione
1377 3247 1727 3313 ﬂoruerunt,
1774 3264 1819 3300 ε(
1842 3246 1881 3300 d
1909 3245 1967 3299 in

290 3339 435 3409 ipsa
461 3333 883 3406 Redemptoris
912 3333 1094 3389 nostri
1125 3335 1441 3405 prmsentia
1463 3351 1499 3389 a
1517 3334 1837 3390 divinitatis
1859 3333 1967 3388 ob-

292 3425 519 3498 sequio
547 3423 821 3496 perﬁdiae
880 3438 1001 3478 suae
1053 3422 1277 3478 meritis
1326 3423 1547 3496 repulsi
1605 3424 1964 3479 ceciderunt.

290 3518 467 3580 Quos
496 3512 788 3567 nimirum
815 3526 938 3566 non
967 3516 1052 3567 est
1106 3512 1210 3584 qui
1255 3511 1485 3583 eripiat.
1544 3512 1693 3576 Quia
1751 3511 1970 3567 scilicet

286 3604 447 3658 dum
490 3603 696 3675 ipsum
722 3599 1180 3672 Redemptorem
1206 3603 1581 3668 exstinguere
1610 3616 1969 3673 persequen-

289 3692 378 3746 do
408 3688 612 3745 conati
636 3693 797 3755 sunt,
828 3688 1045 3743 oblatas
1103 3688 1215 3743 sibi
1272 3687 1605 3742 remedium
1649 3688 1968 3761 ereptionis

290 3777 776 3834 absconderant.
800 3779 1145 3831 Mensurae.
1182 3775 1522 3831 Sicuturbis
1553 3776 1749 3831 aditus
1796 3782 1969 3849 porta

289 3868 541 3934 dicitur,
570 3866 655 3922 ita
684 3869 773 3921 est
799 3864 928 3920 dies
952 3864 1162 3935 judicii
1185 3868 1357 3936 porta
1389 3864 1574 3932 regni,
1606 3869 1664 3920 et
1688 3882 1793 3937 per
1829 3882 1965 3920 eum

292 3956 377 4010 ab
409 3954 616 4009 electis
641 3953 927 4008 omnibus
953 3952 1033 4008 ad
1061 3951 1316 4006 caelestis
1345 3951 1550 4023 patriae
1579 3952 1831 4020 gloriam
1878 3954 1968 4007 in-

290 4049 509 4098 tratur.
540 4043 685 4098 Hinc
719 4042 1002 4099 Salomon
1028 4040 1112 4096 ait
1168 4058 1180 4095 :
1235 4061 1261 4088 ‹‹
1295 4038 1517 4094 Nobilis
1575 4041 1633 4094 in
1687 4047 1860 4112 porta
1887 4041 1971 4095 vir

289 4133 455 4203 ejus,
512 4132 764 4204 quando
820 4148 882 4186 se
930 4128 1143 4186 viderit
1195 4145 1335 4184 cum
1397 4130 1773 4185 senatoribus
1804 4135 1969 4185 terris

293 4223 513 4287 (Prov.
547 4238 708 4292 xxxr,
730 4222 845 4291 23).
872 4241 901 4270 »
927 4222 992 4274 Et
1019 4234 1259 4275 rursum
1296 4235 1307 4272 :
1363 4240 1388 4265 ‹‹
1427 4219 1567 4273 Date
1598 4219 1648 4273 ei
1677 4220 1751 4275 de
1772 4220 1968 4274 fructu

292 4326 603 4367 manuum
636 4323 907 4379 suarum,
936 4313 992 4365 et
1020 4308 1267 4363 laudent
1294 4323 1435 4361 eum
1485 4308 1545 4362 in
1574 4310 1758 4379 portis
1785 4323 1969 4381 opera

289 4403 432 4471 ejus
469 4400 671 4469 (Prov.
701 4414 864 4467 χχχι,
893 4399 1003 4469 3i).
1038 4418 1064 4447 »
1098 4396 1219 4452 Filii
1248 4396 1427 4465 igitur
1448 4397 1630 4465 hujus
1655 4398 1813 4453 stulti
1830 4403 1966 4453 ante

286 4494 545 4564 portum
579 4488 749 4544 electi
779 4491 939 4553 sunt,
975 4486 1085 4542 sed
1111 4486 1170 4541 in
1202 4490 1378 4557 porta
1408 4491 1805 4555 conterentur,
1825 4488 1968 4558 quia

286 4579 485 4649 hujus
505 4575 713 4633 smculi
736 4578 1038 4631 amatores
1068 4575 1131 4629 in
1148 4573 1423 4646 praesenti
1448 4575 1566 4628 vita
1594 4574 1966 4646 superbiant,

290 4667 400 4722 sed
459 4666 523 4721 in
578 4665 714 4736 ipso
759 4662 930 4733 regni
983 4661 1150 4719 aditu
1186 4665 1407 4716 aeterna
1451 4660 1968 4718 animadversione

292 4756 616 4811 feriuntur.
679 4752 817 4809 Illos
868 4752 1093 4825 quippe
1144 4751 1367 4806 Veritas
1418 4754 1638 4805 aeterna
1696 4751 1967 4807 adversi-

290 4850 417 4901 tate
472 4843 670 4916 eripit,
720 4855 875 4914 quos
926 4839 988 4897 in
1034 4838 1466 4912 temporalibus
1515 4842 1816 4912 prosperis
1863 4857 1970 4913 per

288 4932 692 5005 disciplinam
722 4930 959 5004 premit.
983 4928 1093 4994 Qui
1124 4944 1268 4999 ergo
1298 4942 1458 4983 nunc
1509 4929 1703 4983 renuit
1752 4930 1964 5002 premi,

290 5030 451 5079 tunc
469 5036 598 5077 non
613 5020 776 5077 valet
803 5020 969 5093 eripi.
1006 5019 1283 5092 Sequitur
1314 5035 1329 5086 ;

368 5114 549 5168 Vsus.
583 5116 637 5167 5.
676 5111 867 5180 Cujus
906 5124 1146 5167 messem
1202 5108 1520 5179 famelicus
1564 5107 1854 5162 comedat.
1899 5135 1969 5146 --

286 5202 493 5272 Hujus
543 5199 707 5256 stulti
761 5200 974 5255 messis
1016 5199 1209 5254 fuerat
1266 5212 1452 5253 sacris
1503 5195 1649 5263 legis
1707 5194 1963 5266 eloquia.

284 5296 496 5358 Quam
545 5289 763 5345 stultus
819 5287 1112 5344 comedet.
1175 5286 1324 5352 Quia
1392 5284 1675 5339 nimirum
1734 5283 1966 5351 gentilis

280 5380 567 5454 populus
642 5376 831 5433 verba
905 5377 1055 5446 legis
1128 5373 1513 5443 intelligendo
1594 5371 1796 5429 edidit.
1888 5373 1962 5427 ad

283 5484 484 5542 quam
548 5467 728 5540 plebs
779 5465 1029 5522 Iudaica
1088 5464 1215 5518 sine
1284 5462 1580 5517 intellectu
1654 5459 1961 5514 laboravit.

287 5560 447 5616 Hinc
504 5556 734 5613 Veritas
780 5555 862 5611 ait
940 5571 952 5610 :
1026 5552 1237 5607 «Beati
1285 5551 1382 5624 qui
1439 5549 1708 5605 esuriant
1783 5554 1839 5603 et
1894 5550 1966 5603 si-

282 5646 450 5703 tiunt
477 5643 801 5716 justitiam,
827 5640 1120 5714 quoniam
1140 5638 1254 5723 ipsi
1281 5636 1703 5694 saturabuntar
1720 5636 1960 5703 (Matth.

2085 1741 2320 1797 ﬂuentis
2355 1758 2538 1797 sacrae
2567 1738 2900 1812 locutionis,
2926 1760 3060 1815 quis
3086 1742 3368 1798 Judaicus
3385 1738 3652 1813 populus
3694 1741 3754 1795 in

2083 1830 2379 1901 superbiae
2407 1830 2800 1887 ostentatione
2816 1831 3096 1902 possidet,
3113 1847 3417 1886 conversae
3436 1826 3755 1900 gentilium

2084 1922 2313 1973 mentes
2344 1917 2684 1986 irrigantur.
2719 1920 2878 1974 Unde
2907 1925 2962 1974 et
3005 1920 3086 1973 eis
3128 1938 3232 1991 per
3261 1918 3627 1991 prophetam
3661 1919 3753 1973 di-

2081 2005 2233 2059 citur
2264 2024 2277 2060 :
2315 2026 2341 2052 ‹‹
2378 2006 2600 2061 Omnes
2625 2007 2903 2073 sitientes,
2942 2007 3131 2061 venite
3154 2007 3235 2062 ad
3265 2021 3476 2078 aquas,
3514 2031 3541 2052 ››
3575 2009 3636 2059 et
3668 2021 3755 2059 re-

2078 2092 2248 2164 liqua
2305 2093 2444 2163 ([sa.
2470 2109 2560 2161 LV,
2594 2097 2659 2167 l).
2712 2099 3056 2152 Mamurra.
3103 2099 3269 2168 Saepe
3313 2094 3526 2150 stultus
3563 2092 3757 2149 habet

2079 2180 2300 2235 interni
2320 2179 2568 2252 liquoris
2600 2183 2845 2252 fontem,
2872 2184 2974 2238 sed
3008 2199 3127 2238 non
3158 2184 3327 2249 bibit,
3387 2181 3531 2254 quia
3586 2182 3754 2251 inge-

2079 2269 2256 2324 nium
2286 2268 2532 2340 quidem
2563 2272 2775 2344 accipit
2799 2272 3213 2341 intelligentiae,
3256 2273 3359 2326 sed
3395 2275 3593 2325 tamen
3646 2287 3752 2325 ve-

2078 2358 2272 2413 ritatis
2302 2360 2626 2416 sententias
2655 2376 3015 2429 cognoscere
3045 2360 3351 2432 loquendo
3397 2358 3748 2414 contemnit.

2080 2445 2312 2502 Divitiae
2336 2463 2577 2521 quoque
2610 2451 2823 2505 mentis
2855 2454 2993 2503 sunt
3032 2449 3213 2504 verba
3270 2464 3454 2503 sacrae
3502 2446 3754 2501 locutio-

2078 2534 2214 2603 nis;
2247 2535 2353 2591 sed
2385 2538 2493 2594 has
2522 2537 2758 2594 divitias
2789 2537 3000 2593 stultus
3053 2537 3243 2591 oculis
3294 2536 3522 2609 aspicit,
3583 2540 3642 2591 et
3688 2535 3749 2590 in

2078 2637 2182 2677 ore
2216 2624 2435 2680 mentis
2466 2642 2590 2682 suae
2623 2640 2800 2682 usum
2831 2626 3074 2680 minime
3107 2626 3381 2681 assumit.
3445 2623 3533 2679 Ad
3586 2639 3747 2680 com-

2077 2713 2513 2783 prehendenda
2535 2716 2695 2771 enim
2725 2714 2909 2770 verba
2936 2713 3099 2768 nullo
3131 2715 3329 2771 studio
3361 2714 3584 2769 amoris
3628 2714 3746 2770 ela-

2081 2799 2259 2856 borat
2286 2820 2299 2867 ;
2334 2803 2381 2857 si
2409 2809 2615 2860 contra
2645 2804 2797 2860 alius
2825 2804 2984 2858 sitim
3008 2804 3206 2859 habet.
3238 2810 3294 2859 et
3326 2816 3485 2876 saepe
3540 2802 3654 2858 hoc
3685 2803 3744 2858 in

2081 2888 2298 2944 divinae
2330 2890 2476 2961 legis
2507 2892 2838 2948 eruditione
2882 2890 3250 2964 quandoque
3307 2891 3603 2948 studendo
3659 2892 3745 2947 in-

2009 3022 2049 3076 c
2085 2978 2304 3047 telligit,
2337 2981 2500 3052 quod
2534 2997 2639 3053 per
2670 2980 3093 3051 negﬁgentiam
3145 2981 3491 3051 ingeniosus
3530 2981 3735 3035 nescit.

2082 3067 2230 3122 Hinc
2259 3069 2538 3124 Salomon
2572 3071 2653 3125 ait
2708 3088 2719 3124 :
2773 3068 3031 3125 «Stellio
3074 3070 3354 3124 manibus
3408 3070 3629 3137 nititur,
3687 3072 3746 3125 et

2082 3161 2348 3210 moratur
2374 3158 2433 3211 in
2488 3157 2723 3212 aedibus
2776 3156 2931 3225 regis
2985 3158 3183 3227 (Prov.
3218 3172 3356 3224 xxx,
3390 3156 3500 3226 21).
3539 3176 3565 3203 η
3628 3156 3743 3211 Ple-

2080 3259 2335 3316 rumque
2361 3246 2522 3302 euim
2553 3261 2694 3301 aves
2719 3263 2871 3318 quas
2902 3246 2979 3301 ad
3010 3244 3277 3301 volatum
3304 3260 3517 3317 pennae
3546 3244 3743 3301 suble-

2078 3338 2224 3388 vant
2252 3334 2311 3387 in
2343 3335 2625 3407 vepribus
2652 3335 2931 3390 resident.
2959 3335 3238 3406 Sequitur
3263 3352 3274 3388 :

2155 3422 2324 3477 Vsus.
2358 3427 2409 3477 6.
2444 3425 2619 3479 Nihil
2648 3425 2711 3479 in
2741 3430 2905 3479 terra
2954 3425 3083 3479 sine
3134 3439 3339 3480 causa.
3395 3454 3462 3462 —
3518 3424 3742 3480 Idcirco

2079 3509 2235 3563 enim
2267 3525 2425 3581 saepe
2454 3511 2795 3566 desidiosus
2824 3510 3133 3581 ingenium
3162 3511 3398 3583 accipit,
3430 3515 3495 3565 ut
3538 3510 3614 3565 de
3644 3527 3743 3567 ne-
3837 3554 3840 3558 .

2079 3596 2361 3666 gligentia
2386 3599 2604 3668 justius
2624 3598 2928 3671 puniatur,
2950 3599 3097 3670 quia
3124 3600 3290 3672 quod
3348 3600 3473 3654 sine
3531 3597 3737 3654 labore

2078 3686 2317 3757 assequi
2343 3688 2550 3758 potuit,
2587 3688 2734 3742 scire
2767 3688 3112 3757 contemnit,
3142 3692 3199 3743 et
3254 3688 3475 3743 idcirco
3520 3688 3740 3743 studio-

2079 3791 2179 3828 sus
2196 3774 2464 3830 tarditate
2491 3775 2890 3845 intelligentire
2930 3776 3236 3847 premitur,
3291 3783 3351 3831 ut
3385 3792 3455 3831 eo
3504 3777 3740 3847 majora

2076 3863 2326 3935 prmmia
2356 3864 2758 3919 retributionis
2788 3865 3072 3932 inveniat,
3105 3881 3228 3937 quo
3288 3866 3482 3935 magis
3535 3865 3735 3920 studio

2077 3950 2436 4006 inventionis
2462 3952 2751 4006 elaborat.
2803 3953 3079 4024 Sequitur
3130 3970 3142 4006 :
3187 3954 3265 4007 Et
3298 3954 3371 4008 de
3402 3952 3578 4006 humo
3618 3969 3737 4008 non

2078 4040 2385 4107 egreditur
2414 4040 2606 4093 dolor.
2743 4040 2914 4093 Dolor
2946 4056 3209 4110 namque
3241 4040 3415 4111 quasi
3445 4040 3520 4093 de
3552 4040 3737 4094 humo

2080 4126 2401 4196 egreditur,
2426 4143 2564 4181 cum
2598 4130 2777 4181 homo
2829 4128 2904 4181 ad
2944 4128 3040 4181 Dei
3065 4128 3389 4195 imaginem
3438 4126 3733 4194 conditus,

2080 4214 2154 4269 de
2181 4214 2359 4268 rebus
2391 4213 2836 4268 insensibilibus
2876 4214 3230 4284 ﬂagellatur.
3285 4215 3397 4269 Sed
3445 4214 3590 4285 quia
3634 4230 3738 4285 per

2081 4303 2313 4357 occulta
2339 4301 2548 4357 merita
2579 4303 2894 4365 mentium.
2928 4309 3134 4375 aperta
3162 4304 3461 4375 prodeunt
3500 4301 3737 4374 ﬂagella

2080 4406 2421 4463 pcenarum,
2445 4390 2519 4445 de
2540 4390 2724 4446 humo
2755 4391 2929 4446 dolor
2949 4408 3067 4446 non
3093 4392 3414 4461 egreditur,
3445 4407 3567 4463 quo
3614 4406 3739 4445 mo-

2079 4480 2159 4534 do
2181 4493 2393 4534 sensus
2422 4480 2607 4534 nostri
2638 4480 2863 4535 malitia
2892 4479 3089 4550 exigit,
3124 4485 3187 4535 ut
3216 4497 3251 4535 a
3276 4479 3455 4535 rebus
3486 4479 3737 4535 insensi-

2079 4568 2299 4624 bilibus
2334 4569 2593 4623 feriatur.
2627 4572 3018 4640 Nequaquam
3050 4585 3232 4641 pmna
3258 4570 3331 4623 de
3371 4585 3443 4624 ea
3472 4569 3737 4623 nascitur

2079 4662 2354 4713 creatura
2400 4673 2537 4728 quae
2567 4657 2837 4729 percutit,
2895 4658 2999 4711 sed
3051 4658 3127 4712 de
3165 4673 3236 4712 ea
3286 4655 3495 4729 procul
3549 4656 3736 4712 dubio

2078 4763 2212 4818 quae
2276 4746 2585 4817 peccando
2655 4746 2776 4799 vim
2830 4746 3232 4816 percussionis
3299 4743 3562 4799 extorsit.
3636 4749 3735 4801 Se-

2077 4835 2279 4907 quitur
2304 4852 2315 4888 :

2149 4925 2318 4978 Vens.
2348 4928 2398 4977 7.
2433 4923 2621 4977 Homo
2637 4923 2908 4977 nascitur
2928 4921 3007 4976 ad
3018 4920 3300 4990 laborem,
3324 4927 3379 4976 et
3396 4922 3523 4977 avis
3544 4921 3625 4977 ad
3637 4936 3736 4976 vo-

2079 5012 2349 5068 landum.
2376 5042 2445 5050 —
2458 5010 2548 5065 Ad
2558 5010 2829 5065 laborem
2840 5008 3067 5082 quippe
3082 5010 3263 5065 homo
3276 5009 3561 5080 nascitur,
3576 5009 3725 5081 quia

2077 5099 2357 5154 nimirum
2388 5099 2435 5153 is
2461 5098 2565 5170 qui
2596 5099 2689 5153 sui
2713 5102 2960 5169 accepta
3019 5101 3106 5152 est
3131 5096 3358 5153 ratione
3411 5097 3727 5169 praeditus,

2078 5188 2415 5244 considerat
2440 5188 2605 5259 quod
2635 5186 2810 5243 valde
2842 5186 2956 5241 sibi
2988 5187 3062 5241 sit
3087 5186 3479 5258 impossibile,
3509 5190 3571 5239 ut
3597 5185 3729 5239 lieec

2076 5277 2569 5348 peregrinationis
2603 5292 2725 5331 suae
2752 5280 3020 5347 tempore
3049 5275 3177 5330 sine
3206 5274 3429 5343 gemitu
3485 5271 3732 5327 evadat.

2077 5365 2190 5421 Sed
2217 5365 2278 5420 in
2308 5382 2379 5421 eo
2400 5366 2562 5437 quod
2586 5381 2731 5420 caro
2748 5363 3002 5434 ﬂagellis
3027 5363 3304 5431 afficitur,
3329 5374 3500 5415 mens
3521 5360 3599 5415 ad
3622 5375 3727 5431 ap-

2074 5456 2328 5528 petenda
2342 5453 2931 5521 sublevaturaltiora,
2950 5452 3132 5506 Paulo
3146 5454 3479 5519 attestante,
3492 5450 3597 5521 qui
3616 5450 3730 5504 ait:

2074 5567 2099 5594 ‹‹
2138 5547 2201 5599 Et
2227 5544 2360 5600 licet
2386 5544 2489 5617 qui
2516 5544 2663 5599 foris
2689 5548 2777 5599 est
2801 5546 3010 5596 noster
3038 5540 3222 5594 homo
3274 5542 3727 5610 corrumpatur,

2072 5637 2275 5691 tamen
2303 5634 2354 5689 is
2386 5633 2491 5706 qui
2521 5633 2683 5689 intus
2713 5634 2821 5701 est,
2856 5631 3187 5684 renovatur
3216 5627 3291 5684 de
3345 5628 3439 5685 die
3469 5628 3531 5683 in
3561 5626 3731 5681 diem
