4154 6160
432 196 532 248 159

1474 188 1530 242 S.
1573 184 1832 241 ODONIS
1871 182 2164 239 ABBATIS
2203 184 2705 243 CLUNIACENSIS
2752 184 2815 240 ll.

3749 181 3860 236 160

426 317 486 386 (Ι
514 315 651 372 Cor.
678 331 752 381 IV,
791 313 891 383 16).
930 334 956 361 ››
988 311 1129 371 Inde
1160 311 1320 367 enim
1346 327 1518 368 mens
1559 310 1633 366 ad
1664 323 1909 364 summa
1935 321 2074 362 evo-
2114 310 2160 362 A
2192 307 2422 364 virtutis
2471 308 2819 366 necessaries
2881 322 3126 376 germen
3201 306 3368 362 ferat.
3424 304 3700 377 Sequitur
3761 323 3775 361 :

424 406 526 471 lat,
560 404 720 460 unde
746 416 885 456 caro
918 400 979 455 in
1035 400 1262 456 inﬁmis
1310 401 1521 456 durius
1563 399 1819 456 laborat.
1880 398 2079 453 Potest

426 506 666 565 quoque
691 486 1092 561 appellatione
1147 488 1409 544 hominis
1441 486 1774 544 carnalium
1828 485 1945 541 vita
2000 483 2077 539 si-

425 577 614 649 gnari,
640 576 800 633 unde
823 576 1042 633 Paulus
1074 576 1157 634 ait
1209 595 1222 632 :
1271 600 1298 627 «
1323 580 1473 635 Cum
1504 576 1667 632 enim
1697 576 1771 631 sit
1795 575 1946 631 inter
1969 589 2076 629 vos

424 666 583 724 zelus
609 670 666 723 et
695 666 1017 734 contentio,
1051 682 1253 723 nonne
1282 666 1559 723 homines
1585 665 1725 722 estis
1777 669 1835 721 et
1868 678 2081 720 secun-

424 757 575 812 dum
598 755 879 812 homines
904 755 1230 813 ambulatis
1263 756 1292 811 ?
1340 776 1370 810 ›
1404 758 1459 824 (I
1485 756 1623 813 Cor.
1652 770 1733 824 ιιι,
1761 754 1836 826 3.)
1868 754 1933 808 In
1963 753 2078 809 hac

423 846 627 920 itaque
657 845 778 902 vita
806 846 992 902 homo
1016 845 1095 902 ad
1144 845 1416 903 laborem
1444 845 1728 915 nascitur,
1781 843 1925 916 quia
1955 858 2079 899 car-

427 936 584 993 nalis
615 936 871 1009 quisque
899 939 1109 992 contra
1135 935 1361 1005 aﬂligit.
1393 935 1585 991 Tanto
1615 933 1775 991 enim
1825 932 2080 1006 quisque

426 1025 611 1095 hujus
652 1023 864 1080 mundi
893 1023 1184 1080 veraciter
1213 1024 1375 1081 mala
1405 1023 1603 1091 sentit,
1664 1025 1894 1095 quanto
1949 1020 2081 1091 ejus

428 1115 593 1171 bona
620 1115 919 1171 inhianter
947 1114 1190 1187 appetit.
1223 1119 1294 1170 At
1322 1118 1532 1171 contra
1551 1117 1720 1170 tanto
1772 1111 2014 1168 animus
2044 1126 2082 1166 a

425 1204 632 1262 labore
661 1203 998 1261 aﬂlictionis
1029 1219 1091 1259 se
1122 1203 1435 1272 subtrahit,
1486 1206 1716 1277 quanto
1756 1217 1862 1275 per
1909 1215 2082 1273 spem

432 1293 508 1350 ad
535 1308 776 1349 summa
802 1291 1078 1348 sustollit.
1106 1293 1196 1347 An
1223 1308 1343 1348 non
1365 1291 1539 1365 quasi
1561 1290 1688 1347 avis
1741 1291 1820 1346 ad
1875 1289 2080 1346 volan—

429 1381 576 1437 dum
606 1380 824 1437 Paulus
853 1385 1029 1437 natus
1060 1379 1276 1449 fuerat,
1304 1381 1410 1454 qui
1460 1385 1544 1437 tot
1598 1380 1850 1436 adversa
1907 1378 2083 1434 susti-

428 1486 577 1526 nens
605 1469 846 1525 dicebat
873 1487 885 1524 :
922 1493 949 1519 ‹‹
982 1473 1193 1526 Nostra
1224 1469 1605 1526 conversatio
1627 1468 1685 1524 in
1719 1468 1884 1524 caelis
1902 1469 2077 1523 est?»

428 1558 613 1629 (Phil.
648 1575 729 1629 In,
759 1558 874 1629 20.)
910 1559 1221 1631 Sequitur:

500 1683 671 1738 Vens.
707 1685 760 1736 8.
792 1682 1180 1750 Quamobrem
1214 1698 1318 1754 ego
1348 1683 1712 1752 deprecabor
1737 1682 2079 1748 Dominum,

429 1777 482 1826 et
516 1770 597 1825 ad
620 1772 802 1825 Deum
828 1786 1055 1839 ponam
1079 1772 1384 1843 eloquium
1411 1787 1625 1827 meum.
1657 1803 1722 1810 —
1746 1774 1824 1825 Ac
1853 1770 1900 1824 si
1919 1785 2084 1842 aper-

430 1863 483 1914 te
510 1858 731 1913 diceret
779 1875 792 1914 :
841 1859 1012 1914 Illum
1046 1875 1191 1930 rogo
1223 1876 1329 1933 per
1360 1875 1543 1933 quem
1572 1860 1697 1915 haec
1729 1858 1905 1914 tribui
1937 1858 2081 1913 scio.

433 1945 706 2019 Sequitur
733 1966 746 2003 :

500 2075 665 2129 Vens.
699 2078 750 2129 9.
784 2073 896 2140 Qui
906 2075 1058 2142 facit
1079 2090 1324 2145 magna.
1351 2105 1424 2114 ——
1453 2075 1594 2140 Quis
1655 2073 2083 2146 omnipotentis

433 2161 530 2218 Dei
560 2162 857 2219 mirabilia
886 2165 1241 2235 perscrulari
1287 2162 1590 2219 sufﬁciat?
1641 2162 1816 2229 Quod
1870 2168 2085 2218 cuncta

430 2266 503 2307 ex
521 2249 706 2306 nihilo
739 2251 977 2319 creavit,
1001 2251 1163 2325 quod
1196 2252 1323 2324 ipsa
1380 2252 1592 2307 mundi
1644 2251 1874 2308 fabrica
1931 2251 2084 2307 mira

428 2339 707 2412 potentiae
728 2340 938 2396 virtute
961 2339 1255 2413 disposita
1285 2358 1297 2394 :
1323 2346 1379 2396 et
1405 2356 1585 2413 super
1605 2356 1850 2397 aereum
1863 2338 2083 2395 coelum

431 2427 842 2501 suspenditur,
893 2434 949 2483 et
1006 2444 1191 2499 super
1241 2428 1534 2500 abyssum
1589 2433 1747 2483 terra
1776 2426 2084 2483 libratur?

432 2518 585 2570 Bene
615 2521 818 2570 autem
849 2516 944 2584 adj
958 2516 1127 2570 unxit
1157 2532 1169 2569 :
1205 2516 1280 2570 Et
1329 2516 1769 2572 inscrulabilia.
1804 2547 1872 2554 ——
1897 2515 2083 2570 Minus

432 2601 595 2656 enim
626 2602 819 2657 fuerat
842 2617 1072 2670 magna
1108 2602 1324 2668 facere,
1383 2604 1429 2657 si
1485 2607 1686 2659 tamen
1742 2619 1879 2675 qute
1931 2603 2086 2659 facta

432 2693 569 2745 sunt
592 2689 954 2762 perscrutari
982 2689 1618 2762 potuissent.Sequitur
1648 2708 1660 2745 :
1698 2697 1760 2746 lit
1783 2692 2087 2757 mirabilia

431 2779 651 2850 absque
674 2793 941 2835 numero.
971 2810 1042 2819 —
1070 2779 1308 2835 Minoris
1339 2784 1539 2836 autem
1574 2785 1732 2836 esset
1787 2781 2085 2849 magnitu-

432 2865 610 2935 dinis,
643 2866 689 2921 si
719 2882 842 2939 qua
870 2866 1282 2923 inscrutabilia
1312 2883 1503 2939 pauca
1532 2868 1830 2925 fecissent.
1865 2869 1977 2925 Sed
1997 2868 2087 2923 in-

432 2960 518 3011 ter
546 2955 674 3011 haec
721 2954 1032 3011 sciendum
1087 2961 1195 3021 est,
1240 2957 1385 3030 quia
1440 2956 1646 3013 divina
1697 2957 1990 3014 miracula
2029 2962 2085 3013 et

431 3058 669 3116 semper
691 3042 912 3099 debent
941 3043 1305 3101 considerari
1338 3060 1443 3117 per
1473 3044 1764 3116 studium,
1815 3049 1872 3101 et
1926 3061 2082 3101 nun-

429 3146 615 3203 quam
647 3130 860 3187 discuti
894 3147 1000 3204 per
1030 3131 1410 3189 intellectum.
1475 3133 1641 3206 Sirpe
1689 3133 1849 3189 enim
1903 3133 1989 3201 tit,
2023 3139 2086 3190 ut

434 3218 583 3275 dum
627 3221 903 3276 nonnulli
956 3222 1233 3278 homines
1287 3228 1662 3279 mortuorum
1716 3239 1971 3295 corpora
2023 3224 2084 3280 in

429 3308 740 3381 pulverem
771 3309 1019 3366 redacta
1065 3311 1466 3378 considerant,
1527 3316 1584 3367 et
1639 3313 2085 3369 resurrectionis

429 3397 556 3452 vim
587 3396 863 3468 colligere
895 3415 967 3452 ex
1022 3399 1252 3454 ratione
1301 3415 1423 3455 non
1483 3405 1759 3472 possunt,
1818 3401 1946 3457 haec
2006 3401 2080 3459 ad

431 3488 651 3541 statum
702 3486 1020 3558 pristinum
1075 3486 1267 3543 redire
1323 3503 1503 3560 posse
1580 3488 1921 3561 desperant.
1983 3492 2084 3547 Se-

430 3575 631 3645 quitur
663 3591 675 3629 :

502 3679 679 3733 Vens.
719 3682 798 3735 to.
834 3680 951 3747 Qui
969 3680 1073 3735 dat
1091 3682 1363 3750 pluviam
1389 3697 1569 3751 super
1617 3683 1837 3752 faciem
1887 3688 2082 3754 terrae,

431 3771 490 3823 et
513 3767 761 3839 reliqua.
792 3799 860 3808 —
893 3768 1286 3841 Omnipotens
1315 3769 1479 3825 enim
1524 3772 1676 3825 Deus
1730 3774 1900 3826 terrae
1956 3771 2086 3844 plu-

428 3854 591 3911 viam
622 3854 843 3922 tribuit,
873 3872 1014 3911 cum
1046 3856 1270 3912 arentia
1296 3856 1482 3913 corda
1512 3856 1824 3927 gentilium
1879 3874 2082 3931 supero

428 3960 522 4000 nae
552 3943 743 4015 gratia
771 3944 1216 4016 praedicationis
1243 3945 1582 4019 perfundit;
1637 3950 1693 4003 et
1732 3947 1905 4020 aquis
1957 3948 2086 4003 uni-

427 4048 598 4089 versa
626 4032 849 4104 irrigat,
873 4034 1017 4106 quia
1048 4035 1413 4091 sterilitatem
1444 4035 1658 4107 perditi
1705 4036 1967 4093 hominis
1998 4054 2085 4094 re-

427 4121 686 4194 pletione
717 4122 957 4195 spiritus
988 4123 1067 4180 ad
1095 4123 1611 4180 fructiﬁcationem
1642 4124 1880 4196 format,
1935 4127 2086 4183 sicut

427 4226 537 4283 per
591 4212 980 4285 semetipsam
1039 4213 1267 4269 Veritas
1352 4212 1495 4269 dicit
1547 4231 1559 4268 :
1625 4239 1648 4266 ς
1685 4215 1797 4280 Qui
1867 4215 2086 4272 biberit

429 4314 678 4371 aquam,
717 4320 744 4349 ››
769 4304 828 4355 et
854 4299 1084 4371 reliqua
1137 4301 1338 4370 (Joan.
1372 4317 1450 4369 ιγ,
1511 4306 1617 4369 13).
1680 4303 2084 4360 Universitatis

429 4389 630 4440 autem
661 4386 905 4441 nomine
952 4386 1140 4441 homo
1194 4386 1582 4457 signiﬁcatur,
1635 4389 1779 4461 quia
1833 4391 1892 4446 in
1945 4391 2083 4464 ipso

426 4487 568 4529 vera
589 4472 816 4545 species
837 4478 894 4528 et
922 4488 1147 4543 magna
1172 4474 1637 4532 communicatio
1687 4477 2084 4535 universitatis

427 4560 781 4617 ostenditur.
813 4560 976 4619 Unde
1006 4567 1063 4618 et
1087 4562 1309 4618 Veritas
1339 4562 1653 4637 discipulis
1671 4564 1812 4622 dicit
1839 4584 1851 4622 :
1879 4588 1906 4615 ‹‹
1930 4569 2084 4623 Eun-

428 4653 515 4705 tes
546 4648 607 4705 in
636 4649 935 4706 mundum
964 4649 1330 4720 universum,
1358 4651 1659 4724 predicate
1691 4653 2083 4725 Evangelium

426 4737 592 4794 omni
621 4743 906 4795 creaturas
932 4738 1145 4810 (Marc.
1175 4755 1288 4808 xvx,
1324 4739 1427 4811 l5).
1465 4762 1489 4790 »δ
1523 4741 1934 4807 Quamvishoc
1950 4741 2083 4799 loco

426 4828 708 4884 1miversa
736 4827 983 4898 intelligi
1010 4833 1067 4885 et
1086 4828 1254 4886 aliter
1278 4835 1550 4902 possunt,
1580 4848 1720 4887 cum
1749 4832 1909 4888 enim
1935 4832 2085 4889 divi-

424 4920 512 4972 tes
542 4921 598 4971 et
617 4931 935 4988 pauperes,
965 4917 1148 4974 fortes
1179 4922 1236 4975 et
1263 4918 1511 4987 debiles,
1542 4921 1843 4993 sapientes
1870 4927 1927 4979 et
1947 4922 2084 4978 insi-

424 5004 655 5078 pientes
685 5004 927 5077 spiritus
975 5006 1055 5062 ad
1080 5023 1255 5063 suam
1285 5008 1689 5078 cognitionem
1722 5016 1919 5078 vocat,
1949 5011 2079 5068 uni-

423 5108 599 5150 versa
628 5095 781 5149 Deus
812 5094 987 5166 aquis
1018 5093 1244 5165 irrigat.
1269 5098 1740 5155 Possuntautem
1770 5100 2081 5157 universo-

424 5198 562 5239 rum
590 5180 1006 5255 nomineipsae
1060 5198 1302 5240 morum
1359 5184 1881 5244 dissimilitudines
1933 5188 2086 5245 desi-

426 5271 616 5341 gnari.
643 5270 811 5326 Alius
841 5286 1108 5343 namque
1138 5271 1389 5329 elatione
1443 5274 1706 5345 erigitur,
1751 5275 1905 5333 alius
1960 5276 2087 5335 libi~

426 5358 564 5415 dine
617 5360 1052 5429 inﬂammatur,
1112 5360 1265 5417 alius
1312 5363 1572 5420 avaritia
1648 5365 1906 5423 anhelat.
1972 5367 2085 5424 Sed

426 5447 706 5505 universa
735 5453 888 5507 Deus
918 5450 1094 5525 aquis
1122 5450 1345 5524 irrigat,
1371 5455 1516 5525 quia
1535 5454 1659 5511 vim
1676 5456 1767 5510 sui
1793 5471 2086 5512 sermonis

423 5539 487 5596 in
514 5537 763 5608 singulis
802 5540 976 5610 juxta
1031 5557 1273 5599 morum
1328 5542 1698 5601 diversitates
1753 5543 1992 5614 format,
2025 5550 2089 5602 ut

424 5626 540 5684 hoc
568 5625 791 5697 inejus
815 5626 1053 5700 eloquio
1105 5630 1362 5703 quisque
1416 5630 1727 5701 inveniat,’
1755 5647 1864 5705 per
1916 5635 2083 5706 quod

2260 399 2425 454 Vens.
2465 402 2547 453 ll.
2598 399 2712 465 Qui
2736 399 2907 468 punit
2950 396 3201 453 humiles
3233 394 3597 464 insublime,
3649 399 3706 451 et
3732 410 3858 451 me-

2187 492 2380 543 rentes
2404 489 2581 559 erigit
2606 489 2911 557 sospitate.
2946 518 3012 526 —
3043 486 3108 542 In
3141 484 3398 541 sublime
3426 483 3687 541 humiles
3743 500 3856 557 po-

2185 581 2432 648 nuntur,
2463 576 2608 651 quia
2637 577 2672 633 ii
2703 576 2810 650 qui
2838 591 3002 632 nunc
3037 591 3147 648 pro
3172 574 3275 631 Dei
3332 589 3538 631 amore
3578 572 3851 647 despecti

2189 671 2346 734 sunt,
2379 669 2520 725 tunc
2549 682 2686 723 cum
2716 669 2834 722 Deo
2876 664 3109 737 judices
3165 663 3432 719 veniunt.
3486 661 3636 718 Hinc
3687 662 3853 720 enim

2188 754 2476 811 Dominus
2505 754 2654 812 dixit
2715 772 2728 810 :
2788 777 2815 805 «
2853 754 2973 810 Vos
3003 752 3109 827 qui
3140 751 3326 809 secuti
3351 750 3492 808 estis
3521 766 3641 821 me,
3669 751 3730 808 in
3759 767 3850 808 re-

2188 845 2570 914 generationc
2601 861 2741 901 cum
2790 843 3009 900 sederit
3058 842 3218 899 filius
3264 840 3530 898 hominis
3584 841 3647 896 in
3707 840 3851 898 sede

2187 933 2512 1005 majestatis
2541 950 2687 1004 suae,
2711 938 2768 989 et
2796 932 3030 1005 reliqua
3061 931 3296 1004 (Matth.
3321 946 3446 997 xxx,
3478 931 3588 1002 28).
3616 953 3645 981 »
3689 933 3850 987 Tunc

2187 1025 2506 1079 maerentes
2537 1021 2825 1079 Dominus
2855 1020 3044 1092 erigit,
3077 1019 3220 1092 quia
3248 1019 3310 1075 hi
3334 1018 3441 1090 qui
3491 1018 3624 1090 ejus
3682 1017 3842 1075 desi-

2188 1110 2366 1166 deriis
2393 1125 2685 1184 prospera
2710 1109 2966 1180 fugiunt,
3014 1107 3433 1180 cruciatusque
3489 1122 3854 1180 persequen-

2190 1200 2339 1256 tium
2368 1199 2640 1267 tolerant,
2669 1203 2837 1256 tanto
2867 1197 3284 1255 sublimiorem
3311 1200 3455 1253 tunc
3499 1195 3852 1268 sospitatem

2189 1288 2501 1362 recipiunt,
2528 1293 2758 1361 quanto
2780 1303 2941 1343 nunc
2986 1303 3020 1344 a
3073 1285 3302 1342 cunctis
3349 1285 3565 1341 mundi
3616 1285 3852 1356 gaudiis

2191 1377 2390 1434 devoti
2419 1378 2776 1434 moriuntur.
2814 1377 2955 1433 Hinc
2988 1381 3075 1432 est
3104 1375 3265 1432 enim
3313 1374 3484 1447 quod
3530 1390 3639 1448 per
3694 1373 3853 1431 Salo-

2191 1483 2437 1523 monem
2467 1465 2682 1523 dicitur
2715 1484 2727 1521 :
2784 1489 2811 1515 ‹‹
2843 1469 2955 1523 Cor
2983 1464 3151 1539 quod
3178 1463 3348 1521 novit
3385 1462 3854 1520 amaritudinem

2192 1556 2413 1613 animae
2445 1573 2591 1626 suae,
2624 1555 2685 1611 in
2717 1555 2941 1626 gaudio
2969 1555 3099 1625 ejus
3128 1569 3253 1609 non
3281 1551 3636 1609 miscebitur
3663 1555 3854 1609 extra-

2124 1660 2165 1714 Β
2192 1660 2343 1702 neus
2394 1646 2598 1716 (Prov.
2626 1661 2742 1712 XIV,
2778 1645 2878 1715 l0).
2917 1665 2943 1694 »
2971 1642 3144 1709 Quod
3170 1644 3371 1699 tamen
3391 1641 3468 1698 de
3497 1640 3697 1698 electis
3748 1641 3853 1697 Dei

2192 1733 2371 1790 etiam
2400 1733 2461 1788 in
2491 1732 2605 1788 hac
2635 1732 2756 1789 vita
2781 1731 2925 1788 nihil
2948 1733 3150 1788 obstat
3178 1729 3446 1800 intelligi.
3480 1732 3546 1786 In
3588 1728 3851 1786 sublime

2192 1821 2418 1894 quippe
2448 1820 2704 1877 humiles
2729 1824 3059 1894 ponuntur,
3088 1819 3234 1892 quia
3261 1835 3401 1875 cum
3427 1834 3491 1874 se
3529 1834 3601 1875 ex
3657 1818 3853 1876 humi-

2192 1910 2352 1966 litate
2381 1909 2789 1980 substernunt,
2820 1909 2954 1966 altas
2979 1907 3198 1965 mentis
3212 1907 3441 1979 judicio
3462 1910 3677 1964 cuncta
3697 1911 3849 1963 tem-

2191 1999 2423 2074 poralia
2452 2004 2780 2056 transeunt.
2834 1999 3155 2056 Videamus
3203 1997 3496 2054 humilem
3550 1995 3793 2053 Paulum
3830 2015 3845 2065 ;

2193 2089 2275 2145 ait
2300 2088 2462 2145 enim
2497 2106 2509 2143 :
2544 2110 2571 2137 ‹‹
2608 2092 2733 2144 Non
2756 2088 2917 2143 enim
2975 2085 3377 2159 nosmetipsos
3420 2084 3847 2159 praedicamus,

2194 2178 2299 2234 sed
2325 2181 2528 2234 Jesum
2559 2177 2857 2234 Christum
2891 2176 3214 2233 Dominum
3236 2180 3512 2232 nostrum
3545 2193 3558 2243 ;
3593 2190 3708 2230 nos
3740 2190 3847 2231 au-

2193 2271 2312 2323 tem
2341 2282 2549 2323 servos
2578 2272 2807 2323 vestros
2836 2281 2946 2338 per
2972 2265 3270 2320 Christum
3328 2266 3422 2333 (II
3433 2265 3573 2322 Cor.
3602 2280 3678 2329 1v,
3710 2264 3787 2335 5).
3820 2287 3848 2312 κ

2192 2355 2512 2411 Videamus
2541 2356 2598 2410 in
2633 2354 2889 2411 sublime
2911 2355 3040 2426 jam
3074 2353 3336 2427 positum
3367 2369 3380 2409 :
3437 2375 3465 2403 «
3496 2357 3584 2408 An
3613 2351 3853 2409 nescitis

2192 2443 2337 2517 quia
2360 2443 2608 2513 angelos
2632 2442 3043 2514 judicabimus
3064 2443 3091 2497 ?
3126 2464 3152 2491 »
3209 2441 3264 2514 (Ι
3293 2444 3421 2500 Cor.
3455 2458 3492 2509 ι,
3518 2442 3573 2513 '3)
3607 2445 3852 2509 ;etrur-

2193 2550 2332 2590 sus:
2369 2556 2396 2582 «
2430 2532 2945 2600 Conresuscitavit,
2992 2539 3050 2589 et
3078 2531 3402 2588 consedere
3453 2546 3567 2587 nos
3602 2530 3741 2587 fecit
3790 2530 3852 2586 in

2193 2620 2533 2677 ccelestibus
2567 2621 2804 2690 (Ep/tes.
2833 2637 2892 2688 ιι,
2916 2622 2990 2691 6).
3028 2642 3053 2670 ››
3076 2623 3382 2678 Maarentes
3430 2618 3609 2675 etiam
3658 2618 3854 2674 Domi-

2192 2725 2309 2766 nus
2340 2709 2625 2782 sospitate
2654 2708 2842 2779 erigit,
2873 2709 2980 2781 qui
3008 2708 3262 2765 afﬂictos
3296 2723 3440 2765 suos
3489 2706 3568 2764 ad
3596 2705 3851 2779 gloriam

2190 2797 2582 2856 vertelaatitiae
2635 2797 2929 2853 soliditate
2978 2796 3232 2854 sustulit.
3278 2795 3571 2870 Sospitate
3625 2794 3854 2868 quippe

2194 2903 2318 2943 non
2343 2886 2580 2943 insania
2604 2886 2780 2942 erecti
2810 2890 2969 2955 sunt,
2994 2886 3100 2959 qui
3126 2884 3189 2941 in
3216 2883 3392 2943 bonis
3414 2883 3649 2941 actibus
3674 2882 3853 2956 positi

2124 3008 2166 3064 ρ
2194 2975 2308 3049 ipsi
2332 2976 2394 3031 in
2427 2974 2677 3032 Domino
2706 2973 2864 3030 ﬁrmi
2912 2972 3309 3064 gratulantur.
3367 2971 3643 3029 Nonnulli
3688 2971 3854 3027 enim

2194 3069 2251 3120 et
2276 3063 2619 3136 iniquitates
2652 3066 3015 3135 perpetrant,
3043 3065 3102 3118 et
3126 3061 3389 3133 gaudere
3418 3076 3541 3118 non
3590 3063 3848 3117 cessant.

2195 3155 2275 3209 De
2303 3152 2526 3225 quibus
2546 3150 2761 3207 dicitur
2788 3168 2800 3206 :
2836 3173 2865 3200 «
2898 3151 3011 3217 Qui
3032 3150 3311 3207 laetantur
3339 3165 3479 3207 cum
3533 3148 3846 3205 malefece-

2191 3241 2329 3311 rint,
2364 3263 2392 3290 »
2422 3244 2479 3296 et
2506 3239 2737 3312 reliqua
2767 3242 2972 3308 (Prov.
2999 3256 3062 3311 ιι,
3091 3238 3193 3312 13).
3230 3238 3300 3295 Hi
3323 3242 3480 3294 certe
3509 3253 3635 3294 non
3661 3237 3851 3310 sospi-

2194 3334 2311 3386 tate
2340 3329 2668 3399 eriguntur,
2702 3328 2808 3385 sed
2833 3328 3090 3397 insania,
3148 3325 3262 3402 qui
3304 3326 3663 3400 superbiunt
3710 3342 3852 3382 cum

2193 3418 2381 3490 afﬂigi
2408 3418 2763 3475 debuerant.
2789 3417 3066 3490 Sequitur
3092 3433 3105 3473 :

2264 3511 2411 3564 Vens
2469 3507 2550 3563 l2.
2590 3506 2706 3574 Qui
2741 3507 2994 3577 dissipat
3025 3507 3411 3578 cogitationes
3440 3505 3851 3575 malignorum

2191 3613 2267 3654 ne
2289 3597 2522 3667 possint
2539 3596 2787 3666 implere
2814 3611 3028 3653 manus
3055 3611 3259 3652 eorum
3285 3610 3417 3667 quae
3443 3598 3747 3664 ceperant.
3782 3623 3852 3633 —

2194 3685 2611 3760 Reproborum
2631 3691 2863 3742 mentes
2892 3684 3186 3759 perversis
3208 3682 3672 3756 cogitationibus
3699 3698 3853 3738 sem-

2190 3790 2299 3847 per
2316 3772 2653 3844 invigilant,
2681 3773 2788 3829 sed
2811 3773 3168 3847 plerumque
3197 3772 3284 3829 eis
3309 3786 3574 3845 superna
3614 3770 3852 3842 dispen-

2195 3862 2346 3919 satio
2376 3861 2594 3918 obviat.
2627 3864 2695 3918 Et
2720 3861 3000 3934 quamvis
3052 3861 3408 3934 pravitatem
3463 3858 3696 3916 consilii
3739 3872 3850 3913 nec

2191 3950 2361 4007 fracti
2382 3949 2845 4006 adversitatibus
2864 3949 3193 4019 corrigunt,
3208 3953 3412 4006 tamen
3423 3963 3499 4004 ne
3521 3951 3729 4004 contra
3745 3946 3852 4002 bo-

2192 4055 2304 4095 nos
2322 4038 2688 4112 praevaleant
2708 4054 2917 4096 eorum
2939 4038 3090 4095 vires
3117 4037 3512 4095 refrenantur.
3535 4035 3812 4110 Sequitur
3834 4052 3849 4090 :

2264 4131 2428 4184 Vens.
2465 4131 2550 4184 l3.
2586 4127 2701 4195 Qui
2729 4127 3176 4198 comprehendit
3203 4128 3499 4197 sapientes
3530 4127 3593 4181 in
3624 4124 3852 4181 astutia

2196 4230 2421 4279 eorum,
2452 4219 2507 4270 et
2536 4215 2788 4270 consilia
2812 4229 3141 4284 pravorum
3171 4213 3446 4283 dissipat.
3501 4243 3569 4253 —
3610 4208 3852 4284 Sapien-

2161 4287 2169 4294 ’
2197 4306 2282 4358 tes
2312 4316 2455 4371 ergo
2487 4301 2775 4357 Dominus
2806 4301 2868 4356 in
2896 4300 3032 4372 ipsa
3058 4316 3269 4357 eorum
3309 4300 3526 4357 astutia
3586 4312 3855 4370 compre-

2120 4354 2164 4408 ο
2194 4354 2704 4463 assignas
2730 4354 2867 4461 eis;
2884 4354 3149 4445 signa
3170 4354 3628 4446 magna
3671 4354 3850 4443 etiam

2192 4482 2335 4534 tunc
2357 4493 2619 4548 congrue
2651 4477 2911 4534 servavit
2940 4494 3080 4534 cum
3105 4477 3412 4534 resistunt.
3444 4480 3646 4533 Astute
3676 4490 3850 4532 nam-

2190 4583 2309 4640 que
2338 4566 2564 4640 aliquid
2594 4581 2770 4637 agere
2799 4566 3009 4623 fratres
3033 4566 3254 4641 Joseph
3281 4567 3413 4624 ausi
3435 4569 3593 4637 sunt,
3637 4568 3701 4621 ut
3750 4563 3851 4620 Dei

2192 4654 2513 4713 concilium
2545 4659 2893 4713 mutaretur.
2931 4655 3046 4713 Sed
3077 4655 3283 4712 divino
3299 4655 3527 4727 judicio
3555 4653 3721 4728 quod
3750 4652 3853 4708 de-

2191 4744 2412 4801 clinare
2460 4744 2659 4801 conati
2710 4748 2868 4814 sunt,
2928 4744 3239 4801 renitendo
3294 4744 3643 4801 servierunt.
3705 4740 3848 4796 Ideo

2189 4834 2414 4909 quippe
2444 4834 2522 4890 ab
2549 4834 2634 4891 eis
2663 4835 2891 4907 Joseph
2914 4834 3191 4890 venditus
3214 4833 3430 4903 fuerat,
3464 4849 3538 4890 ne
3563 4832 3849 4889 adorare-

2189 4929 2284 4980 tur
2309 4925 2476 4992 (Gen.
2500 4940 2725 4992 xxxvu,
2757 4927 2870 4993 28).
2907 4922 3022 4981 Sed
3053 4923 3188 4981 ideo
3215 4929 3304 4981 est
3342 4924 3650 4992 adoratus,
3705 4920 3853 4996 quia

2189 5013 2485 5069 venditus.
2513 5012 2603 5070 Sic
2625 5012 2900 5070 divinum
2928 5012 3267 5081 consilium,
3323 5013 3473 5070 dum
3528 5011 3850 5081 devitatur,

2188 5100 2490 5173 impletur.
2520 5101 2610 5159 Sic
2640 5102 2910 5159 humana
2937 5101 3253 5175 sapientia,
3306 5102 3454 5159 dum
3506 5100 3851 5169 reluctatur,

2192 5190 2738 5263 comprehenditur.
2792 5190 3255 5263 Comprehendit
3307 5191 3489 5248 etiam
3564 5188 3854 5246 Dominus

2192 5279 2490 5353 sapientes
2516 5280 2578 5336 in
2607 5279 2824 5336 astutia
2847 5295 3081 5351 eorum,
3111 5279 3362 5353 quando
3391 5286 3449 5337 et
3475 5280 3591 5337 hoc
3621 5277 3699 5334 ad
3731 5269 3852 5351 pie-~

2192 5369 2327 5425 tatis
2361 5385 2483 5424 suae
2507 5368 2891 5440 obsequium,
2924 5371 3266 5442 nostraeque
3296 5368 3504 5427 salutis
3556 5381 3850 5436 augmen-

2193 5462 2319 5515 tum
2346 5458 2578 5530 redigit,
2610 5456 2774 5530 quod
2807 5461 3015 5515 contra
3043 5458 3214 5516 illum
3233 5460 3505 5517 humana
3535 5454 3853 5514 increduli-

2194 5552 2285 5604 tas
2309 5550 2551 5606 exarsit.
2585 5547 2731 5603 Hinc
2775 5546 3087 5606 Psalmista
3141 5550 3225 5608 ait
3282 5568 3294 5606 :
3349 5571 3377 5600 ‹‹
3409 5552 3621 5618 Magna
3665 5560 3854 5618 opera

2193 5635 2452 5706 Domini,
2484 5634 2777 5708 exquisita
2804 5634 2866 5692 in
2896 5652 3108 5695 omnes
3135 5638 3473 5697 voluntates
3501 5636 3632 5708 ejus
3660 5634 3849 5707 (Psal.
