4154 6160
308 130 400 182 itii
737 156 741 160 ι
1156 130 1446 185 ΕΡΙΤΟΜΕ
1489 130 1852 186 MORALIUM
1893 132 1948 184 S.
1991 130 2194 185 GREG.
2241 135 2305 186 IN
2345 134 2494 188 JOB.
2526 168 2590 174 —
2633 138 2761 193 LIB.
2807 141 2892 192 Vl.

3637 149 3736 199 162

301 268 390 317 cx,
422 251 533 323 2).»
559 251 703 308 Hinc
735 251 1016 309 Salomon
1046 253 1126 308 ait
1153 271 1164 307 :
1190 256 1353 308 «Non
1382 259 1468 308 est
1495 255 1806 326 sapientia,
1840 270 1960 310 non
1992 254 2040 307 A
2079 255 2267 326 erigit,
2300 263 2356 312 et
2381 257 2600 314 idcirco
2632 261 2796 317 nulla
2845 263 3005 318 mala
3037 263 3310 331 exterius,
3340 280 3476 336 qua:
3507 265 3736 337 tolerat,

299 345 389 396 est
414 339 757 413 prudentia,
781 357 900 396 non
929 344 1014 396 est
1043 341 1356 397 consilium
1389 349 1596 397 contra
1646 342 1963 398 Hominum

301 431 504 499 (Prov.
538 447 647 495 XXI,
681 431 838 501 30).»
876 431 1178 502 Sequitur:

372 521 544 574 Vens.
580 518 661 574 14.
693 521 814 575 Per
861 519 1013 574 diem
1035 521 1346 575 incurrent
1375 521 1668 587 tenebras,
1694 528 1745 576 et
1796 520 1970 592 quasi

299 609 364 664 in
393 616 587 675 nocte,
627 610 710 664 sic
742 609 1082 678 palpabunt
1131 611 1194 666 in
1244 611 1508 666 meridie.
1542 643 1608 650 ——
1656 613 1758 665 Per
1803 609 1965 665 diem

301 698 580 754 tenebras
607 697 934 765 incurrunt,
971 699 1074 770 qui
1109 699 1168 754 in
1197 699 1327 771 ipsa
1359 700 1618 755 veritatis
1651 699 1966 771 praesentia

300 786 567 859 perfidia:
615 802 809 842 errore
861 788 1059 843 caecati
1124 795 1281 842 sunt.
1326 792 1734 845 Persecutores
1792 788 1968 857 igitur

300 875 712 948 Redemptoris
735 877 940 943 nostri,
973 877 1121 932 dum
1160 877 1378 932 divina:
1413 879 1641 933 virtutis
1677 877 1968 933 miracula

295 969 626 1032 cernerent,
659 970 716 1020 et
746 968 944 1021 tamen
979 965 1036 1020 in
1089 967 1220 1035 ejus
1271 966 1572 1022 divinitate
1605 966 1963 1032 dubitarent,

293 1052 355 1108 in
400 1051 496 1108 die
527 1053 806 1108 tenebras
834 1054 998 1126 passi
1025 1059 1182 1124 sunt,
1214 1055 1318 1126 qui
1348 1056 1539 1110 visum
1581 1055 1640 1110 in
1671 1055 1800 1111 luce
1831 1069 1964 1127 per-

293 1141 594 1198 diderunt.
630 1142 775 1198 Hinc
805 1148 892 1199 est
931 1143 1097 1216 quod
1143 1144 1218 1199 de
1258 1144 1466 1199 Jndzea
1515 1144 1760 1200 dicitur:
1794 1163 1823 1196 ‹
1856 1146 1964 1200 Oc-

293 1230 435 1286 cidit
464 1229 573 1298 sol,
605 1247 747 1287 cum
772 1231 970 1287 adhuc
1003 1237 1155 1287 esset
1195 1231 1323 1287 dies
1356 1233 1504 1302 (Jer.
1539 1250 1626 1298 xv,
1650 1234 1724 1302 9).
1761 1252 1790 1283 ›
1817 1231 1964 1288 Hinc

292 1318 508 1375 iterum
557 1319 852 1393 propheta
879 1319 1054 1375 dicit:
1110 1339 1139 1372 ‹
1175 1319 1328 1386 Quid
1375 1319 1450 1375 de
1481 1324 1674 1387 nocte,
1707 1324 1908 1375 custos
1938 1321 1965 1375 ?

293 1407 440 1480 quid
491 1408 564 1463 de
599 1413 791 1476 nocte,
819 1409 1062 1464 custos?
1094 1409 1261 1464 Venit
1321 1425 1500 1464 mane
1551 1413 1610 1464 et
1664 1425 1786 1464 nox
1817 1409 1958 1476 (Isa.

291 1513 409 1565 xxx,
450 1497 530 1558 ll,
570 1497 675 1556 l2).
701 1516 730 1549 ›
766 1501 843 1553 De
895 1503 1068 1553 nocte
1123 1497 1283 1553 enim
1339 1502 1543 1553 custos
1603 1497 1781 1567 venit,
1821 1497 1964 1570 quia

2077 345 2267 399 sentit.
2324 347 2650 418 Sequitur:
2711 350 3009 420 Iniquitas
3058 359 3254 408 autem
3306 355 3616 411 contrahet
3673 373 3734 412 os

2073 449 2264 489 suum.
2318 467 2382 474 —
2441 437 2516 491 Os
2565 437 2725 492 enim
2768 454 2945 494 suum
3005 456 3164 496 nunc
3214 441 3412 498 adhuc
3455 442 3738 516 iniquitas

2071 521 2296 578 dilatat:
2350 524 2492 596 quia
2545 525 2794 581 humani
2854 529 3086 596 generis
3147 529 3352 599 lingua
3405 532 3734 589 inﬁdelium

2071 612 2444 668 contumeliis
2475 613 2765 670 lacessere
2795 631 3183 688 nequaquam
3215 625 3427 675 cessat.
3457 621 3570 676 Sed
3595 626 3736 677 tunc

2071 716 2140 755 os
2169 702 2494 768 contrahet,
2517 719 2651 758 eam
2683 703 2793 758 hoc
2819 704 2984 776 quod
3016 721 3136 760 non
3167 706 3291 760 vult
3317 724 3423 778 per
3447 709 3734 779 studium,

2073 805 2180 861 per
2210 790 2475 846 studium
2522 791 2775 848 claudet.
2806 793 3011 848 Aliter:
3049 794 3414 850 Clarescente
3447 797 3736 854 miraculo

2076 880 2522 935 resurrectionis
2552 882 2970 950 Domini,dum
2991 883 3236 955 copiosa
3260 883 3580 939 multitudo
3610 886 3738 941 inti-

2072 965 2296 1022 delium
2328 968 2595 1038 credidit,
2629 969 2706 1024 ab
2735 971 3025 1042 Ereptoris
3057 971 3146 1026 sui
3176 971 3406 1040 injuriis
3431 978 3736 1029 contume-

2073 1053 2286 1126 liisque
2330 1058 2601 1112 cessavit.
2632 1060 2708 1114 Os
2751 1059 2909 1114 enim
2942 1076 3116 1114 suum
3151 1059 3314 1132 quod
3370 1063 3552 1115 Deum
3585 1061 3735 1118 deri-

2072 1142 2273 1198 dendo
2322 1145 2573 1216 aperuit,
2623 1146 2985 1202 infirmando
3030 1149 3340 1204 contraxit.
3392 1152 3732 1206 MORALITER.

2074 1233 2239 1287 Nunc
2287 1233 2447 1288 enim
2495 1235 2690 1290 malus
2738 1235 2912 1290 bonis
2962 1236 3228 1307 derogat,
3273 1243 3329 1292 et
3382 1244 3540 1293 recta
3600 1255 3734 1310 quae

2072 1334 2248 1388 agere
2279 1321 2523 1391 negligit
2547 1323 2673 1378 haec
2696 1323 2890 1379 malus
2921 1325 3310 1380 obtrectando
3332 1327 3591 1381 lacerare
3614 1343 3736 1381 non

2071 1412 2284 1464 cessat.
2321 1410 2430 1464 Sed
2461 1415 2600 1466 tunc
2631 1411 2913 1483 iniquitas
2944 1430 3010 1468 os
3044 1431 3221 1469 suum
3253 1415 3566 1484 contrahit,
3599 1431 3736 1469 cum

2065 1494 2259 1565 justos
2279 1501 2506 1567 quanta
2537 1502 2779 1569 appetat
2805 1499 2993 1568 gloria
3023 1500 3426 1555 retributionis
3448 1500 3734 1568 agnoscit.

292 1586 540 1642 humani
582 1586 814 1658 generis
855 1591 1157 1660 protector
1196 1591 1252 1642 et
1281 1587 1637 1643 manifestus
1690 1587 1748 1642 in
1783 1602 1962 1644 carne
1991 1603 2035 1656 Β
2073 1585 2231 1637 'l‘unc
2260 1583 2558 1640 malorum
2583 1584 2788 1654 lingua
2819 1585 3003 1655 digna
3035 1591 3467 1642 tormentorum
3496 1588 3739 1642 retribu-

293 1676 591 1748 apparuit,
624 1681 681 1731 et
711 1680 913 1732 tamen
943 1676 1104 1732 hunc
1128 1691 1337 1748 pressa
1367 1675 1635 1748 perlidiaa
1662 1692 1785 1731 suae
1808 1681 1964 1732 tene-

291 1763 414 1819 bris
444 1763 653 1820 Judaaa
698 1763 944 1820 minime
971 1764 1235 1834 agnovit.
1272 1767 1348 1820 De
1380 1765 1551 1834 cujus
1580 1764 1880 1836 presenlia
1907 1765 1965 1820 et

292 1868 449 1909 nova
476 1853 578 1909 lux
609 1852 840 1909 mundo
866 1852 1163 1922 inclaruit,
1193 1857 1249 1909 et
1281 1859 1480 1909 tamen
1526 1854 1586 1908 in
1617 1852 1798 1909 corde
1828 1852 1962 1908 inti-

291 1941 513 1997 delium
571 1946 802 1998 vetusta
854 1941 1086 1998 caecitas
1140 1941 1444 1997 remansit.
1503 1941 1694 1996 Judaei
1762 1946 1964 1997 autem

292 2037 502 2102 aperta
535 2031 633 2085 Dei
665 2030 955 2085 miracula
985 2029 1284 2096 viderunt,
1319 2035 1375 2084 et
1405 2031 1604 2085 adhuc
1629 2046 1768 2085 eum
1795 2031 1968 2102 quasi

293 2119 612 2192 palpantes
662 2118 1032 2191 quaerebant,
1068 2134 1206 2173 cum
1254 2118 1552 2174 dicerent:
1583 2141 1608 2166 ‹‹
1644 2120 1967 2191 Quousque

296 2209 536 2265 animas
571 2213 806 2263 nostras
841 2207 993 2262 tollis
1017 2210 1044 2262 ?
1068 2208 1122 2263 Si
1155 2213 1214 2263 tu
1254 2224 1316 2262 es
1350 2208 1636 2275 Christus,
1665 2208 1761 2264 dic
1793 2207 1967 2263 nobis

292 2297 499 2370 palam
530 2297 727 2366 (Joan.
759 2314 816 2362 x,
857 2297 997 2362 14).»
1028 2300 1370 2352 Μοιιιιιτειι.
1406 2299 1561 2352 Mens
1592 2296 1818 2369 quippe
1852 2297 1963 2352 ini-

291 2401 550 2458 quorum
617 2385 933 2440 hominum
987 2401 1126 2440 cum
1182 2385 1256 2441 de
1311 2385 1505 2440 aliena
1553 2384 1962 2441 melioratione

293 2473 597 2544 afﬂigitur.
656 2473 730 2529 de
787 2473 956 2529 radio
1004 2472 1151 2528 lucis
1197 2473 1572 2529 obscuratur.
1629 2473 1740 2539 Qui
1787 2473 1961 2546 quasi

292 2563 353 2618 in
386 2568 576 2629 nocte,
605 2562 686 2617 sic
717 2563 777 2618 in
808 2561 1053 2618 meridie
1084 2562 1352 2635 palpant,
1383 2563 1525 2635 quia
1553 2562 1701 2618 dum
1727 2562 1959 2618 bonum

291 2651 458 2725 quod
490 2651 689 2707 vident
716 2666 998 2708 accusare
1020 2655 1327 2723 nequeunt
1353 2651 1556 2707 ciecati
1586 2651 1813 2708 malitia
1835 2667 1961 2707 ma-

293 2739 421 2794 lum
468 2739 634 2811 quod
687 2754 810 2795 non
857 2739 1059 2795 vident
1114 2755 1396 2795 accusare
1443 2745 1739 2812 quaerunt.
1798 2742 1960 2795 Bona

293 2829 455 2885 enim
488 2827 544 2883 in
580 2828 865 2900 proximis
911 2833 1117 2901 aperta
1147 2827 1367 2896 vident,
1402 2827 1529 2894 sed,
1562 2828 1605 2882 si
1644 2843 1767 2900 qua
1798 2827 1960 2884 mala

293 2918 493 2982 latent,
515 2917 892 2987 investigarit.
910 2917 1082 2982 Quod
1099 2917 1252 2974 bene
1269 2917 1638 2989 exprimitur,
1655 2933 1792 2972 cum
1819 2917 1961 2972 Loth

295 3006 743 3080 protegentibus
801 3005 1048 3076 angelis,
1109 3006 1167 3060 in
1209 3005 1392 3061 domo
1447 3006 1576 3076 ejus
1643 3005 1961 3062 Sodomitee

292 3095 514 3152 ostium
547 3111 669 3151 non
691 3095 1062 3150 invenerunt.
1092 3095 1400 3167 Sequitur:

368 3188 539 3241 Vens.
578 3191 661 3240 l5.
692 3187 886 3240 Porro
916 3187 1150 3241 salvum
1180 3186 1363 3255 faciet
1401 3201 1646 3256 egenum
1678 3200 1714 3240 a
1756 3185 1964 3255 gladio

295 3277 416 3332 oris
445 3292 668 3344 eorum,
697 3282 749 3331 et
783 3275 857 3330 de
881 3291 1065 3331 manu
1098 3276 1342 3331 violenti
1357 3289 1700 3344 pauperem.
1735 3305 1801 3313 —
1832 3274 1962 3346 Ipse

293 3363 522 3436 quippe
570 3379 801 3436 pauper
830 3367 936 3432 est,
968 3362 1042 3418 de
1073 3379 1196 3435 quo
1238 3378 1345 3435 per
1395 3362 1642 3418 Paulum
1699 3361 1913 3417 dicitur
1946 3378 1958 3415 :

297 3455 540 3524 Propter
568 3468 672 3507 vos
731 3467 956 3522 egenus
1003 3451 1194 3508 factus
1240 3455 1346 3518 est,
1381 3467 1520 3506 cum
1551 3451 1718 3506 dives
1770 3450 1962 3506 factus

297 3545 454 3597 esset
510 3542 598 3606 (II
621 3541 753 3597 Cor.
787 3558 910 3611 vni,
937 3545 1014 3607 9).
1051 3560 1078 3592 ›
1131 3543 1324 3596 Potest
1369 3556 1478 3613 per
1522 3539 1640 3596 oris
1693 3538 1961 3610 gladium

297 3628 710 3684 accusantium
739 3628 1121 3684 Hebraeorum
1153 3627 1359 3697 lingua
1386 3627 1626 3697 signari,
1646 3627 1720 3682 de
1737 3627 1962 3700 quibus

298 3734 406 3791 per
459 3719 830 3775 Psalmistam
861 3718 1113 3774 dicitur:
1150 3738 1178 3771 «
1207 3719 1330 3774 Filii
1374 3718 1712 3784 hominum,
1753 3717 1962 3774 dentes

298 3823 509 3863 eorum
599 3823 788 3878 arma,
845 3831 869 3855 ››
931 3813 987 3864 et
1040 3807 1273 3880 reliqua
1323 3809 1511 3878 (Psat.
1562 3823 1672 3873 va,
1731 3811 1808 3874 5).
1844 3805 1962 3879 Ipsi

296 3897 523 3970 quippe
569 3897 1005 3953 clamaverunt:
1063 3921 1088 3945 ‹‹
1119 3896 1428 3967 Cruciﬁge,
1453 3895 1732 3965 crucifige
1758 3899 1957 3963 (Joan.

298 4003 423 4055 xxx,
456 3989 530 4055 6).
559 4006 587 4038 »
612 3989 716 4040 Per
742 3986 982 4041 violenti
1009 4002 1152 4040 vero
1180 4002 1454 4052 manum,
1482 3985 1613 4057 ipsa
1637 3985 1961 4054 cuciﬁgens

297 4074 598 4145 gentilitas
655 4073 1022 4146 exprimitur,
1050 4091 1187 4146 qua:
1218 4074 1278 4128 in
1325 4073 1735 4145 Redemptoris
1777 4077 1965 4128 morte

298 4160 693 4216 Hebraeorum
759 4176 938 4216 voces
1000 4175 1176 4231 Opere
1255 4159 1538 4232 implevit.
1611 4158 1968 4231 Redemptor

297 4255 502 4308 autem
550 4253 752 4305 noster
790 4255 844 4305 et
888 4249 1041 4305 vires
1071 4248 1381 4320 gentilium
1425 4253 1482 4304 et
1527 4247 1796 4318 linguam
1854 4249 1965 4303 He-

301 4340 602 4396 braeorum
635 4339 948 4395 moriendo
979 4356 1052 4396 ex
1093 4337 1424 4394 humilitate
1470 4337 1726 4411 pertulit,
1760 4337 1865 4393 sed
1894 4354 1967 4394 ex

300 4427 624 4485 divinitatis
656 4446 779 4484 suae
809 4429 1072 4502 potentia
1102 4427 1470 4498 resurgendo
1503 4427 1822 4501 superavit.
1849 4431 1966 4484 Mo-

301 4519 502 4576 raliter
530 4519 755 4592 quippe
777 4524 865 4576 est
893 4519 1165 4592 quisquis
1191 4519 1351 4593 apud
1374 4519 1762 4592 semetipsum
1779 4518 1969 4575 elatus

303 4623 426 4664 non
457 4612 566 4664 est.
599 4607 760 4664 Unde
786 4608 1008 4664 Veritas
1031 4607 1207 4664 dicit:
1239 4628 1268 4660 ‹
1311 4607 1466 4664 Beati
1507 4623 1804 4680 pauperes
1849 4607 1969 4680 spi—

304 4697 438 4768 ritu,
469 4723 493 4744 ι»
516 4702 571 4752 et
619 4697 846 4769 reliqua
903 4698 1143 4767 (Matth.
1188 4714 1243 4765 v,
1289 4701 1364 4761 3).
1410 4695 1650 4752 Gladius
1706 4712 1970 4768 namque

304 4787 423 4842 oris
453 4792 560 4855 est,
612 4787 892 4860 iniquitas
923 4787 1354 4859 persuasionis.
1389 4790 1594 4844 Manus
1625 4791 1825 4842 autem
1851 4786 1971 4842 vio-

302 4875 442 4931 lenti
474 4880 562 4932 est
591 4877 919 4932 adversitas
949 4876 1274 4950 potestatis.
1308 4882 1387 4932 Ac
1433 4876 1481 4931 si
1521 4891 1664 4945 ergo
1705 4875 1925 4930 diceret
1955 4893 1968 4930 :

306 4964 411 5020 sed
442 4971 498 5022 et
527 4967 586 5021 in
619 4983 682 5021 se
734 4966 1022 5022 Dominus
1071 4970 1301 5021 mentes
1360 4965 1676 5021 hominum
1735 4963 1968 5031 solidat,

306 5057 369 5108 ut
392 5068 495 5109 eas
527 5053 603 5110 ad
636 5053 1100 5126 perpetrandam
1123 5053 1451 5126 nequitiam
1474 5069 1581 5109 nec
1599 5052 1973 5108 blandimen-

304 5145 366 5196 ta
397 5143 749 5198 suasionum
771 5144 1135 5215 pertraliant,
1152 5159 1261 5198 nec
1283 5142 1521 5197 dolores
1540 5141 1972 5214 suppliciorum

304 5229 604 5300 frangant.
642 5232 916 5304 Sequitur
941 5251 952 5286 :

377 5323 546 5376 Vens.
578 5326 662 5376 l6.
695 5321 772 5376 Et
825 5323 936 5377 erit
986 5337 1165 5391 egeno
1217 5337 1367 5391 spes.
1400 5352 1467 5359 —-
1515 5318 1753 5374 Salvato
1811 5317 1970 5373 enim

305 5425 575 5482 paupere
599 5426 768 5482 spem
787 5424 1011 5475 egenus
1027 5409 1398 5482 recipit,quia
1425 5411 1770 5475 resurgente
1794 5422 1972 5462 carne

307 5498 582 5566 Domino,
618 5497 809 5552 fidelis
841 5495 1093 5567 quisque
1125 5497 1200 5551 ad
1245 5487 1480 5553 aeterna;
1515 5496 1647 5552 vitae
1685 5494 1968 5551 fiduciam

304 5587 695 5644 convalescit.
737 5590 883 5659 Spes
941 5585 1162 5657 quippe
1212 5586 1272 5641 in
1326 5587 1647 5644 aeternitate
1699 5584 1971 5642 animum

2073 1671 2230 1726 tione
2255 1671 2485 1740 ligatur.
2509 1673 2815 1746 Sequitur:

2147 1763 2310 1816 Vens.
2347 1766 2429 1817 l7.
2463 1763 2683 1819 Beatus
2715 1763 2887 1819 homo
2907 1765 3012 1836 qui
3039 1763 3370 1833 corripitur
3401 1781 3436 1820 a
3467 1766 3734 1819 Domino.

2071 1880 2143 1890 —
2171 1849 2368 1906 Prima
2409 1851 2594 1907 virtus
2642 1857 2747 1918 est,
2802 1869 2875 1908 ne
2928 1853 3255 1925 perpetrari
3305 1853 3585 1921 debeant,
3634 1853 3736 1908 sed

2071 1938 2242 1994 vitari
2273 1945 2536 2011 peccata.
2592 1941 2865 1997 Secunda
2898 1948 3122 2011 autem,
3157 1942 3364 1997 saltem
3403 1946 3738 2014 perpetrata

2074 2027 2387 2097 corrigere.
2426 2029 2538 2084 Sed
2558 2029 2914 2102 plerumque
2947 2030 3156 2103 culpas
3182 2046 3299 2086 non
3329 2029 3522 2086 solum
3548 2030 3740 2085 immi-

2073 2120 2282 2170 nentes
2339 2117 2582 2173 minime
2613 2118 2892 2187 vitamus,
2927 2135 3138 2174 verum
3186 2119 3364 2174 etiam
3421 2136 3527 2174 nec
3579 2135 3740 2174 com-

2071 2203 2265 2259 missa
2307 2205 2692 2273 agnoscimus
2745 2207 2953 2278 Turpis
2986 2212 3182 2263 tamen
3215 2208 3453 2262 animus
3496 2224 3737 2279 percus-

2074 2292 2240 2348 sione
2268 2293 2527 2362 tangitur
2566 2300 2629 2350 ut
2655 2300 3019 2364 exerceatur,
3053 2301 3350 2368 quatenus
3382 2297 3484 2368 qui
3519 2302 3739 2352 statum

2073 2397 2196 2436 suae
2235 2381 2601 2437 rectitudinis
2655 2399 2904 2438 securus
2937 2383 3213 2455 perdidit,
3262 2383 3518 2439 afﬂictus
3551 2383 3741 2438 consi-

2069 2468 2234 2524 deret
2272 2486 2396 2542 quo
2413 2471 2591 2541 jacet.
2626 2471 2770 2526 Hinc
2801 2471 3082 2527 Salomon
3111 2472 3192 2527 ait
3225 2490 3236 2528 :
3275 2496 3299 2520 ‹‹
3333 2475 3520 2538 Quem
3548 2471 3738 2542 diligit

2074 2558 2360 2613 Dominus
2390 2559 2660 2629 castigat,
2691 2559 2950 2630 ﬂagellat
3001 2566 3200 2615 autem
3258 2577 3501 2617 omnem
3549 2559 3739 2617 ﬁlium

2067 2663 2250 2719 quem
2281 2648 2486 2721 recipit
2514 2650 2716 2718 (Prov.
2743 2665 2821 2715 ιιι,
2863 2649 3004 2720 12).››
3028 2650 3336 2722 Sequitur:
3374 2652 3740 2721 lncrepalio-

2071 2752 2202 2791 nem
2235 2752 2374 2806 ergo
2405 2739 2646 2793 Domini
2675 2753 2747 2794 ne
2768 2739 3061 2808 reprobes.
3097 2771 3164 2779 —
3219 2739 3327 2805 Qui
3360 2756 3464 2812 per
3495 2739 3737 2811 culp-un

2071 2825 2414 2895 percutitur,
2443 2826 2547 2880 sed
2573 2826 2651 2881 ad
2694 2826 3002 2898 querelam
3034 2845 3156 2882 suae
3187 2827 3586 2900 percussionis
3616 2828 3737 2884 ela-

1994 2951 2032 3005 C
2068 2912 2248 3005 b.t.ur,
2300 2912 2770 2984 increpationem
2821 2914 3054 2969 Domini
3109 2915 3405 2987 reprobat,
3437 2916 3542 2988 qui
3583 2917 3738 2972 hanc

2070 2998 2284 3070 injuste
2316 3016 2378 3056 se
2403 3000 2633 3072 perpeti
2659 3006 2919 3056 accusat.
2952 3001 3060 3066 Qui
3090 3006 3290 3056 autem
3313 3017 3432 3057 non
3465 3019 3572 3075 per
3601 3019 3740 3074 pur-

2072 3090 2373 3159 gationem
2419 3089 2702 3155 criminis,
2746 3089 2851 3144 sed
2912 3105 3017 3160 per
3057 3089 3412 3145 fortitudinis
3438 3091 3739 3163 probatio-

2071 3193 2210 3233 nem
2243 3177 2551 3246 feriuntur,
2583 3194 2723 3233 cum
2754 3193 3000 3234 causam
3042 3194 3163 3233 suae
3196 3179 3599 3250 percussionis
3646 3178 3738 3234 in-

2071 3267 2335 3340 quirunt,
2362 3283 2751 3340 nequaquam
2789 3265 3227 3339 incepationem
3261 3267 3493 3323 Domini
3538 3283 3738 3340 repro-

2068 3356 2212 3412 bare
2261 3356 2497 3412 dicendi
2547 3360 2702 3424 sunt,
2745 3355 2888 3429 quia
2945 3355 3007 3411 in
3063 3356 3396 3430 semetipsis
3456 3361 3740 3428 satagunt

2070 3445 2336 3502 invenire
2374 3444 2541 3518 quod
2569 3444 2864 3500 nesciunt.
2896 3445 3202 3516 Sequitur:

2144 3535 2319 3591 Vens.
2360 3534 2440 3590 18.
2464 3535 2615 3602 Quia
2633 3535 2758 3604 ipse
2779 3535 3058 3591 vulnerat
3079 3541 3133 3591 et
3160 3536 3448 3606 medetur,
3474 3536 3739 3604 percutit

2071 3631 2126 3681 et
2157 3640 2368 3679 manus
2398 3626 2528 3693 ejus
2561 3625 2881 3679 sanabunt.
2912 3657 2978 3663 —
3013 3623 3255 3680 Duobus
3306 3623 3501 3681 modis
3549 3623 3739 3680 omni-

2071 3718 2282 3788 potens
2313 3715 2466 3769 Deus
2499 3712 2773 3769 vulnerat
2819 3729 2973 3786 quos
3016 3714 3300 3770 reducere
3351 3714 3430 3770 ad
3488 3714 3741 3770 salutem

2075 3807 2244 3860 curat
2275 3820 2286 3857 :
2320 3802 2650 3876 aliquando
2681 3801 2843 3858 enim
2875 3818 3118 3860 carnem
3143 3803 3414 3876 percutit,
3447 3808 3504 3860 et
3523 3802 3740 3860 mentis

2076 3893 2358 3949 duritiam
2392 3907 2502 3947 suo
2530 3907 2753 3964 pavore
2781 3891 3048 3948 tabescit.
3081 3892 3462 3948 Vulnerando
3491 3903 3634 3962 ergo
3664 3891 3743 3947 ad

2079 3981 2333 4037 salutem
2372 3985 2633 4048 revocat,
2664 3995 2804 4034 cum
2829 3979 3046 4036 electos
3080 3995 3220 4034 suos
3249 3979 3459 4049 afﬂigit
3487 3979 3744 4036 exterius

2083 4074 2147 4125 ut
2191 4068 2435 4124 interius
2459 4067 2683 4122 vivant.
2714 4067 2878 4121 Unde
2928 4083 3036 4138 per
3063 4069 3303 4138 Moysen
3351 4067 3528 4123 dicit:
3566 4090 3591 4114 ‹‹
3625 4070 3746 4136 Ego

2084 4155 2380 4223 occidam,
2411 4174 2440 4207 ›
2463 4159 2520 4210 et
2547 4153 2778 4225 reliqua
2812 4155 3006 4223 (Deut.
3035 4169 3220 4224 χχχιι,
3255 4155 3377 4225 39);
3420 4153 3748 4226 aliquando

2084 4246 2243 4302 intus
2266 4243 2509 4300 vulnera
2538 4241 2770 4313 inﬂigit,
2801 4241 2944 4315 quia
2974 4243 3193 4299 mentis
3224 4247 3440 4298 nostra;
3463 4243 3747 4298 duritiam

2085 4351 2196 4391 suo
2225 4333 2519 4391 desiderio
2543 4332 2813 4405 percutit,
2839 4332 2944 4389 sed
2963 4333 3352 4406 percutiendo
3381 4337 3574 4402 sanat,
3603 4333 3748 4407 quia

2083 4424 2322 4481 terroris
2353 4423 2442 4478 sui
2468 4421 2672 4494 jaculo
2699 4422 3017 4479 transﬁxos
3043 4421 3120 4479 ad
3149 4438 3392 4479 sensum
3418 4439 3529 4480 nos
3573 4422 3748 4479 recti-

2083 4513 2307 4570 tudinis
2336 4516 2530 4569 vocat.
2565 4510 2730 4568 Unde
2775 4516 2832 4575 et
2873 4528 3097 4585 sponsa
3143 4511 3316 4569 dicit:
3360 4535 3387 4562 ‹‹
3432 4512 3749 4570 Vulnerata

2081 4603 2365 4660 charitate
2396 4617 2509 4673 ego
2532 4617 2666 4657 sum
2692 4601 2891 4674 (Cant.
2921 4604 2999 4674 ιι).
3026 4621 3054 4655 ι
3078 4602 3354 4674 Sequitur
3386 4620 3398 4656 :

2154 4696 2319 4749 Vens.
2358 4693 2440 4749 19.
2479 4693 2550 4747 In
2579 4709 2684 4748 sex
2735 4691 3222 4747 tribulationibus
3275 4691 3549 4746 liberabit
3597 4696 3670 4748 te.
3693 4697 3746 4746 et

2079 4786 2143 4840 in
2169 4788 2419 4853 septima
2449 4799 2568 4838 non
2604 4789 2808 4854 tanget
2841 4787 2896 4837 te
2915 4783 3161 4837 malum.
3194 4814 3259 4820 —
3301 4781 3410 4835 Per
3441 4779 3747 4836 senarium

2079 4888 2401 4929 numerum
2456 4871 2764 4944 praesentis
2817 4870 2951 4927 vitae
2997 4870 3264 4942 operatio
3317 4869 3747 4944 discursusque

2082 4961 2372 5031 signatur.
2397 4961 2570 5016 Sexto
2596 4975 2860 5033 namque
2878 4958 2974 5014 die
3001 4957 3208 5016 omnia
3231 4959 3544 5032 perﬁciens
3559 4960 3749 5016 homi-

2080 5065 2221 5105 nem
2251 5045 2538 5114 condidit,
2583 5052 2638 5104 et
2670 5046 2988 5120 semetipso
3024 5047 3331 5120 requievit.
3373 5049 3750 5122 Quapropter

2080 5154 2188 5211 per
2243 5138 2647 5208 septenarium
2707 5151 3029 5191 numerum
3078 5136 3311 5208 requies
3376 5136 3743 5204 designatur.

2081 5228 2329 5281 Paterna
2349 5239 2492 5294 ergo
2517 5223 2705 5297 pietas
2727 5223 3058 5280 eruditione
3072 5223 3378 5297 praesentis
3391 5223 3524 5278 vitae
3541 5219 3747 5274 labore

2081 5330 2192 5370 nos
2214 5313 2425 5380 atterit,
2457 5313 2563 5369 sed
2589 5313 2649 5369 in
2672 5313 2932 5370 adventu
2949 5313 3156 5385 judicii
3175 5330 3210 5368 a
3231 5311 3477 5366 verbere
3496 5306 3749 5363 abscon-

2080 5405 2186 5469 dit,
2242 5408 2306 5459 ut
2351 5406 2516 5459 tanto
2566 5407 2704 5460 tunc
2763 5404 2842 5460 ad
2898 5403 3150 5459 salutem
3208 5397 3462 5462 exibeat,
3520 5403 3747 5469 quanto

2080 5511 2240 5550 nunc
2262 5510 2373 5549 nos
2400 5493 2634 5562 ﬂagella
2660 5494 2868 5549 durius
2890 5495 3109 5547 secant.
3147 5485 3420 5557 Sequitur
3448 5505 3459 5542 :

2153 5585 2318 5640 Vens.
2336 5588 2421 5639 '20.
2452 5585 2524 5640 In
2543 5584 2708 5653 fame
2737 5584 2900 5637 eruet
2933 5585 2989 5632 te
3015 5576 3088 5631 de
3111 5579 3316 5645 morte,
3339 5582 3393 5633 et
3417 5577 3477 5633 in
3507 5577 3659 5633 bello
3677 5574 3748 5631 de
