4154 6160
449 127 548 182 163

1518 119 1574 174 S.
1619 116 1876 173 ODONIS
1915 114 2204 170 ABBA'I‘IS
2245 109 2744 170 CLUNlACENSl'S
2785 115 2828 170 ll

3772 115 3890 174 164

443 263 628 302 manu
653 245 863 316 gladii.
894 275 961 283 —
993 242 1152 298 Sicut
1175 241 1361 295 fames
1390 240 1587 295 carnis
1612 245 1701 295 est
1731 239 2105 294 subtractum
2141 235 2190 290 Α
2227 233 2419 306 rapiat
2467 239 2529 290 ut
2557 234 2650 290 leo
2675 251 2942 290 animam
2969 250 3168 292 meam
3199 233 3387 304 (Psat.
3418 251 3516 300 vn,
3541 239 3616 292 3t.
3650 256 3680 288 η
3704 239 3786 295 Ac
3825 235 3888 292 si

445 334 782 390 subsidium
830 329 1116 402 corporis,
1145 328 1226 384 ita
1253 334 1310 383 et
1339 329 1527 386 fames
1559 333 1648 382 est
1691 327 1906 382 mentis
1937 325 2106 381 silen-

447 423 593 479 tium
622 421 838 476 divinae
866 417 1202 473 locutionis.
1249 416 1411 472 Unde
1439 420 1596 471 recte
1625 430 1730 486 per
1751 415 2108 486 prophetam

442 511 690 566 dicitur:
727 531 755 558 «
790 507 1048 563 Imittam
1091 506 1317 560 famem
1360 505 1422 560 in
1463 511 1678 560 terram
1709 504 1947 572 (Ezech.
1995 520 2104 566 inv,

447 599 560 666 l3);
595 615 625 648 ›
649 611 771 652 non
807 597 1027 650 famem
1075 593 1272 666 panis,
1305 609 1501 664 neque
1532 591 1714 648 .sitim
1754 607 1950 662 aquai,
2000 589 2107 646 sed

439 687 661 743 famem
689 683 973 740 audiendi
999 682 1254 736 verbum
1285 683 1402 736 Dei.
1434 680 1660 736 Bellum
1707 679 1934 750 quippe
1958 677 2104 750 pati-

440 791 598 842 mur,
631 789 773 829 cum
802 773 1001 828 carnis
1054 777 1275 826 nostrae.
1333 769 1755 825 tentationibus
1790 768 2106 838 impugna-

437 880 595 919 mur.
645 864 722 917 De
753 877 875 933 quo
925 859 1237 914 Psalmista
1284 859 1394 913 ait:
1444 881 1470 908 ‹‹
1501 856 1886 914 Obumbrasti
1925 859 2107 927 caput

439 967 646 1008 meum
676 951 738 1006 in
767 950 862 1004 die
897 947 1031 1002 belli
1073 948 1262 1016 (Psal.
1297 963 1510 1012 cxxux,
1548 947 1620 1015 8).
1669 967 1694 993 ››
1739 943 1890 1009 Quia
1926 943 2106 1012 igitur

437 1039 679 1112 reprobi
734 1039 882 1093 dum
941 1037 1100 1092 fame
1151 1034 1317 1090 verbi
1371 1033 1673 1099 deficiunt,
1732 1031 1911 1088 etiam
1968 1031 2106 1088 belli

441 1123 646 1198 gladio
673 1125 1122 1195 transﬁguntur,
1155 1123 1477 1178 electorum
1526 1138 1772 1178 suorum
1816 1119 2103 1176 Dominus

438 1220 690 1284 mentes,
717 1215 861 1270 dum
897 1214 1061 1269 veri-i
1092 1215 1181 1267 sui
1211 1211 1438 1284 pabulo
1489 1209 1698 1272 reiicit,
1730 1213 1938 1264 contra
1982 1213 2102 1264 ten-

438 1303 688 1359 tationcs
713 1303 984 1374 corporis
1015 1302 1193 1356 fortes
1214 1299 1428 1355 reddit.
1462 1298 1736 1370 Sequitur
1763 1314 1776 1352 :

512 1391 688 1446 Vsus.
725 1391 812 1446 21.
839 1391 887 1445 Α
916 1391 1163 1460 ﬂagello
1196 1391 1419 1458 linguae
1456 1387 1854 1444 absconderis.
1884 1417 1951 1424 —
1976 1385 2097 1442 Fla-

436 1479 658 1548 gellum
683 1479 904 1547 linguas
926 1484 1012 1533 est
1033 1476 1418 1548 exprobratio
1449 1474 1658 1531 illicitae
1699 1473 2092 1530 contumeliae.

2218 338 2364 392 ergo
2391 323 2645 380 diceret:
2690 324 2840 390 Quia
2885 323 3230 384 blandiente
3276 323 3444 382 hoste
3501 323 3689 384 modo
3713 340 3894 390 nunt;

2217 413 2489 476 vinceris,
2515 412 2674 468 hunc
2700 413 3087 486 postmodum
3111 411 3450 474 saevientem
3469 428 3593 476 non
3617 411 3878 475 timebis.

2218 501 2492 572 Sequitur
2525 517 2536 554 :

2287 589 2460 646 Vens.
2493 594 2580 645 23.
2613 590 2731 645 Sed
2760 605 2892 646 cum
2937 589 3238 658 lapidibus
3285 590 3590 659 regionum
3630 595 3890 660 pactum.

2214 685 2402 734 tuum.
2437 711 2505 717 —
2536 679 2688 744 Quid
2718 694 2860 748 ergo
2890 677 3203 747 regionum
3247 677 3497 750 lapides,
3533 677 3649 736 nisi
3679 679 3878 736 Eccle-

2215 767 2438 824 siarum
2469 767 2685 822 electos
2716 766 3046 839 accipimus
3067 768 3094 822 ‘?
3126 767 3352 832 Quibus
3382 765 3674 825 dicimur:
3704 767 3882 828 (Vua

2211 859 2414 914 autem
2469 860 2766 926 tanquam
2829 855 3062 926 lapides
3127 853 3242 909 vivi
3310 853 3882 927 supeer

2211 945 2268 1005 (Ι
2310 945 2470 1000 Petr.
2514 960 2574 1004 ιι.
2605 949 2678 1012 5).
2715 967 2742 990 η.
2792 949 2868 1002 De
2924 943 3146 1014 quibus
3189 942 3459 1003 Ecclesiae
3517 943 3866 1016 pollicetur:

2214 1055 2241 1080 «
2301 1036 2444 1095 Ecce
2490 1048 2602 1100 ego
2654 1039 2917 1090 sternam
2965 1047 3072 1105 per
3127 1031 3402 1097 ordinem
3458 1032 3694 1104 lapides
3741 1038 3880 1096 tuos.

2215 1123 2350 1189 ([sa.
2400 1139 2510 1191 LIV,
2548 1123 2714 1190 11).»
2767 1123 2877 1188 Qui
2929 1122 3104 1192 igitur
3154 1127 3312 1180 recte
3366 1121 3527 1189 vivit,
3575 1127 3757 1195 pacto
3807 1141 3872 1186 se

2211 1212 2515 1283 lapidibus
2565 1213 2878 1280 regionum
2927 1213 3131 1278 sociat,
3183 1211 3372 1272 vitam
3422 1228 3600 1276 suam
3663 1213 3874 1286 procul

2209 1301 2395 1357 dubio
2443 1300 2522 1361 ad
2571 1308 2915 1360 sanctorum
2960 1300 3429 1374 praecedentium
3475 1301 3870 1367 imitationem

2205 1390 2366 1458 ligat.
2421 1390 2740 1462 Sequitur:
2796 1391 2869 1446 Et
2903 1391 3099 1449 bestiae
3156 1396 3338 1451 terrae
3376 1391 3646 1461 paciﬁca
3693 1398 3870 1451 erant

2207 1479 2330 1534 tibi.
2365 1509 2432 1516 —
2461 1481 2588 1534 Non
2637 1479 2719 1536 ait
2763 1483 3010 1550 pacatas,
3049 1478 3157 1538 sed
3209 1479 3499 1551 paciﬁcus,
3556 1479 3700 1552 quia
3747 1495 3873 1539 non

439 1568 690 1638 Flagello
729 1568 948 1636 lingum
977 1567 1170 1621 bonos
1222 1566 1442 1620 feriunt
1470 1563 1660 1636 pravi,
1687 1562 1831 1634 quia
1885 1577 2093 1617 eorum
2135 1583 2417 1639 393.com
2471 1567 2668 1634 habet,
2715 1568 2820 1628 sed
2892 1583 3106 1640 pacem
3171 1569 3414 1633 faciunt.
3467 1571 3655 1630 πειτα,
3727 1584 3874 1638 ergo

435 1674 618 1730 opera
648 1655 952 1712 irridendo
982 1657 1442 1726 persequuntur.
1481 1651 1624 1710 Hine
1649 1653 1932 1722 scriptum
1961 1656 2047 1705 est
2079 1668 2092 1705 :

437 1769 464 1794 ‹‹
497 1749 627 1818 Ipse
653 1745 924 1800 liberavit
952 1760 1048 1800 me
1079 1743 1154 1798 de
1182 1743 1402 1814 laqueo
1449 1741 1818 1809 venantium,
1842 1759 1877 1793 ».
1893 1747 1950 1798 et
1968 1739 2098 1795 reli-

435 1851 556 1907 qua
606 1836 794 1905 (Psal.
839 1851 923 1898 xc,
965 1837 1042 1897 3).
1087 1836 1303 1888 Sancta
1342 1847 1488 1902 ergo
1532 1831 1736 1886 anima
1773 1845 1810 1884 a
1861 1829 2098 1897 ﬂagello

437 1923 656 1992 linguae
688 1922 1099 1978 absconditur;
1130 1920 1292 1992 quia,
1319 1919 1466 1975 dum
1494 1920 1554 1973 in
1584 1919 1699 1974 hoc
1726 1917 1956 1974 mundo
1986 1922 2094 1985 est,

437 2013 725 2068 honorem
803 2011 998 2066 laudis
1061 2025 1186 2068 non
1243 2008 1474 2081 quierit,
1537 2023 1646 2064 nec
1704 2005 2100 2063 contumelias

435 2101 816 2157 detractionis
844 2100 1034 2155 sentit.
1071 2099 1380 2170 Sequitur:
1415 2099 1494 2151 Et
1519 2113 1642 2152 non
1679 2095 1918 2152 timebis
1934 2097 2094 2152 calor

435 2195 697 2248 mitatcm
743 2206 878 2246 cum
909 2189 1154 2244 venerit.
1183 2218 1252 2226 -—
1299 2185 1526 2242 Habent
1570 2185 1730 2241 enim
1761 2184 1953 2242 sancti
1987 2183 2095 2240 viri

431 2285 637 2337 contra
669 2279 888 2334 famem
919 2276 1100 2331 divini
1143 2275 1304 2330 verbi
1337 2274 1662 2348 pabulum:
1701 2278 1910 2330 contra
1955 2272 2094 2330 belli

431 2369 699 2440 gladium
753 2366 1169 2430 continentiae;
1231 2370 1438 2418 contra
1482 2362 1790 2431 ﬂagellum
1846 2361 2088 2430 linguae,

435 2457 860 2530 protectionem
902 2453 1238 2527 patientiae;
1281 2457 1489 2506 contra
1519 2449 1820 2506 exterioris
1851 2449 2091 2506 calami-

434 2545 568 2602 tatis
611 2544 927 2602 damnum,
969 2541 1182 2596 interni
1231 2539 1456 2594 amoris
1504 2539 1905 2608 adjutorium;
1965 2552 2090 2608 quo

432 2633 592 2689 enim
640 2647 748 2688 eos
790 2631 977 2685 hostis
1035 2628 1284 2686 callidus
1337 2627 1717 2684 numerosius
1767 2631 1968 2692 tentet,
2019 2641 2092 2682 eo

429 2719 847 2792 circumspecti
874 2719 972 2774 Dei
1006 2717 1218 2773 milites
1251 2717 1564 2771 virtutibus
1597 2715 1816 2770 divinis
1849 2714 2096 2772 ditiores

432 2810 605 2866 ﬁunt.
658 2811 850 2864 Potest
917 2807 1096 2862 etiam
1155 2804 1462 2874 ﬂagellum.
1525 2803 1741 2874 linguae
1799 2804 2090 2861 sententia

2206 1656 2408 1712 bestiae
2432 1656 2630 1713 electis
2660 1657 2927 1728 paciticae
2957 1656 3126 1726 ﬁunt,
3158 1657 3304 1730 quia
3340 1657 3588 1728 maligni
3629 1657 3873 1730 spiritus

2203 1761 2342 1800 cum
2381 1745 2681 1803 bonst-um
2711 1746 2894 1802 corda
2922 1746 3312 1808 adversantia!
3349 1747 3720 1820 deprimunt.
3742 1747 3872 1804 haec

2204 1833 2470 1892 nolentes
2501 1833 2580 1890 ad
2608 1850 2878 1892 amorem
2913 1835 3147 1894 Domini
3176 1834 3492 1908 impellunt
3519 1854 3532 1904 ;
3565 1841 3624 1896 et
3650 1835 3878 1900 afﬂictat

2209 1937 2378 1980 utens
2411 1927 2572 1977 tanto
2605 1922 2796 1992 magis
2845 1922 2924 1984 ad
2953 1927 3242 1986 {sternam
3297 1923 3559 1996 patriam
3607 1923 3864 1987 reditum

2202 2011 2420 2080 dirigit,
2451 2016 2749 2083 quantum
2779 2011 2841 2070 in
2897 2013 3012 2071 hoc
3041 2028 3392 2076 aerumnosa
3435 2011 3640 2076 exsilio
3689 2011 3860 2071 labos

2201 2098 2329 2160 sius
2355 2100 2510 2158 vivit.
2533 2145 2536 2148 .
2561 2101 2816 2156 Possunt
2844 2100 3028 2164 etiam
3056 2116 3164 2174 per
3212 2105 3387 2158 terrae
3417 2100 3640 2160 bestias
3667 2105 3874 2167 motus

2201 2190 2392 2247 carnis
2421 2189 2682 2258 intelligi,
2711 2189 2813 2262 qui
2840 2189 2990 2248 dum
3016 2195 3278 2246 mentem
3326 2196 3594 2248 nostram
3641 2190 3866 2249 irratio-

2204 2276 2430 2338 nabilia
2463 2278 2777 2336 suadendo
2808 2277 3130 2346 lacessunt,
3157 2283 3366 2336 contra
3395 2295 3510 2336 nos
3543 2279 3866 2338 bestialiter

2200 2365 2533 2434 insurgunt.
2571 2365 2685 2428 Sed
2735 2383 2842 2422 cor
2893 2367 3006 2428 sub
3055 2367 3260 2434 divina
3306 2367 3436 2438 lege
3489 2367 3860 2442 deprimitur,

2199 2454 2382 2514 etiam
2410 2471 2547 2511 cum
2573 2455 2768 2516 carnis
2807 2455 3109 2514 incentiva
3154 2457 3594 2525 detumescunt,
3629 2462 3688 2514 et
3707 2457 3758 2514 si
3785 2457 3864 2520 ad

2201 2538 2556 2602 tentandum
2585 2539 2850 2608 rugiunt,
2875 2555 3266 2612 nequaquam
3316 2545 3516 2600 tamen
3542 2557 3740 2614 nsque
3785 2541 3864 2597 ad

2199 2627 2478 2686 etl'ectum
2501 2642 2756 2697 cperam
2784 2627 2966 2698 quasi
2992 2627 3074 2686 ad
3103 2629 3295 2702 aperti
3341 2645 3580 2688 morsus
3629 2629 3860 2692 rabiem

2199 2722 2514 2784 exurgunt.
2547 2715 2812 2778 Paciticae
2838 2715 3040 2789 itaque
3065 2723 3224 2786 sunt,
3246 2718 3390 2792 quia
3411 2725 3611 2774 motus
3641 2719 3868 2786 carnis,

2200 2807 2308 2866 eisi
2356 2821 2462 2876 per
2512 2804 2808 2863 desideria
2850 2805 3162 2878 palpitant,
3211 2811 3420 2880 aperta
3488 2811 3689 2867 tamen
3751 2825 3864 2865 nos

431 2897 654 2953 ultimae
709 2893 1248 2952 animadversionis
1296 2892 1558 2990 intelligi,
1589 2891 1736 2964 quia
1788 2891 2090 2949 districtus
2131 2929 2175 2990 ο
2200 2893 2666 2950 contradictione
2705 2908 2828 2950 non
2875 2893 3255 2966 impugnant.
3303 2896 3403 2954 Vel
3446 2900 3602 2954 certe
3647 2913 3860 2970 pacem

421 2985 610 3058 judex
673 2984 945 3056 reprobis
1007 2983 1199 3049 dicet;
1252 3001 1284 3034 α
1342 2980 1632 3036 Discedite
1695 2996 1734 3037 a
1793 2995 1908 3050 me,

426 3073 657 3146 reliqua
713 3071 951 3138 (Matth.
998 3087 1133 3140 xxv,
1179 3069 1290 3128 41).
1329 3069 1442 3124 Sed
1485 3068 1684 3139 justus
1737 3067 1995 3141 quisque
2027 3068 2087 3124 in

426 3165 593 3218 tanta
641 3159 1006 3216 districtione
1051 3157 1374 3226 sententize,
1418 3156 1648 3216 blanda
1690 3162 1832 3214 tunc
1869 3156 2090 3228 judicis

425 3267 572 3310 voce
629 3250 944 3314 relevetur,
1003 3264 1143 3304 cum
1199 3246 1444 3302 dicitur:
1495 3269 1522 3296 α
1580 3245 1829 3314 Esurivi,
1887 3251 1944 3302 et
1987 3246 2084 3306 de-

423 3337 591 3394 distis
617 3336 762 3392 mihi
793 3335 1182 3398 manducare,
1215 3354 1246 3386 »
1279 3339 1336 3389 et
1384 3333 1613 3405 reliqua
1661 3333 1902 3402 (Matth.
1943 3349 2082 3404 xxv,

425 3429 500 3498 3).
540 3429 641 3482 Et:
676 3448 703 3475 ‹‹
742 3425 957 3492 Venite,
992 3422 1309 3492 benedicti,
1333 3445 1362 3472 »
1394 3427 1502 3479 etc.
1531 3423 1768 3498 (Matth.
1801 3439 1938 3490 xxv,
1971 3423 2080 3492 34).

427 3495 703 3588 Sequitur
731 3532 743 3569 :
1599 3495 1618 3510 ‘

493 3605 644 3660 Vens
699 3603 790 3659 22.
825 3605 896 3660 In
927 3603 1206 3660 vastitate
1235 3607 1287 3658 et
1334 3603 1498 3670 fame
1541 3601 1778 3657 ridebis.
1814 3632 1878 3640 —
1910 3599 2082 3658 Tunc

421 3693 648 3766 quippe
675 3691 965 3766 reprobos
993 3690 1184 3746 fames
1233 3688 1562 3754 interﬁciet,
1594 3689 1741 3761 quia
1767 3704 1942 3748 suam
1971 3688 2088 3746 illis

421 3781 636 3840 faciem
665 3781 1026 3854 Redemptor
1054 3777 1404 3836 abscondet.
1448 3779 1579 3850 Ipse
1625 3777 1850 3851 quippe
1892 3777 1968 3834 de
2021 3793 2084 3833 se

420 3871 593 3930 dixit:
625 3894 654 3922 ‹‹
686 3874 807 3943 Ego
861 3885 998 3926 sum
1044 3867 1221 3942 panis
1249 3868 1438 3935 vivus,
1473 3889 1502 3918 υ
1523 3871 1582 3924 et
1623 3865 1856 3940 reliqua
1883 3867 2079 3939 (Joan.

420 3979 496 4033 vi,
529 3961 640 4030 51),
692 3963 760 4018 Et
809 3959 1097 4033 scriptum
1153 3961 1277 4014 est:
1329 3979 1356 4007 ‹‹
1409 3955 1668 4014 Tollatur
1707 3955 1950 4029 impius.
2006 3971 2082 4015 ne

417 4050 618 4108 videat
646 4049 900 4122 gloriam
929 4047 1045 4105 Dei.
1079 4068 1106 4098 »
1143 4045 1390 4104 Vastitas
1413 4045 1658 4112 cruciat,
1697 4045 1842 4118 quia
1861 4045 2080 4116 gehen-

417 4155 497 4197 na
547 4141 908 4197 concremat.
951 4137 1095 4193 Hine
1146 4135 1462 4193 Psalmista
1512 4133 1634 4192 ait:
1679 4153 1709 4188 ‹
1741 4136 1928 4192 Pones
1976 4149 2080 4190 eos

417 4233 484 4285 ut
547 4227 856 4283 clibanum
916 4225 1062 4296 igni,
1121 4246 1149 4276 ι»
1211 4229 1270 4280 et
1329 4223 1560 4295 reliqua
1623 4223 1807 4293 (Psat.
1858 4239 1912 4289 x,
1970 4223 2074 4292 10).

2114 4277 2162 4333 D

1954 3002 1984 3028 ››-
2034 2985 2095 3039 et
2142 2981 2167 2990 γ
2198 2983 2519 3041 nobiscum
2544 2987 2723 3038 terrae
2743 2981 2950 3040 bestim
2981 2983 3229 3054 faciunt,
3262 2984 3404 3057 quia
3433 2991 3642 3042 motus.
3661 2986 3860 3050 carnis

2199 3071 2346 3126 dum
2375 3087 2487 3126 nos
2513 3071 2796 3126 tentando
2857 3071 3183 3137 lacessunt,
3224 3070 3302 3136 ad
3332 3087 3600 3136 amorem
3647 3070 3870 3147 quietis

2197 3158 2418 3216 intima
2449 3157 2782 3230 impellunt.
2814 3158 3122 3231 Sequitur:

2269 3247 2448 3302 Vens.
2478 3246 2567 3302 2t.
2600 3247 2680 3304 Et
2725 3247 2870 3304 scies
2900 3247 3060 3319 quod
3077 3263 3288 3317 pacem
3324 3249 3538 3311 habeat
3579 3247 3856 3310 taberna~

2195 3337 2396 3392 culum
2428 3341 2617 3392 tuum.
2633 3367 2699 3374 —
2731 3341 2795 3390 ln
2824 3335 3124 3408 Scriptura
3151 3353 3324 3394 sacra
3349 3337 3516 3396 aliter
3535 3353 3656 3410 pax
3678 3335 3868 3413 plena

2194 3425 2429 3492 dicitur,
2458 3428 2638 3496 atque
2668 3423 2836 3480 aliter
2859 3425 3159 3486 inchoata.
3211 3429 3292 3486 De
3319 3426 3422 3484 illa
3445 3426 3672 3500 quippe
3708 3425 3860 3486 dici—.

2194 3517 2326 3572 tur:
2389 3535 2414 3564 ‹‹
2452 3517 2616 3570 Nunc
2668 3512 2916 3570 dimittis
2971 3530 3216 3572 servum
3259 3519 3452 3582 tuum,
3482 3515 3754 3585 domine,
3793 3515 3862 3582 in.

2193 3618 2342 3675 pace
2369 3603 2534 3672 (Luc.
2582 3619 2646 3670 ιι,
2672 3601 2820 3674 29).»
2856 3605 2934 3658 De
2983 3602 3098 3659 ista
3127 3619 3262 3660 vero
3297 3622 3309 3660 :
3346 3627 3373 3654 ‹‹
3405 3604 3623 3660 Pacem
3655 3619 3858 3660 meam

2191 3691 2272 3748 do
2319 3691 2513 3761 vobis,
2547 3710 2577 3742 ›
2621 3695 2680 3748 et
2718 3691 2950 3764 reliqua
3006 3692 3204 3762 (Joan.
3236 3709 3354 3761 inv,
3395 3692 3508 3764 27).
3541 3693 3665 3760 Pax
3693 3693 3860 3758 enim

2190 3784 2397 3841 nostra
2447 3797 2483 3836 a
2529 3779 2828 3846 desiderio
2878 3781 3168 3840 Creatoris
3205 3781 3542 3853 inchoatur,
3569 3789 3626 3840 et
3663 3783 3854 3850 ηιωὼ

2191 3870 2342 3934 festa
2369 3869 2596 3926 visione
2621 3869 2947 3942 perﬁcitur.
2981 3871 3472 3932 'labernaculum
3509 3871 3686 3944 igitur
3710 3871 3861 3946 justi

2188 3974 2402 4032 pacem
2446 3957 2670 4016 habere
2703 3956 2936 4024 dicitur,
2968 3957 3113 4031 quia
3137 3959 3414 4024 videlicet
3449 3961 3580 4034 ejus
3629 3977 3858 4035 corpus

2190 4047 2360 4120 quod
2408 4051 2608 4107 mente
2669 4045 3058 4114 inhabitatur,
3099 4063 3136 4106 a
3176 4048 3474 4121 perversis
3528 4049 3852 4108 desiderio.—

2189 4151 2326 4192 rum
2355 4135 2638 4206 motibus,
2667 4135 2785 4192 sub
2803 4135 3046 4207 justitite
3077 4135 3468 4209 dispositione
3499 4137 3848 4206 refrenatur.

2196 4223 2506 4296 Sequitur:
2536 4225 2613 4280 Et
2648 4225 2897 4282 visitans
2922 4227 3169 4294 speciem
3202 4231 3369 4283 tuam
3397 4243 3520 4287 non
3556 4227 3847 4298 peccabis.

419 4315 536 4373 Sed
565 4319 706 4372 tunc
729 4315 928 4384 justus
969 4311 1203 4382 redibit,
1233 4311 1382 4382 quia
1415 4326 1556 4366 cum
1585 4309 1824 4372 iniquos
1863 4324 2076 4365 omnes
2114 4309 2162 4333 ”
2191 4344 2260 4352 —
2287 4311 2523 4384 Species
2551 4312 2776 4385 quippe
2805 4317 3012 4370 nostra
3047 4313 3263 4372 dicitur
3287 4315 3600 4390 proximus
3628 4321 3848 4384 noster,

416 4409 716 4460 extremas
765 4400 912 4457 ultio
965 4399 1240 4473 percutit,
1288 4399 1416 4472 ipse
1468 4397 1544 4454 de
1593 4396 1784 4468 gloria
1843 4397 2080 4457 Domini

415 4491 614 4562 dignae
667 4487 1072 4546 retributionis
1099 4486 1413 4544 hilarescit.
1443 4485 1590 4542 Hinc
1622 4483 1930 4543 Psalmista
1975 4486 2072 4542 ait:

416 4603 444 4632 ‹‹
486 4580 786 4638 Videbunt
823 4578 967 4651 justi
1009 4582 1068 4635 et
1107 4576 1421 4645 timebunt,
1456 4598 1483 4626 »
1529 4579 1588 4633 et
1630 4573 1858 4648 reliqua
1889 4576 2075 4647 (Psal.

413 4687 485 4740 LI,
519 4672 594 4741 8).
630 4669 936 4744 Sequitur:
969 4668 1049 4723 Et
1080 4666 1292 4724 bestias
1321 4671 1498 4724 (mae
1533 4679 1652 4720 non
1693 4664 2072 4732 formidabis.

411 4793 480 4803 —
506 4761 768 4818 Callidus
819 4758 1046 4832 quippe
1101 4755 1500 4822 adversarius,
1541 4753 1734 4812 bestia
1777 4759 1943 4812 terrae
1990 4753 2078 4810 di-

410 4851 579 4917 citur,
629 4850 776 4922 quia
828 4848 908 4905 ad
961 4845 1285 4918 rapiendas
1343 4844 1547 4900 mortis
1611 4848 1879 4917 tempore
1933 4859 2072 4916 pec-

411 4943 684 4997 catorum
737 4937 974 4995 aninnas
1019 4935 1282 4993 violenta
1327 4933 1672 4993 crudelitate
1727 4934 2068 4992 etfrenatur.

412 5029 529 5088 Sed
585 5032 786 5086 tamen
840 5025 916 5082 de
967 5024 1226 5082 Ecclesia
1275 5023 1535 5082 dicitur:
1593 5045 1622 5073 «
1672 5023 1823 5082 Mala
1875 5023 2070 5083 bestia

406 5140 532 5182 non
578 5120 854 5180 transibit
881 5135 989 5193 per
1027 5135 1164 5176 eam
1205 5120 1347 5190 (Isa.
1395 5135 1556 5188 xxxv,
1588 5117 1662 5188 9).
1699 5135 1729 5170 »
1762 5116 1848 5174 ΙΙΙι
1890 5116 2070 5186 igitur

406 5219 570 5272 terrae
602 5212 852 5271 bestiam
875 5208 1194 5266 morientes
1232 5207 1461 5277 timent,
1483 5207 1588 5280 qui
1610 5207 1944 5264 Conditoris
1971 5207 2068 5265 sui

404 5302 731 5374 potentiam
761 5299 1026 5356 viventes
1077 5311 1202 5352 non
1255 5295 1480 5352 timent.
1517 5295 1712 5352 Sancti
1752 5295 1914 5352 enim
1954 5296 2066 5352 viri

405 5390 550 5463 quia
598 5391 816 5446 divinas
863 5405 927 5444 se
989 5384 1295 5442 formidini
1361 5383 1706 5442 medullitus
1769 5383 2060 5453 subdunt,

404 5489 584 5532 omne
615 5473 690 5529 de
720 5473 981 5530 adventu
1029 5468 1358 5528 adversarii
1396 5469 1636 5542 pondus
1679 5468 1906 5526 timoris
1959 5469 2064 5526 ab-

2187 4398 2332 4471 quia
2359 4397 2424 4456 in
2471 4398 2572 4455 illo
2620 4399 2919 4456 cernimus
2949 4402 3116 4474 quod
3163 4419 3374 4460 sumus
3418 4402 3552 4478 ipsi.
3581 4403 3855 4478 Speciem

2186 4503 2330 4559 ergo
2360 4504 2534 4546 suam
2562 4487 2762 4545 visitat
2815 4489 2972 4562 quis,
2997 4506 3138 4548 cum
3183 4491 3264 4548 ad
3304 4508 3447 4551 eum
3483 4509 3687 4566 tquem
3734 4491 3852 4550 sibi

2187 4577 2445 4635 similem
2472 4593 2578 4650 per
2623 4581 2902 4635 naturam
2946 4580 3257 4654 conspicit,
3289 4581 3571 4654 passibus
3625 4581 3855 4640 amoris

2183 4665 2404 4724 tendit:
2435 4671 2499 4722 ut
2525 4666 2590 4722 in
2613 4666 2798 4724 altero
2829 4684 2940 4726 sua
2967 4669 3377 4740 considerans,
3410 4687 3483 4728 ex
3506 4670 3705 4743 seipse
3727 4670 3849 4728 col-

2181 4753 2328 4825 ligat
2377 4754 2630 4828 qualiter
2681 4755 3010 4814 inﬁrmitati
3060 4757 3300 4818 alterius
3375 4756 3852 4822 condescendat.,

2183 4843 2332 4902 Hinc
2387 4843 2605 4900 Paulus
2634 4843 2750 4901 ait:
2784 4863 2815 4898 α
2845 4847 3062 4902 Factus
3105 4863 3234 4906 sum
3287 4847 3511 4906 Judteis
3553 4853 3852 4921 tanquam

2179 4933 2440 5000 Judteus,
2474 4936 2540 4989 ut
2568 4931 2802 4990 Iudaeos
2830 4933 3094 4992 luerarer
3119 4954 3130 5004 ;
3163 4935 3232 4992 iis
3255 4936 3360 5010 qui
3388 4937 3502 4996 sub
3522 4936 3652 5010 lege
3683 4941 3842 5006 sunt,

2179 5022 2358 5096 quasi
2401 5021 2514 5079 sub
2559 5021 2689 5094 lege
2739 5038 2871 5080 esse
2929 5024 3089 5097 (cum
3130 5025 3258 5100 ipse
3299 5043 3422 5087 non
3460 5042 3654 5084 essem
3708 5042 3848 5086 sum

2178 5111 2352 5182 lege),
2403 5115 2470 5170 ut
2495 5126 2600 5170 eos
2645 5111 2750 5184 qui
2779 5112 2894 5170 sub
2965 5113 3096 5183 lege
3143 5119 3334 5186 erant,
3388 5115 3843 5184 lucrifacerem;

2174 5199 2246 5255 iis
2274 5199 2379 5272 qui
2425 5199 2550 5256 sine
2602 5200 2732 5271 lege
2775 5206 2945 5257 erant
2985 5205 3280 5274 tanquam
3305 5203 3432 5260 sine
3461 5203 3591 5274 lege
3645 5218 3848 5263 essem

2176 5290 2340 5362 (cum
2367 5289 2492 5348 sine
2519 5289 2648 5361 lege
2681 5290 2780 5346 Dei
2808 5305 2932 5346 non
2959 5306 3192 5349 essem:
3248 5293 3355 5352 sed
3381 5293 3444 5353 in
3484 5293 3613 5364 lege
3644 5309 3841 5350 essem

2173 5375 2427 5450 Christi),
2459 5383 2526 5434 ut
2563 5377 2974 5436 lucrifacerem
3016 5396 3120 5438 eos
3155 5383 3262 5454 qui
3291 5384 3416 5442 sine
3463 5383 3596 5453 lege
3648 5386 3838 5442 erant.

2171 5467 2382 5543 Factus
2405 5485 2542 5526 sum
2560 5466 2813 5524 infirmis
2832 5467 3136 5543 inﬁrmus,
3159 5477 3224 5529 ut
3243 5472 3516 5530 inﬁrmos
3534 5471 3844 5531 lucriface-

397 5564 628 5638 jiciunt.
683 5563 832 5618 Hinc
858 5562 1174 5620 Psalmista
1219 5564 1350 5618 orat
1377 5560 1582 5619 dicens
1615 5577 1628 5614 :
1677 5580 1706 5612 ‹‹
1730 5553 2059 5628 Nequando
2147 5567 2316 5617 rem.
2331 5556 2624 5616 Omnibus
2641 5557 2847 5616 omnia
2865 5557 3060 5616 factus
3084 5577 3241 5630 sum,
3259 5566 3326 5618 ut
3344 5577 3556 5619 omnes
3577 5561 3842 5620 facerem
