4146 6156
241 101 337 156 165
669 125 674 130 -
1041 63 1336 158 spirans
1377 101 1748 158 MORAIJUM
1791 103 1845 156 s.
1889 109 1896 149 ι

2009 101 2092 154 ΞΟ.
2137 101 2202 156 IN
2251 103 2392 159 JOB.
2442 137 2514 147 —
2555 109 2682 164 LIB.
2725 113 2836 166 Vll.

3553 120 3650 176 l66

235 221 433 278 salvos
459 223 520 289 (Ι
537 224 675 278 Cor.
705 239 778 288 ix,
809 223 890 290 10,
922 222 1033 293 22).
1061 245 1087 270 ››
1118 225 1283 314 Tunc
1298 223 1477 314 etiam
1509 223 1682 294 plene
1709 220 1889 314 vinci-
1926 224 1973 276 Α
2001 222 2402 314 retributionis
2457 228 2716 296 intelligi.
2772 233 2834 287 ln
2869 233 3239 293 abundantia
3277 254 3420 309 ergo
3451 241 3648 314 sepul-

236 317 328 367 tur
351 316 692 383 peccatum,
719 329 857 368 cum
883 327 955 367 ex
985 328 1094 368 sua
1153 311 1540 368 similitudine
1571 310 1891 382 unusquis-

232 417 350 472 que
375 401 695 474 perpendit
713 401 1021 474 quomodo
1044 401 1104 456 in
1132 401 1444 457 dilectione
1467 401 1720 474 proximi
1747 399 1893 454 dila-

233 495 407 546 tetur.
445 490 725 562 Sequitur
753 509 764 544 :

309 582 476 634 Vens.
509 581 596 634 25.
629 580 710 634 Et
731 580 876 635 scies
899 581 1186 650 quoniam
1215 581 1538 649 multiplex
1559 581 1670 634 erit
1697 594 1892 634 semen

233 676 427 724 (imm.
463 700 529 718 -τ
559 668 706 722 Cum
727 683 870 723 vero
896 684 932 723 a
963 667 1116 723 vitiis
1141 685 1281 724 caro
1323 669 1718 736 restringitur,
1753 683 1889 722 cum

232 773 409 812 mens
457 755 771 811 virtutibus
821 762 1148 826 exercetur,
1197 762 1376 813 restat
1453 764 1516 814 ut
1585 755 1892 828 loquendo

230 846 490 917 quisque
519 844 735 900 doceat
758 845 943 900 vitam
990 862 1176 918 quam
1233 847 1502 901 moribus
1531 851 1745 901 servat.
1795 845 1891 899 llle

231 934 392 990 enim
429 933 643 989 uberes
674 933 902 990 fructus
925 935 1367 1008 praedicationis
1392 935 1629 1002 colligit,
1662 935 1766 1006 qui
1799 950 1890 988 se-

234 1023 400 1078 mina
457 1021 634 1078 bonae
664 1022 1032 1094 operationis
1083 1023 1398 1094 praemittit.
1457 1026 1520 1078 Et
1547 1029 1710 1077 tanto
1762 1023 1892 1092 ejus

233 1110 549 1168 fecundius
577 1111 1020 1183 prasdieationis
1049 1113 1344 1180 tribuitur,
1403 1119 1632 1184 quanto
1680 1113 1792 1166 hoc
1831 1111 1891 1168 in

232 1203 364 1273 ejus
394 1205 632 1274 pectore
660 1200 903 1273 perfecti
929 1200 1126 1273 operis
1151 1202 1494 1257 exarationi:
1517 1201 1887 1274 praevenitur.

235 1291 514 1364 Sequitur
546 1307 558 1344 :
587 1291 666 1345 Et
693 1291 1006 1360 progenies
1035 1296 1142 1346 tua
1184 1292 1338 1346 sicut
1381 1291 1564 1347 herba
1595 1297 1791 1345 terrae.
1822 1319 1895 1328 —

232 1380 382 1446 Quia
432 1379 507 1434 de
551 1379 682 1450 ejus
739 1379 1068 1434 imitatione
1114 1379 1397 1447 nascitur,
1439 1379 1584 1433 dum
1627 1384 1891 1434 arentem

233 1468 545 1541 praesentis
575 1466 706 1522 vitm
735 1466 989 1536 gloriam
1017 1467 1253 1532 deserit,
1286 1483 1390 1539 spe
1417 1468 1474 1522 in
1507 1475 1729 1522 teterna
1759 1466 1890 1520 viri-

232 1556 441 1612 descit.
477 1555 576 1611 Vel
603 1560 758 1611 certe
773 1556 919 1626 justi
951 1557 1268 1627 progenies
1308 1556 1459 1611 sicut
1489 1556 1676 1612 herba
1727 1561 1891 1609 terrae

234 1647 442 1712 oritur,
473 1645 618 1718 quia
663 1645 812 1700 dum
869 1645 1126 1700 vivendo
1159 1650 1452 1700 monstrat
1485 1645 1650 1717 quod
1681 1643 1890 1717 praedi-

235 1736 434 1792 cando
465 1734 692 1800 asserit,
725 1733 1046 1789 multitudo
1071 1736 1449 1806 sequentium
1489 1733 1893 1789 innumerabi—

234 1821 307 1876 lis
340 1823 624 1893 exsurgit.
662 1823 938 1894 Sequitur
960 1841 972 1878 :

309 1914 476 1967 Vens.
505 1912 591 1967 26.
633 1912 992 1984 Ingredieris
1021 1913 1085 1967 in
1114 1912 1491 1967 abundantia
1526 1913 1887 1980 sepulcrum.

233 2032 308 2041 —
333 2000 487 2066 Quid
517 2000 676 2056 enim
703 2000 958 2074 sepulcri
997 2001 1263 2070 nomine,
1290 2001 1401 2056 ιιλεὶ
1433 2000 1893 2072 contemplativa

235 2091 363 2146 vita
390 2090 698 2160 signatur?
722 2091 924 2146 Activa
974 2107 1219 2162 quoque
1247 2091 1366 2146 vita
1415 2091 1754 2161 sepulcrum
1783 2095 1890 2158 est,

234 2179 385 2252 quia
415 2195 451 2233 a
481 2179 678 2251 pravis
709 2195 820 2234 nos
841 2179 1127 2252 operibus
1153 2179 1592 2248 mortuostegit.
1618 2179 1728 2233 Sed
1757 2196 1887 2234 con-

235 2267 587 2340 templativa
615 2268 870 2340 perfecte
919 2267 1144 2340 sepelit,
1178 2268 1321 2340 quia
1351 2284 1387 2322 ξι
1422 2267 1649 2322 cunctis
1683 2267 1890 2322 mundi

237 2356 584 2412 actionibus
633 2356 901 2412 funditus
954 2357 1181 2412 dividit.
1217 2356 1359 2412 Hinc
1392 2356 1606 2411 Paulus
1648 2357 1895 2428 sepultis

235 2445 477 2502 dicebat
510 2464 523 2500 :
552 2470 577 2494 ‹‹
613 2446 816 2501 Mortui
839 2446 998 2502 enim
1028 2446 1188 2516 estis,
1221 2470 1247 2494 ιι
1299 2451 1354 2501 et
1373 2446 1602 2518 reliqua
1634 2449 1776 2514 (liol.
1815 2462 1893 2513 iu,

235 2536 314 2604 3).
349 2535 490 2589 Hinc
539 2538 627 2589 est
681 2533 846 2606 quod
879 2535 1185 2590 Abraham
1224 2535 1544 2604 eonjugem
1597 2541 1896 2589 mortuam

235 2623 297 2678 in
346 2623 624 2695 sepulcro
673 2622 896 2695 duplici
955 2623 1178 2695 sepelit.
1217 2623 1308 2677 Vir
1344 2623 1570 2694 quippe
1599 2624 1896 2695 perfectus

235 2711 585 2784 sepulcrum
634 2711 694 2766 in
747 2711 1119 2768 abundantia
1170 2711 1519 2779 ingreditur,
1551 2713 1693 2783 quia
1735 2713 1898 2784 prius

233 2801 442 2857 activae
475 2802 606 2856 vitae
635 2816 819 2872 opera
845 2807 1193 2870 congregat,
1241 2806 1298 2856 et
1325 2801 1720 2872 postmodum
1769 2817 1896 2855 car-

2001 327 2169 365 crum
2200 312 2546 379 ingreditur,
2583 318 2685 389 qui
2712 327 2844 390 post
2870 330 3151 391 congesta
3175 331 3308 381 νιῑιθ
3343 312 3651 400 praesentis

1999 415 2182 472 opera
2212 418 2247 456 a
2277 405 2667 461 mutabilitate
2697 424 2806 464 sua
2837 413 3011 481 plene
3035 419 3303 470 mortuus
3334 417 3392 472 in
3425 424 3650 475 secreto

2002 489 2122 542 veri
2154 491 2394 546 luminis
2423 494 2773 550 occultatur.
2801 497 2963 553 Unde
2983 515 3091 571 per
3111 503 3490 562 Psalmistam
3512 507 3653 564 dici-

2002 582 2097 632 tur
2138 597 2150 633 :
2213 607 2224 622 -
2268 581 2611 637 Abscondes
2635 601 2739 640 eos
2767 585 2825 640 in
2858 587 3212 645 abscondito
3239 594 3439 650 vultus
3472 597 3584 663 sui,
3624 619 3644 649 ι

2002 673 2058 721 et
2103 668 2332 740 reliqua
2382 672 2572 737 (l’sal.
2604 690 2742 739 xxx,
2775 679 2886 741 2t).
2923 677 3199 748 Sequitur
3231 697 3242 734 :
3275 683 3443 738 Sicut
3473 687 3650 755 a/fer-

2002 762 2104 810 tur
2139 772 2387 813 acervus
2414 762 2601 814 tritici
2651 763 2712 815 in
2745 767 3004 832 tempore
3026 780 3150 820 suo.
3176 798 3245 807 —
3269 771 3650 830 Frumentum

2000 845 2224 917 quippe
2279 847 2338 901 in
2397 853 2591 917 segete
2647 850 2770 906 sole
2804 852 3084 920 tangitur,
3115 855 3257 926 quia
3306 857 3365 913 in
3391 858 3504 914 hac
3533 862 3653 918 vita

2001 934 2290 990 humana.
2323 936 2524 991 anima
2556 945 2827 1009 respectu
2854 944 3097 1013 superni
3127 943 3370 1000 luminis
3406 947 3656 1006 illustra-

2009 1027 2116 1078 tur.
2173 1025 2407 1079 P-tuvias
2467 1026 2733 1098 percipit,
2787 1030 2932 1100 quia
2969 1032 3231 1088 veritatis
3261 1033 3496 1108 eloquio
3525 1037 3654 1110 pin-

2003 1111 2252 1176 guescit.
2307 1115 2499 1168 Ventis
2557 1117 2909 1178 concutitur.
2983 1122 3126 1192 quia
3203 1127 3652 1194 tempestatibus

2001 1205 2306 1254 exercetur
2329 1219 2341 1260 :
2367 1207 2420 1256 et
2451 1219 2656 1258 secum
2683 1212 3016 1262 crescentes
3038 1209 3242 1280 paleas
3265 1216 3478 1283 portat,
3510 1216 3654 1286 quia

2002 1289 2351 1360 nequiorem
2394 1297 2598 1346 contra
2657 1309 2718 1348 se
2770 1295 3034 1364 quotidie
3061 1298 3243 1354 vitam
3273 1302 3651 1372 peccantium

2002 1375 2241 1440 tolerat;
2298 1382 2477 1449 atque
2526 1378 2600 1434 ad
2633 1396 2835 1436 aream
2890 1381 3215 1442 deductum
3269 1388 3653 1445 triturationis

2003 1465 2268 1535 pondere
2301 1467 2606 1536 premitur,
2638 1473 2699 1523 ut
2729 1486 2765 1523 a
2793 1469 3107 1542 palearum
3137 1477 3510 1533 connexione
3532 1477 3651 1532 sol-

1935 1571 1972 1623 Β
2005 1559 2194 1607 vatur.
2229 1555 2378 1618 Quia
2428 1571 2598 1610 mens
2647 1562 2851 1612 nostra
2904 1559 3122 1615 cmlesti
3153 1561 3482 1634 disciplinas
3514 1582 3652 1638 sup-

2005 1643 2213 1712 posita.
2246 1643 2392 1697 dum
2423 1645 2804 1699 correctionis
2836 1647 3072 1714 ﬂagella
3098 1650 3362 1721 percipit,
3401 1667 3436 1707 a
3469 1669 3652 1708 socie-

2004 1734 2117 1784 tate
2147 1731 2477 1786 carnalium
2511 1732 2791 1787 mundior
2817 1735 3054 1801 recedit,
3101 1741 3156 1792 et
3183 1737 3398 1793 relictis
3444 1739 3650 1812 paleis,

2003 1818 2080 1872 ad
2107 1819 2390 1874 horreum
2417 1820 2656 1875 ducitur
2690 1838 2702 1875 :
2727 1825 2870 1894 quia
2897 1824 3037 1878 foris
3090 1829 3540 1883 remanentibus
3566 1846 3652 1884 re-

2001 1907 2230 1979 probis,
2263 1909 2447 1964 electa
2499 1911 2702 1966 anima
2742 1912 2820 1966 ad
2845 1929 3120 1984 superna:
3153 1917 3479 1972 mansionis
3509 1934 3653 1988 gau—

2001 1997 2101 2053 dia
2125 2003 2346 2054 aeterna
2377 1999 2736 2062 sublevatur.
2784 2004 2846 2056 Et
2875 2003 2930 2057 in
2979 2003 3174 2058 alieno
3226 2005 3470 2078 quidem
3502 2011 3653 2063 tem-

2000 2103 2146 2159 pore
2192 2088 2608 2159 percussiones
2641 2090 2920 2156 sentiunt,
2971 2093 3070 2147 sed
3117 2093 3176 2147 in
3211 2110 3321 2149 suo
3351 2111 3387 2150 a
3417 2111 3654 2168 percus-

2003 2177 2172 2231 sione
2225 2176 2622 2247 requiescuut.
2695 2178 2900 2234 Electis
2955 2182 3180 2253 quippe
3259 2187 3494 2254 tempus
3563 2189 3656 2240 est

2001 2265 2262 2320 alienum
2292 2264 2408 2318 vita
2433 2281 2696 2337 prmsens
2726 2267 2883 2322 unde
2912 2269 3282 2341 quibusdam
3333 2271 3532 2326 adhuc
3563 2272 3653 2327 in-

2003 2353 2278 2408 ﬁdelibus
2311 2353 2530 2408 Veritas
2551 2353 2692 2408 dicit
2725 2371 2738 2408 :
2778 2374 2797 2404 ι
2834 2357 3092 2428 Tempus
3139 2373 3342 2412 meum
3382 2359 3656 2415 nondum

2005 2442 2178 2505 venit,
2215 2447 2449 2513 tempus
2471 2446 2670 2497 autem
2699 2449 2964 2499 vestrum
2995 2460 3231 2517 semper
3258 2450 3350 2502 est
3375 2452 3654 2518 paratum

2003 2533 2200 2601 (.loan.
2229 2547 2327 2597 vn,
2355 2533 2426 2594 6).
2521 2531 2796 2602 Sequitur
2827 2549 2840 2586 :

2078 2622 2244 2674 Vt-ZRS.
2274 2624 2362 2673 27.
2411 2621 2565 2674 Ecce
2590 2621 2700 2674 hoc
2729 2626 2792 2674 ut
2821 2621 3308 2691 investigavimus
3339 2623 3422 2679 ita
3454 2629 3555 2679 est.
3588 2657 3657 2665 —

2011 2711 2206 2782 Liquet
2242 2709 2506 2781 proferto
2533 2709 2698 2780 quod
2729 2709 2787 2764 in
2811 2709 2901 2764 his
2927 2709 3010 2765 nil
3040 2710 3119 2765 ab
3149 2727 3222 2768 eo
3247 2712 3418 2782 juxta
3450 2730 3657 2786 super-

2009 2799 2200 2855 ﬁciem
2223 2799 2454 2852 dicitur.
2489 2798 2632 2869 quia
2658 2798 2938 2853 nimirum
2965 2804 3101 2854 ante
3123 2801 3333 2856 faciem
3361 2818 3476 2856 non
3505 2803 3662 2873 jacet

233 2891 333 2946 uis
373 2905 621 2945 sensum
649 2906 752 2962 per
779 2890 1348 2962 contemplationem
1378 2895 1704 2950 mortuum.
1738 2889 1897 2944 hunc
1939 2917 1978 2971 ρ
2007 2886 2173 2959 quod
2207 2887 2610 2950 investigatur.
2637 2887 2746 2951 Qui
2777 2903 2918 2956 ergo
2949 2887 3074 2942 haec
3107 2887 3459 2958 investigare
3485 2907 3546 2945 se
3575 2891 3660 2946 in-

232 2978 474 3034 mundo
519 2978 788 3034 funditus
820 2977 1097 3034 occultat.
1142 2977 1406 3033 Actionis
1451 2994 1715 3050 namque
1751 2984 1897 3032 tem-

233 3084 356 3140 pus
419 3067 684 3140 primum
751 3071 840 3123 est
894 3085 906 3121 :
965 3065 1484 3138 contemplationis
1545 3070 1898 3121 extremum.

237 3157 410 3212 Unde
464 3172 708 3212 necesse
770 3160 876 3222 est,
939 3161 1003 3211 ut
1066 3155 1364 3228 perfectus
1425 3154 1681 3227 quisque
1734 3155 1902 3228 prius

234 3250 508 3302 mentem
533 3246 849 3302 virtutibus
896 3249 1186 3311 exerceat,
1239 3251 1416 3318 atque
1450 3246 1604 3302 hanc
1635 3251 1898 3316 postmo-

233 3337 394 3390 dum
441 3337 503 3391 in
552 3337 834 3392 horreum
885 3335 1102 3408 quietis
1155 3335 1392 3390 condat.
1443 3334 1588 3388 llinc
1625 3335 1899 3407 estquod

231 3425 430 3481 Jacob
475 3441 588 3498 pro
619 3425 837 3481 Rachel
898 3424 1156 3493 servivit,
1189 3429 1245 3480 et
1289 3423 1452 3480 Liam
1513 3425 1756 3496 accepit.
1795 3427 1899 3479 Po-

235 3518 360 3570 test
410 3512 590 3569 etiam
644 3530 749 3586 per
775 3513 1117 3586 sepulcrum
1149 3529 1272 3568 non
1303 3512 1499 3568 solum
1551 3512 1608 3566 in
1639 3512 1752 3568 hac
1782 3513 1901 3568 vita

232 3607 452 3659 nostra
477 3601 922 3675 contemplatio,
955 3602 1060 3658 sed
1109 3601 1280 3674 quies
1311 3604 1547 3657 aeternae
1593 3606 1650 3657 et
1678 3601 1901 3657 intimas

2009 2976 2188 3040 dicat,
2221 2975 2365 3046 quia
2386 2991 2442 3028 in
2479 2973 2676 3028 verbis
2696 2974 3086 3030 exterioribus
3111 2975 3390 3032 interiora
3414 2979 3662 3050 quaesie-

2011 3065 2082 3119 rit
2124 3064 2512 3118 demonstrat.
2560 3061 2834 3134 Sequitur
2881 3079 2894 3116 :
2929 3062 3099 3128 Quod
3143 3065 3437 3131 auditum,
3469 3071 3664 3121 mente

2008 3157 2336 3223 pertracla.
2399 3182 2469 3190 —
2521 3150 2900 3216 Quantalibet
2953 3153 3112 3206 enim
3163 3152 3433 3210 doctrina
3488 3170 3662 3210 mens

2011 3243 2248 3314 polleat,
2274 3241 2468 3306 gravis
2501 3241 2630 3310 ejus
2665 3239 2958 3312 imperitia
2987 3246 3076 3296 est
3106 3241 3254 3296 velle
3277 3241 3491 3297 docere
3545 3258 3665 3298 me-

2011 3332 2236 3386 liorem.
2270 3330 2432 3386 Unde
2465 3335 2518 3384 et
2545 3345 2614 3384 ea
2643 3345 2777 3402 quae
2808 3328 2886 3385 ab
2916 3328 3172 3384 inimicis
3220 3336 3382 3386 recta
3429 3331 3662 3404 prolata

2012 3427 2170 3486 sunt,
2203 3419 2282 3476 ab
2309 3419 2540 3474 interno
2569 3418 2794 3473 arbitro
2837 3433 2961 3473 non
3008 3423 3168 3473 recta
3192 3417 3562 3489 judicantur.
3601 3424 3663 3475 In

2011 3528 2084 3567 eo
2107 3526 2374 3582 namque
2401 3509 2521 3564 vim
2565 3525 2688 3563 suae
2741 3507 3107 3564 rectitudinis
3151 3508 3447 3571 amittunt,
3497 3509 3664 3582 quod

2013 3599 2268 3656 auditori
2296 3615 2419 3655 non
2441 3601 2800 3668 congruunt.

1457 3891 1798 3982 LIBER
1884 3889 2460 3978 SEPTIMUS.

897 4166 1119 4222 CAPUT
1157 4165 1251 4220 Vl.

313 4259 488 4312 Vens.
526 4259 575 4323 '2,
602 4257 654 4310 3.
724 4255 960 4311 Utinam
1014 4253 1615 4324 apprehenderentur
1659 4270 1730 4324 pe
1756 4263 1902 4308 'cata

231 4361 374 4402 mea
395 4344 608 4416 quibus
647 4345 802 4400 iram
821 4345 1032 4412 merui,
1055 4350 1109 4400 et
1133 4345 1448 4399 calamitas
1475 4359 1652 4416 quam
1673 4344 1898 4413 patior,

234 4439 308 4492 in
325 4438 587 4490 statera!
618 4435 795 4505 quasi
811 4448 998 4489 arena
1025 4434 1209 4488 maris
1227 4434 1352 4489 haec
1375 4433 1625 4503 gravior
1645 4447 1904 4502 appare-

239 4529 436 4580 ret.—
457 4525 697 4580 Stateme
717 4522 958 4577 nomine
985 4522 1085 4577 Dei
1102 4527 1158 4578 et
1178 4522 1495 4578 hominum
1513 4521 1794 4577 Mediator
1809 4538 1905 4576 ex-

237 4613 544 4690 primitur,
575 4611 681 4685 qui
707 4611 787 4668 ad
815 4611 1198 4688 pensandum
1223 4611 1354 4668 vitae
1376 4615 1593 4666 nostrae
1623 4610 1899 4666 meritum

239 4702 428 4770 venit,
472 4718 539 4757 ac
572 4718 775 4757 secum
801 4701 1093 4774 justitiam
1115 4699 1290 4756 simul
1329 4704 1386 4755 et
1433 4699 1904 4755 misericordiam

241 4777 474 4846 detulit.
499 4789 614 4845 Sed
644 4789 1067 4845 lulsel‘lCOl'dltB
1091 4788 1261 4844 lance
1282 4787 1752 4861 praeponderans
1783 4786 1905 4842 cul-

241 4895 359 4954 pas
381 4883 638 4946 nostras,
655 4877 960 4952 parcendo
985 4877 1284 4948 levigavit.
1312 4877 1629 4933 Calamitas
1658 4875 1900 4949 quidem

241 4968 308 5023 in
338 4970 558 5024 statera
596 4967 793 5038 gravis
821 4966 1119 5040 apparuit,
1147 4965 1289 5038 quia
1319 4965 1547 5020 malum
1579 4964 1744 5038 quod
1768 4979 1904 5038 per-

243 5056 397 5124 tulit,
429 5057 669 5112 nonnisi
716 5057 778 5114 in
818 5055 1134 5130 praesentia
1182 5054 1588 5127 Redemptoris
1641 5053 1883 5124 agnovit

245 5148 442 5217 Magni
465 5152 664 5205 autem
687 5163 870 5202 arena
893 5147 1076 5202 maris
1098 5150 1188 5202 est
1209 5144 1516 5218 ponderis,
1540 5143 1646 5200 sed
1667 5143 1906 5200 calami-

245 5241 338 5292 tas
353 5237 618 5292 hominis
635 5253 819 5292 arcna
845 5237 1026 5292 maris
1054 5235 1292 5307 gravior
1311 5234 1548 5300 dicitur,
1580 5235 1724 5306 quia
1753 5233 1906 5288 dura

246 5325 428 5390 tuisse
451 5342 633 5400 pinna
649 5326 998 5392 ostenditur,
1014 5325 1161 5380 dum
1182 5341 1289 5398 per
1311 5323 1731 5380 misericordiae
1743 5321 1913 5393 judi;

248 5431 379 5472 cem
407 5416 586 5490 culpa
601 5415 915 5486 levigatur.
940 5414 1214 5488 Sequitur
1257 5432 1268 5468 :
1310 5415 1470 5470 Unde
1490 5420 1544 5470 et
1571 5413 1751 5470 verba
1777 5427 1907 5468 mea

246 5503 456 5562 dolore
477 5512 617 5562 sunt
633 5507 837 5576 plena.
859 5535 925 5543 ——
945 5503 1092 5558 Justi
1113 5503 1292 5560 verba
1314 5503 1519 5560 dolore
1542 5502 1722 5576 plena
1743 5505 1901 5572 sunt,

1941 4165 1987 4218 D
2015 4163 2160 4237 quia
2179 4178 2498 4236 quousque
2515 4163 2834 4235 praesentia
2850 4163 3077 4233 tolerat,
3092 4162 3170 4220 ad
3188 4161 3351 4220 aliud
3363 4161 3669 4236 loquendo

2017 4252 2294 4326 suspirat.
2321 4251 2430 4318 Qui
2461 4251 2620 4308 enim
2651 4251 3192 4324 peregrinationem
3219 4267 3328 4328 pro
3354 4251 3548 4324 patria
3578 4250 3668 4307 di-

2012 4341 2160 4412 ligit,
2187 4341 2458 4397 dolorem
2487 4341 2665 4398 etiam
2686 4342 2836 4398 inter
2855 4341 3094 4398 dolores
3121 4341 3323 4398 nescit.
3347 4340 3623 4414 Sequitur
3653 4358 3666 4396 :

2084 4433 2256 4488 Vens.
2287 4435 2340 4487 4.
2375 4431 2526 4498 Quia
2551 4433 2788 4502 sagitta:
2813 4433 3056 4488 Domini
3082 4433 3144 4487 in
3173 4447 3265 4488 me
3285 4436 3443 4488 sunt.
3470 4463 3534 4470 —
3569 4432 3670 4494 Sa,-

2014 4519 2296 4591 gittarum
2311 4520 2536 4593 quippe
2562 4520 2806 4576 nomine
2827 4519 3155 4594 aliquando
3175 4519 3670 4592 praedicationum

2013 4610 2201 4666 verba
2217 4610 2548 4681 signantur.
2568 4613 2644 4666 De
2665 4609 2758 4664 his
2778 4609 3088 4664 Psalmista
3109 4609 3188 4664 ait
3211 4625 3223 4662 :
3253 4634 3277 4660 α
3302 4607 3537 4676 Sagittae
3557 4612 3670 4664 tuae

2015 4704 2226 4767 acutae,
2248 4721 2273 4747 ι)
2300 4704 2357 4755 et
2382 4699 2612 4772 reliqua
2641 4699 2763 4769 (Ps.
2796 4714 2925 4765 xui,
2945 4700 3021 4764 6).
3061 4701 3123 4752 Et
3141 4697 3319 4753 Isaias
3354 4713 3414 4750 :u
3448 4696 3669 4754 Mittam

2015 4805 2088 4846 ex
2111 4788 2206 4844 his
2253 4788 2357 4860 qui
2386 4787 2592 4843 salvati
2623 4786 2839 4846 fuerint
2893 4787 2974 4844 ad
3025 4791 3230 4857 gentes
3283 4786 3346 4842 in
3399 4785 3568 4856 mari,
3610 4785 3672 4844 in

2015 4877 2231 4946 Africa,
2265 4876 2326 4930 in
2377 4875 2580 4948 Lydia,
2623 4879 2886 4932 tenentes
2918 4875 3183 4946 sagittas,
3229 4875 3290 4932 in
3336 4875 3586 4945 Italiam,
3617 4880 3676 4934 et

2017 4966 2303 5026 Graeciam
2328 4967 2640 5038 (Isa.1.xvr,
2670 4966 2772 5038 19).
2803 4989 2829 5014 ››
2846 4965 3184 5039 Aliquando
3205 4966 3673 5024 animadversio-

2017 5056 2110 5111 nis
2141 5054 2434 5111 sententia
2479 5054 2846 5125 designatur,
2901 5055 3051 5111 sicut
3087 5057 3229 5114 Joas
3267 5056 3393 5128 regi
3420 5072 3526 5129 per
3560 5055 3670 5110 Eli-

2017 5161 2188 5202 seum
2219 5145 2434 5200 dicitur
2459 5162 2470 5199 :
2499 5169 2522 5192 ‹‹
2545 5145 2683 5200 Jace
2714 5145 2994 5215 sagittam
3026 5146 3140 5218 (IV
3163 5147 3304 5218 Reg.
3344 5163 3461 5213 xui,
3499 5143 3605 5212 17).
3644 5164 3670 5190 ››

2017 5235 2147 5298 Quo
2172 5233 2405 5303 jacente
2437 5232 2517 5286 ait
2547 5249 2558 5285 :
2583 5255 2609 5282 ‹‹
2644 5233 2936 5288 Percuties
2963 5232 3425 5305 Syriam,donec
3457 5243 3675 5282 consu-

2016 5338 2145 5377 mes
2173 5337 2308 5378 eam
2338 5321 2558 5392 (Ibid.).
2581 5343 2605 5368 ›ι
2625 5326 2704 5380 Ac
2722 5323 2767 5377 si
2791 5338 2934 5392 ergo
2954 5321 3208 5376 diceret:
3237 5321 3356 5386 Ego
3377 5317 3436 5370 in
3465 5314 3672 5371 exsilio

2016 5410 2420 5470 damnationis
2466 5427 2589 5466 non
2633 5411 2892 5482 gaudeo,
2946 5409 3092 5481 quia
3124 5405 3244 5460 vim
3268 5404 3674 5476 percussionis

2017 5517 2300 5588 agnosco.
2328 5500 2636 5574 Sequitur:
2660 5502 2926 5569 Quarum
2947 5494 3286 5565 indignatio
3307 5493 3484 5552 ebibit
3499 5495 3672 5565 spiri-
