4154 6160
509 131 606 182 167
1569 125 1624 178 S.
1668 121 1926 178 ODONIS
1964 121 2254 178 ABBATIS
2295 123 2790 180 CLUNIACENSIS
2829 125 2874 176 ll

3825 110 3944 164 168

505 255 628 306 tum
661 265 871 306 meum.
905 277 975 285 —
1004 245 1154 310 Quid
1199 250 1287 300 est
1312 245 1552 318 spiritus
1581 245 1866 314 hominis,
1899 244 2012 300 nisi
2041 243 2154 316 spi—
2187 249 2230 300 Α
2269 246 2546 318 noluerit,
2581 247 2724 321 quid
2755 242 2916 301 aliud
2946 256 3134 315 quam
3163 237 3456 294 insulsum
3489 233 3691 290 cibum
3731 248 3946 288 eome-

505 338 651 392 ritus
690 333 1009 390 elationis?
1061 333 1298 401 Sagittae
1349 337 1548 388 autem
1597 333 1830 388 Domini
1883 332 2154 405 spiritum

503 423 760 480 hominis
799 421 1067 482 ebibunt,
1101 437 1238 476 cum
1291 437 1564 494 supernae
1615 420 2153 477 animadversionis

503 511 794 568 sententia
840 509 1124 566 afﬂictam
1169 515 1432 566 mentem
1461 511 1539 566 ab
1597 511 1850 566 elatione
1891 525 2157 582 compes-

501 605 661 668 cunt,
694 617 834 655 cum
865 615 1139 672 superme
1178 599 1482 656 sententiae
1509 600 1725 656 electos
1757 617 1910 672 quos
1937 600 1995 654 in
2021 616 2155 672 pee-

501 690 648 746 catis
715 689 1046 758 inveniunt,
1098 689 1244 744 dum
1301 689 1631 758 vulnerant,
1693 689 2034 757 immutant,
2095 693 2160 746 ut

501 778 788 834 duritiam
837 793 1011 832 suam
1043 775 1328 834 transfixa
1377 794 1546 832 mens
1574 778 1830 846 deserat,
1877 783 2055 849 atque
2085 793 2158 831 ex

503 866 806 922 salutifero
837 865 1078 922 vulnere
1104 865 1352 934 sanguis
1385 865 1774 920 confessionis
1815 870 2032 920 currat.
2067 867 2160 921 Se-

505 957 740 1028 quitur:
777 957 849 1010 Et
875 963 1130 1012 terrores
1157 957 1395 1012 Domini
1421 958 1682 1011 militant
1715 963 1924 1012 contra
1955 971 2062 1012 me.
2089 985 2161 994 ——

503 1047 806 1100 Justorum
837 1060 1008 1100 mens
1037 1060 1158 1098 non
1193 1043 1388 1098 solum
1415 1044 1730 1116 perpendit
1756 1043 1902 1116 quid
1931 1043 2156 1111 tolerat,

507 1134 614 1190 sed
643 1135 820 1189 etiam
851 1139 1028 1206 pavet
1076 1133 1242 1204 quod
1288 1139 1486 1189 restat.
1531 1133 1696 1190 Videt
1722 1133 1925 1205 qualia
1961 1133 2022 1188 in
2047 1133 2160 1188 hac

507 1223 624 1278 vita
645 1223 884 1296 patitur,
919 1223 1122 1277 metuit
1149 1239 1222 1278 ne
1249 1228 1384 1294 post
1401 1225 1556 1278 hanc
1580 1223 1857 1292 graviora
1881 1221 2158 1294 patiatur.

510 1313 650 1366 Hinc
679 1310 984 1366 Psalmis-tu
1007 1312 1088 1366 ait
1117 1328 1128 1364 :
1156 1329 1184 1360 ‹‹
1217 1312 1280 1366 In
1307 1327 1402 1366 me
1428 1311 1786 1366 transierunt
1805 1310 1906 1365 iraa
1941 1315 2074 1378 tute,
2108 1315 2164 1364 et

505 1405 756 1455 terrores
781 1399 858 1454 tui
890 1399 1396 1454 conturbaverunt
1413 1415 1510 1454 me
1533 1401 1721 1466 (Psal.
1753 1415 1995 1467 Lxxxvu,
2019 1399 2160 1468 17).»

507 1490 852 1544 Monsunza.
883 1489 1016 1542 Jam
1046 1488 1272 1560 quippe
1297 1504 1402 1558 per
1437 1487 1622 1542 ﬁdem
1653 1487 1995 1542 Mediatoris
2019 1487 2161 1542 vivi-

2265 335 2393 392 dit‘.’
2425 337 2536 394 Sed
2567 337 2710 410 quia
2741 331 3056 408 praeceptis
3079 330 3210 400 ejus
3237 328 3390 384 dura
3415 322 3768 397 jubentibus
3789 337 3944 393 gen-

2267 425 2440 482 tilitas
2465 427 2640 482 subdi
2671 422 2988 484 recusavit,
3039 418 3336 475 insulsum
3367 415 3572 472 cibum
3613 410 3942 468 comedere

2267 514 2472 582 noluit,
2493 531 2628 586 quae
2661 513 3012 586 priusquam
3046 506 3288 580 spiritus
3319 503 3770 560 condimentum
3801 515 3946 571 per-

2268 602 2506 675 ciperet,
2565 619 2799 658 servare
2853 601 2969 656 vim
3013 597 3218 654 litterze
3271 592 3530 666 expavit.
3579 589 3692 646 Sed
3723 589 3782 643 in
3815 587 3940 642 hoc

2269 693 2402 748 cibo
2433 693 2520 748 sal
2545 692 2766 748 Veritas
2799 689 2974 758 misit,
3003 692 3060 743 et
3081 686 3258 742 latere
3289 683 3350 738 in
3380 682 3510 752 lege
3529 695 3808 752 saporem
3833 693 3938 732 oc-

2269 781 2854 853 cultmintelligentiae
2911 777 3115 834 docuit
3161 775 3365 829 dicens
3399 789 3412 826 :
3443 797 3466 823 ε
3503 770 3560 826 Si
3611 766 3936 824 crederetis

2269 870 2468 942 Moysi,
2507 893 2533 920 ››
2565 875 2620 926 et
2647 870 2876 942 reliqua
2904 869 3096 938 (Joan.
3123 881 3177 930 v,
3209 866 3317 932 46).
3363 861 3430 914 Et
3457 873 3716 914 rursum.
3759 879 3786 905 ‹‹
3817 856 3936 910 Ha-

2269 960 2403 1015 bete
2455 959 2547 1015 sal
2593 959 2656 1014 in
2703 958 2890 1014 vobis.
2919 975 2948 1006 »
2983 957 3047 1010 Et
3094 971 3106 1007 :
3141 956 3352 1008 Pacem
3397 948 3610 1004 habete
3649 947 3798 1002 inter
3823 963 3937 1000 vos

2269 1051 2482 1116 (Marc.
2519 1067 2597 1116 IX,
2634 1049 2743 1120 50).
2771 1071 2798 1098 »
2831 1049 3178 1104 MoaAursn.
3229 1039 3422 1096 Verba
3459 1037 3686 1110 quippe
3711 1049 3938 1090 mores-

2268 1155 2387 1210 que
2418 1137 2773 1204 carnalium,
2801 1134 2978 1208 quasi
3029 1132 3232 1188 cibum
3275 1145 3336 1184 se
3375 1126 3594 1183 nostris
3625 1123 3934 1180 mentibus

2269 1227 2566 1297 ingerunt,
2623 1226 2686 1282 in
2737 1221 3145 1280 delectationis
3194 1223 3396 1275 ventre
3452 1215 3785 1287 rapiuntur.
3817 1211 3932 1268 Sed

2270 1317 2482 1372 doctus
2530 1315 2788 1388 quisque
2819 1312 3047 1369 insulsa
3076 1326 3200 1366 non
3239 1305 3519 1374 comedit,
3550 1303 3694 1376 quia
3723 1318 3934 1376 pravo—

2271 1421 2404 1460 rum
2447 1405 2606 1459 dicta
2635 1403 2911 1474 factaque
2939 1401 3018 1470 dij
3031 1399 3304 1466 udicans,
3333 1396 3410 1452 ab
3455 1409 3557 1450 ore
3589 1391 3778 1464 [aure]
3804 1407 3934 1446 cor-

2271 1493 2363 1548 dis
2392 1491 2638 1564 repellit.
2673 1491 2818 1547 Hine
2851 1487 3160 1545 Psalmista
3190 1488 3272 1542 ait
3300 1503 3312 1540 :
3341 1509 3367 1534 ‹‹
3393 1485 3794 1540 Narraverunt
3825 1479 3932 1534 mi-

507 1593 663 1643 mus,
697 1582 754 1632 et
777 1581 976 1632 tamen
1008 1575 1207 1630 adhuc
1237 1575 1862 1648 perexpurgationem
1885 1575 2160 1632 vitiorum
2193 1596 2234 1651 Β
2272 1582 2330 1636 hi
2379 1580 2568 1654 iniqui
2625 1579 3021 1637 tabulationes
3081 1593 3242 1640 suas,
3275 1597 3301 1624 ››
3351 1577 3408 1628 et
3453 1571 3684 1644 reliqua
3741 1569 3928 1638 (Psal.

507 1664 680 1736 quasi
715 1663 958 1734 sagittas
996 1663 1226 1718 Domini
1265 1663 1416 1719 dura
1445 1663 1985 1720 animadversionis
2036 1663 2163 1719 inti-

509 1769 622 1808 mae
652 1753 886 1822 ﬂagella
917 1753 1300 1808 sustinemus.
1355 1753 1468 1809 Sed
1507 1769 1642 1809 ecce
1689 1759 1746 1809 et
1781 1753 1995 1808 divinae
2039 1771 2162 1808 cor-

507 1841 790 1912 reptionis
817 1842 1200 1914 percussione
1228 1842 1606 1912 contigimur,
1639 1847 1698 1897 et
1727 1847 1926 1898 tamen
1959 1843 2160 1898 adimo

509 1929 651 1984 illud
685 1935 774 1985 est
797 1931 1037 2000 gravius
1059 1931 1222 2002 quod
1269 1931 1344 1986 de
1401 1937 1620 1987 terrore
1670 1931 1898 1987 venturi
1941 1931 2164 1988 Judicis

509 2024 794 2076 aeternam
811 2019 1396 2076 animadversionem
1411 2019 1829 2076 formidamus.
1854 2020 2128 2093 Sequitur
2148 2037 2159 2074 :

583 2110 750 2162 Vens.
787 2112 836 2162 ii.
869 2109 1162 2177 Nunquid
1193 2109 1386 2178 rugiet
1431 2123 1656 2178 onager
1701 2124 1834 2164 cum
1885 2109 2164 2164 habuerit

511 2195 802 2252 herbam?
830 2196 1168 2265 autmugiet
1201 2197 1295 2250 bos
1321 2211 1454 2251 cum
1481 2201 1621 2252 ante
1641 2211 1905 2265 praesepe
1913 2197 2164 2265 plenum

507 2287 732 2340 steterit
747 2288 852 2338 ?—
875 2287 978 2338 Per
999 2299 1318 2352 onagrum,
1343 2289 1640 2353 agrestem
1667 2285 1904 2340 asinum
1928 2284 2162 2354 gentilis

507 2371 769 2444 populus
806 2371 1172 2441 designatur.
1231 2373 1340 2426 Per
1385 2371 1627 2438 bovem,
1689 2371 1856 2442 plebs
1911 2372 2166 2428 Judaica

510 2459 898 2528 signiﬁcatur,
929 2476 1064 2532 quae
1092 2460 1240 2530 jugo
1267 2475 1542 2531 superna:
1566 2459 1994 2516 dominationis
2025 2477 2163 2533 sup-

508 2549 722 2620 posita,
745 2548 820 2602 ad
845 2564 1016 2620 spem
1040 2547 1371 2619 proselytos
1397 2547 1678 2618 colligens
1704 2547 1886 2603 corda
1906 2564 2042 2620 quae
2067 2564 2163 2603 va-

509 2635 615 2694 luit
641 2651 880 2692 vomere
910 2635 1058 2704 legis
1095 2635 1282 2690 traxit.
1319 2635 1524 2692 Multos
1545 2635 1706 2691 enim
1737 2652 1808 2690 ex
1832 2636 2030 2706 gentili
2055 2653 2164 2709 po-

509 2724 674 2798 pulo,
709 2739 816 2780 seu
843 2723 1208 2794 Judteorum,
1229 2723 1656 2779 incarnationis
1683 2723 1916 2780 Domini
1946 2733 2164 2797 myste-

509 2813 664 2870 rium
693 2813 1086 2882 desiderasse,
1113 2811 1208 2868 his
1239 2812 1434 2868 verbis
1464 2813 1906 2883 cognoscimus.
1931 2816 2008 2869 De
2031 2817 2163 2886 qui-

507 2902 624 2960 bus
685 2901 972 2998 Dominus
1025 2901 1150 2956 ait:
1191 2921 1208 2952 ι
1246 2901 1383 2998 Dico
1439 2901 1635 2966 vobis,
1697 2901 1866 2958 multi
1910 2903 2054 2974 justi
2111 2909 2168 2960 et
2206 2943 2245 2998 Ο

509 2992 826 3065 phophetae
875 2989 1190 3046 voluerunt
1243 2987 1437 3044 videre
1467 3005 1602 3062 quae
1636 3006 1740 3045 vos
1781 2990 2016 3058 videtis,
2049 3015 2075 3040 ››
2111 2995 2166 3047 et

507 3079 738 3152 reliqua
769 3078 1006 3148 (Matth.
1044 3093 1156 3147 xui,
1203 3077 1308 3147 16).
1341 3077 1454 3134 Sed
1485 3081 1624 3132 tunc
1654 3093 1882 3148 onager
1909 3078 2165 3136 herbam

507 3167 752 3235 invenit,
783 3184 922 3222 cum
975 3165 1210 3236 gentilis
1261 3165 1522 3238 populus
1553 3165 1771 3222 divinae
1797 3167 2162 3224 incarnatio-

507 3257 599 3314 nis
629 3255 882 3327 gratiam
907 3255 1152 3327 accepit.
1187 3257 1346 3310 Tunc
1372 3255 1552 3312 etiam
1585 3254 1696 3310 bos
1727 3271 1987 3312 vacuum
2017 3273 2165 3330 prte-

507 3361 648 3418 sepe
674 3361 794 3400 non
823 3343 1054 3410 habuit,
1086 3359 1227 3400 cum
1255 3343 1417 3418 plebi
1458 3343 1719 3400 Iudaica:
1751 3344 1986 3400 Domini
2033 3361 2162 3402 car-

507 3449 648 3490 nem
693 3432 788 3488 lex
831 3431 1116 3504 exhibuit,
1146 3447 1336 3504 quam
1367 3430 1468 3487 diu
1497 3435 1878 3504 exspectante
1911 3433 2164 3506 prophe-

507 3523 666 3580 tavit.
701 3521 864 3578 Unde
901 3525 958 3577 et
985 3526 1162 3578 natus
1184 3521 1473 3576 Dominus
1511 3520 1572 3576 in
1601 3536 1870 3594 praesepe
1899 3523 2159 3594 ponitur.

509 3616 638 3685 Ipse
668 3612 826 3668 enim
852 3629 926 3668 ex
979 3617 1184 3668 nostra
1209 3611 1542 3668 substantia
1571 3627 1815 3668 carnem
1847 3629 2163 3670 assumens

507 3702 712 3758 fenum
737 3701 866 3758 fieri
891 3700 1098 3770 voluit,
1125 3700 1227 3773 qui
1263 3699 1466 3757 cibum
1510 3701 1898 3774 semetipsum
1953 3701 2163 3759 menti-

505 3789 624 3848 bus
681 3789 1027 3848 mortalium
1078 3789 1330 3862 praebuit
1384 3789 1590 3846 dicens
1641 3807 1654 3846 :
1699 3814 1725 3840 »
1762 3791 1872 3857 Qui
1903 3790 2165 3848 comedit

507 3897 750 3938 carnem
771 3897 993 3950 meam,
1022 3885 1078 3936 et
1113 3879 1263 3936 bibit
1293 3880 1650 3951 sanguinem
1694 3896 1922 3952 meum,
1977 3881 2038 3936 in
2067 3897 2164 3937 me

505 3975 727 4038 manet,
758 3975 814 4027 et
841 3985 953 4042 ego
984 3969 1045 4026 in
1067 3985 1138 4027 eo
1171 3970 1364 4042 (Joan.
1399 3987 1508 4042 Liv,
1540 3971 1648 4042 56).
1681 3989 1712 4024 ›
1735 3973 1815 4026 Ac
1842 3971 1894 4026 si
1915 3986 2058 4043 ergo
2081 3969 2166 4027 di-

506 4066 602 4118 cat
634 4079 646 4118 :
683 4061 904 4118 Idcirco
935 4059 1230 4132 gentilitas
1287 4059 1488 4132 gemit,
1531 4060 1675 4134 quia
1721 4076 1862 4116 eum
1904 4060 2166 4117 necdum

507 4149 916 4222 Redemptoris
938 4150 1028 4205 sui
1059 4149 1250 4220 gratia
1276 4149 1510 4218 refecit;
1545 4153 1726 4222 atque
1775 4149 1912 4206 ideo
1960 4149 2166 4206 Iudaea

507 4237 772 4307 mugitus
796 4237 1020 4304 dilatat,
1053 4237 1198 4308 quia
1231 4235 1426 4308 legem
1457 4241 1685 4308 tenens,
1715 4237 1824 4294 sed
1851 4237 2000 4307 legis
2021 4253 2164 4294 auc-

507 4330 696 4382 torem
727 4340 848 4381 non
879 4324 1107 4392 videns,
1138 4329 1304 4380 stans
1334 4328 1470 4380 ante
1497 4340 1764 4397 praesepe
1785 4325 2035 4397 jejunat.
2055 4329 2167 4382 Mo-

507 4429 764 4470 RALITER.
791 4413 900 4480 Qui
921 4413 1018 4470 alii
1049 4413 1260 4484 onagri
1277 4411 1677 4485 appellatione
1691 4413 2024 4487 signantur,
2051 4414 2167 4470 nisi

507 4501 612 4576 qui
635 4501 694 4558 in
721 4517 940 4574 campo
969 4500 1110 4558 ﬁdei
1141 4499 1460 4571 constituti,
1489 4499 1712 4556 nullius
1741 4501 1920 4558 ofﬁcii
1937 4501 2079 4560 loris
2105 4501 2168 4558 li-

508 4593 768 4664 gantur?
791 4591 960 4648 Bovis
981 4607 1124 4647 vero
1161 4589 1408 4648 nomine
1445 4591 1559 4646 hos
1589 4589 1806 4662 signat,
1835 4607 1990 4664 quos
2013 4592 2168 4649 intra

509 4685 778 4738 sanctam
807 4680 1130 4738 Ecclesiam
1172 4679 1250 4737 ad
1288 4679 1726 4754 praedicationis
1748 4678 2012 4738 ofﬁcium
2039 4697 2167 4737 sus-

509 4771 662 4844 cepti
701 4770 926 4828 ordinis
970 4770 1186 4842 jugum
1213 4769 1448 4844 premit.
1483 4767 1680 4826 Herba
1713 4785 1856 4826 vero
1880 4770 2092 4842 onagri
2112 4773 2170 4827 et

508 4857 802 4932 pabulum
845 4859 1020 4916 bovis
1048 4863 1136 4916 est
1183 4857 1417 4916 interna
1457 4857 1698 4914 refectio
1717 4859 1930 4932 populi
1951 4859 2165 4916 ﬁdelis.

507 4947 655 5013 Quia
667 4947 827 5003 enim
837 4947 1014 5018 longe
1034 4947 1113 5004 ab
1129 4947 1361 5004 interna
1373 4945 1668 5019 sapientia
1680 4947 2168 5020 positi,seternam

509 5037 911 5094 haereditatem
935 5053 1058 5093 non
1074 5037 1394 5106 cernimus,
1425 5037 1588 5093 velut
1608 5037 1787 5094 bruta
1813 5039 2104 5096 animalia
2133 5053 2170 5094 a

509 5125 847 5182 desiderata
865 5125 1234 5196 jejunamus.
1261 5127 1340 5181 De
1378 5139 1502 5198 qua
1525 5125 1812 5182 nimirum
1851 5127 2038 5182 herba
2069 5129 2172 5181 Re-

509 5215 839 5290 demptoris
861 5231 1008 5272 voce
1022 5213 1266 5272 dicitur:
1290 5236 1314 5264 ‹‹
1341 5216 1453 5270 Per
1497 5231 1593 5272 me
1625 5215 1674 5271 si
1699 5216 1835 5289 quis
1861 5215 2166 5283 introierit,

510 5305 856 5376 salvabitur,
883 5327 909 5354 ››
935 5309 992 5361 et
1012 5303 1242 5377 reliqua
1271 5305 1467 5370 (Joan.
1491 5321 1544 5376 Χ,
1577 5305 1650 5378 9).
1687 5305 1962 5379 Sequitur
1992 5325 2004 5361 :

581 5397 743 5450 Vsus.
768 5399 818 5451 6.
843 5396 966 5450 Aut
985 5393 1202 5464 poterit
1225 5395 1526 5452 comedere
1537 5395 1852 5464 insulsum,
1875 5395 2035 5466 quod
2049 5409 2169 5449 non

511 5489 592 5538 est
619 5485 744 5538 sate
796 5483 1100 5541 conditum
1137 5489 1165 5538 1’
1191 5515 1260 5524 -——
1288 5483 1570 5557 Quisquis
1613 5485 1774 5540 enim
1825 5481 2169 5540 carnalibus

505 5571 810 5645 obsequiis
859 5571 1145 5642 intentus,
1201 5571 1398 5646 legem
1449 5571 1773 5642 intelligere
1824 5571 2170 5645 spiritaliter

2272 1687 2464 1740 cxvui,
2507 1670 2615 1740 85).
2667 1668 2978 1740 Sequitur:
3009 1668 3130 1721 Aut
3162 1669 3408 1735 gustare
3457 1659 3678 1730 aliquis
3720 1663 3930 1728 potest,

2273 1759 2432 1830 quod
2459 1763 2762 1828 gustatum
2791 1757 2970 1825 affert
2985 1759 3230 1826 mortem
3249 1752 3276 1806 ?
3291 1783 3360 1791 —
3387 1753 3502 1806 Lex
3514 1763 3780 1820 namque
3801 1761 3928 1802 car-

2271 1846 2482 1902 naliter
2511 1846 2827 1916 degustata
2871 1847 3128 1899 mortem
3169 1839 3384 1907 intulit,
3435 1837 3581 1911 quia
3609 1833 3932 1892 commissa

2272 1933 2748 2010 delinquentium
2776 1931 2930 1987 dura
2973 1927 3496 2010 animadversione
3520 1921 3833 1984 distrinxit,
3869 1927 3930 1976 et

2273 2039 2378 2096 per
2407 1997 2770 2096 prteceptu‘m
2799 2020 3042 2092 culpam
3071 1997 3362 2084 innotuit:
3386 2019 3444 2070 et
3471 2014 3623 2070 hanc
3651 2026 3758 2084 per
3790 2025 3926 2080 gra-

2275 2111 2420 2168 tiam
2447 2127 2568 2167 non
2599 2109 2833 2177 delevit,
2865 2108 3048 2164 Paulo
3077 2109 3410 2174 attestante,
3443 2103 3548 2176 qui
3577 2101 3658 2158 ait
3689 2117 3752 2154 :«
3779 2097 3930 2154 Nihil

2275 2199 2354 2256 ad
2407 2199 2734 2271 perfectum
2789 2196 3069 2270 perduxit
3123 2195 3220 2250 lex
3273 2193 3478 2264 (Hebr.
3511 2207 3608 2258 vn,
3649 2189 3752 2258 19).
3783 2210 3808 2236 ››
3842 2185 3928 2242 Ad

2274 2288 2572 2346 Christum
2605 2303 2745 2343 vero
2767 2301 3056 2342 conversa
3099 2283 3415 2354 gentilitas,
3447 2296 3585 2354 quae
3615 2277 3814 2334 adhuc
3841 2292 3928 2331 so-

2273 2392 2416 2432 nare
2445 2391 2552 2449 per
2583 2373 2768 2431 verba
2813 2373 2962 2444 legis
2991 2371 3281 2442 intelligit,
3309 2371 3631 2440 angustata
3659 2370 3794 2422 sunt
3832 2363 3928 2419 de-

2274 2465 2506 2521 sideriis
2556 2464 2696 2520 suis.
2752 2467 3100 2520 MORALITER.
3155 2458 3356 2517 Sancti
3407 2457 3586 2528 igitur
3639 2455 3748 2510 viri
3791 2469 3928 2509 cum

2274 2551 2508 2608 internis
2563 2549 2870 2608 desideriis
2927 2548 3233 2616 anhelant,
3293 2547 3352 2602 in
3387 2549 3548 2602 tanta
3577 2543 3710 2599 vitae
3742 2541 3930 2598 altitu-

2275 2640 2412 2696 dine
2441 2656 2504 2696 se
2531 2639 2866 2706 sublevant,
2899 2643 2965 2694 ut
2991 2637 3200 2695 audire
3216 2637 3346 2708 jam
3375 2651 3511 2708 quae
3532 2631 3744 2689 mundi
3772 2635 3930 2697 sunt,

2275 2745 2457 2800 grave
2488 2728 2596 2784 sibi
2629 2729 2744 2785 hac
2797 2727 3142 2802 deprimens
3191 2724 3430 2799 pondus
3456 2721 3720 2779 credant.
3755 2719 3932 2776 Valde

2277 2835 2540 2892 namque
2559 2817 2930 2874 intolerabile
2951 2816 3270 2884 aestimant,
3305 2811 3604 2886 quidquid
3631 2809 3780 2866 illud
3811 2825 3930 2864 non

2277 2913 2471 2978 sonat,
2547 2907 2714 2980 quod
2763 2906 2923 2962 intus
2953 2909 3180 2962 amant.
3231 2907 3400 2976 Saepe
3447 2901 3610 2957 enim
3639 2915 3812 2956 mens
3841 2914 3934 2952 su-

2276 3013 2465 3070 perna
2493 2995 2738 3070 appetit,
2770 3000 2828 3051 et
2877 2993 3057 3050 stulta
3081 2993 3143 3049 in
3185 2991 3408 3048 inﬁmis
3433 2987 3786 3056 contemnit,
3823 3001 3930 3042 nec

2277 3091 2476 3144 tamen
2507 3085 2706 3142 adhuc
2757 3101 2868 3158 pro
2899 3099 3108 3140 amore
3137 3081 3396 3138 veritatis
3425 3079 3504 3136 ad
3543 3075 3930 3152 perferendos

2272 3175 2580 3248 praesentis
2613 3173 2748 3228 vita:
2786 3171 3086 3228 cruciatus
3117 3169 3464 3241 accingitur.
3505 3171 3728 3223 Durum
3759 3163 3930 3238 quip-

2272 3279 2348 3337 pe
2405 3268 2493 3320 est
2520 3265 2800 3336 appetere
2847 3261 3012 3334 quod
3061 3259 3304 3328 cruciat,
3357 3257 3527 3332 sequi
3557 3254 3722 3330 quod
3751 3253 3932 3310 vitam

2273 3353 2459 3423 fugat.
2493 3351 2769 3424 Sequitur
2801 3370 2814 3407 :

2343 3443 2509 3496 Vsus.
2535 3447 2588 3496 7.
2623 3441 2762 3508 Quae
2787 3441 2959 3510 prius
2987 3444 3233 3509 tangere
3274 3435 3512 3493 nolebat
3547 3435 3754 3492 anima
3779 3447 3929 3498 mea,

2273 3545 2435 3586 nunc
2469 3544 2598 3598 prw
2627 3529 2908 3598 angustia
2947 3528 3066 3582 cibi
3111 3527 3228 3582 mei
3265 3531 3426 3581 sunt.
3459 3556 3526 3562 —
3579 3521 3747 3578 Absit
3773 3520 3932 3576 enim

2273 3633 2346 3674 ne
2375 3615 2466 3672 vir
2495 3619 2740 3672 sanctus
2768 3615 2830 3672 in
2859 3619 3047 3672 status
3077 3614 3170 3670 sui
3215 3611 3622 3672 incolumitate
3649 3607 3932 3666 constitu-

2272 3708 2392 3772 tus,
2431 3703 2768 3762 amicorum
2823 3718 3072 3760 suorum
3128 3701 3456 3776 aliquando
3513 3699 3674 3756 dicta
3727 3697 3938 3770 despe-

2271 3794 2438 3852 xerit.
2476 3793 2590 3852 Sed
2611 3793 2757 3866 quia
2785 3793 2996 3850 beatus
3025 3791 3139 3848 Job
3167 3791 3514 3848 membrum
3545 3793 3633 3846 est
3667 3785 3934 3844 Ecclesiae

2274 3887 2516 3952 sanctis,
2550 3884 2680 3955 ejus
2726 3882 2906 3939 etiam
2955 3897 3102 3938 voce
3149 3881 3432 3954 loquitur.
3469 3879 3619 3946 Quia
3649 3875 3936 3934 nimirum

2275 3973 2498 4032 amoris
2551 3971 2644 4028 sui
2691 3969 2934 4028 testibus
2986 3970 3188 4038 anxia,
3224 3969 3428 4027 cibum
3485 3967 3798 4040 Scriptura:
3839 3980 3940 4020 ve-

2275 4063 2412 4121 teris
2443 4077 2735 4119 conversa
2783 4059 3080 4132 gentilitas
3121 4059 3305 4116 esurit
3351 4073 3535 4132 quem
3567 4055 3801 4113 dudum
3835 4069 3936 4109 su-

2275 4153 2464 4226 perba
2487 4150 2778 4224 despexit.
2809 4149 3022 4206 Aliter:
3072 4149 3220 4213 Quia
3250 4147 3596 4204 societatem
3627 4143 3939 4216 gentilium

2273 4241 2482 4298 Judaea
2527 4239 2752 4298 habere
2801 4239 3178 4311 contempsit,
3229 4235 3530 4293 insulsum
3587 4233 3791 4290 cibum
3837 4247 3940 4286 su-

2275 4345 2438 4386 mere
2467 4328 2772 4397 fastidivit,
2805 4333 2862 4384 et
2887 4327 3031 4401 quia
3060 4325 3268 4384 divina
3307 4323 3598 4381 sententia
3627 4319 3944 4396 proposita

2275 4423 2466 4476 morte
2523 4421 2789 4475 vetuerat
2839 4433 2915 4474 ne
2963 4415 3135 4490 plebs
3183 4413 3502 4471 Israelitica
3552 4411 3750 4470 foedus
3799 4425 3942 4466 cum

2276 4507 2623 4580 alienigenis
2663 4507 2962 4578 jungeret,
3011 4509 3249 4578 gustare
3297 4503 3490 4561 noluit
3527 4499 3694 4575 quod
3734 4503 3943 4570 gusta-

2275 4602 2406 4655 tum
2433 4597 2604 4654 atfert
2653 4599 2931 4652 mortem.
2959 4594 3074 4650 Sed
3121 4593 3200 4652 ad
3241 4589 3650 4666 Redemptoris
3683 4587 3945 4658 gratiam

2275 4687 2482 4744 Judaea
2501 4685 2850 4754 veniens,ab
2869 4683 3146 4740 lsraelitis
3161 4681 3504 4738 inﬁdelibus
3517 4695 3620 4752 rep
3629 4676 3942 4746 ulsa,dum

2276 4795 2384 4853 per
2411 4782 2648 4834 sanctos
2671 4775 2980 4850 apostolos
2996 4773 3076 4831 ad
3105 4773 3518 4830 collectionem
3547 4785 3606 4826 se
3629 4767 3946 4840 gentilium

2277 4863 2503 4934 dilatat,
2530 4866 2710 4938 quasi
2723 4866 2839 4921 hoc
2862 4863 2924 4920 in
2948 4863 3082 4920 cibo
3103 4862 3374 4920 esuriens
3397 4859 3646 4931 accepit,
3667 4856 3837 4930 quod
3861 4855 3948 4911 in-

2277 4951 2530 5021 dignum
2553 4953 2720 5026 prius
2757 4951 3064 5008 fastidiose
3095 4947 3384 5020 despexit,
3417 4951 3474 5002 et
3511 4961 3636 5017 prae
3667 4943 3948 5014 angustia

2278 5039 2444 5095 cibos
2471 5056 2628 5112 quos
2678 5041 2916 5096 dudum
2963 5039 3425 5108 contempserat,
3469 5035 3730 5091 comedit
3763 5033 3947 5106 :quia

2279 5127 2520 5200 repulsa
2546 5143 2582 5184 a
2609 5128 2958 5184 Judaeorum
2987 5125 3206 5180 duritia
3236 5123 3484 5193 gentiles
3510 5123 3812 5196 suscipere
3839 5135 3948 5194 po-

2277 5216 2455 5292 pulos
2505 5235 2659 5291 quos
2732 5218 3088 5290 despexerat
3140 5213 3529 5286 concupiscit.
3591 5216 3942 5270 Monxurea.

2278 5309 2436 5364 Mens
2465 5306 2627 5364 enim
2657 5305 2977 5381 proficiens
2997 5321 3134 5377 quae
3165 5303 3332 5377 prius
3363 5303 3511 5360 dum
3541 5301 3668 5358 sola
3697 5299 3950 5374 propria

2280 5397 2699 5466 curaret,ferre
2728 5395 2924 5452 aliena
2949 5392 3308 5460 fastidiebat,
3335 5409 3472 5449 cum
3505 5389 3583 5446 ad
3633 5389 3948 5446 toleranda

2283 5485 2540 5559 proximi
2559 5485 2802 5542 intirma
2824 5499 2885 5540 se
2906 5481 3171 5552 attrahit,
3193 5483 3276 5540 ita
3293 5487 3356 5538 ut
3379 5497 3489 5555 pro
3510 5494 3716 5537 amore
3733 5477 3948 5534 verita-

2286 5575 2359 5630 tis
2391 5574 2699 5647 prasentis
2723 5574 2853 5631 vitae
2885 5573 3183 5631 cruciatus
3213 5577 3376 5630 tanto
3407 5573 3546 5644 post
3567 5568 3730 5626 fortis
3755 5583 3948 5642 appe-
