4154 6160
286 169 392 222 169

1130 161 1429 220 EPITOME
1467 145 1834 212 MORALIUM
1875 142 1932 198 So
1974 141 2177 200 GREG.
2221 147 2291 205 IN
2328 153 2471 209 JOB.
2514 190 2583 198 —
2624 161 2752 219 LIB.
2794 165 2887 219 vn

3601 180 3707 232 170

284 294 384 358 tat,
413 295 644 362 quanto
675 290 841 363 prius
870 289 1115 345 inﬁrma
1149 283 1440 357 fugiebat,
1490 281 1618 374 haec
1656 292 1780 374 pri?
1834 283 1948 374 ἂψ
1978 266 2013 317 Α
2051 275 2548 374 tﬁl‘ansitoria‘sine
2569 287 2901 345 cessatione
2925 291 3190 364 diligere,
3220 299 3427 356 centra
3465 287 3705 374 ﬂagella

280 381 476 451 gustia
497 381 776 448 comedit,
806 396 938 453 quae
972 378 1138 451 prius
1171 382 1414 447 tangere
1446 370 1710 428 nolebat.
1737 363 1940 436 Sequi-

281 475 398 526 tur.

353 562 523 616 Vens.
551 565 602 616 8.
639 555 776 626 Quis
805 561 900 615 det
933 565 994 614 ut
1028 559 1227 614 veniat
1250 555 1461 626 petitio
1491 566 1643 619 mea,
1676 552 1732 604 et
1777 543 1938 617 quod

281 654 493 716 expeto
525 648 742 703 tribuat
770 648 920 703 mihi
949 649 1256 711 Dominus,
1289 649 1344 700 et
1374 642 1476 714 qui
1496 641 1671 708 comit
1702 637 1824 706 ipse
1844 648 1937 688 me

281 745 553 796 conterat
570 741 668 794 ?—
698 741 824 796 Non
851 738 1011 794 enim
1028 753 1135 810 per
1164 732 1606 792 contumaciam
1635 726 1853 800 expetit
1873 739 1936 778 se

278 828 590 898 exstingui,
625 833 688 884 ut
731 828 1084 899 injustitiam
1138 824 1396 882 ferientis
1454 823 1711 886 accuset,
1768 813 1935 888 quod

275 917 475 972 verbis
531 918 924 989 sequentibus
973 917 1365 983 demonstrat,
1426 912 1681 967 dicens:
1729 930 1755 955 ‹‹
1806 909 1933 960 Non

273 1005 685 1062 contradicam
716 1005 1096 1062 sermonibus
1156 1003 1375 1060 sanctis
1433 1000 1586 1068 (Job.
1643 1014 1714 1063 χι,
1764 995 1870 1062 10).
1903 1010 1931 1042 ›

278 1095 597 1152 Sciendum
625 1112 770 1151 vero
800 1100 888 1151 est
915 1095 1060 1167 quia
1102 1091 1433 1166 aliquando
1487 1105 1600 1144 nos
1657 1085 1935 1142 adversa-

273 1185 418 1251 rius,
451 1185 784 1258 aliquando
815 1190 1018 1240 autem
1047 1182 1296 1239 conterit
1325 1185 1496 1236 Deus.
1529 1181 1610 1233 Ex
1649 1175 1930 1232 adversa-

272 1274 343 1330 rii
370 1275 720 1331 contritione
750 1274 1066 1331 deﬁcimus
1095 1289 1131 1329 a
1149 1273 1378 1327 virtute.
1408 1271 1517 1324 Per
1536 1263 1768 1323 Domini
1788 1277 1930 1318 vero

273 1365 690 1421 contritionem
747 1364 916 1420 fracti
967 1363 1123 1419 vitiis
1178 1362 1239 1417 in
1289 1361 1498 1416 virtute
1554 1355 1925 1413 laboramus.

274 1453 418 1509 Hinc
445 1453 735 1526 scriptum
763 1457 890 1509 est:
927 1473 957 1505 ‹
1015 1456 1200 1521 Reges
1257 1466 1362 1506 eos
1417 1448 1476 1502 in
1521 1447 1691 1513 virga
1740 1442 1930 1498 ferrea

271 1544 462 1615 (Psal.
496 1560 559 1610 ll,
589 1545 663 1614 9).
698 1566 726 1593 ››
761 1546 906 1600 Cum
937 1544 1097 1599 enim
1124 1557 1236 1597 nos
1275 1538 1530 1596 exterius
1579 1533 1806 1602 afﬂigit,
1843 1531 1928 1585 in-

2050 366 2823 464 Donditorisinsensibiliter
2841 381 3188 451 perdurare.
3221 389 3299 442 De
3326 388 3420 444 his
3446 366 3704 464 prophe-

2046 457 2105 510 ta
2138 456 2218 511 ait
2251 474 2264 512 :
2291 480 2320 506 ‹‹
2348 462 2442 515 Vae
2473 462 2578 534 qui
2604 469 2878 536 potentes
2903 471 3041 526 estis
3103 474 3180 529 ad
3233 456 3580 548 potandum
3621 481 3705 536 vi-

2045 559 2213 601 num.
2246 566 2277 643 ξ
2311 551 2381 643 Et
2403 551 2635 625 reliqua
2665 554 2802 625 (Isa.
2829 574 2883 613 v.
2917 563 3030 627 2'2).
3066 565 3132 618 Et
3165 581 3176 617 :
3212 583 3242 617 ‹
3275 569 3420 624 Ecce
3449 585 3703 643 occupa—

2045 641 2258 691 verunt
2287 639 2554 696 animam
2585 659 2808 715 meam,
2844 652 2901 702 et
2927 646 3229 708 irruerunt
3251 653 3313 710 in
3369 672 3465 713 me
3525 639 3702 715 fortes

2044 723 2232 789 (Psal.
2268 743 2419 796 LVIII,
2447 732 2520 800 4).
2553 755 2581 781 ››
2614 734 2815 790 Fortes
2842 737 3066 809 quippe
3110 740 3215 812 qui
3269 745 3434 801 mala
3489 749 3702 803 mundi
3759 767 3764 773 ‘

2045 812 2298 870 tolerant
2321 834 2430 889 pro
2456 821 2706 892 mundo,
2736 825 2987 898 ejusque
3020 829 3264 900 gaudia,
3307 838 3369 887 ut
3417 835 3498 890 ita
3539 837 3702 893 dixe-

2042 901 2530 993 rim,quaarentes
2558 913 2835 984 perdunt,
2861 932 2969 971 nec
3008 922 3210 974 tamen
3267 920 3392 975 haec
3449 925 3699 993 perden-

2042 991 2122 1047 do
2151 994 2493 1064 fatigantur.
2528 1007 2608 1057 Ac
2644 1003 2692 1057 si
2723 1020 2863 1074 ergo
2889 1007 2978 1061 vir
3034 1013 3275 1064 sanctus
3307 991 3501 1066 dicat:
3551 1012 3699 1068 Mala

2043 1085 2258 1160 mundi
2287 1103 2396 1157 pro
2445 1092 2676 1148 mundo
2739 1095 2986 1152 tolerare
3017 1113 3272 1171 nequeo,
3318 1101 3461 1172 quia
3481 1102 3608 1172 jam
3637 1103 3697 1157 in

2043 1175 2171 1263 ejus
2200 1177 2494 1235 desiderio
2522 1180 2688 1237 fortis
2717 1199 2841 1240 non
2873 1203 3030 1242 sum.
3066 1191 3217 1244 Dum
3249 1190 3410 1245 enim
3431 1207 3696 1263 praesen-

2041 1261 2114 1317 tis
2135 1263 2266 1320 vitaa
2295 1266 2479 1322 ﬁnem
2509 1271 2836 1343 conspicio,
2894 1289 3000 1328 cur
3047 1291 3156 1346 pro
3213 1261 3452 1333 mundo
3498 1279 3692 1350 patiar

2043 1353 2215 1422 cujus
2248 1357 2579 1427 appetitum
2608 1360 2774 1415 calco
2801 1362 2828 1415 ?
2856 1364 3151 1434 Sequitur.

2113 1443 2280 1498 Vnus.
2314 1449 2397 1500 12.
2431 1447 2552 1502 Nec
2573 1449 2871 1516 fortitudo
2897 1453 3166 1520 lapidum
3199 1455 3500 1522 fortitudo
3543 1472 3694 1527 mea,

2041 1546 2147 1586 nec
2171 1547 2312 1588 caro
2344 1550 2473 1590 mea
2503 1551 2666 1592 enea
2695 1540 3029 1604 est.—Quid
3058 1541 3172 1596 hoc
3197 1541 3331 1598 loco
3353 1559 3467 1600 aere
3493 1545 3699 1602 autla-
3776 1561 3788 1574 '

271 1632 453 1688 terius
482 1632 690 1688 reﬁcit.
714 1635 781 1688 Et
807 1631 950 1704 quia
972 1631 1326 1704 plerumque
1381 1626 1663 1683 vitiorum
1713 1619 1926 1677 contri-
1956 1611 2000 1666 Β
2039 1620 2305 1692 pidibus,
2329 1623 2441 1679 nisi
2457 1625 2895 1684 insensibilium
2911 1629 3230 1686 hominum
3253 1633 3437 1689 corda
3460 1635 3698 1703 signan-

268 1715 495 1779 tidnem
524 1723 585 1779 in
613 1723 789 1779 nobis
816 1723 1104 1779 Dominus
1133 1736 1309 1792 agere
1337 1719 1599 1783 inchoat,
1629 1713 1732 1770 sed
1785 1726 1925 1767 cum

269 1829 442 1868 mens
469 1829 543 1868 ex
571 1812 706 1886 ipso
733 1813 979 1869 exordio
1011 1811 1312 1885 profectus
1339 1807 1656 1872 extollitur,
1712 1801 1923 1858 adver-

271 1902 429 1958 sario
458 1902 690 1958 aditum
710 1902 943 1974 pandit.
975 1903 1350 1973 Quapropter
1375 1897 1608 1955 fanctus
1649 1893 1736 1949 vir
1783 1907 1923 1947 exo-

268 1994 362 2046 rat
388 1989 595 2046 dicens
625 2007 637 2044 :
1428 1987 1436 1994 '

221 2146 224 2150 ,
343 2082 514 2135 Vens.
539 2084 591 2134 9.
625 2079 740 2145 Qui
766 2080 962 2148 erepit,
991 2081 1115 2147 ipse
1138 2094 1230 2133 me
1261 2081 1549 2132 conterat.
1574 2077 1723 2127 —Ac
1773 2070 1821 2125 si
1845 2069 1929 2125 di-

223 2233 231 2240 .
270 2171 372 2223 cat
403 2184 415 2221 :
445 2170 563 2223 Hoc
593 2167 836 2239 quodin
854 2183 950 2222 me
965 2182 1250 2222 exorsum
1273 2169 1378 2225 est,
1408 2161 1692 2236 perﬁcere
1719 2159 1924 2215 ferien-

268 2256 354 2313 do
383 2273 506 2313 non
527 2257 779 2321 desinat,
793 2273 870 2312 ne
889 2256 1193 2312 desertum
1218 2270 1315 2310 me
1337 2251 1678 2310 adversario
1696 2248 1773 2306 ad
1791 2263 1926 2304 con-

268 2346 573 2402 tritionem
605 2346 820 2402 tradat.
843 2345 1150 2418 Sequitur:
1181 2345 1388 2400 Solvat
1413 2357 1655 2398 manum
1677 2354 1847 2395 suam
1871 2344 1926 2393 et

267 2437 541 2492 succidat
555 2437 956 2493 me.—Sotvat
980 2451 1225 2492 manum
1243 2433 1478 2502 dicitur,
1497 2433 1767 2486 exerceat
1786 2427 1924 2483 eﬂ'e-

267 2529 451 2581 ctum.
489 2525 602 2582 Sed
635 2541 774 2581 cum
800 2541 912 2582 nos
943 2524 1141 2581 extolli
1171 2523 1454 2580 Conditor
1497 2520 1807 2592 conspicit,
1867 2521 1924 2572 et

267 2602 540 2672 amorem
571 2632 748 2670 suum
770 2631 912 2686 erga
940 2631 1054 2670 nos
1084 2631 1192 2686 per
1220 2614 1472 2671 verbera
1519 2628 1640 2668 non
1667 2612 1920 2678 exercet,

267 2703 415 2776 quia
441 2703 520 2759 ad
546 2703 812 2760 ferienda
840 2704 901 2759 in
921 2719 1035 2759 nos
1064 2708 1270 2760 nostra
1310 2702 1451 2758 vitia
1481 2716 1730 2757 manum
1757 2698 1921 2768 ligat.

207 2865 216 2876 ἱ
269 2796 340 2872 Et
367 2809 506 2850 cum
533 2809 775 2849 securos
797 2810 910 2850 nos
939 2810 1008 2849 ac
1038 2793 1113 2849 de
1133 2795 1415 2849 virtutum
1447 2789 1753 2847 afﬂuentia
1803 2787 1924 2843 ela-

270 2888 364 2938 tos
397 2889 638 2956 repente
661 2883 755 2939 vel
775 2883 992 2954 ﬂagelli
1023 2883 1215 2952 dolor,
1246 2883 1342 2938 vel
1389 2879 1747 2936 inﬁrmitatis
1807 2881 1930 2932 ten-

2039 1713 2153 1777 tur,
2185 1713 2290 1784 qui
2319 1714 2483 1772 nulla
2513 1717 2894 1787 percussione
2916 1720 3314 1776 mollescunt?
3336 1723 3464 1787 Quo
3487 1728 3696 1780 contra

2036 1799 2236 1856 electis
2263 1802 2514 1859 dicitur:
2550 1824 2578 1858 α
2605 1807 2831 1863 Tollam
2860 1809 3030 1864 vobis
3073 1825 3177 1865 cor
3219 1809 3548 1882 lapideum,
3580 1834 3606 1861 »
3636 1816 3696 1867 et

2034 1889 2265 1962 reliqua
2297 1892 2529 1962 (Ezech.
2582 1912 2781 1964 xxxvr,
2832 1899 2946 1970 26).
2995 1899 3218 1955 Paulus
3268 1917 3510 1973 quoque
3565 1901 3688 1956 ait:

2037 1999 2068 2031 ‹
2103 1980 2158 2035 Si
2187 1980 2405 2051 linguis
2435 1984 2752 2041 hominum
2796 1986 3012 2060 loquar
3040 1993 3093 2044 et
3142 1989 3516 2060 angelorum,
3553 2013 3580 2039 ››
3637 1993 3695 2045 et

2036 2068 2267 2141 reliqua
2293 2073 2351 2137 (Ι
2374 2073 2514 2128 Cor.
2545 2091 2672 2144 xm,
2712 2076 2778 2146 1).
2816 2077 3021 2150 Lapidi
3047 2077 3256 2133 similis
3301 2083 3391 2134 est
3417 2077 3692 2150 quisquis

2038 2175 2074 2214 a
2097 2160 2332 2231 pietatis
2352 2169 2651 2236 praecepto
2680 2165 2961 2235 durescit,
2991 2174 3048 2224 et
3076 2185 3393 2241 percussus
3429 2171 3693 2225 sonitum

2038 2247 2281 2304 humilis
2311 2250 2704 2307 confessionis
2729 2270 2853 2310 non
2879 2256 3092 2312 reddit.
3121 2257 3375 2321 Quidam
3403 2273 3543 2312 vero
3565 2273 3691 2311 me-

2037 2336 2178 2392 tallo
2204 2337 2336 2393 aeris
2360 2338 2420 2393 in
2441 2339 2606 2396 nullo
2637 2341 3065 2414 discrepantes,
3119 2360 3257 2399 cum
3304 2344 3544 2414 ﬂagella
3592 2359 3691 2398 su-

2034 2441 2235 2496 pernae
2261 2429 2662 2499 percussionis
2683 2431 3004 2503 accipiunt,
3037 2432 3152 2504 piae
3183 2432 3574 2488 confessionis
3601 2446 3692 2486 so-

2033 2513 2192 2569 nitus
2222 2517 2516 2574 emittunt.
2546 2519 2659 2574 Sed
2690 2519 2796 2592 qui
2819 2520 3170 2576 humilitatis
3200 2538 3378 2577 voces
3408 2537 3480 2575 ex
3511 2518 3690 2575 corde

2033 2620 2156 2660 non
2183 2608 2512 2679 proferunt,
2545 2609 2624 2666 ad
2652 2614 2870 2666 statum
2902 2611 3107 2666 salutis
3137 2611 3385 2681 reducti,
3416 2610 3692 2666 nesciunt

2034 2697 2201 2767 quod
2230 2699 2651 2770 promiserunt.
2677 2709 2758 2756 Ac
2785 2700 2833 2756 si
2863 2717 3003 2772 ergo
3043 2702 3132 2756 vir
3187 2706 3430 2757 sanctus
3483 2701 3643 2756 dicat
3675 2716 3688 2752 :

2036 2785 2449 2857 Reproborum
2482 2788 2863 2846 similitudine
2898 2789 3011 2844 sub
3037 2789 3364 2860 disciplinae
3424 2789 3690 2854 verbere,

2037 2889 2148 2929 nec
2179 2892 2343 2931 more
2370 2876 2642 2949 lapidum
2669 2878 2748 2933 ita
2787 2878 3104 2945 obduravi,
3160 2883 3223 2934 ut
3275 2895 3310 2934 a
3361 2877 3692 2933 ministerio

269 2971 417 3027 tatio
448 2972 721 3044 percutit,
754 2972 1028 3044 protinus
1052 2987 1087 3027 a
1114 2976 1302 3027 status
1335 2969 1426 3024 sui
1451 2968 1666 3024 vertice
1714 2964 1928 3021 mentis
1953 2956 2002 3016 Ο
2041 2963 2433 3021 confessionis
2464 2967 2900 3036 obmutescam,
2929 2984 3038 3023 nec
3084 2984 3325 3022 rursum
3378 2967 3555 3039 quasi
3613 2983 3694 3021 aes

271 3065 490 3116 nostrae
521 3061 698 3117 elatio
722 3056 954 3116 succisa
1004 3060 1180 3128 cadit,
1213 3063 1278 3116 ut
1306 3059 1380 3114 de
1413 3056 1736 3128 semetipsa
1787 3052 1934 3109 nihil

271 3151 515 3219 audeat,
540 3150 644 3206 sed
674 3149 1032 3206 inﬁrmitatis
1056 3166 1180 3205 suae
1213 3151 1332 3205 ictu
1358 3150 1658 3220 prostrata
1678 3158 1933 3200 manum

269 3239 526 3296 levantis
555 3243 804 3312 quaerat.
841 3241 990 3296 Hinc
1021 3244 1110 3296 est
1135 3239 1302 3312 quod
1329 3237 1518 3294 sancti
1566 3235 1673 3291 viri
1722 3232 1934 3290 tentari

271 3333 588 3402 appetunt,
619 3329 912 3399 ﬂagellari
929 3329 1383 3402 concupiscunt,
1413 3327 1677 3382 dicentes
1711 3343 1724 3380 :
1751 3345 1782 3378 ‹
1804 3327 1930 3378 Pro-

269 3418 358 3474 ba
383 3435 500 3485 me,
534 3420 805 3488 Domine,
837 3423 893 3475 et
923 3423 1081 3475 tenta
1109 3434 1205 3474 me
1227 3419 1415 3490 (Psal.
1466 3432 1608 3486 xxv,
1664 3415 1735 3486 2).
1761 3433 1791 3467 ‹
1824 3415 1890 3469 Et
1917 3428 1929 3466 :

271 3509 403 3576 Ego
433 3507 509 3563 ad
535 3507 770 3578 ﬂagella
799 3512 1046 3581 paratus
1081 3525 1218 3563 sum
1249 3507 1440 3578 (Psal.
1484 3520 1713 3573 xxxvu,
1763 3503 1868 3574 18).
1905 3523 1931 3550 ››

269 3597 571 3670 Sequitur.

349 3690 515 3744 Vens.
551 3688 634 3744 10.
666 3690 747 3744 Et
769 3688 892 3745 haec
916 3690 1065 3745 mihi
1086 3690 1161 3745 sit
1184 3687 1532 3757 consolatio,
1563 3692 1626 3741 ut
1651 3686 1931 3755 afﬂigens

269 3793 370 3832 me
395 3777 600 3834 dolore
628 3794 749 3834 non
776 3782 1172 3851 parcat—Ac
1190 3777 1240 3833 si
1270 3777 1429 3834 dicat
1459 3795 1472 3831 :
1502 3775 1650 3840 Quia
1679 3774 1773 3829 hic
1795 3773 1931 3829 ideo

268 3881 401 3921 non
431 3867 642 3939 parcit,
675 3871 740 3922 ut
768 3867 829 3922 in
858 3871 1217 3940 perpetuum
1239 3871 1468 3938 parcat.
1502 3869 1583 3921 Ex
1613 3863 1931 3921 afﬂictione

271 3955 442 4011 enim
470 3955 770 4022 corsolor,
801 3956 965 4027 quia,
1000 3956 1398 4028 corruptionis
1426 3956 1713 4010 humanm
1738 3959 1933 4025 putre-

267 4045 485 4102 dinem
501 4045 717 4110 sciens,
737 4045 815 4098 ad
833 4060 1000 4115 spem
1027 4045 1234 4100 salutis
1249 4062 1321 4100 ex
1339 4045 1583 4100 vulnere
1600 4048 1795 4099 certus
1807 4043 1936 4098 red-

267 4134 416 4190 dor.
439 4131 621 4187 Valde
647 4132 873 4204 quippe
894 4132 1058 4187 electi
1080 4133 1396 4188 formidine
1425 4133 1757 4200 tabescunt,
1801 4147 1939 4187 cum

269 4225 662 4296 perpetrasse
695 4237 755 4276 se
775 4220 977 4277 illicita
999 4237 1240 4291 novere,
1261 4221 1368 4277 sed
1389 4225 1832 4294 perscrutantes
1853 4220 1938 4275 in-

273 4311 549 4378 veniunt,
573 4310 717 4384 quia
751 4311 916 4367 nulla
969 4327 1080 4384 pro
1119 4311 1332 4368 illicitis
1380 4312 1635 4368 adversa
1673 4312 1942 4384 perpessi

276 4405 439 4456 sunt.
477 4389 753 4473 Sequitur
772 4419 783 4456 :
799 4402 922 4458 Nec
944 4402 1356 4459 contradicam
1379 4402 1748 4459 sermonibus
1767 4417 1938 4458 sane-

280 4490 653 4546 tis.——Verba
682 4491 781 4546 Dei
814 4492 892 4547 ad
911 4507 1025 4548 nos
1051 4495 1192 4547 sunt
1221 4491 1465 4548 effectus
1496 4491 1936 4564 operationum.

281 4583 350 4634 In
379 4595 449 4635 eo
480 4595 622 4650 ergo
651 4579 830 4636 nobis
860 4580 1143 4654 loquitur,
1172 4581 1338 4654 quod
1367 4597 1510 4652 erga
1556 4597 1668 4637 nos
1724 4581 1940 4637 tacitus

285 4672 586 4740 operatur.
622 4672 832 4725 Beatus
860 4670 1039 4740 igitur
1070 4670 1180 4726 Job
1226 4670 1604 4727 sermonibus
1653 4671 1753 4727 Dei
1809 4687 1947 4727 con-

289 4755 618 4825 tradiceret,
655 4757 703 4812 si
742 4757 818 4813 de
848 4759 978 4830 ejus
1006 4759 1496 4832 percussionibus
1520 4764 1944 4816 murmuraret.

291 4843 408 4898 Sed
436 4844 584 4916 quid
615 4845 690 4900 de
715 4861 1071 4918 percussore
1103 4864 1213 4904 suo
1234 4848 1448 4905 sentiat
1479 4848 1722 4911 indicat,
1763 4864 1948 4920 quem

291 4932 453 4987 enim
483 4933 791 4991 ferientem
813 4935 1040 5004 tolerat,
1069 4940 1345 4993 sanctum
1387 4940 1578 4993 vocat.
1624 4937 1900 5010 Sequitur
1931 4953 1943 4991 :

364 5021 537 5078 Vens.
577 5028 659 5079 11.
692 5024 830 5091 Quae
860 5031 942 5081 est
966 5026 1120 5082 enim
1145 5027 1443 5096 fortitudo
1473 5041 1604 5083 mea
1651 5031 1718 5082 ut
1771 5027 1948 5082 susti-

293 5124 488 5178 neam,
518 5118 625 5167 aut
647 5115 778 5184 quis
805 5116 945 5183 ﬁnis
974 5131 1158 5185 meus,
1191 5121 1255 5170 ut
1277 5118 1585 5186 patienter
1613 5131 1789 5187 agam
1832 5117 1860 5170 ?
1882 5147 1950 5156 —-

293 5199 614 5257 Sciendum
635 5204 801 5275 quod
837 5205 956 5262 alia
999 5207 1322 5277 justorum,
1349 5210 1528 5278 atque
1549 5206 1666 5264 alia
1686 5211 1774 5262 est
1791 5206 1954 5264 forti-

292 5287 442 5344 tudo
457 5291 874 5362 reproborum.
903 5297 1206 5352 Justorum
1231 5296 1457 5369 quippe
1511 5296 1792 5352 fortitudo
1846 5300 1953 5364 est,

294 5393 540 5457 carnem
569 5381 828 5451 vincere,
860 5384 1117 5455 propriis
1165 5385 1582 5458 voluptatibus
1638 5387 1952 5455 contraire,

297 5465 755 5526 delectationem
812 5470 947 5525 vitae
997 5473 1304 5542 praesentis
1350 5475 1748 5545 exstinguere.
1813 5476 1957 5532 Hinc

2039 3069 2252 3109 vocem
2271 3055 2663 3111 confessionis
2674 3071 2910 3126 resono,
2933 3061 2989 3111 et
3005 3072 3252 3112 sensum
3265 3056 3428 3111 vocis
3459 3057 3690 3125 ignoro.

2045 3142 2318 3213 Sequitur
2351 3161 2363 3198 :

2114 3235 2280 3289 Vens.
2318 3235 2584 3303 t3.Ecce,
2618 3251 2738 3290 non
2758 3241 2842 3291 est
2873 3235 3172 3290 auxilium
3199 3233 3351 3289 mihi
3378 3233 3441 3288 in
3493 3247 3601 3288 me.
3629 3263 3696 3272 —

2044 3319 2208 3379 Patet
2229 3324 2358 3394 jam
2386 3325 2464 3380 ad
2492 3326 2664 3396 cujus
2696 3323 2959 3397 speciem
2991 3322 3257 3396 percussi
3281 3323 3521 3379 animus
3568 3338 3698 3395 per-

2045 3417 2262 3481 currat,
2289 3430 2426 3469 cum
2440 3414 2503 3470 in
2529 3430 2590 3470 se
2613 3414 2726 3470 sibi
2747 3431 2875 3470 esse
2900 3413 3190 3470 auxilium
3211 3411 3410 3481 degat.
3433 3409 3699 3465 Plerum-

2042 3519 2160 3576 que
2192 3503 2352 3560 enim
2383 3505 2569 3561 virtus
2587 3505 2746 3562 avita
2771 3505 3030 3561 deterius
3056 3519 3242 3576 quam
3268 3501 3317 3556 si
3342 3501 3594 3570 deesset,
3619 3499 3699 3553 in-

2042 3595 2292 3665 terﬁcit;
2320 3595 2464 3668 quia
2518 3593 2666 3651 dum
2697 3594 2776 3651 ad
2823 3594 2916 3650 sui
2961 3591 3389 3649 conﬁdentiam
3432 3592 3699 3644 mentem

2043 3687 2230 3757 erigit,
2250 3687 2405 3742 hanc
2426 3684 2699 3742 elationis
2723 3684 2922 3755 gladio
2949 3682 3261 3752 transﬁgit.
3289 3679 3595 3753 Sequitur:
3620 3679 3701 3732 Et

2046 3778 2366 3833 necessarii
2383 3792 2614 3848 quoque
2636 3775 2750 3831 mei
2769 3778 3135 3830 recesserunt
3153 3787 3188 3827 a
3211 3767 3510 3834 me.-——Qui
3540 3766 3700 3822 enim

2044 3867 2352 3922 inﬁrmum
2383 3882 2444 3921 se
2475 3865 2534 3920 in
2565 3863 2955 3935 semetipsum
2982 3861 3267 3929 insinuat,
3313 3858 3392 3913 ad
3455 3855 3702 3926 majoris

2049 3957 2248 4014 adhuc
2277 3956 2555 4012 meritum
2588 3951 2947 4009 fortitudinis
2980 3950 3156 4005 etiam
3189 3947 3478 4020 proximis
3525 3944 3702 4000 desti-

2049 4046 2249 4102 tuitur.
2281 4043 2556 4114 Sequitur
2588 4058 2600 4094 :

2122 4137 2292 4189 Vens.
2330 4135 2413 4186 14.
2442 4131 2558 4198 Qui
2576 4129 2734 4183 tollit
2759 4127 2833 4182 ab
2852 4126 3043 4182 amico
3069 4140 3175 4178 suo
3209 4119 3704 4188 misericordiam,

2059 4227 2326 4281 timorem
2353 4219 2597 4276 Domini
2624 4210 3287 4287 deretinquet.—-Amici
3304 4208 3547 4266 nomine
3591 4208 3707 4263 hoc

2055 4315 2188 4370 loco
2205 4311 2516 4386 proximus
2527 4305 3151 4382 quilibetdesignatur.
3162 4305 3287 4357 Duo
3302 4303 3710 4371 suntpraacep-

2055 4409 2115 4460 ta
2133 4401 2455 4470 charitatis,
2471 4415 2641 4456 amor
2657 4395 2926 4453 videlicet
2938 4393 3037 4448 Dei
3054 4397 3111 4448 et
3125 4389 3399 4464 proximi.
3425 4391 3530 4444 Per
3546 4403 3711 4443 amo-

2054 4510 2180 4550 rem
2215 4492 2334 4560 Dei,
2367 4506 2538 4546 amor
2557 4486 2816 4562 proximi
2859 4484 3122 4555 gignitur
3155 4501 3167 4551 ;
3199 4486 3255 4536 et
3297 4496 3404 4552 per
3438 4493 3710 4535 amorem

2055 4582 2331 4658 proximi,
2358 4581 2458 4637 Dei
2486 4595 2658 4636 amor
2709 4576 3009 4642 nutritur;
3061 4573 3203 4628 Hinc
3260 4571 3549 4642 scriptum
3574 4571 3706 4658 est“:

2058 4654 2084 4722 ἶ(
2112 4672 2222 4738 Qui
2243 4686 2366 4727 non
2383 4668 2573 4738 diligit
2594 4667 2836 4722 fratrem
2854 4679 3034 4718 suum
3051 4677 3234 4733 quem
3254 4659 3435 4726 videt,
3458 4679 3484 4706 »
3503 4660 3560 4712 et
3583 4654 3713 4710 reli-

2057 4777 2177 4834 qua
2200 4763 2401 4831 (Joan.
2430 4774 2508 4824 1v,
2528 4757 2639 4828 20).
2661 4757 2804 4820 Quae
2821 4757 3022 4808 tamen
3039 4749 3244 4805 divina
3265 4746 3498 4802 dilectio
3523 4760 3632 4817 per
3653 4743 3716 4798 ti-

2059 4865 2290 4906 morem
2307 4846 2591 4912 nascitur,
2627 4843 2731 4899 sed
2752 4843 2815 4897 in
2831 4841 3111 4897 affectum
3135 4835 3456 4892 crescendo
3471 4849 3716 4907 permu-

2060 4943 2235 4996 tatur.
2273 4935 2568 5008 Scriptum
2591 4937 2678 4989 est
2707 4931 2867 4988 enim
2893 4947 2904 4983 :
2943 4951 2970 4978 ‹‹
3002 4931 3128 4984 Non
3159 4929 3516 4996 agnoscetur
3535 4923 3596 4980 in
3611 4922 3719 4979 bo-

2064 5028 2156 5083 nis
2188 5026 2442 5090 amicus,
2465 5027 2522 5080 et
2541 5038 2663 5079 non
2685 5021 2910 5077 celatur
2929 5018 2988 5074 in
3007 5016 3181 5073 malis
3206 5014 3482 5071 inimicus
3501 5014 3714 5086 (Ecctz.

2064 5135 2166 5186 xu,
2183 5118 2256 5187 8).
2279 5139 2304 5165 »
2325 5113 2474 5181 Quia
2486 5112 2771 5169 nimirum
2789 5109 2892 5183 qui
2913 5125 2984 5165 ex
3006 5106 3357 5165 adversitate
3373 5104 3720 5177 proximum

2067 5205 2338 5278 despicit,
2371 5207 2572 5276 aperte
2599 5197 2969 5257 convincitur
2998 5196 3164 5270 quod
3192 5196 3354 5251 hunc
3379 5193 3439 5247 in
3471 5202 3721 5278 prospe-

2069 5297 2150 5354 ris
2173 5275 2296 5352 non
2326 5275 2563 5352 amavit.
2624 5294 2691 5346 Et
2741 5306 2882 5346 cum
2934 5287 3316 5360 omnipotens
3360 5285 3531 5342 Deus,
3587 5275 3723 5330 ideo

2072 5385 2372 5460 quosdam
2387 5381 2656 5455 percutit,
2683 5385 2750 5436 ut
2767 5394 3086 5452 percussos
3111 5369 3444 5461 erudiat,_et
3458 5379 3578 5461 non
3596 5379 3726 5461 per-

2075 5453 2266 5531 cussis
2297 5453 2678 5528 occasionem
2705 5466 2850 5523 boni
2871 5463 3068 5536 operis
3123 5455 3405 5528 praebeat,
3451 5453 3726 5525 quisquis

297 5556 458 5611 enim
492 5559 714 5614 sanctis
744 5558 959 5617 dicitur
988 5578 1000 5613 :
1036 5579 1066 5611 «
1097 5560 1350 5618 Viriliter
1390 5543 1573 5634 agite;
1598 5587 1616 5617 ι
1650 5568 1706 5620 et
1730 5564 1960 5638 reliqua
2035 5632 2043 5638 _
2079 5578 2432 5637 percussum
2462 5559 2732 5632 despicit,
2760 5555 3143 5612 occasionem
3174 5543 3402 5600 virtutis
3445 5561 3482 5599 a
3538 5559 3616 5638 se.
3644 5557 3730 5638 re-

299 5646 496 5716 (Ρδαιο
555 5667 696 5717 mi,
746 5649 857 5726 25).
916 5649 1332 5726 Repgoboruin
1381 5628 1522 5711 vero
1558 5628 1976 5712 fortitudo-est
2035 5632 2043 5638 ’
2081 5628 2266 5726 pellit,
2295 5657 2352 5709 et
2381 5654 2544 5708 tanto
2573 5628 2831 5717 nequius
2862 5657 2922 5695 se
2955 5639 3166 5693 contra
3193 5638 3507 5726 Auctorem
3538 5628 3728 5698 erigit,

745 5724 994 5777 ΡΑῑιιοι..
1036 5721 1303 5778 CXXXIII.

3248 5710 3300 5763 6.
