4154 6160
501 140 606 248 in

1531 172 1598 233 ιε.
1633 177 1898 235 'OD'ONIS
1935 157 2776 232 ABBM‘IS‘EL’UMACENSIS
2807 165 2880 231 -‘u.

3813 169 3949 228 (1ῒὲ

507 316 735 390 quanto
753 309 920 368 nunc
950 315 1060 364 nec
1277 303 1464 362 salute
1481 303 1750 377 propria,
1777 313 1894 358 nec
1928 299 2158 372 justum
2189 293 2241 346 A
2273 298 2501 390 cantur,
2536 297 2592 354 et
2619 297 2796 372 quasi
2827 303 2992 356 extra
3017 315 3081 356 se
3111 300 3262 356 tensi
3291 299 3370 356 ad
3407 297 3774 370 semetipsos
3811 297 3952 370 Ῥει-

497 407 568 462 ‘i‘n
588 397 784 462 alieno
811 395 1056 454 vulnere
1067 393 1366 466 agnoscit.
1393 391 1676 466 Sequitur
1707 409 1720 447 :

577 509 752 566 Vens.
772 503 866 564 ἀί.
894 489 1334 563 Ρνωῖρνῖθναηί
1357 519 1446 558 me
1465 502 1617 557 sicut
1646 505 1878 556 torrens
1893 513 1995 570 qui
2021 511 2163 564 rap-

507 599 611 658 tim
641 588 863 655 transit
891 597 954 652 in
976 591 1351 652 convallibus
1389 591 1618 662 fratres
1663 590 2039 658 mei—Saepe
2073 599 2164 639 re-

504 686 681 765 prbbi
708 703 844 745 eam
873 683 1057 740 ﬁdem
1087 699 1276 756 quam
1309 686 1601 747 tenemus,
1627 665 1881 735 retinent
1913 694 1924 731 :
1951 673 2163 731 eadem

507 764 886 837 sacramenta
908 770 1268 848 percipiunt,
1291 771 1563 843 ejusdem
1593 766 1898 839 religionis
1919 764 2168 820 veritate

507 869 906 934 continentur,
935 863 1044 921 sed
1075 868 1280 920 tamen
1305 875 1441 917 cum
1466 859 1685 933 passio
1701 859 1768 913 .is
1792 856 2022 912 viscera
2038 869 2172 910 nes-

515 959 699 1030 ciunt,
729 958 845 1013 vim
880 951 1202 1020 charitatis,
1233 951 1434 1025 quain
1461 949 1714 1005 Domino
1763 947 2092 1018 ﬂagramus
2115 949 2172 1002 et

507 1047 806 1124 proximo,
837 1061 962 1102 non
983 1045 1335 1114 agnoscunt.
1352 1037 1530 1097 'Recte
1557 1055 1700 1109 ergo
1725 1043 1781 1094 et
1801 1041 2165 1111 praetereun-

512 1145 602 1196 tes
632 1133 938 1204 vocarftur,
967 1133 1111 1208 quia
1139 1149 1210 1188 ex
1231 1147 1352 1186 uno
1375 1128 1580 1186 matris
1599 1127 1914 1184 nobiscum
1931 1125 2168 1197 gremio

513 1244 622 1301 per
647 1225 832 1282 ﬁdem
853 1223 1180 1298 prodeunt,
1211 1219 1318 1276 sed
1345 1219 1407 1274 in
1438 1235 1558 1274 uno
1612 1210 1926 1273 charitatis
1970 1213 2168 1272 studio

515 1334 656 1389 erga
687 1319 874 1373 Deum
904 1317 960 1370 et
988 1311 1330 1386 proximum
1349 1325 1472 1364 non
1503 1309 1807 1377 ﬁguntur.,
1851 1305 1963 1371 Qui
2007 1304 2167 1361 enim

515 1411 747 1464 terrena
778 1403 1052 1473 diligunt.
1084 1416 1254 1474 spem
1279 1414 1554 1472 supernas
1609 1398 1816 1468 patriae
1863 1395 2168 1455 deserunt.

513 1492 688 1568 quasi
719 1509 792 1548 ex
812 1486 1122 1548 montibus
1178 1503 1346 1543 more
1394 1485 1666 1541 torrentis
1703 1481 1890 1538 valles
1937 1484 2166 1555 petunt.

515 1585 674 1650 Quos
709 1573 1462 1655 temenhiemsqprassentis
1498 1573 1630 1629 vitae.
1660 1570 2034 1655 multiplicat,
2067 1569 2172 1625 sed

516 1677 690 1728 testas
717 1668 953 1726 venturi
974 1647 1182 1738 judicii
1213 1652 1489 1731 exsiccet,
1523 1667 1578 1718 et
1607 1651 1998 1734 reproborum
2025 1647 2172 1715 laeti-

517 1759 660 1817 tiam
691 1759 754 1814 in
801 1756 1136 1834 ariditatem
1187 1745 1377 1810 vertit.
1417 1751 1760 1809 Torrentem
1817 1749 2040 1822 quippe
2092 1747 2170 1804 ad

519 1839 1091 1918 convallemrapiim
1117 1841 1367 1899 transire
1416 1845 1521 1908 est,
1572 1855 1896 1913 pravorum
1942 1841 2172 1894 mentes

519 1919 602 1993 ad
631 1935 754 1992 ima
809 1930 1104 1990 desideria
1151 1931 1276 1987 sine
1333 1928 1646 1986 obstaculo
1701 1944 1772 1984 ac
1825 1919 2173 1982 difﬁcultate

518 2022 900 2082 descendere.
931 2019 1137 2079 Omnis
1163 2019 1322 2076 enim
1354 2034 1639 2075 ascensus
1695 2017 1758 2073 in
1809 2012 2017 2072 labore
2064 2017 2171 2082 est,

519 2103 844 2166 descensus
873 2107 936 2163 in
963 2102 1286 2162 voluntate.
1348 2103 1544 2159 Aliter.
1583 2102 1652 2159 Si
1701 2099 2002 2158 convalles
2051 2099 2176 2154 ima

517 2193 840 2268 poenarum
859 2185 1001 2248 'loca
1025 2188 1427 2258 intelligimus,
1475 2181 1690 2258 ‘in’justi
1746 2185 1970 2260 quique
2026 2186 2176 2240 sicut

517 2283 752 2334 terrena
779 2276 999 2349 raptim
1017 2275 1109 2332 'ad
1139 2271 1473 2330 convallem
1493 2273 1830 2337 transeunt,
1862 2269 1966 2343 qui
1981 2268 2174 2325 inlhac

517 2362 640 2418 vita
668 2365 857 2435 quam
887 2359 1024 2416 totis
1061 2356 1373 2415 desideriis
1427 2355 1738 2430 appetunt,
1791 2355 1896 2410 diu
1945 2360 2174 2426 nequa-

518 2455 706 2526 quam
729 2451 1002 2522 (Videtur
1029 2449 1126 2506 hic
1153 2447 1397 2504 verbum
1426 2440 1725 2517 quoddam
1769 2445 1984 2516 deesse)
2043 2458 2178 2516 pos-

519 2544 679 2596 sUnt.
699 2542 860 2596 ’Na’m
893 2542 1040 2612 quot
1077 2536 1208 2592 dies
1268 2531 1456 2591 atatis
1505 2534 1824 2606 accipiunt,
1860 2533 2035 2605 quasi
2091 2536 2178 2588 tot

519 2623 1122 2702 quotidie’gressibus
1150 2623 1230 2680 ad
1257 2623 1440 2678 ﬁnem
1490 2621 1871 2678 'tendunt.‘ln
1922 2620 2174 2690 longum

521 2716 768 2790 quidem
807 2711 1514 2788 voluptatum-desideria
1537 2710 1909 2784 pertrahunt,
1942 2709 2047 2765 sed
2093 2709 2176 2766 ad

517 2805 736 2863 inferni
767 2805 1030 2862 claustra
1050 2804 1295 2876 repente
1313 2799 1756 2874 producuntur.
1779 2798 2057 2873 Sequitur
2087 2817 2100 2855 :

589 2913 764 2970 Vens.
803 2913 886 2969 16.
922 2911 1038 2980 Qui
1065 2913 1226 2967 timet
1251 2909 1556 2979 pruinam,
1587 2910 1774 2965 irruet
1814 2923 1995 2978 super
2043 2923 2176 2967 eum

2273 385 2582 442 circuitum
2603 392 2872 446 redeunt.
2898 389 3009 456 Qui
3039 389 3204 446 bona
3225 389 3470 463 quidem
3502 387 3772 460 cupiunt,
3813 386 3951 442 eod

2275 491 2310 530 a
2341 475 2514 532 malis
2535 493 2847 550 nunquam
2875 480 3178 536 recedunt.
3213 482 3354 535 Esse
3384 479 3611 552 quippe
3648 476 3943 540 humiles,

2276 561 2381 620 sed
2399 565 2526 622 sine
2549 566 2855 640 despectu,
2889 585 3018 625 esse
3050 569 3308 625 contenti
3330 567 3614 641 propriis,
3648 566 3750 622 sed
3791 565 3946 623 sine
3997 575 4000 578 ’

2271 654 2642 717 ϊιθῠθεείΐθέίθ,
2667 673 2794 712 esse
2825 658 2989 726 casti,
3025 657 3131 714 sed
3153 657 3289 714 “sine
3344 657 3748 714 maceratione
3795 669 3946 713 cor-

2275 744 2460 834 poris,
2493 755 2624 801 esse
2647 748 2965 820 patientes,
3000 748 3108 804 sed
3134 749 3260 804 sine
3289 745 3939 817 contumeliis,voluut.

2280 831 2480 890 Aliter.
2499 837 2674 909 ‘Szepe
2704 849 2968 910 namque
2993 837 3271 894 nonnulli
3305 841 3511 894 contra
3532 836 3752 910 quentia
3779 856 3812 888 ἰ
3852 835 3946 890 vi-

2279 923 2358 978 tia
2381 939 2441 979 se
2474 926 2854 983 vehementer
2891 928 3232 999 accingunt,
3285 927 3392 982 sed
3431 925 3726 1000 quietiam
3767 924 3943 980 utubi-

2280 1027 2416 1082 gere
2446 1014 2773 1085 negligant.
2790 1019 3060 1090 Cumque
3083 1035 3144 1074 se
3168 1022 3374 1074 contra
3388 1017 3650 1072 'ista‘non
3675 1015 3938 1085 erigunt,

2278 1103 2461 1165 et‘illa
2491 1112 2698 1165 contra
2727 1123 2788 1164 se
2819 1113 3099 1180 reparant
3147 1121 3284 1180 qua;
3331 1107 3710 1178 subegerunt.
3767 1107 3940 1164 Illius

2278 1213 2520 1256 carnem
2555 1215 2589 1254 a
2609 1195 2834 1256 'luxura
2860 1198 3114 1266 domuit,
3147 1198 3255 1254 sed
3281 1202 3544 1254 mentem
3575 1197 3654 1254 a‘b
3683 1197 3940 1255 avaritia

2277 1290 2506 1358 retinet,
2537 1293 2886 1360 erumpente
2915 1287 3262 1344 'occasion'is
3319 1285 3588 1356 articulo,
3643 1285 3823 1342 etiam
3863 1286 3938 1342 'in

2271 1373 2574 1433 luxuriam
2595 1371 2844 1447 ’labitur,
2869 1394 3054 1451 quam
3077 1379 3210 1450 *jam
3243 1376 3552 1446 subegisse
3580 1375 3935 1432 videbatur.

2279 1466 2617 1540 Aliquando
2640 1483 2782 1523 vero
2803 1467 3416 1536 inrolutis‘gressumn
3433 1464 3679 1536 semitis,
3693 1470 3764 1522 'et
3785 1479 3940 1522 non-

2269 1555 2444 1612 nulla
2473 1556 2651 1629 culpa
2679 1551 3032 1626 devincitur,
3060 1561 3117 1613 et
3141 1556 3255 1612 alia
3282 1571 3394 1628 per
3413 1555 3593 1612 aliam
3631 1559 3939 1628 perpetra-

2182 1629 2392 1700 lB'tur.
2421 1637 2576 1702 Nam
2598 1661 2756 1720 saepe
2785 1646 2942 1702 furto
2964 1646 3316 1715 negationis
3369 1645 3660 1717 jungitur,
3711 1649 3767 1701 et
3791 1657 3939 1716 Ῥω·-

2274 1733 2414 1804 jurii
2444 1735 2726 1808 deinceps
2747 1741 2923 1792 ‘re‘atu
2938 1735 3312 1799 cumulatur,
3329 1739 3388 1791 et
3411 1733 3938 1808 culpa-culptead-

2275 1823 2565 1894 jungitur.
2586 1825 2752 1890 ‘Quid
2773 1823 2946 1882 “aliud
2961 1831 3166 1899 quam
3187 1824 3473 1882 involutis
3485 1823 3725 1880 semitis
3739 1827 3939 1895 atque

2269 1907 2582 1970 ‘innodatis
2610 1915 2865 1971 vindulis
2886 1921 3224 1988 pravorum
3245 1913 3695 1984 gre‘ssus‘ii'gant
3721 1911 3939 1968 ?’Uude

2281 2015 2388 2073 per
2417 2003 2633 2060 Isaiam
2663 2004 2878 2060 dicitur
2909 2023 2921 2060 :
2957 2025 2986 2058 ‹
3046 2008 3112 2061 Et
3168 2005 3272 2062 erit
3332 2004 3526 2061 cubile
3576 2003 3937 2068 draconum,

2283 2099 2340 2150 et
2379 2110 2610 2166 pascua
2663 2091 3086 2165 stru‘ttiionum,
3125 2099 3200 2150 et
3230 2091 3560 2150 occurrerit
3595 2083 3944 2159 'atemonia,

2283 2191 2724 2242 onocentaurus
2743 2190 2813 2242 'et
2837 2184 3068 2258 pilosus
3097 2181 3378 2242 clama-vit
3406 2185 3554 2242 alter
3579 2185 3658 2242 ad
3683 2174 3937 2240 alterum

2283 2265 2422 2358 ('Isa.
2453 2291 2608 2341 xxw,
2653 2275 2756 2346 l3).
2795 2299 2821 2326 »
2857 2275 3027 2342 Quid
3063 2290 3172 2348 per
3200 2273 3661 2345 dracones,
3688 2272 3934 2340 malitia;

2281 2357 2428 2438 quid
2479 2379 2588 2437 per
2617 2364 3030 2434 struthionem,
3048 2363 3522 2438 uisi‘hypocrisis
3547 2361 3938 2434 deeignatlu?

2284 2457 2350 2508 Et
2381 2453 2524 2538 quia
2553 2453 2750 2510 Greece
2781 2471 2922 2512 onus
2953 2455 3158 2512 asinus
3190 2453 3426 2525 dicitur,
3454 2451 3940 2528 per'asinum’lu-

2280 2543 2454 2600 xuria
2483 2543 2836 2616 designatur
2861 2563 2873 2613 ;
2894 2555 3013 2619 ‘per
3035 2561 3249 2602 aurum
3284 2560 3435 2602 vero
3457 2544 3676 2601 cervix
3731 2549 3937 2615 super-

2267 2637 2394 2694 ‘biae
2419 2637 2890 2705 demonstratur,
2925 2640 2990 2692 ut
3017 2635 3160 2692 illud
3188 2654 3200 2691 :
3237 2658 3264 2687 «
3297 2634 3474 2692 Tauri
3523 2634 3779 2708 pingues
3817 2631 3941 2688 ’61)-

2283 2728 2565 2784 sederunt
2617 2735 2714 2784 me
2768 2728 2891 2800 (Ps.
2945 2741 3070 2794 xx:,
3135 2727 3240 2799 i3).
3291 2749 3318 2776 »
3357 2724 3770 2783 ’Onocentauri
3789 2736 3938 2794 ergo

2285 2823 2444 2890 sunt,
2477 2818 2580 2892 qui
2620 2817 2871 2890 subjecti
2917 2817 3071 2874 vitiis
3112 2811 3396 2887 luxuria,
3453 2815 3593 2872 inde
3648 2815 3940 2871 cervicem

2284 2907 2537 2978 erigunt,
2569 2907 2730 2963 unde
2761 2906 3062 2963 humiliari
3089 2904 3940 2972 debuerant.’Pilo‘sus,'Grmce

517 3005 721 3060 nix.-—
747 3001 970 3058 Pruina
995 2999 1221 3074 quippe
1251 2995 1496 3054 interius
1528 2995 1789 3066 gelescit,
1822 2997 1921 3052 nix
1970 2979 2176 3054 autem
2187 2973 2246 3054 ’0
2283 2993 2497 3060 dicitur
2541 2999 2706 3061 τέάνας
2742 2999 2940 3055 Latine
2971 3039 2984 3060 ,
3019 2997 3280 3054 incubes.
3319 2999 3601 3063 'Quorum
3649 2995 3939 3052 nimirum

515 3093 590 3148 de
621 3089 1034 3164 superioribus
1072 3087 1214 3144 ruit.
1248 3088 1315 3142 Et
1345 3101 1503 3158 saepe
1532 3085 1806 3142 nonnulli
1835 3085 1983 3141 dum
2033 3089 2178 3142 tem-

511 3181 742 3254 poralia
765 3180 1027 3236 adversa
1051 3177 1508 3251 pertimescunt,
1545 3173 1977 3232 districtionem
2005 3180 2172 3232 aeter-

516 3286 609 3325 nae
641 3268 1013 3325 adversionis
1043 3265 1356 3336 abjic‘iunt,
1388 3263 1461 3318 de
1491 3263 1710 3334 quibus
1732 3263 1964 3320 dicitur.
2023 3287 2050 3314 «
2111 3265 2176 3321 ll-

514 3358 590 3414 lic
619 3356 1071 3429 trepidaverunt
1098 3355 1334 3422 timore,
1367 3375 1394 3400 »
1427 3347 1484 3411 et
1527 3349 1758 3424 reliqua
1801 3352 1990 3423 (Psat.
2050 3371 2170 3422 XIII,

517 3447 592 3518 5).
627 3447 842 3504 Contra
873 3443 972 3502 alii
1000 3443 1062 3500 in
1094 3446 1248 3499 terra
1272 3441 1549 3498 homines
1599 3443 1806 3497 contra
1860 3443 2172 3500 veritatem

514 3539 755 3609 pavent,
785 3535 914 3604 ejus
943 3532 1204 3589 veritatis
1248 3531 1400 3586 iram
1453 3529 1684 3586 caelitus
1749 3531 2060 3604 sustinent,
2117 3537 2173 3590 et

515 3623 613 3678 alii
640 3637 781 3678 cum
807 3621 1019 3694 pati‘in
1050 3624 1206 3676 terra
1241 3618 1512 3691 inOpiam
1563 3622 1856 3686 metuunt,
1905 3619 1965 3675 in
1997 3624 2175 3676 teter-

515 3709 662 3767 num
695 3709 807 3766 sibi
829 3708 1267 3766 abundantiam
1322 3715 1596 3780 supernae
1648 3701 1984 3765 refectiO‘nis
2038 3709 2176 3766 abs-

515 3799 784 3856 cindunt.
820 3798 1096 3872 Sequitur
1123 3815 1135 3852 :
1381 3805 1388 3808 '

585 3909 760 3963 Vens.
799 3912 883 3962 l7.
928 3907 1210 3975 Tempore
1239 3919 1354 3975 quo
1400 3896 1634 3973 fuerint
1690 3903 1968 3974 dissipati
2017 3906 2175 3975 peri-

515 3997 683 4052 bunt.
712 4028 782 4036 —
810 3995 970 4058 Quos
991 3993 1152 4050 enim
1182 3991 1492 4066 prmsentis
1523 3990 1658 4047 vitae
1707 3987 2042 4049 sollicitudo
2085 4009 2177 4048 or-

513 4087 698 4154 dinat,
732 4084 976 4142 amissio
1001 4083 1273 4166 dissipat,
1297 4087 1352 4139 et
1378 4087 1518 4138 tunc
1537 4081 1716 4138 etiam
1739 4081 1994 4138 exterius
2012 4099 2178 4156 pere-

515 4180 643 4247 unt,
675 4175 781 4252 qui
824 4174 994 4232 intus
1021 4173 1256 4228 dudum
1303 4176 1528 4228 (eterna
1575 4167 1935 4243 negligendo
1991 4172 2178 4246 perie-

511 4268 670 4320 runt.
698 4263 1010 4335 Sequitur:
1039 4263 1117 4318 Et
1147 4277 1280 4317 cum
1305 4261 1698 4323 incaluerint,
1745 4263 2058 4318 solventur
2101 4262 2176 4318 de

2284 3095 2476 3151 forma
2503 3087 2580 3150 ab
2597 3093 2882 3148 'humana
2905 3088 3100 3159 efﬁgie
3126 3085 3426 3160 incipitur,
3458 3078 3818 3142 sed‘bestiali
3843 3101 3943 3141 ex-

2282 3184 2572 3241 tremitate
2603 3181 2971 3237 terminatur.
2997 3177 3154 3235 Nam
3179 3193 3337 3251 saepe
3363 3175 3578 3234 edendi
3626 3175 3940 3232 delectatio

2284 3271 2464 3329 servit
2495 3270 2666 3343 gulae,
2694 3273 2750 3326 et
2780 3259 3022 3325 simulat
3039 3267 3254 3324 servire
3275 3265 3939 3337 indigentiae.'Cumque

2281 3366 2546 3420 ventrem
2579 3361 2640 3416 in
2685 3359 3012 3430 ingluviem
3045 3355 3324 3424 eitten'dit,
3375 3345 3942 3412 membra‘in'luxu-

2280 3453 2435 3510 riam
2466 3451 2654 3521 erigit.
2687 3450 2917 3506 Pilosus
2943 3451 3142 3504 autem
3175 3446 3322 3502 alter
3376 3436 3453 3501 "ad
3511 3443 3765 3500 alterum
3814 3442 3938 3500 cla-

2283 3547 2426 3610 mat,
2460 3540 2594 3599 cu‘m
2627 3527 3294 3615 perpetratra‘nequitia
3325 3535 3422 3592 ad
3455 3533 3941 3608 ‘perpetran’dam

2282 3633 2462 3690 aliam
2476 3634 2782 3705 provocat.
2818 3628 3094 3702 Sequitur
3123 3645 3136 3682 :
3165 3625 3667 3683 Ambulabuntin
3683 3638 3940 3682 vacuum

2283 3730 2338 3781 et
2351 3721 2656 3793 peribunt.
2685 3751 2756 3762 —
2782 3720 2847 3775 In
2876 3727 3138 3776 vacuum
3167 3717 3392 3792 quippe
3423 3715 3739 3773 ambulant
3790 3713 3943 3788 quid

2282 3812 2431 3870 nihil
2457 3827 2663 3870 secum
2686 3811 2764 3866 de
2781 3809 2991 3866 "fructu
3021 3809 3111 3866 sui
3135 3807 3362 3864 laboris
3379 3808 3654 3880 portant.
3713 3806 3943 3862 Cuncta

2283 3902 2444 3958 enim
2493 3902 2622 3958 haec
2668 3899 2931 3956 moriens
2985 3897 3222 3965 deserit,
3280 3905 3416 3969 quae
3451 3894 3686 3967 injuste
3713 3892 3941 3948 ‘vivens

2285 3983 2641 4066 concupivit.
2674 3991 2748 4046 At
2777 3993 2984 4046 contra
3013 3988 3075 4045 in
3103 3987 3235 4059 lege
3263 3986 3496 4043 dicitur.
3531 4009 3560 4035 «
3593 3983 3720 4041 Non
3746 3994 3941 4056 appa-

2283 4074 2524 4140 re'bis'in
2551 4081 2877 4154 conspectu
2906 4095 3043 4136 meo
3071 4093 3301 4136 vacuus
3331 4071 3549 4146 (Exod.
3575 4083 3737 4144 x‘xm,
3764 4074 3874 4145 li).
3911 4097 3941 4124 »

2273 4167 2353 4228 'Et
2379 4171 2455 4228 de
2497 4165 2682 4243 'justis
2738 4170 2953 4226 dicitur
3001 4187 3013 4224 :
3067 4167 3442 4224 «Venientes
3471 4169 3673 4222 autem
3701 4163 3947 4220 venient

2285 4279 2426 4320 cum
2453 4262 2867 4328 exsultatione,
2900 4278 2932 4314 ›
2953 4264 3011 4316 et
3039 4255 3270 4332 reliqua
3301 4257 3422 4330 (Ps.
3456 4273 3627 4324 cxxv,
3677 4257 3761 4323 '6).
3821 4250 3943 4309 Sed

516 4353 642 4408 loco
671 4366 797 4408 suo.
831 4382 899 4390 —
923 4349 1170 4420 Iniquus
1193 4349 1354 4404 enim
1385 4348 1643 4420 quisque
1671 4364 1810 4404 cum
1841 4349 2169 4415 incaluerit,
2201 4341 2248 4396 Β
2286 4352 2429 4426 quia
2457 4352 2714 4423 injustus
2739 4349 2994 4423 quisque
3027 4346 3441 4422 promerendae
3477 4345 3610 4403 vitae
3659 4341 3944 4400 meritum

514 4440 589 4495 de
613 4439 746 4494 loco
779 4454 888 4493 suo
911 4437 1178 4504 solvitur,
1212 4435 1357 4508 quia
1413 4435 1473 4490 in
1517 4435 1746 4507 judicio
1773 4437 2014 4494 'intimte
2055 4440 2171 4496 dis-

515 4527 800 4585 trictionis
819 4524 1318 4600 appropinquans
1339 4541 1478 4580 cum
1498 4524 1627 4596 jam
1643 4541 1750 4598 per
1770 4528 2170 4597 cognitionem
2223 4533 2227 4538 ’

513 4631 706 4691 pcenze
739 4615 964 4672 fervere
995 4611 1258 4688 coeperit,
1287 4613 1366 4671 ab
1397 4628 1467 4669 ea
1515 4629 1652 4687 quae
1709 4615 1944 4672 dudum
1979 4617 2174 4674 'inhae-

515 4711 674 4764 serat
701 4705 896 4763 carnis
928 4721 1051 4762 suae
1073 4700 1464 4762 delectatione
1495 4707 1827 4776 separatur.
1861 4705 2004 4762 Hinc
2035 4723 2173 4764 con-

515 4803 602 4854 tra
623 4797 917 4872 reprohos
949 4795 1164 4853 dicitur
1183 4812 1290 4869 per
1319 4794 1680 4869 prophetam
1714 4813 1726 4850 :
1763 4816 1789 4843 ‹‹
1823 4797 1888 4851 Et
1918 4799 2176 4854 tantum-

513 4885 696 4942 modo
727 4886 855 4942 sola
884 4887 1116 4942 vexatio
1157 4884 1519 4942 intellectum
1569 4882 1738 4940 dabit
1765 4883 1994 4942 auditui
2035 4886 2172 4961 (Isa.

513 4989 719 5041 xxviii,
758 4979 866 5034 l9).
903 4977 1323 5062 »'Prmsentem
1351 4968 1540 5030 vitam
1580 4989 1652 5030 ex
1708 4973 2004 5032 desiderio
2045 4977 2177 5034 reti-
2215 4977 2220 4982 “

513 5067 634 5133 net,
673 5063 776 5141 sed
810 5063 884 5119 de
914 5063 1048 5120 loco
1080 5079 1192 5120 suo
1249 5055 1518 5134 solvitur,
1577 5064 1682 5138 qui
1734 5063 2175 5134 oblectamenta
2213 5055 2220 5058 ’

511 5154 710 5212 carnis
738 5153 1109 5220 desiderans,
1135 5153 1265 5224 ejus
1291 5147 1508 5211 duritia
1549 5170 1658 5227 per
1699 5153 2058 5228 supplicium
2113 5157 2179 5214 li-

510 5250 752 5320 quatur.
783 5243 1062 5317 Sequitur
1091 5259 1104 5298 :

583 5354 760 5412 Vens.
785 5357 870 5410 18.
896 5352 1194 5409 Involuta:
1211 5356 1356 5407 sunt
1373 5353 1597 5409 semitae
1613 5367 1926 5422 gressuum
1947 5369 2170 5414 eorum.

509 5469 582 5482 --
611 5444 800 5500 Omne
829 5441 999 5516 quod
1016 5439 1364 5510 involvitur,
1397 5439 1456 5496 in
1489 5440 1878 5513 semetipsum
1929 5443 2175 5516 replica-

515 5535 626 5588 tur.
663 5531 776 5588 Sed
799 5536 937 5588 sunt
967 5529 1240 5588 nonnulli
1265 5530 1371 5604 qui
1393 5538 1554 5586 recta
1572 5529 1818 5603 quidem
1839 5530 2173 5591 deliberan-

510 5621 592 5678 do
618 5623 930 5695 appetunt,
965 5622 1069 5679 sed
1089 5621 1178 5680 ad
1205 5624 1494 5680 consueta
1523 5635 1760 5694 semper
1789 5621 1951 5681 mala
1981 5625 2170 5699 repli-

2265 4429 2436 4496 'bene
2456 4438 2693 4510 agendo
2719 4435 3164 4512 nonprovidet,
3197 4435 3257 4492 in
3299 4438 3628 4510 conspectu
3663 4427 3781 4488 :Dei
3835 4445 3943 4486 va-

2281 4545 2430 4586 cuus
2462 4531 2730 4603 apparet.
2760 4523 3036 4602 Sequitur
3063 4547 3076 4584 :
3736 4521 3752 4530 ’

2340 4607 2522 4677 Visus.
2547 4615 2644 4676 '19.
2703 4618 3092 4676 Considerate
3127 4621 3366 4676 semitas
3407 4613 3664 4675 Thema,
3709 4606 3939 4668 itinera

2281 4710 2464 4766 Saba.
2511 4743 2580 4751 —
2629 4709 2876 4772 Thema,
2937 4706 3374 4778 auster,'Sal)a
3417 4705 3616 4768 autem
3675 4705 3802 4759 rete
3847 4699 3939 4756 in-

2281 4801 2654 4874 terpretatur.
2717 4799 2868 4866 Quid
2931 4798 3026 4854 hic
3092 4813 3200 4870 per
3280 4792 3572 4860 austrum,
3631 4791 3736 4864 qui
3788 4785 3942 4846 ﬂetu

2281 4887 2502 4963 teporis
2574 4888 2850 4948 membra
2913 4885 3214 4958 dissolvit,
3260 4883 3376 4944 nisi
3427 4882 3594 4938 ﬂuxa
3658 4878 3938 4939 remissio

2279 4977 2516 5034 vivendi
2556 4978 2585 5035 ?
2658 4977 2811 5046 Quid
2884 4980 3084 5038 autem
3124 4991 3246 5051 (per
3301 4975 3422 5030 rete
3447 5015 3460 5041 ,
3511 4969 3628 5030 nisi
3685 4966 3938 5027 actionis

2281 5065 2568 5138 obligatio
2633 5061 3076 5128 demonstratur
3129 5070 3154 5122 ?
3223 5065 3335 5132 Qui
3403 5063 3568 5122 enim
3642 5055 3940 5118 dissoluta

2283 5162 2480 5216 mente
2539 5174 2611 5217 ea
2638 5175 2773 5233 quae
2821 5163 3053 5215 terrena
3108 5160 3248 5214 sunt
3301 5157 3612 5230 appetunt,
3669 5167 3780 5209 nec
3829 5165 3941 5224 per

2283 5265 2523 5320 gressus
2543 5249 2763 5307 liberos
2795 5250 2872 5306 ad
2899 5247 3103 5305 'Deum
3157 5247 3476 5321 prodeunt,
3515 5243 3630 5318 ipsi
3689 5258 3751 5298 se
3809 5240 3940 5297 suis

2283 5339 2633 5396 inordinatis
2659 5337 2973 5397 conatibus
2997 5335 3224 5410 'ligant.
3259 5337 3406 5396 Sunt
3460 5349 3724 5408 namque
3763 5331 3940 5408 pleri-

2280 5445 2419 5502 que,
2469 5429 2571 5502 qui
2630 5443 2751 5484 non
2811 5426 3006 5483 solum
3063 5426 3258 5484 aliena
3301 5443 3424 5483 non
3474 5427 3786 5499 appetunt,
3837 5437 3938 5479 ve-

2277 5534 2412 5574 rum
2445 5518 2622 5574 etiam
2650 5520 2884 5583 cuncta,
2911 5533 3050 5590 quae
3065 5516 3457 5590 possederant
3481 5515 3540 5570 in
3563 5511 3815 5584 mundo,
3834 5513 3938 5572 de-

2282 5606 2601 5679 relinquat.
2656 5603 2769 5662 Sed
2818 5605 2966 5661 dum
3035 5606 3227 5664 amori
3263 5601 3727 5680 propinquitatis
3777 5604 3936 5667 indi-
