4146 6156
163 160 267 225 173

988 159 1288 217 ΕΡΙΤΟΜΕ
1329 156 1696 221 MORALIUH
1732 156 1791 212 S.
1832 155 2037 219 GBEG.
2080 159 2149 213 ΙΝ
2186 160 2329 223 JDB.
2372 192 2439 203 -—
2481 164 2612 225 LIB.
2650 168 2767 221 Vll.

3488 179 3589 237 17-}

152 286 372 341 secrete
401 282 765 347 deserviunt,
795 283 872 343 ad
893 300 965 345 ea
985 301 1143 360 saepe
1168 301 1276 360 per
1294 283 1572 345 eﬁ‘ectum
1593 296 1813 353 cogna-
1842 280 1891 334 A
1922 278 2156 354 timetis,
2200 301 2272 341 ex
2325 285 2453 351 sola
2480 302 2622 347 eum
2672 290 3055 365 percussione
3100 292 3452 355 formidatis.
3497 300 3593 356 Se-

148 369 324 433 tionis
353 372 759 449 redeuntque
785 373 1166 437 damnarunt.
1189 376 1319 443 Quo
1336 376 1540 450 itaque
1560 375 1677 447 isti,
1698 371 1816 430 nisi

143 460 205 521 in
232 466 358 518 rete
378 461 715 528 ambulant,
746 479 901 536 quos
921 464 984 520 in
1014 465 1295 536 prmaenti
1321 465 1540 525 saeculo
1571 466 1814 525 inchoa-

146 554 219 611 ιω
266 551 402 622 jam
450 551 585 609 vitae
634 550 914 624 perfectio
962 552 1239 622 solverat,
1294 553 1399 613 sed
1435 554 1813 616 inordinatus

146 651 322 692 amor
354 640 601 692 terrenas
621 636 993 705 cognationis
1019 636 1201 707 ligat?
1219 638 1367 701 Hinc
1390 639 1617 697 Veritas
1636 638 1808 699 dicit:

146 747 173 775 ‹‹
212 724 270 781 Si
301 724 441 797 quis
468 724 627 781 venit
668 723 747 779 ad
778 740 893 791 me,
927 729 984 780 et
1013 741 1134 781 non
1167 727 1292 783 odit
1330 732 1558 800 patrem
1609 743 1810 798 suum,

144 818 202 871 et
224 820 506 883 matrem,
536 818 591 871 et
617 829 888 885 uxorem,
920 818 976 875 et
1000 815 1179 884 ﬁlios,
1210 821 1267 879 et
1294 817 1523 885 fratres,
1556 821 1613 880 et
1652 834 1815 874 soro—

144 921 261 975 res,
288 903 489 961 adhuc
518 906 576 959 et
602 902 872 958 animam
902 919 1097 972 suam,
1121 921 1243 961 non
1272 910 1466 978 potest
1483 922 1656 962 meus
1685 923 1815 962 esse

147 992 477 1066 discipulus
506 993 666 1063 (Luc.
701 1009 811 1060 xxv,
849 993 954 1065 16).
976 1016 1004 1042 ››
1028 997 1200 1051 Recte
1219 995 1398 1064 igitur
1426 1000 1566 1068 post
1592 997 1819 1057 Thema

149 1083 409 1153 semitas,
457 1080 613 1139 Saba
643 1081 854 1138 itinera
882 1088 1200 1152 memorat,
1235 1085 1381 1157 quia
1420 1102 1576 1158 quos
1619 1090 1818 1142 auster

147 1172 390 1245 reprobi
417 1170 703 1245 temporis
732 1171 991 1243 solverit,
1023 1173 1135 1229 hos
1161 1173 1446 1230 nimirum
1476 1179 1597 1231 rete
1621 1175 1816 1248 impli-

148 1262 399 1320 cationis
419 1266 597 1319 tenet.
626 1263 780 1317 Bene
802 1265 1003 1318 autem
1032 1279 1361 1335 pravorum
1381 1281 1565 1337 opera
1594 1265 1816 1321 descri-

146 1354 300 1417 bens
354 1351 737 1413 considerare
782 1350 1088 1422 admonet,
1121 1353 1265 1427 quia
1309 1370 1595 1427 perversa
1639 1369 1817 1426 agere

149 1443 475 1514 diligirmm,
500 1442 609 1500 sed
636 1442 765 1499 haec
794 1441 918 1505 visa
950 1442 1013 1498 in
1041 1442 1172 1501 aliis
1202 1444 1627 1515 diiudicamus,
1658 1449 1713 1502 et
1746 1462 1817 1501 ea

146 1550 289 1607 quae
310 1535 373 1593 in
400 1531 579 1591 nobis
620 1531 826 1595 minus
855 1531 1245 1604 dijudicanda
1271 1533 1591 1606 credimus,
1627 1551 1815 1608 quam

1922 371 2122 445 quitur
2146 390 2159 429 :

1994 459 2167 521 Vens.
2219 467 2309 532 22,
2350 469 2439 522 23.
2486 467 2781 540 Nunquid
2836 469 3002 527 dixi:
3050 470 3280 541 A/I'erte
3317 475 3469 533 mihi
3518 477 3591 537 de

1921 548 2257 611 substantia
2294 560 2512 621 vestra,
2543 561 2597 614 et
2631 557 2850 617 donate
2874 559 3045 631 mihi,
3076 563 3191 629 vet,
3226 563 3475 626 liberate
3498 583 3592 624 me

1920 638 1993 695 de
2022 655 2206 699 manu
2230 641 2430 712 hostis,
2464 651 2517 701 et
2544 646 2617 707 de
2640 662 2824 709 manu
2850 647 3227 709 robustorum
3249 655 3440 712 eruite
3458 661 3591 717 me?

1924 761 1991 768 --
2024 732 2445 789 Haereticorum
2477 736 2703 810 quippe
2729 737 3075 810 praedicatio
3106 741 3444 802 substantia
3464 763 3589 803 car-

1922 817 2075 872 nalis
2106 835 2229 875 non
2260 820 2745 881 inconvenienter
2783 826 3092 900 accipitur,
3120 845 3243 902 qua
3280 832 3428 889 dum
3452 850 3587 907 per-

1923 924 2095 963 versa
2121 909 2464 982 iulciuntur,
2496 913 2675 986 quasi
2704 914 2765 971 in
2788 916 2985 972 verbis
3004 917 3216 975 divites
3242 922 3585 980 ostendunt.

1925 998 2118 1061 Quam
2143 1013 2247 1054 eos
2281 1005 2489 1057 sancta
2533 1003 2792 1060 Ecclesia
2833 1020 2956 1061 non
2999 1008 3231 1079 quaerit,
3265 1026 3388 1083 quo
3432 1012 3591 1069 hanc

1926 1084 2175 1156 spiritali
2238 1086 2536 1145 intellectu
2615 1093 2998 1150 transcendit.
3072 1098 3311 1154 Manum
3366 1100 3592 1175 quippe

1923 1172 2132 1240 hostis,
2155 1177 2389 1232 Satanae
2416 1178 2761 1236 fortitudem
2790 1187 2995 1252 vocat;
3019 1187 3077 1240 et
3101 1201 3353 1243 manum
3382 1172 3593 1245 robus-

1926 1264 2143 1333 torum,
2197 1265 2352 1321 vires
2430 1268 2837 1339 malignorum
2915 1270 3236 1344 spirituum
3305 1277 3588 1350 appellat.

1924 1351 2086 1417 Quos
2118 1353 2339 1410 idcirco
2369 1356 2650 1413 robustos
2683 1359 2966 1435 appellat,
3007 1361 3152 1437 quia
3181 1363 3329 1421 dum
3362 1365 3594 1441 absque

1928 1441 2124 1497 carnis
2175 1441 2521 1503 inﬁrmitate
2586 1453 2727 1503 sunt
2801 1448 3047 1519 conditi,
3114 1452 3320 1527 pravis
3383 1471 3592 1513 eorum

1926 1530 2362 1591 assertionibus
2421 1533 2800 1593 imbecillitas
2852 1537 3140 1609 adjuncta
3196 1557 3322 1598 non
3388 1544 3596 1603 obviat
3706 1578 3709 1579 ν

144 1622 272 1683 sint
300 1620 577 1695 turpiain
597 1619 855 1683 aliorum
875 1620 1108 1681 actione
1137 1622 1579 1695 cognoscimus.
1602 1623 1813 1698 Sicque
1849 1634 1895 1689 Β
1928 1619 2045 1674 Hoc
2076 1637 2216 1677 vero
2244 1623 2410 1696 quod
2441 1622 2862 1697 subsequitur:

148 1712 236 1782 ﬁt,
270 1712 336 1775 ut
360 1709 449 1773 ad
474 1709 864 1782 semetipsam
902 1726 1077 1773 mens
1104 1710 1328 1783 redeat,
1354 1715 1411 1767 et
1442 1728 1618 1785 agere
1646 1713 1811 1787 quod

1996 1708 2166 1771 Vens.
2198 1710 2288 1767 24.
2320 1713 2534 1769 Docete
2580 1730 2690 1783 me,
2722 1720 2777 1770 et
2825 1700 2931 1787 ego
2983 1716 3207 1786 tacebo,
3236 1724 3293 1775 et
3332 1721 3390 1777 si
3422 1723 3592 1797 quid.

150 1798 533 1875 manu
584 1797 927 1861 erubescat.
986 1799 1297 1873 Sequitur:
1352 1802 1434 1861 Et
1479 1807 1815 1874 “spectate
1916 1799 2081 1867 forte
2116 1799 2396 1869 ignoravi
2438 1802 2718 1860 instruite
2763 1819 2872 1860 me.
2905 1836 2973 1845 —
3004 1804 3125 1862 Sub
3153 1807 3324 1881 cujus
3366 1807 3595 1867 discre-

140 1892 481 1963 ρωιιὶδρεν,
513 1922 581 1931 --
621 1892 789 1963 Saepe
819 1889 964 1953 dum
1007 1891 1319 1964 praesentis
1368 1892 1502 1948 vitae
1550 1892 1812 1953 brevitas

136 1981 325 2055 quasi
396 1983 849 2055 perseveratum
923 1979 1208 2053 diligitur,
1264 1981 1342 2041 ab
1400 1985 1625 2041 aeterna
1703 1998 1811 2059 spe

149 2070 398 2133 animus
472 2068 787 2141 frangitur,
854 2068 957 2131 sed
1022 2073 1264 2142 repente
1330 2069 1514 2131 vitam
1574 2069 1811 2140 ﬁniens,

138 2165 381 2221 actenus
403 2158 624 2221 invenit
648 2158 967 2234 supplicia,
997 2175 1134 2237 qua}
1158 2160 1289 2231 jam
1320 2159 1499 2221 vitare
1533 2165 1811 2236 nequeat.

146 2250 306 2311 Hinc
330 2249 494 2310 enim
514 2248 753 2315 dicitur.
801 2272 829 2301 ιι
865 2249 966 2311 Y8:
1012 2248 1107 2309 his
1132 2249 1237 2323 qui
1266 2250 1660 2323 perdiderunt
1688 2268 1815 2309 sus-

142 2338 465 2407 tinendam
496 2339 702 2409 (Ecca.
729 2356 795 2408 u,
826 2339 935 2405 l6).
969 2361 997 2391 »
1024 2341 1297 2413 Cumque
1327 2340 1489 2401 enim
1530 2357 1705 2407 mens
1752 2342 1817 2399 in

148 2427 554 2501 ﬂuentibus
580 2427 807 2500 ﬁgitur,
838 2427 957 2489 vita
984 2427 1354 2498 terminatur,
1385 2433 1443 2486 et
1462 2434 1706 2505 repente
1738 2431 1817 2491 ad

148 2515 450 2589 supplicia
474 2515 809 2588 improvisa
828 2516 1119 2593 pervenit.
1151 2517 1299 2577 Hinc
1336 2518 1659 2581 Psalmista
1688 2519 1771 2577 ait
1802 2538 1815 2575 :

150 2626 182 2661 α
225 2605 516 2670 Pusillum
566 2604 793 2671 adhuc,
854 2610 912 2662 et
959 2621 1082 2667 non
1136 2606 1246 2664 erit
1291 2612 1575 2683 peccator
1624 2609 1815 2680 (Psat.

148 2697 371 2767 xxxvr,
400 2695 515 2765 .10),
548 2718 577 2745 ››
612 2694 925 2768 Sequitur:

221 2788 392 2849 Vens.
433 2785 522 2840 20.
577 2785 833 2855 Con/"usi
874 2790 1017 2843 sunt
1068 2786 1213 2857 quia
1268 2789 1526 2861 speravi.
1558 2820 1626 2828 —
1671 2789 1819 2846 Cum

146 2874 331 2941 bonis
362 2874 526 2945 male
552 2874 805 2947 reprobi,
821 2874 1119 2946 ingerunt.
1160 2874 1350 2933 Sihos
1391 2892 1429 2933 a
1464 2893 1571 2952 spe
1608 2878 1822 2937 intima

1923 1885 2099 1943 tionis
2126 1886 2443 1947 libramine
2474 1890 2754 1963 pendeat,
2786 1891 3079 1951 incertum
3108 1894 3362 1966 videtur,
3396 1903 3597 1956 utrum

1923 1974 1997 2063 sit
2017 1978 2184 2048 quod
2207 1977 2504 2035 intulerat.
2544 1981 2828 2054 Nunquid
2878 1980 3022 2050 dixi,
3053 2000 3132 2040 an
3163 1989 3319 2045 certe
3350 2003 3386 2044 a
3417 2004 3597 2063 supe-

1921 2062 2182 2125 rioribus
2230 2066 2532 2139 disjuncta
2587 2070 2878 2129 sententia
2931 2073 3245 2147 promitur,
3300 2078 3364 2131 ut
3412 2062 3595 2150 quasi

1922 2168 2031 2229 per
2057 2152 2529 2228 increpationem
2554 2156 2790 2219 dicatur
2816 2161 2843 2216 ‘2
2886 2161 3103 2225 Docete
3126 2178 3237 2232 me,
3262 2167 3319 2219 et
3346 2163 3596 2241 reliqua.

1928 2242 2101 2332 Quod
2125 2247 2324 2303 tamen
2364 2246 2597 2321 utrique
2627 2246 2991 2311 distinctioni
3021 2252 3316 2324 convenit,
3340 2254 3486 2332 quia
3514 2256 3594 2313 ab

1926 2330 2257 2391 intellectus
2321 2351 2470 2393 sano
2554 2336 2789 2394 tramite
2864 2344 3268 2415 neutrumque
3346 2330 3586 2402 recedit.

1928 2423 2138 2479 Beatus
2186 2422 2364 2493 igitur
2410 2424 2524 2482 Job
2555 2429 2764 2485 contra
2815 2428 3031 2486 mundi
3083 2430 3317 2501 divites,
3344 2448 3600 2509 pauper,

1929 2515 2137 2571 contra
2218 2517 2490 2585 potentes
2582 2531 2932 2590 oppressus,
3010 2522 3221 2576 contra
3296 2520 3597 2594 sapientes

1937 2600 2172 2671 stultus,
2224 2601 2561 2663 doctrinam
2630 2604 2957 2679 respondit,
3008 2605 3155 2679 quia
3196 2623 3308 2665 nec
3363 2623 3601 2683 pauper

1931 2704 2142 2745 eorum
2199 2690 2622 2763 substantiam,
2672 2709 2782 2750 nec
2839 2709 3168 2768 oppressrs
3234 2695 3605 2768 adjutorium

1935 2783 2142 2839 contra
2171 2778 2470 2849 robustos,
2502 2797 2613 2837 nec
2668 2781 2881 2839 stultus
2925 2783 3265 2843 doctrinam
3295 2785 3602 2859 sapientiae

1933 2867 2191 2927 carnalis
2220 2869 2451 2942 quaerit.
2509 2872 2762 2928 Sanctus
2811 2872 3030 2931 etenim
3078 2874 3185 2943 vir,
3216 2874 3362 2948 quia
3406 2880 3605 2933 mente

150 2965 502 3022 labefactari
533 2964 929 3037 conspiciunt,
950 2964 1163 3025 eﬁectu
1189 2965 1556 3039 deceptionis
1580 2967 1819 3029 hilares-

1937 2955 2183 3031 pulchre
2216 2973 2395 3029 super
2426 2959 2816 3032 semetipsum
2845 2961 3093 3033 rapitur,
3120 2965 3177 3018 et
3199 2978 3432 3038 pauper
3472 2962 3603 3024 ino-

150 3058 319 3110 cunt.
353 3056 502 3110 Cum
530 3069 672 3109 vero
710 3052 1013 3108 bonorum
1038 3068 1292 3125 operum
1323 3070 1461 3126 spes
1491 3054 1732 3112 interior
1758 3056 1824 3112 ﬁ-

150 3139 334 3208 gitur,
348 3142 407 3194 et
420 3153 810 3211 nequaquam
826 3136 999 3193 malis
1010 3136 1404 3194 exterioribus
1421 3138 1497 3195 ad
1522 3138 1645 3197 ima
1661 3140 1826 3197 recli-

142 3229 354 3293 natur,
382 3242 715 3299 pravarum
752 3229 989 3287 mentes
1025 3226 1298 3289 centusio
1346 3232 1625 3301 occupat,
1650 3230 1823 3303 quia,

138 3317 309 3375 dum
354 3316 661 3390 penesire
708 3316 790 3375 ad
832 3314 1193 3379 aﬂlictorum
1233 3317 1446 3383 intima
1493 3324 1823 3392 nequeunt,

141 3406 470 3462 ineassiun
488 3403 745 3463 existere
788 3403 1059 3466 cnudeles
1088 3404 1469 3469 erubescunt.
1492 3406 1774 3480 Sequitur
1807 3427 1819 3464 :

156 3496 474 3557 Vocem
500 3510 732 3568 quoque
757 3510 944 3567 usque
962 3495 1053 3555 ad
1076 3510 1190 3558 me,
1220 3500 1277 3555 et
1298 3496 1536 3565 pudore
1562 3500 1828 3568 cooperti

140 3590 321 3643 sunt.
356 3616 425 3633 ςι-
454 3587 651 3659 Usque
690 3585 778 3642 ad
821 3589 1094 3647 sanctam
1120 3585 1355 3658 quippe
1396 3585 1719 3649 Ecclesiam
1764 3588 1825 3649 in

134 3675 242 3732 ὧι
547 3674 787 3749 reprobi
833 3674 1101 3741 veniunt,
1140 3675 1286 3749 quia
1337 3691 1528 3748 usque
1576 3677 1657 3739 ad
1694 3678 1824 3750 ejus

136 3764 647 3837 conspiciendam
676 3765 931 3836 gloriam
944 3764 1383 3839 perducuntur,
1400 3769 1472 3829 ut
1491 3765 1570 3833 ad
1590 3768 1829 3840 majora

132 3859 359 3920 peetus
380 3855 485 3911 sui
528 3854 827 3928 supplicia
870 3854 1115 3927 repulsi,
1145 3855 1392 3919 videant
1417 3856 1585 3928 quad
1626 3856 1829 3929 perdi-

124 3945 388 4002 derunt.
420 3947 585 4002 Tune
629 3960 773 4001 vero
824 3943 1066 4017 iniquos
1106 3944 1305 4016 pudor
1353 3944 1637 4016 coeperit,
1685 3961 1826 4011 cum

133 4049 243 4090 eos
282 4032 348 4089 in
372 4036 711 4103 conspectu
728 4030 952 4101 judicia
972 4030 1138 4087 testis
1167 4030 1529 4091 conscientia
1553 4029 1823 4091 adducit.

1932 3044 2039 3119 pia
2085 3062 2207 3110 non
2248 3051 2621 3119 angustatur,
2676 3052 2734 3105 et
2784 3064 3112 3125 oppressus
3154 3050 3239 3107 nil
3272 3052 3517 3126 patitur,
3549 3057 3605 3111 et

1938 3134 2273 3195 voluntarie
2320 3135 2550 3206 stultus,
2583 3138 2889 3195 carnalem
2943 3138 3301 3217 sapientiam
3331 3156 3456 3198 non
3491 3140 3605 3199 mi-

1937 3228 2121 3283 ratur.
2159 3224 2434 3299 Sequitur
2466 3242 2479 3281 :

2006 3315 2174 3373 Vens.
2192 3314 2284 3371 25.
2319 3314 2518 3382 Quare
2540 3316 2891 3383 detraxistis
2917 3319 3286 3379 sermonibus
3312 3321 3601 3389 veritatis,

1937 3420 2071 3462 cum
2108 3420 2145 3469 _e
2170 3405 2332 3465 vobis
2377 3406 2585 3462 nullus
2622 3407 2700 3465 sit
2749 3408 2855 3480 qui
2878 3423 2971 3465 me
2999 3423 3257 3480 arguere
3274 3411 3509 3480 possit?
3536 3442 3604 3452 —-

1936 3498 2016 3553 Ac
2047 3494 2096 3549 si
2115 3496 2321 3567 aperte
2334 3493 2659 3555 diceretur:
2684 3496 2813 3563 Qua
2829 3496 3157 3554 temeritate
3182 3498 3390 3556 audita
3410 3513 3606 3572 repre-

1934 3582 2218 3652 henditis,
2246 3583 2351 3659 qui
2394 3583 2798 3657 percussionis
2827 3601 2979 3647 meae
3018 3604 3237 3644 causas
3265 3588 3556 3659 ignoratis
3579 3591 3607 3645 Ὺ

1937 3670 2188 3733 Mundus
2233 3670 2458 3745 quippe
2510 3671 2638 3749 ipse
2680 3689 2811 3731 esse
2840 3674 3039 3745 debet,
3068 3675 3174 3753 qui
3202 3680 3371 3735 curat
3408 3674 3608 3737 aliena

1936 3759 2249 3831 corrigere.
2279 3759 2443 3819 Unde
2495 3761 2574 3818 ad
2612 3762 2802 3823 David
2826 3763 3071 3823 dicitur:
3105 3784 3136 3819 ‹
3162 3767 3290 3821 Non
3318 3769 3382 3821 tu
3418 3764 3606 3822 aediﬁ-

1936 3848 2104 3908 cabis
2131 3848 2282 3906 mihi
2333 3849 2651 3922 templum,
2681 3851 2825 3925 quia
2852 3852 2943 3908 vir
2986 3854 3354 3926 sanguinum
3382 3870 3448 3912 es
3490 3854 3613 3929 (III

1937 3941 2080 4013 Reg.
2112 3956 2226 4010 vni,
2259 3946 2290 3997 9
2295 3955 2336 4012 ).
2368 3960 2398 3994 ›
2424 3941 2737 4016 Sequitur:

2010 4028 2182 4089 Vens.
2215 4029 2304 4085 26.
2334 4029 2434 4085 Ad
2461 4030 2899 4099 increpandum
2931 4036 3166 4089 tantum
3200 4034 3438 4105 eloquia
3467 4049 3605 4090 con-

136 4124 315 4179 fuse
350 4118 554 4177 omnis
581 4117 760 4190 culpa
788 4121 926 4177 ante
954 4116 1162 4175 oculos
1202 4117 1526 4185 reducitur,
1557 4121 1615 4175 et
1648 4132 1830 4177 mens
1940 4117 2217 4175 cinnatis.
2249 4147 2316 4155 -—
2348 4119 2474 4173 Duo
2503 4120 2641 4171 sunt
2671 4116 2854 4174 verba
2884 4118 3066 4175 noxia
3084 4119 3355 4175 humano
3380 4121 3602 4195 generi.

136 4226 338 4285 super
366 4208 662 4279 gehennae
691 4206 992 4272 incendio,
1025 4222 1136 4265 suo
1162 4206 1407 4281 gravius
1433 4205 1571 4275 igne
1600 4205 1828 4271 crucia-
1942 4207 2137 4263 Unum
2165 4204 2333 4277 quod
2385 4208 2555 4265 curat
2604 4204 2783 4263 etiam
2831 4207 3089 4264 adversa
3138 4207 3408 4279 laudare,
3441 4209 3607 4267 aliud

136 4310 266 4362 tur.
306 4294 403 4355 De
432 4295 660 4371 quibus
684 4300 846 4353 recte
888 4311 996 4369 per
1039 4295 1399 4369 prophetam
1429 4294 1644 4361 dicitur
1675 4313 1687 4351 :
1717 4298 1831 4359 Do-
1863 4343 1909 4397 D
1937 4294 2099 4394 quod
2152 4293 2351 4353 studet
2395 4293 2574 4397 etiam
2600 4311 2862 4397 semper
2913 4300 3077 4397 recta
3131 4298 3448 4397 corripere:
3488 4301 3606 4397 -Ex

136 4391 343 4457 mine,
370 4387 661 4454 παιδίω
687 4402 902 4445 manas
926 4390 1053 4457 tua,
1076 4390 1149 4445 ut
1182 4402 1325 4459 quae
1350 4385 1555 4451 Vident
1585 4386 1829 4453 videant
1863 4382 1904 4397 ⁹
1935 4384 2118 4456 hujus
2169 4399 2312 4459 ergo
2363 4382 2651 4458 qualitate
2704 4384 2921 4443 beatus
2972 4384 3087 4443 Job
3131 4387 3362 4447 amicos
3416 4386 3605 4445 fuisse

139 4485 201 4537 et
223 4476 689 4536 confundantur
717 4478 852 4549 Usa.
878 4492 1032 4544 xxvi,
1050 4476 1077 4537 l
1095 4475 1199 4547 1).»
1224 4478 1480 4539 Possunt
1496 4475 1678 4543 etiam
1690 4476 1825 4537 hanc
1926 4472 2257 4545 redarguit.
2292 4473 2601 4549 Sequitur:
2629 4475 2711 4532 Et
2728 4476 2791 4531 in
2812 4481 3054 4537 ventum
3084 4476 3265 4534 verba
3285 4479 3600 4549 prafertis,

136 4567 369 4627 omnia
405 4566 614 4624 amicis
652 4566 812 4627 beati
854 4565 1343 4636 Jebeongruere.
1377 4570 1461 4623 Ac
1507 4565 1558 4627 si
1606 4566 1691 4629 de
1737 4566 1823 4623 eis
1931 4596 2002 4605 ——
2037 4563 2101 4622 in
2164 4567 2413 4629 ventum
2472 4564 2634 4629 enim
2693 4564 2961 4638 proferre
3018 4570 3107 4622 est
3167 4565 3356 4623 verba
3411 4568 3604 4625 otiosa

136 4659 354 4715 ﬂeat:
378 4658 537 4713 Dum
560 4671 666 4713 me
688 4654 1417 4728 stultisincrepetionibus
1438 4654 1523 4720 ad
1547 4654 1826 4728 despera-
1924 4654 2148 4719 dicere.
2184 4656 2333 4710 Nam
2377 4668 2535 4729 saepe
2563 4653 2712 4713 dum
2757 4653 2837 4710 ab
2889 4654 3095 4710 otiosis
3128 4654 3328 4711 verbis
3377 4670 3603 4730 nequa-

138 4750 388 4806 ﬁonem
432 4745 669 4807 ﬂectere
692 4748 1025 4819 nequeunt,
1054 4744 1171 4818 ipsi
1218 4743 1571 4811 temeritatis
1592 4761 1713 4803 suae
1737 4744 1826 4811 in-
1920 4759 2118 4822 quam
2144 4743 2352 4814 lingua
2380 4741 2800 4813 compescitur,
2820 4742 2900 4798 ad
2930 4743 3323 4801 temeritatem
3348 4759 3595 4819 quoque

146 4835 334 4894 sanie
380 4833 850 4901 confundantur,
901 4833 1174 4891 videntes
1212 4833 1489 4907 corporis
1546 4833 1819 4903 vulnera,

140 4933 207 4985 et
239 4924 463 4982 mentis
486 4924 916 4982 conscientiam
938 4923 1298 4982 nescientes.
1330 4927 1605 4987 nurnine
1633 4922 1711 4988 (ιθ
1734 4922 1824 4989 Ηλ-

144 5015 345 5087 jastia
367 5015 679 5088 increpare
716 5014 853 5071 ausi
896 5018 1060 5084 sunt,
1082 5029 1280 5087 usque
1322 5013 1403 5075 ad
1435 5029 1534 5073 me
1559 5012 1822 5080 necdum

147 5106 472 5173 venerunt,
500 5101 789 5165 eeddnra
814 5118 915 5159 me
940 5102 1282 5163 inuectione
1313 5101 1641 5176 pulsantes,
1673 5102 1823 5169 dum

148 5194 448 5250 victorem
485 5191 755 5248 animum
817 5191 971 5249 inter
1028 5192 1285 5253 adversa
1344 5191 1821 5264 deprehenhunt,

146 5280 337 5355 quasi
366 5280 445 5338 ad
470 5297 568 5341 me
594 5280 901 5339 venientes
923 5281 1304 5343 erubescunt.
1337 5280 1643 5355 Sequitur:

228 5371 408 5428 Vens.
425 5370 491 5427 2i
505 5414 519 5427 .
541 5372 720 5433 Nunc
736 5372 1006 5442 resistis,
1027 5370 1278 5431 etmodo
1298 5371 1561 5435 videntes
1574 5370 1826 5441 plagam

154 5475 373 5529 meam,
400 5450 644 5517 tenetis.
688 5490 759 5511 σς-
804 5464 887 5516 Ac
914 5460 969 5516 si
991 5464 1196 5532 aperte
1222 5459 1414 5521 dicat:
1449 5462 1573 5530 Ego
1600 5462 1741 5521 tunc
1767 5457 1829 5515 ti-

160 5549 290 5605 mui
302 5552 692 5623 Deum,.cum,
704 5549 891 5607 fultus
910 5548 1234 5623 prosperis,
1256 5549 1633 5620 ﬂagellorum
1654 5546 1828 5605 detri-

158 5643 368 5698 menta
423 5655 547 5699 non
571 5640 749 5698 sensi.
779 5639 904 5697 Vos
949 5638 1058 5713 qui
1098 5654 1171 5695 ex
1215 5654 1425 5705 amore
1460 5638 1654 5705 Deum
1702 5652 1827 5696 non

1930 4832 2121 4897 stultae
2174 4829 2602 4905 increpatiouis
2646 4829 2987 4893 effrenatur.
3020 4831 3188 4888 Prius
3226 4831 3388 4891 enim
3432 4831 3604 4909 loqui

2152 4919 2326 4989 libet,
2358 4923 2417 4981 et
2462 4919 2856 4993 postmodum
2886 4920 3358 4980 detractionibus
3390 4938 3602 4981 eorum

1930 5011 2134 5079 vitam,
2167 5009 2242 5069 de
2268 5008 2493 5085 quibus
2525 5009 2809 5083 loquitur,
2849 5009 3059 5083 lingua
3079 5013 3356 5071 mordeat
3381 5032 3393 5083 ;
3417 5030 3605 5090 quan.

1920 5100 2131 5177 doque
2193 5104 2397 5165 autem
2484 5115 2677 5175 usque
2756 5100 2835 5165 ad
2905 5106 3144 5175 apertas
3206 5100 3602 5163 contumaias

1931 5193 2227 5267 erumpat.
2264 5188 2407 5246 Hine
2439 5187 2724 5251 Salomon
2754 5189 2867 5247 ait:
2894 5209 2925 5245 α
2949 5190 3059 5257 Qui
3081 5190 3323 5249 dimittit
3350 5205 3598 5265 aquam,

1931 5282 2115 5353 caput
2170 5282 2261 5336 est
2304 5277 2643 5350 jurgiorum
2674 5279 2873 5350 (Prov.
2906 5296 3037 5350 xvu,
3077 5280 3185 5353 14).
3216 5302 3244 5331 ››
3295 5282 3361 5334 Et
3409 5278 3594 5332 item:

1935 5388 1964 5423 «
2036 5367 2147 5435 Qui
2214 5366 2475 5439 imponit
2546 5366 2724 5425 stulto
2789 5367 3111 5435 silentium,
3171 5366 3291 5421 iras
3365 5362 3601 5433 mitigat

1932 5457 2136 5528 (Prov.
2171 5472 2322 5526 iam,
2361 5457 2466 5528 10).
2497 5478 2524 5505 ››
2582 5458 2648 5512 Et
2680 5456 2863 5514 Isaias
2892 5474 2904 5511 :
2955 5478 2981 5503 ‹‹
3030 5454 3231 5508 Cultus
3257 5450 3498 5522 justiﬁes
3528 5452 3603 5508 si-

1928 5544 2185 5603 lentium
2216 5545 2361 5618 (Isa.
2388 5562 2573 5617 xxxu,
2605 5548 2713 5618 l7).
2745 5570 2773 5595 ››
2805 5544 3075 5601 Otiosum
3098 5539 3323 5616 quippe
3344 5541 3598 5599 verbum

1939 5638 2028 5697 est
2055 5635 2222 5708 quod
2251 5634 2479 5694 ratione
2499 5635 2677 5706 justas
2703 5629 3098 5702 necessitatis,
3126 5634 3231 5690 aut
3274 5630 3598 5690 intentione
