4154 6160
610 131 707 180 175

1672 133 1940 192 S.ODON
1955 134 2019 192 IS
2059 137 2357 196 ABBATIS
2395 141 2894 206 CLUNIACENSIS
2920 150 2966 205 II

3947 166 4073 220 176

605 251 721 324 piae
751 249 1015 354 utilitatis
1068 254 1245 354 sarci.
1306 254 1660 354 Plerumque
1687 258 1868 316 nimis
1910 261 2089 331 taciti,
2120 262 2268 319 dum
2306 269 2353 321 A
2386 270 2523 335 (Isa.
2550 287 2630 339 vr,
2663 271 2737 345 5).
2759 291 2790 325 ›
2816 277 3017 331 Justus
3046 279 3248 333 autem
3280 293 3421 334 cum
3449 284 3860 354 opportunum
3903 301 4070 345 con-

602 340 1008 412 quorumdam
1064 342 1225 399 mala
1282 345 1623 417 respiciunt,
1657 353 1715 405 et
1763 355 1967 407 tamen
1996 352 2057 409 in
2088 352 2262 409 silen-

598 429 743 483 tium
774 428 1045 499 linguam
1095 440 1395 504 premunt,
1423 450 1495 491 eo
1525 442 1799 494 auctores
1847 441 2057 496 mortis
2088 441 2258 510 ﬁunt,

593 533 717 589 quo
737 517 922 590 virus,
950 520 1116 592 quod
1136 526 1433 595 poterant,
1465 524 1675 596 ejicere
1700 526 2006 601 loquendo
2050 529 2259 586 nolue-

2374 356 2613 430 siderat,
2644 362 2981 434 postposita
3012 380 3269 422 censura
3300 365 3533 436 silentii,
3561 368 3873 443 loquendo
3900 391 4059 447 qua:

2372 453 2712 517 congruunt
2760 450 2822 505 in
2877 467 3055 508 usum
3097 469 3159 510 se
3200 453 3462 512 utilitatis
3512 456 3827 532 impendit.
3888 462 4056 521 Hinc

2367 546 2633 605 namque
2698 532 2948 592 dicitur:
3006 557 3027 590 ι
3084 537 3331 612 Sapiens
3406 540 3624 600 tacebit
3675 560 3871 618 usque
3957 548 4047 606 ad

591 611 749 662 runt.
781 608 925 664 Hinc
974 611 1269 683 propheta
1326 613 1437 670 ait:
1493 637 1519 664 ‹‹
1554 616 1656 672 Va:
1713 617 1859 674 mihi
1909 618 2055 693 quia
2107 619 2267 676 tacui
2375 624 2612 694 tempus
2641 623 2853 693 (Eccli.
2885 642 2986 698 xx,
3013 626 3087 698 7).
3116 650 3144 678 η

1848 982 2192 1074 LIBER
2247 984 2763 1080 OCTAVUS.

2084 1192 2514 1208 ———

656 1329 826 1383 Vens.
860 1332 947 1383 27.
994 1330 1192 1397 Super
1209 1329 1511 1398 pupillum
1531 1329 1815 1398 irruistis,
1836 1336 1889 1388 et
1908 1332 2250 1390 subvertere
2286 1335 2329 1389 Β
2357 1336 2587 1395 minare
2616 1339 2783 1413 quod
2810 1339 2972 1413 dicit,
3004 1346 3303 1414 quatenus
3341 1342 3496 1399 inter
3514 1360 3618 1401 cor
3645 1350 3703 1403 et
3728 1346 4026 1419 linguam,

581 1419 849 1473 nitimini
874 1420 1133 1473 amicum
1165 1422 1442 1473 vestrum.
1477 1450 1544 1458 —
1576 1420 1821 1481 Quantis
1860 1436 2125 1494 namque
2154 1422 2246 1479 in-

580 1505 877 1560 firmitatis
930 1504 1356 1576 superpendat,
1389 1505 1653 1562 insinuat
1710 1523 1894 1581 quem
1947 1509 2245 1583 pupillum

579 1600 773 1664 vocat,
808 1594 953 1666 quia
982 1610 1124 1649 vero
1154 1594 1232 1650 ab
1285 1610 1490 1652 amore
1546 1597 1821 1654 recedere
1871 1599 2050 1656 etiam
2101 1600 2245 1659 laesa

580 1683 836 1738 charitas
866 1682 1074 1749 nescit,
1109 1687 1165 1739 et
1213 1682 1476 1740 subverti
1515 1685 1664 1742 velle
1719 1702 1784 1743 se
1831 1693 2132 1760 queretur,
2188 1693 2245 1746 et

578 1775 780 1827 tamen
833 1772 1097 1828 amicum
1152 1788 1213 1828 se
1258 1788 1387 1829 esse
1441 1777 1706 1831 testatur.
1757 1778 1976 1833 Trrme.
2013 1779 2241 1835 Sanctae

575 1860 800 1933 qujppe
834 1859 1102 1916 Ecclesiae
1157 1860 1420 1934 populus
1468 1861 1575 1935 qui
1630 1864 1848 1919 mortui
1893 1865 2088 1937 patria
2129 1870 2237 1939 est,

573 1949 751 2017 ﬁlius,
774 1949 1061 2022 pupillus,
1094 1965 1217 2005 non
1248 1950 1546 2021 incongue
1576 1952 1813 2018 dicitur,
1845 1954 2017 2026 cujus
2042 1970 2238 2012 resur-

572 2038 761 2108 gentis
788 2037 972 2093 vitam
998 2038 1129 2109 jam
1165 2037 1413 2110 quidem
1440 2055 1547 2111 per
1584 2040 1767 2097 ﬁdem
1804 2042 2090 2115 sequitur,
2131 2043 2240 2102 sed

568 2127 830 2182 necdum
867 2142 975 2198 per
1022 2126 1282 2199 speciem
1329 2128 1786 2201 contemplatur.
1825 2132 2014 2205 Super
2044 2132 2239 2207 pupil-

564 2214 692 2270 lum
722 2230 861 2270 vero
890 2213 1147 2270 lueretici
1175 2214 1427 2283 irruunt,
1461 2232 1601 2272 cum
1625 2216 2024 2276 humilitatem
2042 2219 2235 2277 fidelis

562 2303 772 2377 populi
814 2303 1173 2375 importunis
1226 2303 1512 2377 falsisque
1570 2305 2031 2377 allegationibus
2080 2309 2233 2366 aﬂli-

565 2398 731 2462 gunt.
764 2397 985 2448 Tamen
1025 2393 1255 2448 amicus
1305 2398 1393 2449 est
1421 2409 1603 2465 quem
1647 2395 1920 2452 nituntur
1946 2403 2230 2470 evertere,

562 2483 706 2555 quia
734 2482 925 2537 ﬁdelis
952 2481 1050 2536 Dei
1070 2482 1536 2555 populus,ipsos
1570 2500 1815 2558 quoque
1837 2503 1991 2559 quos
2019 2488 2232 2546 tolerat

559 2576 1008 2646 persequentes,
1038 2572 1302 2628 amando
1355 2588 1477 2629 non
1521 2573 1737 2632 desinit
1783 2576 1863 2632 ad
1920 2578 2230 2636 veritatem

561 2678 801 2721 vocare.
836 2662 1111 2734 Sequitur
1135 2680 1147 2717 :

630 2754 809 2808 Vens.
837 2752 925 2809 28.
966 2754 1381 2809 Verumtamen
1411 2754 1572 2826 quod
1599 2757 1853 2826 rapuistis
1879 2760 2133 2829 explete.
2159 2791 2227 2800 —-

559 2846 643 2898 Ac
665 2842 715 2897 si
742 2846 941 2914 aperte
972 2841 1191 2897 diceret
1215 2859 1227 2896 :
1258 2845 1372 2897 Nec
1402 2846 1537 2899 ante
1563 2843 1759 2901 illatas
1788 2847 2092 2904 molestias
2117 2851 2228 2905 tre-

557 2931 723 3005 pido,
754 2948 863 2987 nec
910 2932 1157 2999 ingratis
1214 2930 1588 2988 auditoribus
1634 2934 2025 3008 correptionis
2054 2935 2224 3009 adju-

556 3020 707 3077 toria
752 3020 1083 3087 abscondo,
1112 3019 1258 3092 quia
1282 3024 1340 3075 et
1360 3020 1532 3077 malis
1561 3037 1805 3094 pressus
1835 3039 2135 3095 exerceor,
2168 3030 2226 3082 et

554 3109 700 3181 ipsis
715 3108 1190 3164 misericordiam
1209 3110 1691 3181 persecutoribus
1712 3112 1972 3183 benigne
1987 3113 2221 3187 impen-

554 3199 703 3253 dens
729 3213 950 3252 cresco.
976 3196 1125 3260 Quia
1157 3196 1317 3252 enim
1340 3219 1367 3246 ‹‹
1403 3198 1660 3254 charitas
1704 3201 1940 3272 patiens
1970 3206 2078 3273 est,
2116 3202 2221 3259 be-

553 3286 739 3356 nigna
764 3290 852 3341 est
881 3287 938 3357 (Ι
966 3286 1102 3340 Cor.
1133 3301 1206 3353 1v,
1239 3285 1314 3357 4).
1350 3308 1377 3335 ››
1401 3290 1458 3343 et
1487 3278 1627 3343 eum
1647 3302 1838 3344 unum
1864 3304 1938 3345 ex
1968 3293 2222 3364 utroque

551 3376 819 3445 defuerit,
849 3374 1107 3431 charitas
1136 3389 1259 3429 non
1285 3379 1403 3431 est:
1439 3376 1560 3432 uta
1584 3375 1760 3433 nobis
1794 3377 2053 3436 charitas
2083 3396 2219 3437 vere

552 3469 841 3533 teneatur,
888 3478 1133 3520 necesse
1185 3466 1277 3519 est
1327 3467 1625 3543 quatenus
1681 3469 1739 3522 et
1789 3466 2220 3540 benignitatem

546 3553 854 3627 patientia,
908 3557 963 3609 et
1013 3551 1363 3625 patientiam
1433 3552 1775 3625 benignitas
1835 3555 2211 3629 suffragetur.

550 3646 761 3699 Beatus
790 3642 968 3713 igitur
995 3642 1129 3710 Job,
1164 3641 1308 3714 quia
1336 3641 1572 3715 patiens
1600 3648 1709 3715 est,
1741 3643 1929 3703 dicat:
1969 3647 2212 3706 Verum-

549 3739 745 3789 tamen
777 3733 936 3803 quod
964 3732 1218 3802 cepistis
1242 3728 1494 3802 explete.
1545 3734 1609 3788 Et
1653 3734 1798 3807 quia
1847 3734 2213 3806 benignitate

545 3822 850 3896 praeditus,
880 3822 1076 3878 dicat:
1109 3822 1379 3879 Praebete
1430 3837 1656 3880 aurem.
1689 3855 1758 3864 —
1790 3825 2066 3899 Sequitur
2093 3845 2105 3882 :
2134 3828 2214 3883 Et

546 3914 736 3970 videte
764 3930 843 3971 an
868 3913 1146 3970 mentiar.
1189 3944 1250 3953 --
1278 3916 1360 3969 Ac
1410 3912 1459 3968 si
1490 3917 1689 3986 aperte
1724 3914 1915 3972 dicat:
1963 3917 2045 3972 Ea
2073 3931 2209 3989 quae

543 4019 747 4060 assero
801 4016 1191 4076 nequaquam
1236 4000 1385 4057 mihi
1440 4016 1513 4058 ex
1568 4002 1915 4060 auctoritate
1963 4003 2205 4073 credite,

543 4095 649 4151 sed
692 4111 771 4151 an
799 4110 941 4150 vera
991 4093 1107 4149 sint
1135 4108 1207 4148 ex
1237 4092 1465 4149 ratione
1513 4097 1780 4166 pensate.
1814 4097 2015 4168 Neque
2043 4094 2206 4152 enim

542 4187 750 4239 sancta
780 4182 1035 4238 Ecclesia
1064 4198 1137 4238 ex
1166 4182 1510 4251 magisterio
1540 4182 1892 4240 humilitatis
1937 4183 2206 4241 instituta

539 4276 700 4328 recta
747 4288 880 4343 quae
933 4269 1269 4327 errantibus
1313 4269 1474 4340 dicit,
1534 4270 1711 4342 quasi
1739 4286 1812 4326 ex
1856 4272 2204 4330 auctoritate

537 4360 838 4434 praecepit,
862 4359 967 4417 sed
986 4377 1057 4415 ex
1078 4359 1305 4415 ratione
1333 4357 1674 4431 persuadet.
1706 4359 2019 4434 Sequitur:

608 4454 773 4507 Vens.
798 4451 886 4508 29.
904 4448 1288 4520 Respondete,
1315 4463 1529 4520 quaeso,
1558 4447 1777 4520 absque
1805 4451 2197 4508 contentione.

536 4573 603 4583 -—
630 4544 830 4614 Neque
861 4539 1020 4596 enim
1050 4536 1309 4593 haeretici
1352 4534 1838 4609 inquisitionibus
1885 4537 2009 4593 suis
2050 4539 2201 4595 veri-

534 4635 714 4689 tatem
747 4630 1042 4686 conantur
1081 4625 1345 4699 assequi,
1379 4623 1486 4681 sed
1512 4624 1767 4682 victores
1796 4623 2004 4683 videri.
2034 4627 2199 4685 Unde

531 4721 617 4787 lit,
669 4723 734 4774 ut
786 4714 1181 4773 contentionis
1234 4713 1563 4770 certamina
1612 4713 1949 4788 exquirant,
2006 4720 2065 4773 et
2122 4715 2198 4773 de

533 4810 671 4874 Deo,
704 4806 809 4878 qui
837 4830 861 4855 ‹‹
892 4821 1010 4878 pax
1061 4808 1267 4860 nostra
1298 4807 1385 4860 est
1407 4803 1585 4874 (Eph.
1619 4820 1677 4873 η,
1712 4804 1822 4877 14),
1851 4822 1882 4858 ›
1908 4803 2076 4880 loqui
2094 4821 2199 4880 pa-

531 4894 695 4951 cilice
725 4894 1014 4959 nesciant,
1038 4898 1218 4966 atque
1239 4908 1310 4949 ea
1332 4891 1502 4965 pacis
1532 4894 1793 4964 negotio,
1824 4893 1966 4952 rixas
1993 4894 2197 4953 inven-

530 4988 684 5040 tores
714 4983 878 5038 tiant.
911 4981 1138 5047 Quibus
1165 4981 1319 5038 bene
1344 4997 1452 5055 per
1489 4982 1741 5039 Paulum
1772 4982 1989 5041 dicitur
2018 5000 2032 5039 :
2076 5007 2105 5034 «
2136 4983 2193 5042 Si

524 5072 661 5147 quis
712 5076 915 5129 autem
964 5070 1197 5128 videtur
1246 5072 1647 5129 cententiosus
1694 5089 1846 5145 esse,
1869 5088 1982 5130 nos
2010 5073 2191 5131 talem

524 5162 1022 5221 consuetudinem
1067 5177 1188 5217 non
1229 5161 1526 5218 habemus
1581 5162 1627 5230 (l
1678 5164 1817 5220 Cor.
1879 5178 1954 5232 x1,
2022 5164 2127 5232 l9).
2160 5186 2188 5217 υ

524 5255 831 5327 Sequitur:
866 5253 942 5307 Et
977 5252 1278 5322 loquentes
1306 5251 1375 5306 id
1425 5251 1585 5322 quod
1627 5254 1863 5321 justum
1895 5257 1998 5313 est,
2020 5253 2189 5321 judi-

523 5349 668 5399 cate.
701 5375 772 5383 —
804 5347 855 5401 ls
904 5356 1170 5414 namque
1198 5338 1302 5413 qui
1344 5338 1626 5412 loquitur,
1658 5339 1807 5395 dum
1864 5340 1954 5396 vel
1999 5339 2061 5396 in
2091 5341 2186 5398 sui

520 5432 807 5486 auditoris
839 5430 1193 5487 sententiam
1240 5432 1544 5501 exspectat
1570 5429 1744 5501 quasi
1783 5428 1915 5499 ejus
1956 5428 2183 5500 judicio

518 5519 894 5594 supponitur,
948 5537 983 5576 a
1035 5537 1157 5593 quo
1204 5517 1459 5575 auditur.
1519 5516 1627 5582 Qui
1674 5515 1856 5587 igitur
1900 5517 1962 5573 in
2011 5518 2182 5575 dictis

514 5610 641 5666 suis
672 5609 1157 5683 reprobationem
1206 5607 1433 5677 metuit,
1466 5607 1593 5682 ipse
1640 5605 1821 5665 debet
1848 5607 2017 5682 prius
2046 5623 2182 5667 exa-

2357 1444 2567 1501 aequus
2592 1429 3009 1505 discretusque
3039 1432 3261 1489 arbiter
3306 1433 3534 1501 sedeat,
3565 1436 3855 1495 subtiliter
3882 1456 4027 1514 pen-

2355 1532 2494 1574 sans
2517 1518 2566 1574 si
2591 1524 2752 1577 recta
2777 1520 2964 1578 verba
3012 1520 3240 1591 oﬂ‘erat,
3267 1538 3405 1596 qua;
3434 1523 3650 1582 utiliter
3681 1528 4026 1602 suscipiens

2353 1605 2431 1662 ad
2459 1606 2800 1665 auditorum
2824 1609 3121 1681 judicium
3149 1610 3356 1682 lingua
3383 1612 3692 1685 perducat.
3719 1617 4021 1691 Sequitur:

2422 1697 2598 1755 Vens.
2628 1701 2714 1756 30.
2753 1700 2826 1755 Et
2876 1715 2998 1757 non
3046 1702 3357 1758 invenietis
3398 1704 3461 1758 in
3488 1703 3700 1775 lingua
3742 1722 3872 1765 mea
3903 1709 4024 1765 ini-

2348 1788 2657 1858 quitatem,
2679 1794 2735 1846 et
2764 1791 2829 1846 in
2860 1789 3145 1861 faucibus
3173 1792 3316 1849 meis
3355 1794 3617 1852 stultitia
3656 1811 3779 1853 non
3818 1813 4025 1869 perso.

2347 1877 2537 1934 nubit.
2569 1910 2639 1919 —
2664 1883 2745 1936 Ac
2771 1879 2819 1935 si
2848 1884 3053 1953 aperte
3090 1879 3346 1938 diceret:
3400 1882 3457 1940 Si
3506 1882 3776 1941 subtilius
3821 1892 4022 1945 vestra

2347 1968 2737 2041 perpenditis,
2755 1968 2955 2026 verius
2980 1969 3177 2027 aliena
3205 1971 3495 2044 pensatis.
3524 1974 3749 2030 Etcum
3779 1980 4020 2035 rectum

2347 2071 2479 2113 esse
2506 2056 2747 2130 caaperit
2772 2057 2940 2131 quod
2967 2057 3181 2129 dicitis,
3200 2059 3432 2131 justum
3461 2062 3821 2133 cognoscitis
3845 2065 4017 2138 quod

2346 2145 2626 2202 audistis.
2669 2145 2761 2204 Sic
2813 2146 2976 2203 enim
3026 2152 3237 2204 sancta
3282 2148 3545 2207 Ecclesia
3592 2151 3792 2209 studet
3844 2154 4009 2228 prius

2344 2235 2704 2292 assertiones
2731 2234 2997 2292 hostium
3027 2235 3211 2294 falsas
3236 2238 3569 2309 ostendere,
3603 2243 3664 2297 et
3685 2245 3827 2299 tunc
3865 2257 4014 2316 prte-

2342 2322 2683 2381 dicamenta
2723 2324 2955 2381 virtutis
3008 2326 3261 2399 aperire.
3305 2329 3417 2384 Per
3466 2327 3741 2401 linguam
3785 2331 4009 2406 quippe

2341 2417 2549 2484 aperta
2575 2412 2818 2482 locutio,
2848 2429 2958 2487 per
3010 2414 3215 2472 fauces
3261 2432 3403 2474 vero
3455 2418 3692 2476 occulta
3743 2422 4006 2478 tractatio

2340 2499 2706 2570 designatur.
2724 2490 2807 2557 'Et
2848 2501 2994 2574 quia
3020 2518 3092 2559 ea
3113 2519 3253 2576 qum
3297 2519 3405 2576 per
3429 2505 3739 2579 publicam
3766 2507 4008 2566 locutio-

2338 2605 2477 2645 nem
2509 2594 2720 2647 sancta
2748 2590 3036 2663 praedicat
3065 2592 3346 2666 Ecclesia,
3363 2597 3422 2650 et
3444 2594 3577 2667 jam
3593 2611 3702 2669 per
3730 2596 4005 2655 intimam

2268 2697 2308 2753 ρ
2336 2676 2520 2736 ﬁdem
2551 2684 2765 2749 servat,
2789 2680 2851 2736 in
2891 2680 3101 2753 lingua
3136 2682 3419 2757 iniquitas
3446 2698 3573 2742 non
3600 2691 3863 2758 resonat,
3897 2686 4002 2745 sed

2334 2783 2446 2825 nec
2474 2768 2539 2825 in
2585 2768 2864 2826 faucibus
2915 2769 3179 2840 stultitia,
3227 2771 3527 2846 quidquid
3580 2790 3690 2849 per
3729 2775 4002 2847 linguam

2335 2859 2775 2933 praedicationis
2803 2864 3067 2929 emanat,
3111 2861 3227 2918 hoc
3272 2877 3380 2936 per
3423 2863 3627 2921 fauces
3656 2865 3848 2924 tacita:
3900 2884 3999 2925 ex-

2334 2948 2716 3023 spectationis
2748 2949 3048 3021 degustat.
3085 2950 3380 3024 Sequitur.

2972 3093 3195 3151 CAPUT
3243 3094 3357 3152 VII.

2403 3200 2568 3256 Vens.
2592 3198 2640 3255 1.
2672 3199 2897 3256 Militia
2922 3205 3008 3257 est
3024 3200 3149 3257 vita
3179 3200 3436 3257 hominis
3465 3217 3650 3272 super
3676 3208 4000 3263 terram.—

2332 3286 2463 3345 Alia
2491 3287 2802 3345 translatio
2829 3287 3015 3345 habet
3044 3290 3316 3361 tentatio,
3340 3288 3452 3346 sed
3476 3290 3791 3365 utriusque
3827 3294 3995 3351 verbi

2334 3393 2545 3435 sensus
2604 3376 2907 3451 aspicitur.
2969 3376 3121 3444 Quid
3162 3377 3324 3434 enim
3353 3379 3698 3437 tentationis
3727 3381 3991 3452 nomine,

2329 3465 2446 3522 nisi
2474 3481 2681 3539 pugna
2734 3469 2943 3522 contra
2987 3464 3287 3536 malignos
3317 3466 3560 3540 spiritus
3588 3468 3945 3544 exprimitur
3965 3472 3993 3528 ?

2329 3557 2397 3612 Et
2422 3555 2571 3629 quid
2623 3553 3025 3628 appellatione
3072 3553 3316 3627 militia,
3332 3568 3345 3579 ί
3372 3555 3488 3613 nisi
3535 3563 3745 3616 contra
3789 3559 3993 3619 hostes

2325 3643 2618 3701 exercitus
2645 3643 2998 3714 designatur
3024 3645 3052 3700 ?
3079 3643 3343 3701 Tentatio
3371 3645 3574 3719 itaque
3618 3646 3755 3720 ipsa
3782 3648 3991 3706 militia

2324 3738 2435 3803 est,
2466 3733 2612 3807 quia
2638 3733 2789 3790 dum
2840 3737 3049 3790 contra
3079 3731 3488 3805 malignorum
3522 3735 3843 3809 spirituum
3898 3738 3990 3795 in-

2323 3820 2506 3878 sidias
2526 3820 2750 3893 vigilat,
2768 3820 2831 3878 in
2859 3820 3157 3878 bellorum
3195 3822 3509 3895 procinctu
3549 3824 3765 3897 procul
3793 3824 3985 3884 dubio

2321 3908 2598 3966 exsudat.
2656 3909 2780 3967 Vita
2828 3924 2972 3966 vero
3023 3907 3289 3966 hominis
3347 3910 3591 3968 tentatio
3642 3911 3988 3985 perhibetur

2320 4014 2470 4068 esse,
2501 3999 2647 4073 quia
2665 3998 2744 4056 ab
2771 4002 2929 4058 statu
2952 3998 3311 4056 conditionis
3339 3998 3535 4073 lapsa,
3566 4005 3626 4058 et
3647 4004 3983 4076 corruptio-

2318 4088 2412 4144 nis
2440 4105 2564 4146 suae
2614 4088 2929 4164 putredine
2985 4088 3247 4160 subdita,
3284 4089 3429 4147 dum
3478 4089 3592 4147 sibi
3641 4106 3717 4147 ex
3766 4098 3986 4151 semet-

2314 4175 2447 4250 ipsa
2488 4177 2793 4235 molestias
2843 4177 3052 4250 gignit,
3103 4177 3221 4235 hoc
3273 4182 3362 4235 est
3412 4178 3545 4251 jam
3593 4178 3752 4236 facta
3814 4181 3985 4254 quod

2314 4265 2542 4323 tolerat.
2599 4267 2692 4325 Sic
2738 4267 2943 4340 itaque
2984 4267 3258 4325 humana
3305 4268 3430 4326 vita
3457 4268 3705 4326 tentatio
3761 4274 3874 4342 est,
3919 4275 3985 4329 ut

2311 4355 2421 4413 etsi
2447 4355 2576 4427 jam
2596 4355 2676 4412 ab
2705 4354 3035 4428 iniquitatis
3050 4357 3493 4431 perpetratione
3507 4358 3980 4434 compescimus,

2309 4443 2372 4501 in
2397 4443 2543 4518 ipsis
2574 4448 2777 4502 tamen
2798 4443 2977 4501 bonis
2993 4445 3300 4519 operibus,
3317 4447 3504 4505 modo
3528 4446 3834 4505 malorum
3857 4465 3984 4508 me-

2308 4534 2521 4604 moria,
2551 4532 2739 4591 modo
2769 4533 3136 4591 seductionis
3163 4535 3438 4606 caligine,
3489 4536 3677 4594 modo
3704 4537 3982 4596 intentio-

2306 4624 2400 4680 nis
2428 4640 2554 4681 sute
2580 4622 3010 4696 interruptione
3038 4622 3300 4680 fuscetur
3331 4641 3345 4678 :
3382 4625 3649 4682 Tentatio
3680 4642 3824 4700 ergo
3862 4631 3971 4698 est,

2304 4729 2443 4787 quas
2473 4717 2578 4770 aut
2598 4712 2794 4770 aliena
2808 4710 3123 4768 virtutibus
3149 4709 3230 4768 ad
3244 4709 3482 4768 caaleste
3501 4715 3823 4785 premium
3848 4732 3973 4775 non

2304 4801 2462 4859 valet
2490 4816 2825 4872 assurgere,
2856 4804 2961 4857 aut
2982 4798 3173 4856 ditata
3200 4797 3376 4856 donis
3408 4799 3818 4873 spiritualibus
3866 4805 3973 4863 ali-

2303 4889 2555 4963 quando
2577 4888 2836 4947 deterius
2862 4904 2937 4945 ex
2958 4887 3274 4947 occasione
3294 4888 3584 4946 virtutum
3609 4894 3748 4949 ruit.
3772 4892 3974 4950 Militia

2301 4995 2445 5037 vero
2499 4984 2590 5038 est
2633 4979 2757 5038 vita
2806 4978 3090 5049 hominis,
3119 4979 3266 5052 quia
3313 4978 3762 5054 unusquisque,
3813 4980 3968 5040 dum

2300 5068 2567 5143 quotidie
2612 5069 2693 5127 ad
2740 5069 2876 5126 vita:
2905 5067 3229 5127 terminum
3282 5084 3392 5143 per
3430 5072 3776 5143 temporum
3813 5086 3970 5143 aug-

2298 5164 2503 5217 menta
2550 5159 2756 5228 tendit,
2802 5159 3083 5229 augendo
3126 5159 3315 5218 vitam
3366 5158 3567 5218 vivere
3608 5159 3849 5217 desinit.
3896 5163 3970 5219 Et

2296 5249 2445 5306 dum
2475 5250 2671 5324 spatia
2697 5254 3040 5323 temporum
3069 5264 3333 5307 crescere
3357 5250 3608 5324 appetit,
3638 5249 3718 5306 ab
3742 5250 3966 5309 eodem

2294 5340 2489 5414 spatio
2516 5339 2686 5414 quod
2730 5337 3147 5413 protendendo
3193 5338 3435 5412 colligit,
3467 5336 3799 5396 crescendo
3825 5355 3967 5413 per-

2293 5429 2677 5487 transit.Nam
2699 5445 2840 5486 cum
2854 5427 3129 5486 ordinem
3158 5428 3380 5487 militias
3393 5428 3564 5485 locus
3581 5427 3815 5497 crescit,
3832 5432 3966 5487 toto

2294 5518 2475 5574 simul
2513 5517 2746 5575 homini
2773 5518 2991 5575 deficit.
3015 5519 3293 5593 Sequitur
3312 5536 3326 5573 :
3344 5518 3427 5573 Et
3448 5518 3602 5574 sicut
3643 5518 3770 5574 dies
3798 5534 3962 5576 mer-

2291 5609 2521 5666 cenarii
2547 5608 2670 5666 dies
2689 5611 2838 5680 ejus.
2885 5640 2955 5650 —
3005 5606 3395 5668 Mercenarius
3454 5606 3533 5665 ad
3579 5606 3806 5667 laboris
3859 5609 3961 5667 sui
