4146 6156
199 147 301 203 177

1020 144 1314 200 EPITOME
1351 142 1716 198 MORALIUM
1757 143 1812 198 S.
1855 141 2058 198 GREG.
2090 142 2158 198 IN
2196 145 2336 200 JOB.
2383 175 2451 184 -—-
2491 145 2626 200 LIB.
2667 146 2805 201 VIII.

3528 150 3627 200 178

193 267 518 342 prmmium
550 265 725 322 citius
755 263 1064 338 pervenire
1095 266 1355 335 exoptat.
1387 262 1521 318 Dies
1540 262 1742 334 itaque
1762 262 1867 318 ho-
1896 265 1944 318 A
1975 279 2113 320 TICE.
2143 266 2375 321 Vacuos
2401 265 2662 321 Ecclesia
2682 281 2919 321 menses
2951 266 3156 334 habet,
3199 282 3335 338 quae
3383 266 3637 322 inﬁrmis

192 357 376 413 minis
429 361 654 413 aeterna
701 353 1006 427 sapientis,
1055 356 1209 409 recte
1250 352 1464 408 diebus
1513 350 1865 407 mercenarii

191 449 651 519 comparantur,
680 443 824 516 quia
839 445 1192 516 praesentem
1213 441 1418 509 vitam,
1436 441 1600 496 viam
1615 455 1739 496 non
1759 455 1866 512 pa-

190 536 370 592 triam
399 534 712 608 deputant,
745 536 802 588 et
832 530 1241 588 mercenarius
1289 531 1351 586 in
1398 529 1606 586 alienis
1647 528 1863 585 labori-

187 624 310 682 bus
343 623 619 692 exsudat,
652 620 760 677 sed
791 624 994 676 tamen
1021 619 1136 676 sibi
1185 619 1500 694 proprium
1548 618 1862 692 praemium

187 715 519 787 prmparat.
546 713 696 766 Voce
723 713 925 764 autem
957 708 1369 781 Redemptoris
1399 707 1614 764 dicitur
1647 725 1659 761 :
1694 725 1725 760 ›
1752 709 1861 762 Re-

188 816 386 872 gnum
415 815 620 856 meum
651 813 774 853 non
797 802 885 853 est
929 797 1004 854 de
1031 799 1145 854 hoc
1188 797 1420 854 mundo
1471 797 1666 869 (Joan.
1697 812 1859 866 xvm,

189 891 302 962 36).
337 912 367 940 »
401 890 622 945 Omnes
650 902 796 958 ergo
824 887 929 959 qui
959 902 1065 959 spe
1091 886 1423 943 caelestium
1445 885 1680 959 praediti
1698 901 1862 941 exer-

191 980 325 1036 citio
355 977 491 1033 vitae
509 976 821 1050 praesentis
837 976 1169 1047 atterimur,
1194 976 1255 1032 in
1273 976 1469 1032 alieno
1487 975 1858 1042 laboramus,

189 1072 246 1124 et
289 1067 485 1124 alieno
542 1064 792 1138 quidem
843 1063 1052 1121 labore
1092 1065 1436 1136 fatigamur,
1494 1063 1602 1120 sed
1657 1067 1861 1120 tamen

185 1157 456 1230 praemia-
485 1159 691 1211 nostra
729 1153 1119 1228 percipimus,
1153 1159 1210 1211 et
1257 1170 1365 1228 per
1421 1153 1536 1210 hoc
1589 1151 1860 1226 perveni-

184 1264 328 1304 mus
361 1245 440 1302 ad
455 1244 720 1319 propria,
751 1244 919 1318 quod
949 1259 1098 1316 pure
1125 1243 1622 1300 administramus
1639 1242 1855 1299 aliena.

185 1338 318 1402 Quo
345 1339 555 1391 contra
579 1333 949 1407 quibusdam
971 1332 1194 1389 Veritas
1216 1332 1358 1388 dicit
1386 1349 1399 1387 :
1425 1351 1456 1384 ‹
1485 1332 1542 1389 Si
1570 1331 1632 1387 in
1662 1330 1856 1388 alieno

181 1422 394 1479 fideles
421 1438 546 1479 non
574 1421 788 1494 fuistis,
819 1422 987 1495 quod
1009 1426 1278 1478 vestrum
1299 1426 1387 1478 est
1411 1420 1547 1494 quis
1577 1419 1857 1476 dabitvo-

185 1514 278 1569 bis
299 1513 328 1568 εἰ
355 1536 386 1563 ››
413 1512 583 1584 (Luc.
613 1529 734 1582 xvi,
771 1515 882 1581 l2.)
916 1511 1238 1569 Sciendum
1265 1527 1510 1584 quoque
1559 1513 1648 1566 est
1671 1507 1856 1582 {quod

1973 353 2096 407 suis
2141 357 2403 410 terrenas
2456 354 2719 410 actiones
2777 354 3005 426 absque
3059 356 3191 410 vitae
3235 356 3482 428 praemio
3533 356 3636 412 de-

1973 441 2226 499 ﬂ‘uentes
2259 443 2531 500 sustinet.
2574 444 2708 516 Ipsa
2749 449 2951 498 noctes
2999 443 3331 500 laboriosas
3383 461 3517 516 quae
3575 445 3637 500 in

1973 531 2262 588 membris
2292 532 2545 588 fortibus
2571 531 2928 604 multiplices
2959 532 3370 588 tribulationes
3417 538 3633 605 portat.

1972 621 2259 676 Mensium
2273 622 2498 694 quippe
2512 621 2775 688 nomine,
2792 621 3026 676 dierum
3047 621 3311 676 collectio
3330 627 3637 678 etsumma

1973 710 2261 780 signatur.
2297 714 2401 767 Per
2429 711 2590 768 diem
2618 728 2760 782 ergo
2788 728 3171 784 unaquaeque
3200 713 3352 767 actio
3383 713 3635 785 exprimi

1971 804 2187 872 potest,
2221 817 2328 873 per
2358 817 2596 858 menses
2628 807 2831 858 autem
2879 806 3121 858 actuum
3180 801 3316 856 ﬁnis
3365 803 3635 871 intelligi-

1972 892 2084 944 tur.
2122 893 2248 946 Non
2279 891 2475 946 solum
2503 891 2683 962 igitur
2720 891 2868 958 dies,
2901 891 3004 946 sed
3035 907 3274 946 menses
3305 907 3526 945 vacuos
3551 891 3637 945 (li-

1972 978 2185 1049 cimus,
2217 996 2356 1035 cum
2382 997 2494 1036 nos
2519 980 2579 1035 in
2603 981 2846 1037 terrenis
2880 981 3111 1037 aclibus
3157 981 3282 1035 sine
3315 981 3508 1035 fructu
3555 980 3639 1034 1a-

1967 1068 2237 1140 borasse,
2266 1086 2389 1126 non
2431 1087 2504 1126 ex
2533 1071 2764 1126 actione
2793 1071 3174 1144 principium,
3219 1071 3324 1126 sed
3353 1071 3470 1125 line
3493 1087 3640 1143 pen-

1969 1173 2194 1213 samus.
2229 1161 2377 1215 Cum
2407 1159 2569 1214 enim
2601 1158 2840 1214 labores
2890 1165 3126 1215 nostros
3180 1159 3504 1215 adversitas
3545 1175 3634 1213 se-

1965 1245 2186 1317 quitur,
2215 1247 2390 1318 quasi
2420 1247 2552 1302 vita:
2582 1251 2798 1305 nostrae
2857 1247 3031 1303 vacui
3079 1263 3316 1302 menses
3368 1263 3634 1316 arguun-

1966 1336 2082 1405 tur,
2139 1335 2283 1407 quia
2340 1351 2413 1390 ex
2465 1335 2714 1391 actionis
2776 1335 3172 1408 completione
3249 1335 3634 1403 agnoscimur

1964 1439 2152 1495 quam
2179 1423 2401 1480 frustra
2421 1425 2483 1480 in
2514 1424 2852 1480 actionibus
2887 1424 3276 1480 subdebatur.
3323 1424 3438 1480 Sed
3485 1424 3631 1495 quia

1962 1511 2026 1567 in
2053 1528 2224 1569 sacro
2253 1513 2491 1586 eloquio
2518 1529 2962 1585 nonnunquam
2993 1529 3114 1568 nox
3139 1530 3250 1584 pro
3294 1513 3634 1581 ignorantia

183 1601 592 1659 mercenarius
622 1601 868 1657 sollicite
913 1605 1082 1658 curat
1126 1601 1442 1674 inspicere,
1472 1615 1548 1656 ne
1578 1613 1853 1671 unquam
1886 1622 1926 1676 Β
1963 1601 2226 1674 ponitur,
2283 1601 2464 1658 Paulo
2513 1605 2850 1669 attestante,
2906 1602 3011 1674 qui
3076 1605 3395 1656 venturam
3445 1602 3632 1656 vitam

182 1691 312 1749 dies
325 1707 554 1748 vacuus
566 1691 863 1748 habeatur
877 1690 956 1748 ab
973 1706 1173 1764 opere.
1191 1690 1356 1746 Unde
1368 1694 1427 1747 et
1447 1689 1670 1746 electus
1686 1693 1851 1744 tanto

184 1781 468 1838 ﬁdentius
498 1796 605 1854 spe
635 1779 824 1837 tendit
852 1780 931 1837 ad
972 1780 1244 1852 praemia,
1279 1783 1510 1853 quanto
1548 1794 1710 1836 nunc
1758 1793 1852 1834 ro-

182 1871 420 1927 bustius
449 1869 739 1944 perdurat
763 1869 844 1926 ad
870 1869 1096 1927 laboris
1126 1869 1516 1926 incrementa.
1551 1868 1681 1924 Dies
1711 1883 1850 1924 cum

183 1959 473 2032 operibus
503 1963 802 2026 numerat,
848 1974 924 2015 ne
972 1974 1010 2015 a
1053 1957 1262 2015 labore
1307 1974 1504 2015 vacua
1549 1959 1854 2014 transeant

181 2049 324 2104 vita:
371 2051 679 2104 momenta
725 2047 1028 2104 formidat.
1086 2047 1229 2104 Hinc
1277 2063 1544 2120 namque
1596 2046 1846 2102 dicunt:

182 2159 212 2186 ‹‹
246 2139 497 2210 Propter
525 2141 578 2192 te
602 2136 1034 2193 mortificamur
1055 2140 1178 2193 tota
1205 2135 1300 2192 die
1330 2137 1518 2204 (Rom.
1542 2151 1670 2203 Vlll,
1709 2134 1849 2206 13).»

181 2229 290 2282 Et:
322 2248 350 2275 ‹‹
380 2225 511 2282 Scio
543 2225 638 2281 cui
676 2224 922 2297 credidi,
969 2228 1027 2281 et
1073 2228 1268 2281 certus
1320 2240 1457 2279 sum
1506 2224 1597 2290 (ΙΙ
1624 2224 1770 2279 Tim.
1804 2239 1847 2291 ι,

186 2316 294 2387 12).
323 2333 354 2367 ›
387 2314 664 2387 Sequitur
695 2331 710 2369 :

255 2406 423 2460 Vens.
449 2408 502 2460 '2.
529 2403 700 2460 Sicut
729 2418 936 2460 cervus
965 2404 1264 2460 desiderat
1293 2404 1587 2460 umbram.
1619 2435 1687 2443 —
1711 2404 1848 2458 Um-

177 2493 358 2550 bram
384 2492 614 2566 quippe
638 2492 980 2549 desiderare
1006 2508 1183 2548 cervo
1213 2496 1322 2560 est,
1351 2508 1460 2564 pro
1510 2491 1849 2548 tentationis

179 2585 332 2638 aestu
359 2581 702 2653 sudoreque
733 2582 953 2655 operis,
999 2581 1203 2638 aeterni
1245 2580 1532 2652 refrigerii
1578 2581 1848 2654 requiem

178 2687 471 2745 quaerere.
503 2670 653 2726 Hinc
681 2671 970 2744 scriptum
1004 2675 1092 2726 est
1121 2688 1134 2726 :
1187 2693 1213 2721 «
1247 2670 1431 2726 Sitivit
1479 2670 1684 2726 anima
1712 2685 1850 2726 mea

182 2761 265 2817 ad
295 2764 486 2816 Deum
517 2759 742 2825 vivum,
766 2781 794 2810 »
837 2763 895 2815 et
944 2758 1176 2833 reliqua
1229 2761 1419 2828 (Psal.
1470 2776 1579 2829 xu,
1611 2763 1687 2825 3).
1734 2762 1802 2814 Et
1832 2776 1846 2814 :

183 2873 214 2902 α
247 2853 371 2906 Heu
397 2866 519 2920 me,
540 2849 835 2906 incolatus
860 2865 1032 2905 meus
1075 2849 1469 2922 prolongatus
1524 2851 1615 2904 est
1657 2849 1845 2920 (Psal.

179 2955 330 3030 cxix,
353 2941 620 3030 A5)._i_:_‘Et
649 2956 662 2994 :
718 2960 745 2988 «
782 2935 1087 3030 Ingrediar
1112 2937 1192 3030 in
1231 2936 1445 3030 locum.
1480 2935 1848 3030 tabernaculi
1876 2977 1918 3030 ο

175 3027 597 3096 Admirabilis,
631 3051 661 3077 »
718 3031 774 3083 et
821 3025 1054 3100 reliqua
1103 3027 1221 3098 (Ps.
1255 3043 1373 3095 xm,
1400 3027 1474 3098 5).
1528 3025 1844 3099 Sequitur:

174 3119 258 3174 Et
291 3121 446 3174 sicut
468 3118 870 3174 mercenarius
889 3117 1286 3186 praestolatur
1295 3117 1477 3186 ﬁnem
1488 3119 1681 3186 operis
1698 3118 1845 3186 ejus.

179 3239 253 3248 —
305 3206 698 3263 Mercenarius
741 3205 904 3262 enim
959 3205 1126 3278 quod
1182 3221 1364 3276 grave
1411 3204 1727 3280 perpendit
1776 3221 1848 3260 ex

168 3312 382 3370 opere,
410 3295 536 3352 leve
565 3295 864 3352 existimat
883 3310 956 3351 ex
985 3294 1485 3352 remuneratione.
1513 3295 1604 3353 Sic
1620 3294 1846 3368 quippe

166 3387 350 3461 quod
366 3386 564 3443 electis
578 3385 754 3443 valde
775 3401 908 3442 esse
930 3385 1310 3459 importabile
1336 3401 1410 3442 ex
1424 3385 1630 3442 dolore
1651 3390 1846 3441 osten-

167 3476 361 3544 ditur,
377 3474 851 3532 consideratione
878 3475 1133 3548 provida
1162 3491 1235 3531 ex
1260 3473 1845 3541 remunerationelee

135 3582 140 3586 ·
167 3566 438 3637 vigatur.
463 3565 610 3621 Hinc
640 3568 730 3621 est
749 3564 917 3638 quod
937 3565 1154 3621 Paulus
1176 3581 1364 3638 quam
1385 3565 1458 3620 sit
1478 3580 1659 3636 grave
1680 3563 1847 3637 quod

162 3655 404 3730 patitur
430 3653 655 3711 indicat
679 3673 692 3722 ;
717 3676 744 3705 «
770 3653 876 3727 qui
895 3653 956 3710 in
977 3654 1320 3710 carceribus
1340 3653 1771 3724 abundantius,
1785 3652 1847 3707 in

162 3743 376 3818 plagis
404 3759 586 3816 supra
613 3743 888 3811 modum,
919 3744 980 3800 in
1029 3743 1324 3800 mortibus
1376 3743 1717 3816 frequenter
1762 3743 1854 3813 (ΙΙ

166 3835 322 3892 Cor.
347 3849 430 3902 x1,
464 3834 552 3905 32)
582 3857 610 3882 ››
642 3832 826 3888 fuisse
857 3837 1120 3889 testatur.
1170 3832 1283 3898 Qui
1325 3831 1481 3888 ultra
1527 3832 1683 3888 vires
1719 3846 1851 3901 gra-

163 3927 388 3980 vatum
421 3938 483 3979 se
513 3922 723 3979 asserit
751 3922 960 3978 dicens
996 3940 1009 3976 :
1044 3944 1071 3971 «
1105 3923 1298 3994 Supra
1327 3921 1578 3978 modum
1622 3921 1850 3991 gravati

166 4028 418 4081 sumus,
452 4025 639 4082 supra
668 4009 967 4078 virtutem,
1000 4009 1081 4064 ita
1131 4013 1196 4064 ut
1225 4009 1464 4064 taederet
1509 4024 1621 4064 nos
1669 4008 1848 4064 etiam

166 4103 377 4158 vivere
407 4098 501 4168 (II
527 4097 663 4152 Cor.
697 4113 735 4166 ι,
765 4097 846 4168 8);
883 4120 910 4146 ››
964 4096 1073 4152 sed
1109 4096 1657 4152 remunerationem
1706 4111 1849 4152 con-

167 4190 453 4247 siderans
485 4185 568 4242 ait
603 4202 616 4240 :
650 4207 677 4234 «
712 4188 839 4241 Non
871 4189 1010 4242 sunt
1039 4184 1354 4256 condignae
1386 4184 1699 4258 passiones
1742 4185 1849 4242 hu-

163 4281 272 4351 jus
303 4275 586 4349 temporis
611 4275 691 4332 ad
715 4275 979 4331 futuram
1009 4275 1265 4346 gloriam
1308 4291 1446 4349 quae
1489 4274 1848 4332 revelabitur

166 4369 234 4424 in
267 4365 448 4422 nobis
472 4365 660 4436 (Rom.
697 4380 737 4434 ι,
769 4364 874 4433 18).
911 4386 938 4414 ››
970 4363 1247 4438 Sequitur
1278 4381 1292 4419 :

245 4457 425 4510 Veas.
459 4457 510 4510 3.
545 4455 646 4510 Sic
674 4460 730 4510 et
759 4469 864 4525 ego
896 4454 1084 4510 habui
1126 4469 1350 4511 menses
1398 4469 1635 4523 vacuos,
1662 4459 1717 4508 et
1745 4468 1847 4508 no-

171 4549 301 4600 ctes
333 4543 659 4599 laboriosas
689 4543 1034 4599 enumeravi
1069 4542 1236 4607 mihi.
1284 4573 1354 4582 —
1401 4541 1577 4598 Electi
1619 4541 1845 4614 quippe

173 4631 485 4690 Conditori
511 4647 711 4687 rerum
760 4632 1046 4700 serviunt,
1091 4635 1149 4687 et
1191 4647 1350 4704 sape
1392 4646 1594 4687 rerum
1641 4630 1846 4703 inopia

173 4722 676 4788 coangustantur.
727 4719 838 4785 Qui
867 4719 1046 4791 igitur
1075 4736 1182 4792 per
1211 4719 1475 4776 actiones
1500 4734 1642 4774 suas
1691 4735 1844 4791 prte-

176 4808 375 4864 sentia
403 4823 524 4864 non
555 4814 852 4881 quaerunt,
877 4825 914 4866 a
942 4809 1155 4865 mundi
1190 4809 1563 4882 compendiis
1605 4823 1845 4865 menses

175 4907 407 4954 vacuas
437 4897 688 4955 ducunt.
711 4902 920 4956 Noctes
934 4914 1178 4972 quoque
1204 4897 1540 4955 laboriosas
1573 4898 1842 4966 tolerant,

176 4985 283 5059 qui
313 4985 745 5044 adversitatum
777 4987 1054 5044 tenebras
1080 5003 1204 5044 non
1235 4987 1431 5044 solum
1479 5003 1671 5060 usque
1718 4987 1846 5043 ino-

176 5074 345 5147 piam
355 5074 479 5140 ,sed
491 5091 650 5149 saepe
663 5077 739 5132 ad
752 5079 1018 5150 corporis
1029 5076 1362 5134 cruciatum
1372 5079 1633 5149 portant.
1648 5076 1848 5132 Potest

180 5163 364 5219 etiam
391 5178 516 5219 non
562 5164 1050 5222 inconvenienter
1075 5164 1342 5235 intelligi,
1392 5164 1560 5237 quod
1601 5167 1844 5220 sanctus

180 5251 441 5324 quisque
469 5268 708 5309 menses
753 5269 978 5310 vacuos
1016 5254 1168 5310 sicut
1203 5253 1611 5310 mercenarius
1657 5251 1843 5321 ducit,

181 5341 279 5412 qui
306 5340 582 5398 laborem
599 5342 730 5413 jam
760 5343 1028 5413 sustinet,
1061 5342 1169 5398 sed
1214 5342 1533 5414 praemium
1583 5339 1846 5396 necdum

183 5435 357 5488 tenet.
374 5432 500 5488 Hoc
529 5432 770 5501 tolerat;
801 5433 948 5488 illud
970 5437 1291 5505 exspectat.
1338 5436 1548 5489 Noctes
1576 5446 1720 5487 vero
1757 5429 1844 5486 la-

181 5517 456 5576 boriosas
476 5526 811 5591 enumerat,
841 5520 986 5594 quia
1013 5520 1400 5578 adversitates
1439 5520 1550 5577 sibi
1592 5534 1848 5595 praesen-

189 5607 258 5664 tis
276 5610 566 5686 temporis
591 5611 654 5669 in
680 5609 998 5670 virtutibus
1027 5609 1358 5666 exercendo
1383 5613 1713 5669 coacervat.
1736 5612 1846 5666 Mr-

1963 1690 2289 1747 scientibus
2317 1691 2458 1747 dicit
2490 1711 2502 1747 :
2533 1711 2564 1745 ‹
2596 1694 2816 1749 Omnes
2843 1708 2950 1747 vos
2980 1691 3084 1746 ﬁlii
3114 1691 3285 1760 lucis,
3309 1697 3364 1746 et
3391 1691 3493 1744 tilii
3515 1691 3632 1745 diei

1962 1781 2123 1848 estis,
2179 1797 2301 1838 non
2351 1798 2562 1837 sumus
2618 1781 2830 1848 noctis,
2880 1798 3075 1854 neque
3148 1780 3530 1836 tenebrarum
3581 1780 3632 1850 (1

1966 1870 2186 1938 Thess.,
2215 1887 2276 1942 v,
2308 1871 2382 1942 5).
2416 1889 2447 1924 ›
2477 1874 2671 1927 Potest
2700 1872 2815 1927 hoc
2843 1871 2905 1927 in
2938 1871 3070 1926 loco
3109 1887 3180 1925 ex
3235 1886 3445 1925 eorum
3494 1885 3630 1941 per-

1961 1975 2112 2017 sona
2136 1977 2253 2016 vox
2287 1965 2507 2017 sanctae
2552 1960 2825 2017 Ecclesiae
2872 1960 3084 2032 accipi,
3133 1960 3237 2032 qui
3280 1963 3418 2032 post
3457 1959 3630 2029 igno-

1959 2049 2166 2106 rantiae
2203 2066 2325 2105 suae
2354 2049 2689 2120 caliginem,
2723 2050 2802 2106 ad
2831 2066 3101 2106 amorem
3139 2048 3507 2104 rectitudinis
3537 2065 3628 2104 re-

1961 2137 2170 2206 deunt,
2201 2142 2258 2195 et
2286 2139 2545 2195 veritatis
2589 2140 2772 2195 radiis
2821 2139 3115 2205 illustrati,
3173 2138 3408 2193 ﬂetibus
3457 2138 3630 2194 luunt

1959 2227 2128 2300 quod
2153 2230 2516 2283 erraverunt.
2551 2228 2614 2281 In
2666 2227 2749 2282 eis
2799 2242 2941 2296 ergo
2992 2230 3200 2281 sancta
3242 2225 3520 2295 Ecclesia,
3567 2225 3628 2280 in

1957 2317 2181 2389 quibus
2259 2317 2338 2372 ad
2422 2317 2609 2373 vitam
2671 2315 3014 2385 revertitur,
3097 2315 3368 2370 laborem
3448 2331 3628 2369 suum

1959 2406 2236 2463 aestuanti
2286 2423 2482 2471 servo,
2532 2411 2588 2463 et
2617 2405 2978 2462 desideranti
3027 2405 3209 2460 ﬁnem
3258 2404 3626 2459 mercenario

1960 2498 2293 2568 comparat,
2345 2494 2596 2550 dicens:
2663 2495 2836 2549 Sicut
2893 2508 3102 2548 cervus
3154 2493 3453 2547 desiderat
3505 2509 3626 2546 um-

1961 2585 2151 2654 bram,
2185 2587 2241 2641 et
2269 2584 2518 2656 reliqua.
2555 2583 2644 2638 Ad
2690 2586 3064 2651 aestuantem,
3113 2597 3351 2636 menses
3405 2596 3625 2635 vacuos

1957 2672 2171 2737 reddit,
2203 2672 2351 2745 quia
2381 2688 2503 2745 quo
2533 2671 2727 2741 magis
2759 2674 3047 2726 aeternum
3073 2668 3446 2738 refrigerium
3467 2683 3628 2739 quae-

1956 2760 2122 2828 ritur,
2157 2775 2228 2816 eo
2254 2760 2448 2831 magis
2473 2776 2659 2833 quam
2690 2775 2880 2815 vacue
2905 2774 3016 2831 pro
3040 2758 3154 2814 ista
3185 2757 3511 2813 laboratur.
3537 2755 3627 2811 Ad

1959 2848 2408 2923 praestolantem
2457 2865 2616 2915 vero,
2661 2847 2995 2903 laboriosas
3041 2851 3246 2902 noctes
3295 2845 3623 2911 subintulit,

1959 2939 2104 3012 quia
2131 2954 2253 3010 quo
2283 2938 2480 3008 magis
2509 2953 2582 2993 ex
2610 2937 2864 2994 termino
2893 2936 3090 3008 operis
3112 2935 3429 3008 praemium
3459 2933 3627 3006 quod

1960 3043 2361 3100 assequamur
2384 3026 2766 3099 inspicimus,
2818 3041 2888 3080 eo
2933 3025 3127 3093 magis
3173 3023 3625 3094 ingemiscimus

1958 3103 2064 3174 diu
2115 3132 2228 3172 nos
2275 3117 2538 3173 nescisse
2586 3115 2752 3188 quod
2804 3114 3148 3188 quaerimus.
3198 3116 3425 3178 Quanto
3465 3110 3625 3166 enim

1957 3207 2159 3264 verius
2191 3207 2269 3263 ad
2301 3209 2489 3262 Deum
2518 3205 2891 3271 revertimur,
2925 3207 3091 3260 tanto
3137 3201 3410 3258 subtilius
3455 3199 3624 3256 labo-

1957 3312 2052 3353 res
2071 3313 2226 3369 quos
2266 3312 2375 3370 per
2405 3294 2805 3366 ignorantiam
2836 3294 2896 3349 in
2944 3293 3057 3348 hoc
3111 3291 3340 3347 mundo
3389 3289 3628 3362 pertuli-

1959 3402 2114 3442 mus.
2145 3383 2408 3442 dolendo
2429 3399 2780 3456 pensamus.
2816 3382 3092 3454 Sequitur
3127 3401 3138 3437 :

2030 3477 2200 3529 Vsas.
2231 3477 2285 3530 4.
2326 3474 2392 3529 Si
2419 3473 2719 3528 dormiero
2745 3472 2942 3526 dicam
2973 3489 2985 3526 :
3043 3471 3291 3537 Quando
3337 3468 3623 3538 surgam?

1956 3561 2033 3616 Et
2053 3577 2295 3617 rursum
2311 3561 2669 3632 exspectabo
2685 3576 3014 3630 vesperum.
3031 3591 3097 3598 —
3111 3557 3166 3612 Si
3187 3574 3323 3613 vero
3337 3557 3414 3612 ad
3433 3555 3625 3611 solam

1957 3649 2272 3706 historiam
2310 3651 2440 3707 haec
2469 3650 2657 3706 verba
2702 3654 3052 3724 pensantur,
3085 3664 3191 3720 per
3232 3649 3361 3703 haec
3391 3644 3626 3718 procul-

1957 3738 2144 3795 dubio
2175 3739 2415 3796 animus
2443 3740 2698 3796 dolentis
2729 3739 3100 3812 exprimitur,
3124 3737 3376 3810 qualiter
3404 3752 3510 3807 per
3541 3734 3625 3789 di-

1956 3845 2161 3884 versos
2176 3834 2376 3886 motus
2397 3829 2672 3885 desiderii
2691 3829 2970 3884 maestitia
2990 3827 3328 3899 impellente
3341 3825 3622 3880 varietur.

1959 3917 2023 3972 In
2044 3922 2218 3972 nocte
2236 3917 2364 3972 dies
2387 3917 2690 3988 quaeritur,
2709 3917 2768 3971 in
2787 3916 2881 3970 die
2894 3931 3213 3986 vesperum
3227 3913 3620 3979 desideratur,

1957 4005 2104 4077 quia
2145 4005 2432 4059 nimirum
2480 4004 2650 4059 dolor
2701 4019 2826 4058 non
2865 4003 3149 4074 permittit
3205 4002 3440 4073 placere
3486 4017 3621 4070 quae

1959 4094 2200 4148 adsunt.
2233 4092 2431 4148 Aliter.
2465 4094 2682 4148 Sancta
2722 4107 2965 4164 quoque
3010 4090 3268 4145 Ecclesia
3306 4104 3625 4159 quousque

1960 4180 2145 4236 vitam
2195 4181 2594 4254 corruptionis
2639 4181 2824 4250 ducit,
2867 4179 3006 4235 ﬂere
3049 4175 3458 4234 mutabilitatis
3501 4193 3622 4231 suae

1959 4268 2189 4326 damna
2208 4286 2333 4326 non
2353 4269 2588 4327 desinit.
2608 4272 2690 4326 Ae
2715 4270 2763 4324 si
2795 4285 2937 4339 ergo
2967 4269 3128 4325 dicat
3156 4286 3167 4322 :
3203 4269 3266 4322 In
3295 4282 3508 4322 somno
3534 4282 3623 4321 re-

1961 4360 2391 4416 surrectionem
2407 4360 2702 4432 desidero,
2725 4360 2786 4415 in
2804 4358 3232 4415 resurrectione
3251 4374 3391 4413 vero
3412 4373 3621 4428 vespe-

1956 4467 2095 4508 rum
2121 4456 2424 4524 exspecto,
2455 4450 2600 4523 quia
2628 4451 2832 4523 quieta
2861 4449 3206 4506 exercitium
3239 4448 3488 4505 actionis
3519 4463 3624 4520 ap-

1958 4546 2116 4614 peto,
2155 4545 2212 4597 et
2265 4541 2585 4597 exercitata
2613 4541 2803 4596 otium
2833 4539 3048 4611 quietis
3077 4554 3303 4611 quaero.
3339 4537 3622 4593 Conditus

1957 4630 2182 4703 quippe
2211 4631 2396 4686 homo
2427 4629 2638 4695 fuerat,
2672 4632 2738 4684 ut
2769 4628 2848 4683 ab
2889 4643 3094 4682 amore
3144 4626 3477 4683 Conditoris
3528 4625 3622 4678 sui

1957 4735 2273 4792 nunquam
2293 4717 2762 4774 declinaret.Sed
2781 4717 2843 4771 in
2869 4732 2940 4771 eo
2968 4715 3132 4788 quod
3157 4715 3375 4786 pedem
3406 4714 3482 4768 ad
3505 4713 3624 4768 cul-

1955 4825 2101 4882 pam
2132 4808 2338 4876 movit,
2377 4823 2413 4862 a
2442 4807 2756 4862 dilectione
2774 4805 3107 4860 Conditoris
3134 4806 3194 4859 in
3227 4803 3620 4876 semetipsum

1954 4898 2227 4972 protinus
2249 4895 2476 4963 cecidit,
2501 4901 2558 4951 et
2601 4895 2810 4951 salutis
2833 4912 2952 4950 suae
2994 4893 3398 4949 fortitudinem
3428 4893 3621 4966 perdi-

1955 4987 2058 5042 dit.
2102 4985 2300 5054 Aliter,
2349 4985 2614 5041 Dormire
2660 5000 2926 5056 namque
2975 4985 3034 5039 iu
3088 4985 3346 5057 peccatis
3397 4985 3615 5055 jacere.

1957 5076 2099 5132 Hinc
2111 5075 2327 5132 Paulus
2344 5074 2442 5144 ait;
2462 5097 2490 5124 ‹‹
2506 5073 2804 5144 Evigilate,
2830 5073 2995 5144 justi,
3024 5097 3050 5124 ››
3074 5079 3130 5130 et
3149 5075 3377 5148 reliqua
3406 5076 3460 5146 (Ι
3477 5074 3616 5130 Cor.

1953 5182 2053 5236 xv,
2080 5166 2190 5239 34).
2224 5169 2291 5221 Et
2315 5181 2556 5222 rursum
2590 5182 2603 5220 :
2633 5186 2660 5214 ‹‹
2698 5166 2904 5234 Surge,
2938 5164 3042 5236 qui
3065 5164 3314 5233 dormis,
3334 5169 3390 5219 et
3419 5177 3620 5217 exsur-

1955 5270 2027 5324 ge
2053 5271 2090 5312 a
2114 5256 2386 5324 mortuis,
2419 5277 2448 5305 ››
2478 5259 2534 5312 et
2561 5254 2793 5327 reliqua
2841 5254 3082 5324 (Ephes.
3119 5272 3168 5316 v,
3235 5254 3340 5323 14).
3390 5251 3616 5304 Electus

1952 5344 2131 5414 igitur
2155 5345 2410 5418 quieque
2459 5361 2598 5400 cum
2642 5343 2871 5417 peccati
2919 5359 3156 5399 sommo
3187 5338 3494 5412 premitur,
3537 5337 3616 5393 ad

1947 5434 2190 5504 justitiaa
2217 5433 2444 5503 vigilias
2493 5449 2780 5504 exurgere
2811 5436 3080 5496 conatur,
3126 5427 3231 5482 sed
3273 5442 3425 5498 saepe
3474 5443 3613 5482 cum

1957 5523 2224 5589 surrexit,
2286 5522 2419 5595 ipsa
2471 5538 2532 5577 se
2589 5520 2788 5578 extolli
2854 5514 3267 5585 magnitudine
3327 5515 3612 5570 virtutum

1959 5611 2151 5669 sentit.
2189 5611 2354 5667 Unde
2376 5614 2434 5667 et
2457 5609 2668 5667 tentari
2689 5623 2751 5663 se
2781 5602 3088 5679 praesentis
3120 5604 3251 5659 vitae
3293 5603 3614 5659 adversita-
