4146 6156
520 131 622 194 ΓῩ9

1562 137 1618 195 S.
1661 131 1921 196 O‘DONIS
1957 127 2252 192 ABBATIS
2289 119 2797 188 CLUNYACEN-SIS
2837 127 2882 186 η

3842 122 3964 184 ξω

518 263 680 320 tibus
703 263 837 336 post
865 261 1110 318 virtutes
1159 261 1480 333 desiderat,
1530 271 1606 320 ne
1649 263 1822 338 pejus
1870 273 1942 319 ex
1989 256 2172 318 conti-
2200 262 2252 320 Α
2290 255 2493 330 quoad
2523 259 2918 326 augmentum
2955 253 3208 328 proﬂuit,
3237 253 3318 310 ad
3341 253 3696 311 incisionem
3733 255 3955 327 tentiis,

519 353 722 412 (lentia
742 351 1028 409 virtutum
1056 351 1252 410 cadat.
1283 355 1426 411 Hinc
1455 354 1743 428 scriptum
1773 359 1859 410 est
1887 353 1906 410 τ’
1935 347 2176 409 «Probe:-

519 457 635 512 me,
694 437 965 512 Dbmine,
1024 445 1082 499 et
1135 447 1295 501 tenta
1351 459 1446 499 me
1496 441 1684 516 (Psal.
1737 457 1862 510 xxv,
1911 439 1986 512 2).
2021 457 2052 493 »
2113 443 2172 495 tn

519 543 734 588 somno
763 529 991 604 quippe
1037 532 1288 605 peccati,
1318 532 1522 589 iumen
1574 531 1814 604 justitiaa
1871 528 2174 604 quaeritur,

519 625 575 677 ct
601 635 742 678 cum
766 620 1054 678 virtutum
1105 637 1400 696 prospera
1438 625 1702 678 mentem
1735 621 1954 688 levant,
2004 619 2178 691 adju-

521 711 632 768 trix
699 710 1029 768 adversitas
1099 711 1493 768 desideratur.
1554 711 1983 784 Exspectamus
2039 721 2178 780 pro-

523 815 718 874 spera,
749 799 1146 857 formidamus
1177 801 1450 858 adversa.
1502 801 1598 857 Vir
1640 800 1820 870 igitur
1859 802 2056 873 justus
2083 809 2183 854 ve.

527 901 770 963 sperum
801 893 1125 964 exspectat,
1159 891 1301 964 quia
1333 907 1470 946 cum
1501 891 1759 947 exerceri
1811 889 1972 946 hunc
2002 888 2183 944 tribu-

527 979 745 1035 latione
775 993 1016 1036 necesse
1047 983 1152 1050 est,
1185 980 1317 1054 ipsa
1341 979 1406 1037 iit
1429 979 1482 1036 ei
1514 978 1842 1037 adversitas
1869 986 2180 1052 prospera.

529 1069 721 1125 Potest
747 1068 978 1140 vesperi
1014 1067 1257 1124 nomine
1301 1069 1480 1126 etiam
1527 1069 1756 1142 peccati
1801 1067 2046 1125 tentatio
2082 1065 2185 1122 de-

531 1155 774 1227 signari.
809 1157 956 1214 Hine
981 1160 1211 1231 Moyses
1241 1157 1322 1214 ait
1355 1175 1367 1214 :
1403 1181 1432 1207 ‹‹
1464 1161 1708 1216 Factum
1755 1161 1843 1214 est
1887 1167 2086 1226 mane,
2133 1156 2191 1210 et

534 1245 755 1303 factum
786 1249 878 1303 est
907 1253 1154 1319 Vespere
1181 1247 1350 1319 (Gen.
1386 1263 1423 1316 ι,
1457 1251 1532 1316 5).
1565 1270 1592 1298 »
1643 1242 1810 1305 Mane
1839 1245 2064 1319 quippe
2111 1237 2189 1300 ad

538 1351 847 1410 vesperum
874 1333 1131 1409 ducitur,
1162 1335 1306 1410 quia
1336 1337 1620 1393 nimirum
1656 1335 1852 1393 lucem
1897 1331 2192 1391 rectitudi-

533 1424 626 1480 nis
649 1423 870 1482 umbra
917 1425 1186 1498 sequitur
1225 1425 1589 1482 tentationis.
1640 1422 1817 1481 Eiecti
1869 1431 2018 1495 ergo
2057 1423 2194 1496 post

535 1527 820 1570 somnum
848 1511 1345 1571 resurrectionem
1385 1511 1696 1589 appetunt,
1714 1514 1858 1588 quia
1885 1514 1942 1570 et
1969 1511 2193 1586 depecé

2289 345 2431 420 quia
2460 350 2736 418 tempore
2763 347 3045 418 percepta
3085 345 3462 418 pratorum“,
3513 353 3652 400 eum
3693 349 3958 403 ventum

2284 434 2650 492 breviantur.
2684 433 2952 490 Velocius
2990 439 3137 504 ergo
3162 433 3290 490 dies
3308 435 3639 500 transeunt,
3666 433 3814 506 quia
3831 434 3954 493 tela

2289 523 2631 580 tarditatem
2663 523 2965 597 profectus
3011 521 3214 593 habet,
3261 521 3383 578 vita
3433 525 3633 580 autem
3681 527 3956 596 praesens

2286 627 2521 670 moram
2553 611 2823 670 defectus
2845 621 2967 670 non
2997 611 3199 669 habet.
3231 612 3323 668 Aid
3355 611 3541 668 ﬁnem
3571 612 3798 688 quippe
3843 627 3954 671 nos

2291 703 2396 759 stri
2425 703 2652 760 itineris
2675 703 2862 760 etiam
2885 700 3252 776 quiescendo
3294 701 3700 776 pervenimus,
3741 707 3802 760 et
3846 714 3956 776 per

2291 803 2533 850 cursum
2565 793 2751 850 nostri
2767 793 3050 849 transitus
3073 793 3253 848 etiam
3269 791 3633 849 dormientes
3651 792 3830 864 tinus,
3851 796 3954 852 Se:

2291 883 2495 956 quitur
2527 897 2540 938 :
2570 883 2648 938 Et
2670 882 3009 952 consm'nptt
3033 885 3177 938 sunt
3201 880 3422 954 absque
3449 882 3585 938 ulla
3609 895 3729 952 spe.
3768 915 3840 925 —
3870 886 3957 940 Ac

2293 973 2340 1029 si
2372 976 2572 1046 aperte
2602 972 2896 1029 diceretur
2927 989 2940 1029 ε
2973 971 3174 1030 Mentis
3224 967 3513 1028 ﬁduciam
3563 971 3625 1028 in
3671 974 3964 1046 praesenti

2294 1061 2412 1118 vita
2442 1075 2566 1118 non
2593 1061 2788 1136 posui,
2821 1061 2966 1135 quia
2997 1069 3179 1119 omne
3207 1061 3377 1135 quod
3403 1061 3681 1135 praeterit,
3712 1061 3956 1121 calcan-

2295 1149 2375 1206 do
2406 1151 2622 1224 sprevi.
2651 1151 3064 1225 Reproborum
3093 1150 3310 1209 etenim
3339 1159 3512 1208 mens
3541 1149 3667 1208 dies
3691 1161 3960 1225 praisew-

2297 1245 2384 1296 tes
2414 1247 2622 1296 amore
2649 1239 3015 1312 constringit,
3047 1237 3112 1297 ut
3139 1241 3221 1314 sic
3262 1249 3502 1314 semper
3527 1239 3623 1297 hic
3671 1241 3964 1316 appetant

2299 1327 2516 1386 vivere.
2548 1335 2849 1403 quatenus
2875 1330 2926 1386 si
2953 1326 3212 1398 valeant,
3243 1329 3484 1388 vivendi
3513 1343 3757 1388 cursum
3801 1328 3960 1389 desi-

2299 1415 2514 1475 derant
2539 1427 2854 1492 nunquam
2883 1417 3077 1476 ﬁnire.
3109 1421 3182 1476 At
3207 1423 3414 1478 contra
3444 1424 3744 1478 rectorum
3788 1427 3962 1479 mens

2303 1503 2382 1563 ad
2432 1505 2772 1566 aeternitatis
2807 1507 3199 1565 intentionem
3250 1507 3528 1580 tenditur,
3587 1510 3768 1566 etiam
3822 1517 3966 1568 cum

537 1606 670 1687 cato
701 1601 778 1658 ad
803 1603 1048 1674 justitiae
1076 1603 1281 1660 lumen
1311 1603 1612 1674 evigilant,
1643 1603 1778 1660 etin
1807 1603 1942 1678 ipso
1955 1601 2194 1675 justiﬁes
2226 1606 2267 1687 δ
2303 1605 2735 1687 praeseusheam
2760 1593 3004 1656 feliciter
3026 1599 3146 1687 vita
3175 1599 3510 1656 cdmitatur‘.
3542 1598 3820 1687 Sequitur
3847 1609 3866 1658 :

538 1685 765 1746 lumine
789 1691 986 1764 positi,
1018 1701 1260 1765 semper
1297 1706 1360 1750 se
1409 1699 1617 1750 contra
1659 1688 1967 1750 illecebras
2013 1692 2196 1748 tenta-

540 1777 775 1835 tionum
816 1785 1053 1852 parant.
1089 1779 1252 1848 Quas
1298 1781 1584 1839 nimirum
1639 1789 1762 1838 non
1813 1781 2039 1849 timent,
2093 1777 2197 1836 sed

543 1869 908 1942 exspectant,
963 1871 1108 1944 quia
1155 1869 1388 1929 utilitati
1441 1885 1563 1928 suae
1597 1867 1964 1928 rectitudinis
2017 1869 2198 1927 etiam

547 1955 909 2015 tcutamenta
937 1959 1227 2032 proiicere
1256 1972 1378 2018 non
1414 1960 1713 2034 ignorant.
1763 1954 2038 2032 Sequitur
2069 1973 2082 2014 :
2123 1957 2200 2014 Et

546 2042 821 2116 replebor
841 2043 1147 2106 doloribus
1173 2057 1359 2123 asque
1381 2052 1462 2108 ad
1488 2049 1778 2108 tenebras.
1829 2081 1897 2090 -
1947 2051 2012 2105 Et
2057 2046 2202 2121 quia

548 2130 731 2192 modo
760 2137 1065 2208 surgentia
1085 2134 1226 2196 vitia
1243 2139 1470 2196 bellum
1493 2137 1688 2196 carnis
1718 2138 1994 2209 excitant,
2015 2136 2201 2194 modo

545 2217 779 2284 devicta
807 2225 1080 2284 animum
1111 2229 1190 2286 ad
1242 2229 1564 2287 elationem
1614 2229 1850 2286 vocant.
1904 2225 2202 2285 Bonorum

546 2314 668 2372 vita
704 2321 897 2389 usque
927 2317 1006 2373 ad
1045 2313 1321 2375 tenebras
1375 2317 1686 2376 doloribus
1725 2317 2002 2392 repletur,
2061 2315 2205 2390 quia

546 2411 869 2477 quousque
898 2409 1136 2479 tempus
1165 2407 1560 2481 corruptionis
1587 2408 1730 2480 agit,
1761 2407 1994 2464 interna
2023 2410 2207 2462 exter-

550 2501 751 2566 naque
778 2492 1094 2552 afﬂictione
1132 2497 1484 2566 concutitur,
1519 2503 1576 2554 et
1597 2498 1806 2554 salutis
1828 2496 2206 2553 securitatem

552 2587 675 2638 non
701 2580 942 2650 invenit,
982 2583 1097 2638 nisi
1149 2597 1288 2641 cum
1335 2583 1496 2642 diem
1546 2585 1816 2643 funditus
1869 2583 2206 2642 tentationis

551 2664 849 2744 relinquit.
886 2669 1164 2746 Sequitur
1196 2689 1208 2730 :

623 2754 792 2812 Vens.
819 2761 871 2812 5.
898 2753 1125 2815 Induta
1154 2757 1241 2816 est
1267 2773 1408 2817 caro
1437 2769 1566 2818 mea
1589 2757 1912 2832 putredine
1937 2759 1994 2818 et
2015 2756 2206 2817 sordi-

557 2845 664 2904 bus
687 2843 978 2918 pulveris.
1009 2881 1078 2888 —
1104 2852 1188 2905 Ac
1231 2847 1279 2906 si
1319 2852 1521 2924 aperte
1570 2847 1790 2908 diceret
1822 2868 1836 2906 :
1895 2847 2208 2909 (larualem

553 2933 740 2993 vitam
763 2946 951 3010 quam
979 2937 1193 3010 patior,
1226 2937 1330 2996 aut
1355 2937 1522 2998 labes
1553 2939 1798 2997 lubricae
1847 2937 2210 3014 operationis

553 3021 782 3098 polluit,
815 3023 920 3082 aut
955 3041 1029 3083 ex
1057 3024 1339 3085 vitiorum
1383 3028 1696 3100 memoria,
1751 3025 1948 3100 caligo
1979 3027 2210 3084 miserae

555 3113 930 3185 cogitationis
983 3117 1222 3190 premit.
1283 3113 1721 3176 Consentiendo
1778 3114 2003 3192 quippe
2053 3113 2209 3174 vitiis

556 3199 870 3274 putredine
926 3203 1252 3272 atterimur,
1293 3204 1576 3262 vitiorum
1624 3219 1767 3262 vero
1813 3205 2108 3276 imagines
2149 3205 2211 3261 in

557 3287 737 3344 corde
763 3287 1074 3347 tolerando
1103 3289 1382 3350 sordibus
1402 3291 1664 3366 pulveris
1677 3291 1994 3350 fcedatnur.
2013 3293 2210 3350 Aliter.

559 3377 715 3435 Multi
752 3379 976 3454 quippe
1023 3379 1086 3436 in
1135 3385 1346 3439 sancta
1397 3386 1535 3440 sunt
1581 3378 1859 3452 Ecclesia,
1912 3382 2019 3456 qui
2065 3381 2214 3438 dum

559 3467 751 3524 amori
781 3469 982 3524 carnis
1029 3467 1380 3539 inserviunt,
1411 3470 1620 3528 fmtore
1666 3467 1916 3528 luxurias
1963 3487 2214 3544 compu-

561 3557 839 3627 treseunt,
870 3560 928 3612 et
955 3561 1093 3613 sunt
1123 3557 1416 3628 nonnulli,
1443 3559 1549 3633 qui
1578 3573 1615 3616 a
1643 3557 1948 3616 voluntate
1969 3559 2216 3633 quidem

561 3643 760 3702 carnis
781 3645 1099 3716 abstinent,
1124 3647 1230 3704 sed
1259 3647 1461 3706 tamen
1493 3651 1615 3706 tota
1641 3651 1838 3706 mente
1867 3649 1927 3706 in
1971 3649 2217 3706 terrenis

561 3731 792 3792 actibus
815 3735 1038 3808 jacent.
1067 3738 1148 3794 Ac
1178 3737 1226 3793 si
1255 3751 1398 3810 ergo
1427 3739 1588 3796 dicat
1621 3756 1635 3796 :
1679 3741 1743 3795 In
1771 3737 1884 3795 illis
1937 3751 2092 3812 quos
2133 3735 2218 3794 lu-

543 3815 758 3881 bricos
783 3823 990 3896 tolero,
1018 3839 1263 3884 carnem
1278 3827 1547 3884 videlicet
1558 3825 1998 3901 putrescentem
2019 3838 2214 3898 gemo.

563 3905 626 3970 tn
654 3911 782 3970 istis
805 3915 1006 3972 autem
1031 3919 1186 3990 quos
1214 3919 1436 3974 terram
1464 3921 1798 3991 quaerentes
1824 3917 2040 3991 patior,
2071 3915 2220 3989 quid

560 4001 725 4062 aliud
749 4014 937 4079 quam
963 4005 1292 4064 foeditatem
1323 4004 1588 4080 pulveris
1630 4007 1848 4081 porto?
1895 4005 2173 4081 Sequitur
2203 4023 2215 4060 :

565 4095 726 4151 Cutis
767 4107 900 4153 mea
943 4098 1126 4165 aruit,
1161 4101 1220 4154 et
1259 4103 1569 4154 contracta
1600 4099 1704 4154 est.
1764 4129 1832 4137 -—
1881 4096 1946 4152 in
1997 4099 2220 4152 sancta:

539 4183 787 4256 quippe
813 4184 1086 4241 Ecclesia
1114 4201 1366 4260 corpore
1392 4187 1454 4244 hi
1483 4186 1589 4261 qui
1637 4187 1780 4244 solis
1829 4185 2220 4244 exterioribus

563 4273 724 4328 curis
749 4271 1098 4344 inserviunt,
1129 4289 1393 4345 congrue
1423 4276 1574 4332 cutis
1601 4279 1914 4332 vocantur.
1957 4275 2103 4342 Quae
2129 4273 2219 4330 ni-
2249 4313 2276 4345 ,-

563 4327 784 4418 mirum
827 4327 1942 4438 tegeaeae;satietates
1965 4327 2219 4420 signa
2249 4327 2296 4395 θ

564 4449 923 4523 carnalium,
981 4449 1132 4508 dum
1192 4453 1512 4526 praesentia
1577 4451 1849 4526 diligunt,
1937 4453 1994 4510 et
2047 4453 2223 4526 quasi

559 4543 733 4618 mxta
755 4539 952 4616 posita
975 4541 1428 4616 concupiscunt,
1475 4539 1554 4600 ad
1583 4539 1782 4600 futura
1828 4542 2068 4600 tendere
2114 4558 2224 4617 per

562 4630 1081 4704 longanimitatem
1110 4629 1339 4690 nolunt.
1370 4632 1481 4700 Qui
1500 4633 1650 4690 dum
1675 4633 1924 4690 internae
1946 4633 2073 4706 spei
2092 4633 2224 4706 pin-

440 4783 454 4798 ι
565 4719 888 4792 guedinem
915 4718 1246 4792 negligant,
1302 4725 1370 4779 ut
1413 4721 1790 4780 attrahuntur
1835 4718 2112 4793 areﬂunt,
2166 4727 2224 4780 et

563 4811 708 4884 quia
737 4811 786 4866 si
817 4825 1029 4868 eorum
1059 4811 1244 4868 corda
1267 4809 1608 4885 desperatio
1647 4823 1770 4870 non
1800 4811 2066 4880 siccaret,
2117 4821 2220 4868 ne-

564 4901 877 4972 quaquam
925 4904 1106 4956 testus
1163 4901 1290 4957 haec
1327 4897 1836 4975 pusillanimitatis
1880 4901 2216 4960 attrahat-et.

438 5057 448 5066 _
567 4982 730 5045 iianc
757 5003 1022 5062 namque
1051 4989 1464 5046 attractionem
1496 4989 1808 5048 Psalmista
1857 4986 2220 5048 formidave-

563 5081 676 5145 rat,
700 5091 841 5133 cum
863 5077 1189 5135 siccitatem
1215 5082 1486 5136 metuens
1512 5076 1784 5136 dicebat:
1810 5101 1838 5128 ‹‹
1865 5079 2024 5136 Sicut
2043 5079 2220 5152 adipe

565 5179 624 5224 et
648 5163 1014 5241 pinguedine
1041 5163 1341 5241 repleatur
1387 5169 1591 5226 anima
1642 5181 1778 5226 mea
1833 5168 2017 5242 (Psal.
2068 5180 2217 5232 xxvi,

565 5260 641 5332 9).
677 5277 706 5310 π
740 5253 1019 5332 Sequitur
1045 5274 1058 5313 :

641 5345 806 5400 Vens.
841 5345 893 5400 ϐ.
928 5343 1064 5400 Dies
1093 5345 1211 5400 met
1253 5344 1512 5401 velocius
1555 5345 1930 5402 transierunt
1974 5356 2159 5415 quam
2185 5359 2223 5400 a

570 5437 804 5489 texente
832 5434 951 5490 tela
974 5433 1325 5490 succiditur.
1358 5467 1428 5476 —
1454 5436 1732 5506 Congrua
1759 5433 1930 5490 valde
1959 5433 2225 5492 similitu-

569 5515 708 5576 dine
736 5520 858 5577 vita
885 5523 1081 5579 carnis
1111 5521 1235 5580 telae
1262 5527 1667 5598 comparatur,
1717 5524 1862 5599 quia
1912 5525 2063 5582 sicut
2109 5525 2224 5582 tela

568 5607 710 5686 iiiis,
741 5609 823 5668 sic
852 5613 971 5674 vita
994 5615 1262 5672 mortalis
1291 5613 1504 5673 diebus
1533 5614 1782 5686 singulis
1813 5612 2064 5700 proiicit,
2115 5615 2222 5674 sed

2376 1682 2526 1739 Vens
2567 1681 2619 1740 7.
2663 1684 2958 1740 Memento
2992 1685 3138 1756 quia
3171 1691 3384 1741 venias
3429 1689 3513 1742 est
3559 1685 3688 1742 vita
3718 1697 3870 1743 mea.
3896 1708 3969 1726 --

2305 1775 2392 1829 Ac
2411 1771 2460 1828 si
2487 1776 2688 1845 aperte
2719 1771 3012 1830 diceretur
3036 1783 3051 1830 ε
3083 1771 3532 1830 Transeuntum
3562 1773 3844 1831 vetustte!
3865 1775 3968 1831 be-

2305 1862 2525 1932 nignus
2553 1862 2800 1936 respice,
2826 1862 2929 1936 qui
2959 1866 3016 1920 et
3045 1865 3214 1919 tanta
3237 1862 3682 1920 misericordias
3719 1873 3760 1921 ε
3790 1869 3848 1922 te
3888 1864 3970 1920 νι-

2307 1949 2433 2006 deri
2459 1949 2670 2019 debeo,
2703 1955 2930 2024 quanto
2959 1951 3089 2024 ipse
3116 1967 3153 2008 a
3181 1940 3653 2008 consideratione
3698 1951 3966 2008 irrem-

2310 2041 2382 2098 tis
2410 2051 2560 2097 mere
2590 2040 2797 2097 Oculos
2826 2047 2947 2097 non
2975 2046 3181 2098 averto
3212 2057 3225 2097 :
3258 2039 3330 2097 Hi
3357 2041 3576 2098 etenim
3623 2041 3806 2098 vitam
3837 2053 3967 2099 car-

2310 2131 2404 2188 nis
2431 2129 2605 2204 quasi
2645 2132 3098 2204 permanentem
3126 2130 3398 2201 diligunt,
3449 2130 3593 2204 quia
3621 2131 3855 2204 quanta
3899 2132 3970 2190 sit

2311 2221 2446 2276 Vitae
2477 2219 2778 2293 sequentis
2807 2217 3104 2276 aeternitas
3131 2227 3252 2276 rion
3275 2219 3608 2277 intendunt.
3641 2220 3840 2278 Sancti
3867 2234 3970 2278 au-

2312 2313 2433 2365 tem
2461 2308 2591 2380 viri,
2624 2309 2791 2382 quod
2822 2309 2901 2367 ad
2930 2313 3151 2366 interna
3181 2325 3283 2366 cor
3307 2309 3558 2381 elevant,
3576 2315 3764 2384 quam
3788 2310 3970 2367 breve

2314 2399 2388 2454 sit
2414 2397 2580 2472 quod
2610 2396 2734 2454 iiné‘
2761 2395 3056 2456 clauditur
3083 2397 3360 2472 pensant,
3411 2403 3468 2454 et
3510 2413 3720 2456 eorum
3770 2402 3973 2458 sensui

2313 2483 2537 2544 vilescit
2564 2486 2729 2560 quod
2755 2484 3031 2560 praeterit,
3059 2497 3183 2562 quo
3212 2487 3530 2545 intellectui
3558 2487 3770 2556 radiat,
3803 2491 3862 2546 et
3889 2490 3974 2546 in-

2319 2575 2560 2632 terlucet
2580 2574 2747 2648 quod
2775 2580 3091 2648 acceptum
3125 2585 3441 2649 nunquam
3489 2574 3728 2634 recedit.
3773 2575 3979 2651 Sequi-

2316 2665 2416 2721 tur
2445 2682 2458 2720 :
2487 2665 2610 2722 Nec
2637 2667 2980 2723 revertatur
3008 2665 3220 2722 oculus
3241 2679 3424 2734 meus,
3467 2670 3535 2723 ut
3555 2667 3755 2725 videat
3799 2667 3974 2726 bona.

2316 2785 2386 2796 -—-
2416 2748 2505 2810 Ad
2529 2753 2788 2811 videnda
2815 2754 2980 2812 bene
3011 2755 3336 2812 exstinctus
3367 2755 3576 2812 oculus
3629 2767 3752 2812 non
3804 2757 3978 2826 redit,

2318 2843 2462 2918 quia
2492 2841 2571 2901 ad
2595 2843 2936 2901 exhibenda
2965 2849 3127 2902 recta
3147 2853 3331 2918 opera
3353 2847 3530 2902 exuta
3551 2858 3748 2918 carne,
3773 2847 3980 2904 anima

2317 2945 2442 2991 non
2480 2934 2744 2991 recurrit.
2797 2933 2942 2990 Hin‘c
2995 2931 3278 2990 Salomon
3335 2935 3460 2991 ait:
3513 2956 3544 2984 «
3567 2933 3980 3008 Quodcunque

2318 3025 2515 3099 potest
2540 3035 2758 3080 manus
2789 3027 2892 3080 ina
2931 3022 3145 3092 facere,
3198 3020 3489 3081 instanter
3519 3032 3787 3098 operare,
3839 3024 3982 3098 quia

2319 3126 2431 3172 nec
2459 3121 2636 3188 opus,
2667 3126 2778 3170 nec
2827 3113 2998 3182 ratio,
3049 3122 3163 3170 nee
3217 3113 3480 3186 scientia,
3529 3123 3639 3171 nec
3687 3114 3983 3188 sapientia

2321 3205 2429 3262 erit
2456 3200 2622 3278 apud
2649 3199 2870 3260 inferos
2898 3218 3021 3277 quo
3049 3205 3114 3262 tu
3141 3213 3430 3277 properas
3457 3199 3672 3276 (Eccle.
3704 3221 3785 3273 ix,
3821 3205 3932 3278 10).
3955 3230 3982 3255 ›ι

2322 3293 2600 3368 Sequitur
2630 3312 2643 3352 :

2393 3381 2564 3436 Vens.
2598 3383 2650 3436 8.
2682 3381 2806 3438 Nec
2833 3381 3050 3450 aspicit
3076 3387 3170 3438 me
3204 3383 3366 3438 visus
3405 3380 3677 3439 hominis.
3711 3410 3780 3423 —-
3810 3379 3983 3438 Visus

2323 3467 2550 3542 quippe
2607 3468 2870 3525 hominis
2925 3473 3016 3525 est
3072 3467 3480 3528 misericordia
3549 3469 3982 3545 Redemptoris,

2323 3567 2480 3630 quas,
2507 3556 2974 3615 insensibilitatis
3020 3561 3239 3616 uestras
3287 3557 3569 3618 duritiam
3615 3574 3760 3617 cum
3799 3561 3986 3634 respi-

2324 3646 2420 3714 eit,
2454 3647 2695 3704 emollit.
2741 3648 2906 3705 Unde
2933 3651 3081 3706 teste
3134 3649 3452 3722 Evangelio
3502 3649 3762 3706 dicitur:
3813 3669 3846 3699 ‹‹
3880 3653 3986 3707 Re-

2325 3737 2519 3810 spexit
2565 3739 2734 3794 .lesus
2791 3738 3053 3796 Petrum.
3083 3757 3112 3790 γι
3147 3737 3232 3796 ει
3281 3757 3296 3796 :
3349 3761 3378 3790 «
3411 3739 3774 3798 Recordatus
3817 3740 3990 3798 verbi

2325 3825 2492 3900 quod
2520 3825 2752 3884 dixerat
2778 3827 2966 3884 lesus.
3002 3852 3030 3878 »
3061 3829 3128 3887 Et
3158 3838 3173 3886 ξ
3215 3851 3242 3880 ‹‹
3279 3829 3563 3902 Egressus
3614 3821 3776 3888 feras
3823 3827 3991 3886 ﬂevit

2326 3927 2531 3974 amare
2561 3917 2727 3986 (Luc.
2780 3925 2915 3985 xxn,
2965 3918 3054 3988 61,
3083 3919 3193 3994 63).
3233 3941 3264 3971 ιγ
3313 3921 3565 3976 Εχιιῑδῑῠ
3615 3929 3759 3976 vero
3805 3929 3990 3976 came

2328 4005 2596 4064 animam
2626 4017 3016 4082 nequaquam
3045 4009 3211 4066 visus
3259 4006 3520 4066 hominis
3564 4007 3794 4083 aspicit,
3846 4009 3994 4082 quia

2330 4101 2470 4170 post
2499 4099 2754 4154 mortem
2781 4113 2904 4154 non
2933 4097 3166 4170 liberat,
3192 4106 3375 4171 quem
3403 4103 3546 4155 ante‘
3571 4101 3824 4155 mortem
3855 4106 3994 4168 gra-

2329 4187 2410 4244 tia
2440 4187 2520 4244 ad
2538 4188 2776 4244 veniam
2802 4201 2925 4245 non
2955 4185 3257 4245 reformat.
3310 4184 3457 4244 Hinc
3507 4187 3726 4245 etenim
3771 4187 3995 4244 Paulos

2331 4275 2415 4334 ait
2456 4293 2470 4331 :
2499 4297 2528 4326 ‹‹
2552 4276 2697 4334 Ecce
2725 4291 2886 4334 nunc
2939 4281 3178 4352 tempus
3209 4273 3575 4351 acceptabiie
3631 4273 3724 4349 (II
3744 4275 3888 4334 Cor.
3918 4289 3993 4345 τι,

2329 4367 2406 4437 2).
2427 4389 2454 4416 »
2484 4369 2552 4422 Et
2579 4365 2826 4438 reliqua.
2853 4360 2996 4422 Hinc
3019 4365 3303 4424 salumon
3324 4367 3404 4424 ait
3430 4389 3460 4417 ‹‹
3481 4363 3739 4438 Lignum
3771 4365 3881 4422 ubi
3909 4381 3998 4423 ce-

2331 4453 2490 4524 cidit,
2515 4453 2638 4510 sive
2659 4449 2736 4511 ad
2763 4458 3055 4524 anstrum,
3088 4455 3208 4512 sive
3239 4453 3318 4512 ad
3342 4454 3710 4529 aquilonem,
3766 4454 3851 4512 ibi
3891 4456 3997 4512 erit

2332 4543 2545 4616 (Et-cli.
2565 4561 2624 4615 ιι,
2650 4545 2722 4616 3).
2754 4566 2774 4599 ι
2800 4545 2896 4602 Vir
2913 4540 3092 4617 igitur
3116 4547 3360 4602 sanctus
3381 4541 3609 4602 damna
3623 4543 3884 4602 humani
3905 4557 3998 4616 ge-

2329 4633 2489 4690 neris
2515 4633 2872 4704 considerat,
2907 4633 3072 4708 quod
3099 4649 3135 4691 a
3159 4636 3438 4708 praesenti
3478 4633 3718 4702 saeculo,
3743 4634 3876 4690 sine
3897 4635 3997 4690 Re-

2329 4721 2659 4796 demptoris
2724 4723 3026 4795 agnitiOne
3083 4721 3470 4792 subtrahitur,
3527 4726 3708 4796 atque
3761 4719 3996 4780 sternis

2329 4813 2570 4885 ignibus
2599 4810 3064 4888 irreparabiliter
3092 4811 3394 4886 sepelitur,
3449 4815 3507 4870 et
3547 4825 3621 4869 ex
3670 4812 3806 4884 ejus
3852 4823 3996 4868 voce

2328 4903 2505 4960 dicit:
2539 4901 2664 4960 Nec
2691 4900 2948 4974 aspiciat
2974 4917 3068 4960 me
3095 4903 3257 4960 visus
3283 4902 3558 4960 hominis.
3587 4934 3655 4942 —
3680 4899 3995 4975 Sequitur:

2333 4992 2510 5050 Oculi
2535 4993 2624 5049 ttu'
2649 4992 2713 5050 in
2741 5007 2850 5063 me,
2882 4998 2939 5050 et
2966 5007 3087 5049 non
3118 4992 3454 5049 subsistam.
3489 5025 3557 5032 —
3587 4994 3668 5048 Ac
3700 4992 3752 5048 si
3796 4993 4000 5064 aperte

2327 5079 2566 5150 diceret,
2599 5079 2902 5138 districtus
2928 5078 3007 5137 ad
3031 5077 3326 5152 judicium
3353 5077 3616 5150 veniens,
3647 5077 3726 5136 ad
3772 5077 4006 5135 man-

2327 5171 2476 5229 dum
2503 5182 2628 5228 non
2657 5170 2843 5238 vides,
2865 5167 2944 5226 ad
2969 5166 3304 5226 feriendum
3334 5167 3521 5225 vides.
3549 5165 3698 5234 Quia
3726 5175 3913 5240 quem
3943 5163 4005 5222 in

2327 5259 2606 5338 praesenti
2628 5257 3222 5331 vitadispensationis
3247 5261 3362 5315 tute
3376 5255 3759 5314 miseratione
3769 5267 3899 5312 non
3919 5270 4010 5312 re“

2330 5350 2532 5428 spicis,
2554 5345 2930 5422 respiciendo
2939 5345 3331 5420 postmodum
3356 5355 3466 5420 per
3473 5343 3768 5419 justitiam
3788 5343 4009 5402 exstin-

2330 5441 2482 5513 guis.
2497 5431 2659 5496 Tunc
2681 5437 2906 5510 quippe
2920 5440 3202 5510 peccator
3218 5447 3342 5494 non
3375 5435 3653 5504 substitit,
3700 5435 3847 5508 quia
3865 5447 4008 5490 cum

2329 5529 2628 5587 districtus
2655 5525 2842 5582 Iudex
2866 5526 3076 5584 merita
3107 5525 3398 5584 subtiliter
3443 5521 3708 5599 inquirit,
3758 5531 3898 5580 reus
3928 5522 4008 5579 ad

2326 5618 2624 5676 tormenta
2654 5627 2780 5675 non
2801 5611 3034 5674 sufﬁcit.
3048 5615 3348 5684 Quamvis
3359 5615 3475 5674 hoc
3489 5613 3674 5673 etiam
3691 5613 3999 5687 iustorum
