4146 6156
230 132 331 191 181

1054 134 1349 191 EPITOME
1384 133 1748 203 MOBALIUM
1789 133 1845 188 s.
1886 120 2089 193 cum.
2135 141 2200 194 IN
2242 142 2383 211 ωδ.
2421 174 2486 181 -
2526 146 2651 198 ue.
2696 147 2835 200 Vill.

3557 146 3669 219 18,2,

224 254 357 311 voci
408 258 723 350 congruat,
743 271 1029 350 ‘quurum
1102 272 1274 313 mens
1344 273 1581 330 semper
1640 255 1890 333 sollicita
1927 262 1976 315 Α
2002 260 2242 318 niamus
2270 265 2484 321 faciem
2515 268 2643 336 ejus
2673 267 2733 321 in
2764 267 3135 322 confessione
3155 267 3512 350 (Psat.xctv,
3543 268 3657 337 2).»

227 342 511 401 examina
555 342 827 412 intendit,
861 344 1241 402 considerant
1284 362 1470 421 quam
1501 344 1757 401 districte
1793 345 1890 415 ju-

226 432 385 493 dicet
410 430 578 488 bona
622 447 824 505 opera,
850 448 1037 505 quam
1064 432 1353 489 subtiliter
1383 426 1611 507 penset,
1642 437 1698 489 et
1733 432 1889 507 peri-

227 525 396 579 turos
426 538 490 577 se
521 521 751 594 absque
781 521 1170 592 ambiguitate
1199 524 1539 596 preesciunt,
1574 522 1625 578 si
1661 525 1893 578 remota

226 611 453 685 pietate
478 610 835 683 judicentur.
878 613 1029 680 Bene
1061 617 1263 669 autem
1307 613 1610 669 electionis
1648 628 1894 668 cursum

226 700 651 774 defectumque
681 700 935 757 humani
962 703 1197 772 generis
1228 703 1569 777 exprimens
1599 702 1742 759 dicit
1770 722 1782 757 :

302 794 474 847 Vens.
506 793 557 845 9.
589 791 759 846 Sicut
796 793 1170 848 consumitur
1220 793 1407 849 nubes
1446 800 1500 849 et
1538 793 1892 863 pertransit,

224 883 317 938 sic
334 882 440 953 qui
466 881 769 937 descendit
793 881 875 937 ad
891 882 1134 952 inferos,
1158 899 1276 939 non
1305 884 1590 940 ascendit.
1606 914 1674 922 —
1699 881 1898 937 Nubes

227 972 455 1047 quippe
486 971 566 1028 ad
596 971 806 1028 altiora
844 972 1246 1046 suspenditur,
1280 975 1385 1029 sed
1426 974 1680 1029 densata
1723 975 1897 1027 vento

228 1061 554 1137 impellitur
585 1067 648 1119 ut
676 1067 892 1131 currat,
922 1063 1118 1120 calore
1148 1067 1352 1121 autem
1380 1064 1520 1119 solis
1549 1063 1895 1135 dissipatur,

230 1158 298 1209 ut
329 1155 662 1209 evanescat.
694 1151 785 1207 Sic
833 1152 1120 1208 nimirum
1151 1158 1289 1208 sunt
1330 1151 1514 1209 corda
1562 1150 1898 1216 hominum,

230 1260 369 1318 quae
399 1257 509 1319 per
538 1245 797 1314 acceptae
827 1242 1074 1297 rationis
1126 1242 1435 1312 ingenium
1476 1241 1555 1296 ad
1598 1240 1717 1296 alta
1756 1239 1902 1295 emi-

232 1337 395 1403 cant,
426 1332 689 1405 impulsa
724 1336 924 1387 autem
957 1332 1202 1402 maligni
1235 1332 1475 1406 spiritus
1496 1330 1664 1399 ﬂatu,
1700 1329 1904 1403 pravis

234 1421 673 1479 desideriorum
703 1436 952 1477 suorum
985 1422 1223 1477 notibus
1255 1421 1371 1476 huc
1399 1420 1656 1492 illucque
1683 1424 1907 1491 pertra-

233 1513 479 1568 huntur.
532 1509 645 1566 Sed
698 1509 964 1566 districto
1013 1515 1289 1583 respectu
1340 1508 1583 1583 superni
1654 1506 1902 1576 Judicis,

2004 350 2148 406 Hinc
2180 368 2386 408 rursus
2435 355 2720 427 scriptum
2752 360 2865 411 est:
2902 378 2926 403 ‹‹
2964 356 3073 421 Qui
3105 355 3388 411 ahcondit
3436 354 3661 412 scelera

2000 446 2131 508 sua,
2164 457 2285 497 non
2339 442 2624 512 dirigetur
2654 444 2855 514 (Prov.
2888 460 3089 516 xxvm,
3144 444 3251 515 l3).
3299 466 3325 492 »
3363 443 3656 517 Sequitur.

2003 530 2241 613 Loquar
2269 536 2331 587 in
2365 533 2752 588 tribulatione
2778 534 3023 611 spiritus
3053 535 3183 588 mei.
3220 564 3285 573 ο-
3313 520 3661 591 Tribulatio-
3714 570 3726 581 κ

2002 635 2142 674 nem
2173 622 2396 697 quippe
2440 622 2680 695 spiritus
2712 622 2919 693 lingua
2947 628 3305 692 commovet,
3337 614 3402 679 ut
3428 629 3661 689 reatum

2003 710 2174 782 pravi
2204 710 2401 783 operis
2425 728 2543 768 vox
2570 712 2960 768 confessionis
2987 713 3319 791 impugnet.
3342 712 3663 771 Sciendum

2004 814 2247 875 quoque
2277 805 2384 867 est,
2415 801 2560 881 quia
2586 806 2642 857 et
2672 818 2813 876 sape
2841 802 3080 875 reprobi
3108 806 3356 874 peccata
3382 802 3665 858 conﬁten—

2007 892 2117 956 tur,
2154 882 2257 944 sed
2284 890 2500 945 deflere
2532 896 2941 947 contemnunt.
2976 890 3148 946 Electi
3207 893 3408 948 autem
3457 890 3665 962 culpas

2009 994 2173 1046 suas,
2203 995 2356 1053 quas
2380 980 2632 1036 vocibus
2663 980 3051 1039 confessionis
3073 980 3365 1053 aperiunt,
3389 978 3667 1034 districta:

2008 1067 2545 1124 animadversionis
2593 1069 2829 1125 fletibus
2868 1070 3280 1143 insequuntur.
3313 1069 3454 1124 Hinc
3503 1067 3667 1123 Psal-

2011 1156 2188 1215 mista
2218 1156 2324 1212 ait:
2374 1159 2748 1230 lniquitatem
2779 1175 2977 1214 meam
3022 1175 3133 1229 ego
3184 1156 3608 1232 pronuntiabo,
3641 1177 3666 1202 η

2013 1248 2068 1299 et
2096 1244 2327 1317 reliqua
2358 1248 2546 1313 (Psal.
2581 1264 2618 1313 ι,
2675 1252 2749 1313 ὅ).
2786 1247 2895 1312 Qui
2942 1248 3102 1302 enim
3158 1245 3318 1302 mala
3374 1261 3509 1318 quae
3540 1260 3669 1317 per-

2013 1334 2266 1405 petravit
2291 1333 2573 1404 insinuat,
2598 1335 2703 1391 sed
2722 1335 2861 1391 flere
2888 1339 3140 1405 recusat,
3173 1334 3347 1409 quasi
3375 1320 3670 1389 subducta

2013 1426 2171 1477 veste
2202 1422 2419 1478 vulnus
2450 1424 2688 1493 detegit,
2720 1424 2824 1479 sed
2870 1428 3134 1497 torpente
3164 1428 3382 1485 mente,
3407 1422 3671 1477 medica-

2015 1515 2285 1566 mentum
2318 1511 2543 1567 vulneri
2575 1527 2697 1567 non
2728 1512 2995 1586 apponit.
3024 1512 3324 1584 Sequitur:
3354 1511 3433 1566 Et
3465 1511 3671 1580 confa-

236 1598 413 1674 quasi
444 1597 585 1654 solis
614 1597 813 1654 calore
843 1597 1177 1671 liqueﬁunt,
1211 1604 1268 1654 et
1297 1598 1481 1653 semel
1509 1598 1655 1653 locis
1693 1612 1903 1669 poena-
1946 1616 1985 1675 B
2018 1600 2269 1656 butabor
2315 1616 2447 1657 cum
2477 1602 2885 1658 amaritudine
2915 1603 3130 1658 animae
3158 1617 3318 1656 mere.
3351 1632 3419 1640 —
3454 1603 3673 1656 Pavore

236 1688 396 1744 libus
452 1686 668 1753 traditi,
738 1687 817 1743 ad
886 1687 1248 1759 operationis
1320 1703 1497 1742 usum
1563 1687 1715 1741 ultra
1782 1701 1902 1740 non

237 1777 510 1834 redeunt.
552 1778 749 1832 Potest
794 1777 973 1831 etiam
1024 1776 1238 1833 inferni
1293 1775 1537 1832 nomine
1576 1772 1903 1841 peccatoris

239 1865 578 1939 desperatio
608 1865 929 1937 designari,
961 1864 1035 1921 de
1078 1880 1202 1938 qua
1242 1881 1348 1939 per
1380 1864 1759 1920 Psalmistam
1812 1862 1901 1917 di-

242 1957 426 2014 citur:
451 1980 479 2005 ‹‹
515 1956 581 2011 In
610 1956 843 2011 interno
882 1959 1083 2010 autem
1130 1954 1265 2028 quis
1298 1953 1676 2011 conﬁtebitur
1699 1951 1848 2008 tibi?
1875 1975 1902 2000 ››

241 2047 437 2118 (Psal.
467 2061 543 2114 Vt,
567 2046 642 2117 6).
688 2045 753 2099 Et
777 2044 956 2099 illud:
995 2046 1216 2117 Impius
1246 2059 1385 2099 cum
1424 2041 1651 2097 venerit
1674 2042 1733 2096 in
1763 2056 1903 2113 pro-

244 2134 511 2191 fundum
553 2133 871 2205 malorum,
923 2132 1249 2189 contemnit
1301 2134 1505 2201 (Prov.
1560 2146 1722 2201 xviii,
1766 2129 1839 2201 3).
1877 2151 1904 2178 »

244 2224 362 2291 Qui
384 2229 581 2280 autem
611 2223 898 2298 impietati
926 2222 1282 2293 succumbit,
1302 2222 1482 2277 vitam
1498 2218 1761 2293 profecto
1784 2219 1906 2290 jus-

242 2312 382 2371 titiaa
413 2313 726 2369 moriendo
769 2312 1144 2385 derelinquit.
1176 2312 1287 2377 Qui
1315 2325 1456 2366 vero
1514 2313 1650 2383 post
1694 2324 1906 2382 pecca-

244 2408 373 2459 tum
403 2402 560 2459 mole
590 2402 1021 2475 desperationis
1051 2401 1341 2468 obruitur,
1370 2398 1517 2472 quid
1538 2397 1701 2454 aliud
1722 2412 1909 2469 quam

240 2496 379 2566 post
434 2494 690 2547 mortem
728 2491 940 2547 inferni
987 2488 1287 2563 supplicio
1341 2487 1662 2561 sepelitur?
1710 2491 1757 2541 Α
1786 2502 1909 2558 quo

240 2583 341 2639 via
364 2584 495 2655 jam
520 2581 880 2638 reversionis
910 2580 1487 2637 abscinditurJtecte
1514 2582 1714 2634 autem
1729 2576 1913 2631 corda

243 2672 691 2746 deSperantium
740 2676 1166 2744 comparantur
1195 2668 1485 2739 nubibus,
1517 2668 1620 2741 qui
1675 2671 1732 2723 et
1770 2666 1912 2722 cali-

245 2763 382 2834 gine
428 2763 644 2821 erroris
693 2761 953 2818 obscura
983 2766 1139 2828 sunt,
1173 2765 1230 2815 et
1273 2764 1660 2834 peccatorum
1713 2757 1915 2813 multi-

241 2853 503 2928 plicitate
534 2851 864 2919 condensa.
902 2850 1017 2908 Sed
1058 2853 1420 2922 consumpta
1473 2851 1917 2926 pertranseunt,

2013 1706 2278 1763 namque
2308 1691 2554 1748 districti
2578 1691 2794 1763 judicis
2812 1691 3032 1759 afﬂicti,
3056 1691 3203 1747 dum
3221 1690 3503 1765 quaedam
3519 1689 3674 1745 male

2014 1783 2179 1847 gesta
2228 1779 2598 1852 plangimus,
2644 1782 2779 1855 ipsa
2822 1781 2945 1836 vim
2986 1784 3202 1836 nostrae
3261 1778 3677 1841 amaritudinis

2013 1868 2091 1922 ad
2141 1867 2583 1925 discutiendum
2643 1886 2754 1925 nos
2811 1869 3157 1939 vigilantius
3229 1872 3509 1938 excitant,
3561 1868 3678 1925 alia

2013 1955 2193 2011 etiam
2241 1956 2303 2012 in
2348 1957 2522 2013 nobis
2571 1975 2706 2031 qua:
2758 1958 3017 2032 amplius
3054 1958 3406 2023 deﬂeamus,
3454 1957 3678 2013 inveni-

2015 2059 2172 2099 mus.
2208 2048 2356 2101 Nam
2384 2062 2541 2119 saepe
2580 2063 2716 2119 quae
2760 2047 3134 2120 torpentibus
3177 2046 3364 2115 latuit,
3399 2045 3680 2111 ﬂentibus

2014 2133 2287 2189 subtilius
2334 2136 2510 2208 culpa
2559 2136 2889 2193 innotescit.
2942 2137 3129 2193 Habet
3192 2137 3353 2193 enim
3399 2136 3462 2193 in
3502 2136 3681 2193 corde

2009 2221 2310 2292 justorum
2364 2225 2705 2280 amaritudo
2755 2226 2972 2281 animae
3003 2226 3274 2296 linguam
3305 2242 3499 2296 suam,
3543 2241 3682 2280 cum

2016 2327 2141 2383 qua
2195 2310 2477 2369 afflictam
2534 2318 2818 2384 mentem,
2847 2315 3030 2370 modo
3082 2331 3189 2389 per
3234 2314 3683 2389 replicationem

2017 2398 2318 2455 donorum
2355 2402 2473 2470 Dei,
2499 2402 2680 2458 modo
2702 2418 2809 2475 per
2836 2403 3079 2475 propria
3105 2403 3354 2459 actionis
3381 2419 3503 2459 suae
3525 2414 3686 2457 seve-

2019 2488 2159 2544 riter
2205 2488 2491 2562 increpat.
2528 2491 2692 2547 Unde
2731 2497 2787 2548 et
2821 2506 3210 2567 nequaquam
3255 2492 3488 2562 dicitur,
3517 2491 3687 2547 fabu-

2022 2577 2196 2646 lator,
2243 2579 2349 2634 sed
2400 2581 2861 2650 confabulabor,
2908 2583 3053 2655 quia
3108 2582 3199 2637 vis
3259 2581 3504 2649 doloris,
3547 2597 3684 2655 quae

2024 2672 2272 2742 peccata
2302 2669 2537 2739 singula
2566 2675 2871 2745 reputans,
2900 2675 3235 2746 torpentem
3280 2672 3553 2730 animum
3607 2670 3687 2727 ad

2026 2758 2290 2814 lamenta
2318 2758 2553 2827 excitat,
2588 2761 2762 2833 quasi
2787 2760 2867 2815 ad
2887 2777 3027 2817 eum
3055 2761 3237 2817 verba
3262 2761 3692 2819 confabulatio-

2029 2848 2122 2903 nis
2147 2846 2386 2903 format.
2426 2848 2730 2920 Sequitur:

241 2944 349 3017 qui
375 2940 641 2999 claritate
685 2941 932 2997 extremi
957 2938 1168 3012 judicii
1204 2937 1490 2994 irradiata
1528 2936 1917 3010 dissipantur.
1961 2968 2001 3024 Ο
2102 2938 2276 2993 Vens.
2312 2940 2394 2992 t2.
2426 2938 2719 3009 Nunquid
2767 2953 2933 2995 mare
2987 2955 3117 2995 sum
3171 2956 3295 3012 ego,
3346 2950 3453 3007 aut
3502 2950 3687 3015 cetus,

246 3032 525 3092 Sequitur
558 3048 570 3085 :

317 3078 318 3081 η
368 3050 525 3088 uitur
558 3050 570 3085 :

317 3050 495 3175 gens.
534 3118 615 3175 10.
649 3120 772 3175 Nec
802 3122 1144 3174 revertatur
1168 3117 1335 3171 ultra
1360 3115 1424 3170 in
1453 3114 1693 3170 domum
1720 3129 1914 3169 suam.

240 3242 313 3252 —
346 3209 505 3266 Sicut
552 3208 772 3265 domus
828 3206 1096 3280 corporis
1138 3203 1553 3262 habitaculum
1605 3202 1916 3276 corporale

242 3293 354 3370 est,
387 3299 469 3355 ita
498 3297 820 3372 unicuique
862 3302 1061 3352 mente
1106 3295 1221 3351 hoc
1251 3295 1471 3352 domus
1509 3294 1594 3356 ﬁt,
1630 3295 1798 3369 quod
1842 3311 1912 3351 ex

238 3388 539 3467 desiderio
563 3388 898 3445 inhabitare
948 3387 1279 3443 consuevit.
1313 3384 1403 3441 Ad
1451 3385 1706 3441 domum
1736 3385 1916 3456 igitur

242 3493 424 3535 suam
450 3476 601 3534 ultra
629 3492 754 3532 non
784 3475 1223 3553 revertitur,qui
1255 3474 1442 3531 semel
1471 3474 1726 3548 quisque
1753 3479 1915 3531 aeter-

240 3567 337 3625 nis
368 3566 671 3642 suppliciis
703 3566 953 3623 traditus
994 3567 1072 3623 ad
1115 3567 1230 3622 hoc
1257 3565 1359 3622 ubi
1412 3581 1617 3622 amore
1660 3565 1913 3622 inhaese-

239 3660 357 3725 rat,
388 3655 729 3712 nullatenus
755 3659 1088 3713 revocatur.
1120 3658 1313 3711 Potest
1338 3655 1520 3711 etiam
1559 3654 1779 3710 domus
1804 3654 1914 3709 ha-

237 3745 450 3801 bitatio
472 3744 666 3801 cordis
685 3743 950 3815 intelligi.
967 3742 1132 3800 Unde
1155 3748 1366 3800 sanato
1398 3743 1640 3799 cuidam
1656 3742 1874 3799 dicitur
1893 3766 1919 3823 ε

242 3862 272 3886 ‹‹
307 3834 475 3890 Vade
503 3834 565 3889 in
594 3834 847 3889 domum
879 3840 1045 3889 tuam
1087 3834 1324 3900 (Matth.
1361 3850 1432 3903 ix,
1465 3834 1742 3903 6).»Cum
1772 3847 1916 3903 ergo

239 3940 429 4000 quem
467 3922 806 3996 desperatio
854 3920 1075 3991 obruit,
1109 3938 1146 3976 a
1184 3921 1380 3977 cordis
1426 3920 1517 3976 sui
1573 3918 1915 3976 habitaculo

239 4015 409 4071 foras
456 4011 651 4077 mittit,
698 4014 755 4065 et
798 4009 990 4065 redire
1037 4009 1328 4064 introrsus
1380 4024 1504 4064 non
1548 4008 1726 4079 valet,
1770 4008 1916 4080 quia

238 4117 458 4160 rursus
487 4098 741 4154 exterius
769 4098 847 4154 ad
876 4096 1170 4153 deteriora
1197 4096 1463 4173 quotidie
1496 4095 1704 4170 pulsus
1735 4095 1912 4151 cadit.

244 4188 557 4265 sequitur:
575 4186 780 4258 Neque
799 4189 1106 4255 cognoscet
1124 4199 1255 4240 eum
1282 4184 1541 4255 amplius
1574 4184 1737 4239 locus
1762 4185 1913 4253 ejus.

244 4313 313 4321 —
342 4281 535 4336 Locus
563 4276 788 4351 quippe
818 4275 1099 4344 hominis,
1134 4291 1197 4330 se
1220 4290 1343 4331 non
1370 4272 1600 4340 localis,
1631 4273 1759 4347 ipse
1801 4274 1912 4330 sci-

241 4370 383 4426 licet
411 4366 694 4424 Conditor
721 4364 962 4431 exstitit,
1005 4364 1109 4438 qui
1141 4363 1301 4421 hunc
1332 4368 1397 4421 ut
1423 4364 1485 4419 in
1515 4363 1909 4438 semetipsum

244 4456 593 4513 consisteret
632 4453 869 4511 creavit.
906 4454 984 4509 De
1033 4469 1156 4525 quo
1207 4451 1520 4508 Psalmista
1565 4453 1675 4508 ait:
1710 4474 1737 4501 ‹‹
1784 4451 1907 4507 Filii

248 4558 560 4601 servorum
591 4547 831 4598 tuorum
859 4541 1224 4621 habitabunt
1250 4543 1438 4613 (Psal.
1457 4542 1632 4613 (1,29)
1656 4562 1683 4590 »
1716 4541 1905 4606 Quem

248 4633 534 4690 nimirum
560 4632 762 4687 locum
802 4637 942 4687 tunc
983 4632 1166 4688 homo
1196 4631 1473 4700 deseruit,
1505 4648 1664 4699 cum,
1696 4630 1909 4687 seduc-

248 4728 393 4791 toris
419 4726 606 4785 verba
635 4724 911 4795 audiens,
944 4740 980 4780 a
1017 4723 1341 4779 conditoris
1382 4736 1586 4778 amore
1616 4720 1911 4780 discessit.

247 4826 294 4877 Α
322 4818 637 4877 Conditore
666 4830 808 4885 ergo
856 4831 966 4869 suo
1004 4817 1172 4870 tanto
1205 4813 1461 4886 quisque
1500 4812 1819 4867 districtius
1848 4812 1910 4869 in

242 4904 476 4979 judicio
505 4920 629 4960 non
671 4903 1038 4974 agnoscitur,
1074 4906 1303 4975 quanto
1341 4916 1502 4957 nunc
1541 4900 1619 4956 ad
1671 4915 1911 4974 repara-

252 4996 429 5054 tionis
477 4994 731 5065 gratiam
760 5009 869 5049 nec
895 5009 1005 5067 per
1031 4992 1195 5048 dona
1220 4996 1551 5049 revocatur.
1583 4991 1691 5052 Qui
1717 4988 1912 5045 Judex

248 5085 551 5143 districtus
604 5084 682 5141 ad
711 5099 963 5140 examen
994 5082 1268 5140 ultimum
1324 5083 1568 5140 veniens
1604 5083 1666 5139 in
1695 5079 1913 5157 iniqui-

250 5180 370 5232 tate
400 5173 777 5241 durantibus,
806 5172 953 5233 dixit
979 5191 990 5227 :
1030 5196 1056 5223 ‹‹
1086 5173 1375 5230 Discedite
1406 5190 1443 5229 a
1488 5189 1605 5241 me,
1637 5173 1915 5229 maledic-

252 5266 315 5334 ti,
342 5264 405 5321 in
435 5264 639 5334 ignem
668 5267 953 5319 aeternum
986 5263 1226 5335 (Matth.
1271 5279 1410 5330 xxv,
1445 5266 1557 5335 41).
1593 5280 1622 5313 »
1656 5285 1681 5311 ‹‹
1710 5262 1914 5318 Nescio

253 5372 385 5422 vos,
415 5353 575 5410 unde
597 5353 737 5410 estis
769 5352 1009 5423 (Matth.
1034 5369 1173 5420 xxv,
1212 5353 1318 5414 12).
1355 5351 1665 5425 Sequitur:

328 5445 504 5502 Vens.
540 5446 622 5502 ll.
660 5444 857 5512 Quare
885 5450 937 5499 et
969 5460 1073 5514 ego
1115 5459 1235 5499 non
1257 5458 1513 5515 parcam
1554 5444 1649 5498 ori
1671 5457 1816 5499 meo.
1854 5472 1917 5482 ο-

255 5536 356 5594 Ori
376 5535 598 5592 etenim
617 5550 728 5591 suo
746 5548 866 5589 non
880 5531 1091 5604 parcit,
1108 5532 1210 5604 qui
1227 5532 1494 5588 conﬁteri
1509 5532 1736 5589 malum
1755 5530 1921 5606 quod

2031 3029 2174 3099 quia
2226 3026 2673 3082 circumdedisti
2715 3044 2807 3084 me
2841 3034 3127 3086 carcere?
3156 3063 3223 3070 —
3267 3032 3351 3087 Ac
3396 3032 3446 3087 si
3486 3038 3687 3111 aperte

2026 3116 2245 3172 diceret
2270 3135 2282 3173 :
2316 3120 2469 3175 Mare
2491 3119 2583 3174 vel
2614 3121 2800 3185 cetus,
2828 3118 3017 3193 iniqui
3048 3118 3339 3191 videlicet,
3359 3136 3688 3195 eorumque

2025 3210 2232 3261 auctor
2258 3206 2562 3277 malignus
2593 3207 2856 3280 spiritus,
2884 3207 3029 3280 quia
3067 3206 3343 3264 efl‘renari
3372 3208 3451 3266 ad
3494 3210 3687 3271 solam

2023 3295 2438 3369 perpetranda;
2469 3296 2794 3371 iniquitatis
2841 3296 3141 3353 licentiam
3181 3301 3489 3373 appetunt,
3532 3304 3687 3363 recte

2022 3400 2218 3458 poenas
2248 3401 2370 3441 suae
2400 3401 2636 3441 carcere
2662 3386 3167 3457 constringuntur.
3199 3374 3320 3457 Ego
3351 3392 3552 3444 autem
3581 3388 3689 3462 qui

2017 3475 2147 3547 jam
2176 3474 2515 3531 aeternitatis
2542 3478 2658 3532 tuae
2678 3474 3012 3532 libertatem
3037 3475 3334 3550 desidero,
3362 3494 3468 3533 cur
3487 3474 3685 3545 adhuc

2023 3580 2174 3620 meae
2204 3564 2600 3637 corruptionis
2648 3581 2883 3621 carcere
2925 3581 3167 3640 premor
3187 3567 3215 3624 ‘I
3239 3566 3485 3629 Carcere
3524 3567 3685 3643 enim

2024 3655 2209 3710 homo
2262 3654 2687 3724 circumdatur,
2710 3656 2855 3729 quia
2907 3659 2963 3712 et
2999 3655 3355 3735 plerumque
3398 3656 3685 3715 virtutum

2025 3743 2389 3818 profectibus
2433 3744 2512 3799 ad
2559 3744 2679 3801 alta
2724 3760 3043 3815 exsurgere
3096 3743 3316 3814 nititur,
3376 3749 3432 3802 et
3482 3748 3685 3811 tamen

2025 3834 2220 3889 carnis
2284 3850 2410 3888 suae
2483 3834 2861 3907 corruptione
2936 3834 3317 3911 praepeditur.
3389 3834 3685 3911 Scriptum

2023 3922 2249 3997 quippe
2279 3927 2402 3978 est:
2448 3944 2474 3971 «
2501 3924 2731 3995 Corpus
2758 3921 2925 3996 quod
2968 3922 3371 3997 corrumpitur
3397 3928 3686 3995 aggravat

2026 4012 2294 4067 animam
2326 4011 2489 4081 (Sap.
2516 4028 2591 4080 Ix,
2617 4011 2725 4078 15).
2758 4034 2784 4059 »
2808 4011 2976 4067 Maris
3000 4011 3243 4066 nomine
3272 4011 3456 4067 corda
3479 4028 3687 4075 carna-

2022 4099 2170 4154 lium
2210 4098 2453 4154 tumidis
2508 4097 2967 4169 cogitationibus
3010 4098 3309 4164 ﬂuctuosa
3349 4099 3681 4170 signantur.

2024 4188 2147 4243 Ceti
2182 4202 2325 4243 vero
2354 4185 2598 4243 nomine
2643 4185 2926 4259 antiquus
2956 4186 3141 4242 hostis
3182 4187 3552 4260 exprimitur,
3580 4189 3685 4271 qui

2024 4277 2172 4333 dum
2232 4281 2461 4333 mentes
2532 4275 2892 4335 secularium
2955 4276 3328 4351 possidendo
3390 4281 3682 4353 penetrat,

2022 4368 2201 4442 quasi
2250 4367 2312 4423 in
2364 4382 2574 4427 eorum
2622 4366 2884 4423 lubricas
2935 4366 3321 4442 cogitationes
3352 4372 3538 4433 natat.
3574 4367 3685 4436 Qui

2021 4457 2082 4512 in
2166 4454 2545 4513 inferioribus
2619 4455 2905 4529 dejectus,
2964 4470 3039 4511 ne
3102 4454 3181 4512 ad
3248 4456 3510 4517 coelestia,
3576 4473 3684 4521 vo-

2019 4548 2143 4604 lare
2193 4545 2535 4623 praevaleat,
2582 4561 2777 4621 pcenae
2834 4562 2957 4602 suae
3018 4546 3283 4619 pondere
3328 4550 3682 4609 coarctatur.

2020 4640 2167 4695 Hinc
2196 4641 2399 4695 Petrus
2431 4636 2542 4693 ait:
2595 4658 2622 4685 «
2650 4638 2802 4691 Deus
2851 4634 3079 4704 angelis
3128 4635 3518 4707 peccantibUS
3560 4650 3685 4695 non

2017 4728 2301 4801 pepercit,
2352 4724 2457 4782 sed
2513 4722 2876 4779 irruentibus
2925 4723 2988 4778 in
3043 4723 3347 4783 infernum
3386 4722 3686 4787 detractos

1986 4821 2077 4877 ‘in
2131 4821 2351 4874 tartara
2400 4812 2642 4869 tradidit
2696 4811 2760 4867 in
2792 4811 3022 4885 judicio
3070 4826 3370 4869 reservare
3414 4810 3696 4893 crucian-

2017 4910 2130 4965 dos
2182 4907 2272 4974 (II
2316 4906 2479 4960 Petr.
2528 4918 2585 4971 n,
2633 4903 2709 4974 4).
2764 4922 2791 4951 ››
2844 4903 3017 4958 Cetus
3076 4916 3219 4973 ergo
3259 4915 3328 4961 ac
3369 4917 3536 4967 mare
3573 4903 3687 4961 air-

2018 4994 2400 5055 cumdatione
2430 4991 2681 5048 carceris
2711 4990 3019 5065 premitur,
3051 4991 3193 5069 quia
3240 4990 3335 5053 vel
3375 4991 3676 5067 malignus

2021 5084 2284 5161 spiritus,
2314 5082 2409 5138 vel
2465 5096 2758 5154 sequaces
2808 5079 2987 5150 illius,
3014 5080 3362 5155 iniquorum
3412 5099 3475 5139 se
3518 5084 3696 5149 mani

2021 5177 2180 5233 tibus
2238 5172 2477 5243 colligit,
2528 5175 2708 5244 atque
2764 5170 2823 5226 in
2891 5170 2974 5226 eis
3037 5171 3270 5231 undam
3325 5173 3685 5235 tumentium

2024 5262 2452 5335 cogitationum
2495 5260 2701 5333 voluit,
2725 5264 2789 5316 ut
2832 5260 3080 5335 implere
3128 5261 3290 5321 mala
3337 5275 3473 5337 quae
3500 5272 3684 5333 appe-

2022 5357 2173 5422 tunt,
2200 5354 2521 5425 nequeant,
2564 5365 2828 5426 superna
2861 5350 3225 5407 districtione
3266 5348 3683 5417 angustantur.

2024 5443 2300 5517 Sequitur
2318 5460 2330 5497 :

2100 5533 2275 5588 Vens.
2307 5536 2391 5600 t3,
2420 5531 2506 5586 14.
2536 5530 2602 5587 Si
2630 5532 2839 5587 dixero
2865 5547 2878 5583 :
2913 5523 3344 5584 Consolabitttr
3366 5525 3687 5600 meﬂectuj

258 5628 423 5696 tecit,
451 5642 580 5686 non
636 5596 952 5684 erubescit.
990 5596 1149 5679 Hinc.
1192 5621 1505 5680 Psalmista
1551 5623 1666 5681 ait:
1723 5596 1950 5687 Prmvey
2034 5626 2125 5691 ius
2154 5596 2410 5693 meus,et
2438 5623 2747 5679 revetabor
2763 5621 3004 5689 loquens
3020 5629 3245 5673 mecum
3260 5616 3325 5673 in
3356 5596 3682 5687 statumea',
