4128 6158
2081 121 2122 152 Ο

1495 199 1548 254 S.
1584 198 1842 255 ODONIS
1881 188 2180 250 ABBATIS
2217 185 2720 243 CLUNIACENSIS
2759 185 2828 239 ll.

429 191 525 244 183

3761 183 3872 238 184

426 313 672 369 terrebis
721 329 813 368 me
841 329 956 382 Ρθν
1005 317 1258 388 somnia,
1285 324 1342 374 et
1381 335 1496 389 per
1533 323 1783 378 visiones
1837 321 2086 377 horrore
2114 314 2162 367 A
2199 313 2253 365 et
2304 307 2706 380 reliqua(Col.
2739 325 2818 376 lli,
2852 308 2925 378 3).
2965 306 3271 380 Sequitur:
3307 305 3504 361 Parce
3551 305 3720 372 mihi,
3747 306 3875 360 Do-

424 401 738 457 concuties.
772 433 840 441 —
867 403 930 456 In
973 419 1142 460 sacro
1187 406 1424 479 eloquio
1453 409 1660 482 lectus,
1694 410 1908 478 cubile,
1943 411 2088 462 stra-

423 493 572 557 tum,
602 493 894 546 secretum
923 493 1071 548 solet
1099 496 1295 552 cordis
1323 497 1586 571 intelligi.
1623 501 1766 556 Hinc
1799 499 2086 570 scriptum

423 585 543 645 est;
573 600 600 626 ‹‹
630 577 697 633 In
725 579 942 636 lectulo
967 598 1103 638 meo
1135 601 1240 657 per
1263 591 1468 644 noctes
1498 589 1751 661 quaesivi
1799 603 1983 662 quem
2002 584 2087 640 di-

421 665 548 735 ligit
590 667 795 724 anima
837 687 972 726 mea
1021 673 1224 738 (Cant.
1274 693 1352 744 in,
1407 677 1472 748 Ι).
1520 701 1547 727 ‹‹
1585 681 1649 734 Et
1705 679 1766 733 in
1815 675 2082 732 Psalmo:

424 777 451 805 ‹‹
485 755 881 814 Exsultabunt
909 762 1096 817 sancti
1131 763 1192 818 in
1217 765 1425 833 gloria,
1449 765 1811 822 laetabuntur
1836 765 1896 819 in
1927 762 2088 819 cubi-

422 841 580 898 libus
625 845 748 900 suis
800 849 985 918 (Psal.
1019 859 1205 918 enix,
1238 855 1311 922 ὅ),
1347 876 1376 903 ››
1419 855 1573 920 Quid.
1627 871 1767 910 vero
1804 855 1918 908 hoc
1955 852 2086 907 loco

425 933 660 988 somnia
685 935 772 989 vel
817 936 1074 994 visiones
1107 941 1456 1012 accipimus,
1487 943 1602 998 nisi
1631 943 1925 1012 imagines
1959 941 2086 996 ulti-

425 1019 508 1073 mi
537 1020 906 1096 districtique
933 1028 1223 1082 examinis
1244 1031 1271 1084 ?
1294 1031 1466 1095 Quod
1485 1031 1614 1101 jam
1637 1035 1961 1104 utcumque
1981 1045 2088 1102 per

426 1108 702 1166 timorem
732 1114 1052 1186 cernimus,
1077 1117 1178 1171 sed
1212 1121 1412 1174 tamen
1441 1125 1506 1176 ut
1529 1125 1638 1188 est,
1663 1121 1946 1176 veraciter
1965 1134 2088 1175 non

425 1196 723 1255 videmus.
775 1202 970 1258 Sancti
1028 1204 1226 1276 itaque
1300 1207 1400 1262 viri
1454 1209 1531 1264 ad
1607 1209 1803 1264 cordis
1853 1223 2090 1279 semper

429 1292 652 1343 secreta
704 1291 954 1346 redeunt
1000 1309 1136 1348 cum
1196 1295 1272 1350 ab
1323 1295 1438 1351 hoc
1495 1299 1746 1368 mundo,
1793 1297 1888 1354 vel
1936 1296 2091 1352 ultra

428 1379 630 1430 votum
660 1393 968 1450 prospera,
1001 1381 1094 1436 vel
1115 1382 1268 1440 ultra
1293 1401 1444 1440 VlI'eS
1474 1386 1730 1442 adversa
1759 1387 2088 1459 patiuntur,

428 1468 606 1534 atque
650 1470 907 1523 externis
955 1469 1263 1529 laboribus
1303 1475 1446 1530 fessi
1487 1477 1664 1548 quasi
1704 1480 1951 1532 stratum
1997 1475 2093 1530 vel

425 1551 711 1610 lectulum
741 1557 962 1614 cubilia
1005 1563 1221 1616 mentis
1253 1569 1480 1634 petunt.
1519 1569 1596 1620 Ac
1633 1565 1682 1620 si
1709 1581 1850 1635 ergo
1891 1569 2092 1636 aperte

2195 400 2375 464 mine,
2407 399 2564 454 nihil
2611 401 2764 455 enim
2792 405 2930 454 sunt
2961 399 3084 454 dies
3113 398 3246 453 mei.
3269 426 3342 435 —
3369 395 3540 450 Absit
3581 395 3743 450 enim
3793 409 3876 450 ne

2199 488 2291 544 vir
2319 493 2561 544 sanctus
2591 489 2664 544 de
2696 488 2913 544 divinae
2945 485 3372 543 misericordiae
3415 483 3688 556 largitate
3733 484 3875 540 des-

2196 591 2382 659 peret,
2413 587 2519 660 qui
2541 587 2649 642 sibi
2681 586 2848 658 parci
2877 584 3196 641 desiderat.
3229 583 3340 641 Sed
3365 583 3512 656 quia
3532 582 3681 638 dum
3703 581 3875 638 bona

2194 676 2330 731 vitae
2387 677 2750 732 transeuntis
2797 691 2904 747 per
2955 674 3436 746 desperationem
3492 671 3730 740 deserit,
3791 671 3877 728 ad

2195 764 2525 820 obtinenda
2555 782 2689 838 quae
2721 768 3080 838 permanent
3105 763 3168 818 in
3199 779 3304 836 spe
3333 761 3642 818 robustius
3669 776 3876 817 assur—

2197 853 2297 923 git.
2335 853 2530 910 Sancti
2560 854 2720 909 enim
2751 853 2861 908 viri
2905 869 3028 925 quo
3075 853 3272 908 verius
3329 867 3568 907 summa
3607 865 3876 920 cognos-

2195 947 2357 1014 cunt,
2389 959 2460 998 eo
2518 943 2834 998 sublimius
2891 947 3125 997 terrena
3155 941 3511 1014 despiciunt,
3541 945 3598 996 et
3643 941 3875 996 idcirco

2195 1031 2505 1104 priesentis
2526 1031 2658 1086 vitae
2689 1031 2817 1086 dies
2857 1031 3006 1086 nihil
3035 1046 3166 1086 esse
3198 1028 3597 1102 conspiciunt,
3625 1027 3770 1100 quia
3797 1027 3874 1082 il-

2194 1121 2501 1176 luminatee
2531 1125 2746 1177 mentis
2789 1121 2995 1176 oculos
3024 1121 3086 1176 in
3133 1120 3610 1177 consideratione
3633 1119 3876 1175 aeterni-

2195 1211 2329 1266 tatis
2359 1211 2572 1281 ﬁgunt.
2606 1211 2880 1283 Sequitur
2905 1231 2916 1267 :

2273 1303 2436 1356 Vens.
2475 1301 2556 1355 l7.
2595 1302 2750 1369 Quid
2779 1307 2864 1358 est
2895 1303 3087 1364 homo,
3133 1302 3276 1372 quia
3315 1301 3667 1370 magniﬁcas
3711 1315 3874 1370 eum,

2199 1395 2304 1446 aut
2335 1391 2480 1461 quid
2515 1392 2766 1460 appom's
2793 1406 2938 1461 erga
2987 1406 3118 1446 eum
3151 1406 3254 1446 cor
3294 1395 3458 1444 tuum
3482 1393 3508 1444 ?
3551 1387 3878 1444 Hominem

2203 1483 2354 1535 Deus
2386 1480 2752 1551 magniﬁcat,
2783 1481 2928 1552 quia
2957 1480 3228 1551 largitate
3248 1478 3495 1535 rationis
3517 1478 3681 1545 ditat,
3717 1479 3878 1534 infu-

2202 1569 2370 1624 sione
2401 1570 2603 1639 gratiae
2654 1569 2875 1640 visitat,
2905 1570 3133 1626 honore
3165 1569 3339 1626 illatae
3369 1568 3595 1624 virtutis
3627 1567 3874 1623 exaltat.

429 1641 676 1699 diceret:
727 1647 784 1702 Si
827 1650 1118 1706 exteriora
1170 1653 1404 1721 fugiens
1449 1655 1740 1711 introrsus
1789 1655 1992 1723 redeo,
2038 1657 2092 1710 et
2120 1665 2166 1718 Β
2205 1659 2320 1716 Sed
2340 1675 2443 1714 cor
2473 1676 2651 1714 suum
2683 1675 2826 1729 erga
2853 1675 2992 1716 eum
3024 1660 3312 1715 Dominus
3343 1658 3528 1731 ponit,
3561 1657 3704 1730 quia
3733 1661 3880 1729 post

428 1735 731 1804 utcunque
763 1738 1130 1808 requiescere
1161 1742 1220 1796 in
1267 1743 1463 1798 cordis
1492 1744 1670 1800 cubili
1708 1744 2091 1816 concupisco,

429 1819 510 1874 ibi
543 1821 686 1876 mihi
719 1822 865 1880 dum
906 1827 1283 1885 districtionis
1316 1833 1882 1905 contemplationem
1906 1832 2095 1902 subji-

431 1909 534 1978 cis,
578 1927 764 1982 quam
811 1915 1110 1972 districtus
1159 1920 1442 1977 advenies
1476 1922 1682 1992 judex,
1715 1923 2098 1978 vehementer

428 2013 525 2053 me
539 2015 645 2070 per
659 2001 822 2073 ipsas
843 2021 990 2061 meae
1007 2008 1294 2079 providcn
1305 2011 1394 2064 tiae
1417 2010 1876 2079 imaginationes
1891 2015 2094 2066 terres.

431 2088 506 2143 El
559 2093 870 2148 revelabor
922 2097 1165 2167 loquens
1197 2115 1442 2155 mecum.
1494 2131 1565 2140 —
1606 2101 1753 2166 Quia
1811 2101 2098 2156 nimirum

432 2194 568 2233 cum
601 2179 679 2235 ad
709 2184 923 2238 mentis
954 2191 1170 2241 nostrae
1205 2188 1505 2244 silentium
1547 2190 1684 2246 fessi
1727 2190 2096 2259 revertimur,

430 2269 605 2338 quasi
660 2270 722 2325 in
772 2275 959 2328 stratu
1007 2275 1434 2349 colloquentes,
1491 2279 1725 2336 occulta
1781 2280 1938 2336 intra
1986 2295 2097 2334 nos

431 2357 858 2426 cogitationum
897 2363 1081 2419 verba
1125 2382 1456 2422 versamur.
1502 2367 1823 2424 Sciendum
1854 2383 2098 2440 quoque

431 2450 541 2514 est,
565 2448 730 2518 quod
757 2448 1050 2519 imagines
1101 2455 1498 2524 somniorum,
1524 2456 1851 2527 aliquando
1881 2457 2098 2511 ventris

431 2533 797 2604 plenitudine
825 2539 918 2593 vel
938 2539 1224 2598 inanitate
1245 2543 1416 2610 fiunt,
1443 2544 1770 2616 aliquando
1801 2546 2093 2612 illusioue,

431 2626 498 2677 ut
549 2623 695 2678 illud
743 2627 1121 2684 Salomonis:
1197 2654 1224 2678 ‹‹
1273 2633 1480 2689 Multas
1536 2651 1711 2689 curas
1765 2639 2098 2706 sequuntur

433 2713 669 2768 somnia
699 2715 916 2784 (Eecle.
943 2735 1002 2789 v,
1033 2721 1108 2789 2).
1145 2721 1482 2793 Aliquando
1513 2739 1620 2794 per
1649 2724 2092 2790 revelationem,

433 2797 498 2854 ut
525 2803 748 2874 Joseph
770 2804 1114 2862 admonitus
1132 2808 1193 2863 in
1215 2809 1442 2865 somnis
1463 2814 1528 2866 ut
1548 2811 1774 2882 fugeret
1790 2811 1851 2868 in
1875 2813 2098 2884 Egyp-

433 2893 579 2944 tum.
617 2891 956 2963 Aliquando
997 2896 1353 2965 cogitatione
1404 2895 1584 2954 simul
1627 2905 1684 2955 et
1711 2900 2090 2968 revelatione,

2203 1749 2368 1804 dona
2417 1748 2710 1819 judicium
2768 1749 2969 1816 erexit,
3027 1748 3240 1804 merita
3289 1747 3577 1803 subtiliter
3631 1749 3874 1818 pensat,

2203 1838 2331 1894 vitae
2377 1838 2648 1912 pondera
2689 1840 3072 1895 vehementer
3123 1837 3447 1894 examinat.
3499 1841 3578 1891 Ac
3622 1835 3670 1889 si
3725 1849 3878 1904 ergo

2204 1932 2404 2000 aperte
2435 1927 2746 1992 exclamet,
2778 1928 2983 1983 (licens
3009 1946 3020 1983 :
3055 1926 3462 1997 Magniﬁcatur
3489 1925 3669 1981 homo
3692 1923 3879 1996 spiri-

2203 2015 2304 2070 tali
2337 2031 2605 2085 munere,
2639 2015 2742 2070 sed
2775 2019 2974 2071 tamen
3005 2031 3144 2072 caro
3177 2019 3268 2070 est
3293 2033 3304 2070 :
3335 2019 3393 2070 et
3421 2013 3544 2070 vias
3571 2013 3699 2084 'ejus
3727 2017 3882 2084 post

2205 2119 2458 2159 munera
2504 2104 2766 2160 districta
2795 2105 3150 2172 considerat,
3195 2103 3300 2160 sed
3329 2108 3530 2160 tamen
3563 2103 3613 2157 si
3637 2105 3882 2157 remota

2203 2195 2420 2266 pietate
2437 2194 2756 2266 judicetur,
2795 2194 3036 2266 pondus
3080 2194 3248 2266 quod
3275 2197 3378 2249 tua
3407 2189 3724 2248 subtilitate
3754 2191 3876 2246 im-

2203 2282 2408 2350 minet,
2443 2283 2612 2354 ferre,
2640 2299 2750 2338 nec
2792 2283 3140 2339 sublevatus
3193 2281 3272 2338 ad
3309 2281 3598 2353 justitiam
3629 2279 3878 2353 spiritus

2205 2371 2380 2427 valet.
2417 2372 2692 2444 Sequitur
2716 2391 2728 2426 :

2276 2463 2445 2516 Vens.
2484 2461 2565 2516 18.
2625 2463 2837 2518 Visitas
2887 2477 3016 2518 eum
3067 2463 3357 2517 diluculo.
3403 2493 3470 2500 —
3511 2462 3630 2514 Nos
3667 2459 3880 2530 itaque

2205 2549 2395 2606 noctis
2443 2550 2699 2606 tenebris
2725 2551 3076 2622 premimur,
3106 2567 3246 2606 cum
3284 2549 3718 2622 perpetratione
3757 2548 3876 2603 ini-

2205 2637 2444 2709 quitatis
2474 2639 2895 2696 obscuramur.
2939 2639 3052 2694 Sed
3081 2656 3201 2696 nox
3240 2625 3300 2694 in
3345 2639 3542 2695 lucem
3591 2637 3878 2702 vertitur,

2206 2743 2346 2782 cum
2389 2728 2602 2783 erroris
2651 2729 2839 2784 nostri
2897 2727 3231 2784 obscuritas
3279 2725 3536 2784 veritatis
3567 2725 3882 2796 agnitione

2203 2816 2487 2872 radiatur.
2525 2817 2791 2874 Diluculo
2823 2833 2965 2887 ergo
3011 2833 3124 2873 nos
3155 2817 3443 2874 Dominus
3481 2815 3698 2880 visitat,
3725 2813 3882 2887 quia

2204 2906 2417 2982 erroris
2447 2907 2632 2962 nostri
2683 2907 2958 2963 tenebras
2988 2907 3119 2962 luce
3173 2923 3297 2962 suae
3343 2904 3697 2976 cognitionis
3735 2904 3882 2960 illu-

431 2981 500 3032 ut
540 2977 686 3033 illud
717 2981 1002 3037 Danielis:
1066 3007 1090 3032 ‹‹
1131 2987 1235 3052 Tu,
1268 3001 1393 3056 rex,
1448 2987 1708 3056 cogitare
1757 2989 1987 3061 coepisti
2033 2989 2093 3044 in
2125 3020 2165 3074 ρ
2205 2977 2368 3049 strat.
2423 2993 2756 3050 Diluculum
2789 2995 3022 3068 dicitur,
3074 3012 3214 3052 cum
3241 2993 3368 3066 jam
3399 2999 3694 3050 nocturna
3726 2997 3887 3049 tem-

432 3071 618 3122 stratu
644 3071 745 3124 tuo
774 3071 920 3141 quid
949 3077 1101 3128 esset
1127 3079 1264 3145 post
1294 3079 1370 3142 te,
1408 3079 1464 3132 et
1491 3077 1594 3149 qui
1623 3077 1846 3133 revelat
1873 3083 2094 3150 myste-

430 3153 518 3210 ria
559 3157 816 3212 ostendit
855 3159 958 3214 tibi
984 3177 1118 3232 quae
1147 3167 1400 3218 ventura
1442 3169 1580 3219 sunt
1613 3167 1790 3232 (Dan.
1825 3183 1888 3232 ιι,
1919 3169 2030 3232 29).
2065 3189 2091 3215 ››

435 3245 743 3316 Sequitur:

495 3335 662 3387 Vens.
699 3333 781 3388 15.
817 3335 1204 3400 Quamobrem
1245 3341 1418 3410 elegit
1462 3343 1844 3410 suspendium
1879 3358 2084 3399 anima

425 3435 576 3482 mea,
597 3427 650 3476 et
677 3429 924 3480 mortem
955 3440 1086 3480 ossa
1115 3443 1339 3483 mea.—
1358 3429 1510 3494 Quid
1539 3445 1651 3501 per
1677 3429 2092 3499 animam,nisi

425 3509 642 3564 mentis
671 3510 957 3568 intentio?
989 3513 1142 3579 Quid
1173 3531 1279 3587 per
1303 3533 1461 3586 ossa,
1491 3518 1604 3573 nisi
1628 3519 1824 3574 carnis
1857 3519 2090 3577 fortitu-

426 3597 506 3652 do
556 3598 946 3668 designatur?
983 3603 1200 3660 Anima
1244 3621 1385 3674 ergo
1446 3608 1846 3680 suspendium
1896 3611 2088 3681 elegit,

429 3691 494 3741 ut
512 3703 652 3742 ossa
689 3690 1042 3761 moriantur,
1075 3693 1220 3765 quia
1261 3693 1406 3751 dum
1451 3698 1664 3753 mentis
1721 3699 1964 3755 intentio
2013 3702 2092 3756 ad

429 3776 548 3832 alta
579 3793 640 3832 se
680 3778 972 3848 sublevat,
1018 3795 1260 3838 omnem
1291 3785 1352 3840 in
1398 3802 1459 3840 se
1499 3786 1907 3844 fortitudinem
1961 3791 2088 3846 vitae

428 3865 731 3920 exterioris
761 3873 952 3924 necat.
985 3871 1182 3926 Sancti
1213 3873 1372 3928 enim
1415 3875 1526 3930 viri
1561 3876 1640 3931 ad
1668 3876 1788 3933 alta
1817 3873 2090 3936 animum

429 3953 662 4025 tollunt,
683 3959 740 4011 et
765 3957 843 4012 ad
873 3974 1142 4016 amorem
1168 3978 1446 4036 superum
1477 3967 1686 4036 patriae
1713 3967 1774 4022 in
1805 3965 2090 4026 virtutum

430 4059 492 4098 se
523 4043 732 4100 studiis
770 4048 1110 4119 accingunt,
1144 4055 1200 4108 et
1239 4053 1356 4109 hoc
1382 4054 1550 4126 quod
1597 4055 1777 4112 fortes
1819 4059 1984 4130 prius
2029 4060 2091 4115 in

429 4133 660 4189 mundo
703 4134 958 4208 fuerant,
995 4139 1234 4197 vinculo
1265 4143 1619 4200 humilitatis
1669 4145 2089 4220 insequuntur.

431 4221 580 4276 Hinc
634 4224 852 4280 Paulus
883 4225 996 4282 ait:
1032 4249 1058 4276 ‹‹
1085 4229 1231 4285 Vivo
1272 4236 1474 4287 autem
1497 4233 1626 4303 jam
1657 4251 1781 4290 non
1809 4252 1942 4306 ego,
1979 4259 2006 4287 ››
2037 4255 2096 4312 ει

430 4310 663 4382 reliqua
689 4313 848 4378 (Gal.
883 4331 943 4384 ιι,
974 4319 1082 4386 ’20).
1119 4318 1298 4373 Hinc:
1344 4343 1370 4368 ‹‹
1407 4321 1688 4377 Hebrzeus
1735 4329 1791 4380 et
1836 4310 2092 4383 Hebraeis

433 4399 766 4457 secundum
829 4402 1043 4472 legem,
1105 4407 1443 4464 Pharismus
1521 4410 1707 4481 (Phil.
1770 4416 1868 4486 nl).
1933 4440 1958 4466 ))

431 4503 695 4542 rursum.
731 4513 756 4539 ‹‹
790 4491 904 4547 Sed
924 4509 1060 4564 quae
1091 4493 1238 4550 mihi
1265 4495 1505 4554 fuerunt
1548 4501 1734 4564 lucra.
1775 4505 1902 4561 haec
1933 4507 2091 4562 arbi-

433 4580 621 4633 tratus
680 4593 816 4634 sum
863 4587 1108 4654 propter
1157 4585 1452 4644 Christum
1502 4589 1857 4650 detrimenta
1905 4597 2092 4664 (Phil.

431 4665 558 4738 vn).
589 4685 614 4717 ι
649 4667 924 4740 Sequitur
957 4688 969 4724 :

437 4835 454 4844 υ
486 4752 680 4844 Δνιτςιιεη
743 4760 826 4811 16.
880 4759 1223 4828 Desperavi,
1278 4781 1654 4839 nequaquam
1720 4772 1854 4840 jam
1927 4774 2094 4830 ultra

434 4841 651 4933 tivam.
685 4875 752 4884 -—
805 4847 950 4903 Justi
997 4851 1223 4924 quippe
1270 4853 1586 4927 desperare
1643 4864 1731 4915 est
1787 4863 2094 4933 prtesentis

433 4929 566 4985 vita:
593 4931 779 5000 bona,
807 4935 1091 4994 electione
1113 4944 1456 5000 aeternitatis
1487 4929 2092 5019 deserere—mansura

434 5033 724 5103 quaerere,
755 5027 812 5078 et
837 5023 900 5079 in
936 5027 1118 5085 rebus
1165 5033 1592 5103 temporalibus
1641 5038 1924 5098 ﬁduciam
1969 5058 2092 5098 non

428 5101 678 5166 habere.
714 5111 862 5167 Sunt
913 5118 1188 5174 nonnulli
1213 5101 1535 5190 justorum.
1561 5127 1665 5198 qui
1713 5129 1794 5184 sic
1833 5131 2093 5187 coelestia

435 5203 746 5269 appetunt,
779 5203 844 5255 ut
873 5205 1074 5259 tamen
1103 5207 1360 5265 honores
1397 5213 1508 5268 sibi
1551 5219 1955 5289 temporaliter
1977 5221 2090 5276 im-

433 5301 652 5355 pensos
673 5293 1128 5359 teneant,aliena
1149 5313 1272 5352 non
1294 5301 1712 5367 ambiant,suis
1741 5307 1892 5364 licite
1921 5315 2092 5364 utun-

434 5377 547 5472 tur.
573 5381 644 5472 ‘Et
689 5385 828 5472 sunt
875 5386 1149 5442 nonnulli
1196 5389 1518 5458 justorum,
1552 5397 1654 5467 qui
1687 5397 1766 5452 ad
1819 5415 2088 5472 compre-

431 5461 823 5560 hendendum
881 5472 1118 5530 culmen
1187 5461 1592 5549 perfectionis-
1613 5485 1880 5554 accincti,
1941 5461 2090 5544 dum

433 5550 642 5609 altiora
676 5553 918 5614 interius
957 5569 1266 5636 appetunt,
1300 5572 1556 5627 exterius
1599 5579 1813 5632 cuncta
1839 5550 2087 5644 derelin:

431 5647 644 5710 quunt.
671 5645 750 5698 De
781 5645 998 5704 talibus
1017 5655 1234 5710 Paulus
1256 5659 1366 5714 ait:
1403 5683 1430 5708 ‹‹
1461 5664 1664 5718 Mortui
1695 5665 1854 5720 enim
1885 5643 2084 5736 estis,»

2201 3098 2351 3154 pora
2399 3083 2458 3138 in
2509 3085 2857 3140 charitatem
2905 3085 3053 3141 lucis
3101 3089 3405 3141 nutantur.
3446 3084 3754 3156 Sequitur:
3791 3081 3884 3139 Et

2202 3172 2394 3226 subito
2417 3173 2634 3241 probas
2665 3174 2936 3229 illum.—-—
2954 3173 3103 3240 Quia
3119 3179 3177 3230 et
3205 3173 3550 3230 accedendo
3569 3171 3754 3229 corda
3769 3188 3886 3228 no-

2201 3265 2321 3316 stra
2373 3261 2452 3317 ad
2507 3262 2746 3318 virtutes
2789 3264 3082 3334 provehit,
3134 3269 3190 3319 et
3235 3262 3572 3320 recedendo
3625 3261 3877 3318 concuti

2195 3351 2522 3406 .tentatione
2565 3351 2867 3422 permittit.
2901 3353 2956 3409 Si
2981 3353 3142 3408 enim
3167 3357 3302 3426 post
3329 3353 3615 3408 virtutum
3649 3365 3876 3407 mune-

2200 3455 2287 3508 ra,
2319 3436 2484 3495 nulla
2531 3441 2852 3496 tentatione
2901 3447 3332 3510 concuteretur,
3366 3443 3477 3498 has
3529 3457 3590 3497 se
3639 3440 3876 3498 habere

2201 3527 2439 3584 animus
2465 3545 2574 3602 per
2616 3531 3006 3603 semetipsum
3057 3530 3424 3600 gloriaretur.
3465 3530 3611 3585 Hinc
3651 3529 3880 3584 Paulus

2202 3615 2280 3670 ad
2319 3617 2556 3672 tertium
2592 3617 2808 3672 cmlum
2861 3622 3067 3691 raptus
3096 3619 3290 3690 legem
3328 3621 3768 3692 repugnantem
3809 3619 3880 3672 in

2203 3705 2488 3781 membris
2520 3707 2642 3761 suis
2667 3707 2886 3764 habere
2911 3724 2971 3764 se
2997 3707 3174 3765 dolet.
3209 3709 3516 3781 Sequitur:

2215 3775 2235 3821 ³
2274 3797 2446 3851 Vens.
2485 3796 2565 3851 l9.
2606 3797 2913 3868 Usquequo
2945 3813 3064 3853 non
3101 3775 3502 3867 parcis-mihi,
3535 3812 3642 3852 nec
3665 3797 3881 3851 dimit-

2202 3887 2276 3940 tis
2307 3900 2398 3940 me
2429 3888 2492 3938 ut
2521 3885 2776 3954 glulia-m
2808 3887 3062 3944 salivam
3103 3891 3341 3943 meam?
3365 3917 3433 3926 ——
3463 3885 3658 3941 Saliva
3700 3885 3763 3940 in
3803 3901 3880 3940 os

2201 3991 2272 4030 ex
2304 3975 2493 4047 capite
2523 3975 2761 4042 labitur,
2785 3978 2863 4032 ab
2893 3993 2994 4033 ore
3033 3994 3173 4034 vero
3204 3977 3282 4034 ad
3329 3982 3592 4033 ventrem
3632 3975 3884 4031 ducitur

2201 4079 2341 4119 cum
2389 4063 2647 4134 glutitur.
2701 4065 2853 4131 Quid
2911 4067 3113 4139 itaque
3170 4069 3260 4123 est
3329 4070 3510 4138 caput
3572 4069 3880 4136 nostrum,

2201 4153 2334 4221 nisi,
2393 4153 2669 4210 divinitas
2721 4171 2828 4228 per
2880 4171 3066 4229 quam
3143 4155 3432 4212 existendi
3505 4154 3882 4228 principium

2203 4237 2497 4298 sumimus
2553 4247 2608 4299 et
2659 4251 2928 4302 creatura
2973 4247 3230 4302 sumus?
3279 4246 3424 4301 Hinc
3479 4243 3694 4300 Paulus
3747 4243 3876 4307 ait;

2207 4327 2438 4400 «Caput
2491 4327 2600 4383 viri
2651 4327 2936 4384 Christus.
2971 4329 3160 4401 Caput
3203 4334 3404 4386 autem
3455 4327 3666 4386 Christi
3715 4331 3881 4385 Deus

2029 4421 2093 4474 Et
2123 4418 2162 4427 ”
2207 4419 2266 4483 (Ι
2283 4418 2420 4473 Cor.
2451 4433 2530 4484 x1,
2560 4418 2633 4488 3).
2669 4439 2695 4466 ››
2727 4418 2958 4474 Ventris
2997 4420 3240 4474 nomine
3279 4435 3450 4475 mens
3493 4419 3878 4487 designatur,

2203 4525 2336 4581 quae
2368 4507 2516 4563 dum
2565 4525 2894 4581 supernum
2937 4509 3300 4565 intellectum
3343 4509 3607 4581 suscipit,
3639 4512 3882 4565 resecta

2203 4597 2601 4670 proculdubio
2649 4599 2923 4654 omnium
2969 4599 3244 4654 membra
3313 4599 3617 4654 actionum
3693 4598 3874 4666 regit.

2203 4687 2350 4742 Hinc
2380 4686 2664 4743 Salomon
2691 4688 2797 4743 ait:
2851 4691 3169 4743 «Lucerna
3215 4687 3448 4743 Domini
3497 4685 3877 4759 spiraculum

2201 4767 2481 4842 hominis,
2525 4791 2660 4848 quae
2726 4775 3042 4846 investigat
3094 4777 3299 4831 omnia
3353 4779 3579 4830 secreta
3649 4775 3878 4830 ventris

2203 4864 2401 4936 (Prov.
2451 4881 2550 4934 xx,
2599 4867 2709 4934 27).
2760 4889 2788 4914 »
2835 4864 3042 4920 Salivaa
3095 4865 3361 4934 nomine,
3408 4879 3588 4936 sapor
3639 4864 3874 4918 intimae

2201 4951 2719 5025 contemplationis
2764 4953 3067 5025 accipitur,
3101 4969 3236 5026 quae
3285 4953 3358 5008 de
3408 4951 3669 5008 claritate
3709 4953 3876 5007 Con-

2200 5041 2405 5096 ditoris
2461 5042 2660 5098 adhuc
2702 5043 2765 5097 in
2837 5044 2950 5098 hac
3017 5042 3138 5098 vita
3193 5041 3440 5114 positos,
3510 5041 3606 5096 vix
3685 5046 3874 5110 gustu

2199 5129 2573 5186 revelationis
2623 5130 2827 5202 tangit.
2859 5133 3050 5197 Quam
3085 5131 3294 5200 glutire
3343 5145 3469 5186 non
3511 5145 3872 5202 possumus,

2199 5219 2345 5291 quia
2392 5235 2666 5292 supernae
2729 5219 3008 5276 claritatis
3077 5219 3241 5276 bono
3294 5219 3497 5275 satiari
3555 5234 3679 5274 non
3735 5234 3876 5291 per-

2201 5309 2510 5365 mittimur.
2543 5314 2622 5365 Ac
2655 5309 2700 5364 si
2739 5325 2882 5378 ergo
2913 5315 3115 5380 aperte
3168 5309 3494 5366 diceretur:
3549 5308 3720 5363 Tunc
3763 5307 3876 5364 ho-

2199 5398 2346 5454 mini
2391 5399 2569 5471 plane
2621 5399 2841 5470 parcis,
2900 5415 3036 5454 cum
3081 5401 3244 5455 hunc
3305 5399 3383 5455 ad
3439 5397 3874 5471 perfectionem

2199 5493 2314 5544 tute
2337 5488 2876 5560 comtemplationis
2899 5489 3236 5556 admiseris,
3263 5493 3326 5544 ut
3345 5488 3674 5544 claritatem
3699 5493 3876 5543 tuam

2197 5583 2404 5650 raptus
2433 5577 2676 5632 interius
2713 5577 2928 5648 videat,
2955 5583 3012 5635 et
3043 5595 3181 5635 eum
3231 5579 3425 5634 carnis
3463 5593 3586 5632 sua:
3615 5592 3872 5648 corrup-

2173 5667 2274 5758 ';tio
2331 5682 2452 5722 non
2492 5667 2755 5739 repellat.
2789 5671 2950 5725 Tunc
2999 5668 3306 5744 permittis,
3341 5675 3407 5722 ut
3435 5668 3694 5738 glutiam
3723 5668 3874 5722 sali-
