4154 6160
272 139 370 194 185

268 276 402 318 vam
433 274 730 327 meam,—
762 272 899 311 cum
930 270 1024 310 me
1045 268 1261 325 sapore
1284 255 1399 306 tuae
1427 247 1708 304 claritatis
1725 259 1916 316 usque
1947 245 1995 299 A

267 350 345 406 ad
377 347 815 405 abundantiam
846 342 1122 400 satietatis
1147 339 1455 396 infuderis.
1491 336 1766 409 Sequitur
1795 353 1807 388 :

337 440 512 492 Vens.
545 435 634 490 20.
668 467 732 474 —
757 433 1026 496 Peccavi,
1058 430 1204 502 quid
1249 429 1475 498 faciam
1511 426 1638 492 tibi,
1670 440 1702 479 ο
1729 427 1919 479 custos

270 530 580 584 hominum
604 531 631 581 ?
666 556 734 565 ——
765 527 906 579 Ecce
933 521 1145 577 fatetur
1174 519 1404 575 malum
1434 515 1600 589 quod
1631 514 1782 580 fecit,
1818 510 1924 566 sed

267 617 527 684 bonum,
550 614 712 687 quod
739 617 857 668 Deo
873 613 935 667 in
960 607 1514 681 recompensatione
1537 603 1752 660 debeat
1777 599 1926 656 offer

268 722 354 774 re,
382 721 504 760 non
535 702 773 759 invenit.
832 703 902 756 Ut
952 704 1107 755 certe
1161 714 1300 752 cum
1357 694 1608 751 dicitur:
1645 691 1800 758 Quid
1828 691 1926 758 fa-

268 797 426 850 ciam
467 794 587 858 tibi,
652 791 794 864 quia
822 791 951 844 hzec
981 789 1115 861 ipsa
1144 787 1306 842 bona
1335 800 1471 858 quae
1501 798 1678 852 agere
1718 777 1928 852 princi-

267 882 486 955 pimur,
521 896 643 935 non
674 877 1052 951 Prmceptori,
1106 876 1215 931 sed
1246 873 1421 930 nobis
1468 875 1742 945 prosunt.
1763 868 1928 923 'Hinc

269 971 560 1043 scriptum
589 975 706 1025 est:
735 993 760 1016 ‹‹
792 968 1097 1024 Bonorum
1121 980 1393 1020 meorum
1420 978 1543 1017 non
1573 976 1712 1030 eges
1739 958 1925 1026 (Psal.

271 1076 369 1126 xv,
403 1059 482 1129 2).
516 1082 544 1108 »
578 1059 789 1113 Custos
843 1061 1047 1112 autem
1073 1057 1228 1109 Deus
1287 1051 1522 1114 dicitur,
1549 1048 1693 1122 quia
1721 1046 1770 1101 si
1801 1047 1930 1116 ejus

271 1147 573 1205 custodias
599 1163 712 1202 nos
738 1145 986 1201 minime
1017 1143 1293 1216 protegit,
1334 1147 1468 1197 ante
1500 1137 1715 1194 occulti
1742 1133 1929 1191 hostis

270 1237 518 1293 insidias
549 1240 773 1291 nostrae
826 1232 1241 1289 sollicitudinis
1270 1230 1480 1286 oculus
1512 1226 1763 1296 vigilans
1789 1223 1928 1278 dor-

273 1328 396 1383 mit.
432 1327 576 1383 Hinc
624 1325 938 1381 Psalmista
990 1323 1107 1379 ait:
1142 1345 1168 1370 ‹‹
1230 1321 1345 1376 Nisi
1401 1318 1690 1374 Dominus
1742 1318 1931 1369 custo-

272 1417 446 1472 dierit
473 1416 790 1482 civitatem,
840 1437 867 1463 ››
902 1418 957 1469 et
987 1412 1218 1484 reliqua
1267 1411 1461 1479 (Psal.
1496 1424 1596 1477 χιι,
1631 1411 1684 1475 6,
1721 1406 1790 1475 t).
1834 1405 1930 1458 Se-

272 1506 510 1578 quitur:
582 1505 779 1571 Quare
827 1504 1080 1573 posuisti
1135 1517 1226 1556 me
1274 1498 1648 1555 contrarium
1700 1493 1826 1556 tibi,
1875 1496 1930 1547 et

271 1597 473 1664 factus
502 1610 631 1649 sum
661 1593 1043 1661 mihimetipsi
1067 1591 1316 1661 gravis?
1345 1619 1413 1627 —-
1441 1589 1602 1640 Tunc
1633 1582 1746 1637 sibi
1786 1596 1928 1636 con-
1961 1619 2001 1671 Β

274 1685 520 1740 trarium
551 1687 701 1739 Deus
754 1682 1064 1738 hominem
1093 1680 1317 1754 posuit,
1367 1692 1506 1732 cum
1535 1675 1719 1730 homo
1741 1676 1931 1727 Deum

275 1773 584 1846 peccando
635 1772 965 1845 dereliquit.
1016 1770 1313 1840 Serpentis
1345 1767 1568 1840 quippe
1599 1761 1932 1837 persuasio-

275 1862 453 1918 nibus
487 1867 720 1934 captus,
747 1861 937 1917 hostis
990 1860 1120 1930 ejus
1151 1857 1388 1925 exstitit,
1420 1855 1592 1925 cujus
1630 1852 1933 1924 praecepta

275 1952 657 2023 contempsit.
681 1951 795 2006 Sed
822 1951 951 2004 haec
979 1949 1113 2020 ipsa
1141 1944 1530 2002 contrarietas
1555 1941 1746 2012 culpae
1780 1939 1936 1992 facta

273 2045 370 2096 est
397 2039 627 2095 homini
655 2038 899 2110 pondus
926 2052 1142 2108 poenae,
1172 2039 1230 2089 et
1277 2033 1561 2088 cervicem
1605 2027 1802 2083 cordis
1832 2025 1938 2079 eri-

279 2129 549 2200 gendam
630 2127 972 2199 supposuit,
1027 2124 1170 2196 quin
1225 2123 1329 2194 qui
1405 2119 1652 2175 subesse
1723 2113 1938 2170 divinis

269 2217 650 2289 jussionibus
731 2215 940 2284 noluit,
996 2214 1110 2268 sub
1169 2212 1292 2267 suis
1352 2227 1414 2265 se
1486 2203 1938 2264 necessitatibus

277 2307 503 2363 stravit.
539 2310 685 2362 Nam
730 2305 852 2361 otio
900 2303 1162 2367 tabescit,
1215 2315 1394 2373 Opere
1433 2297 1651 2364 deﬁcit,
1684 2293 1818 2349 cibo
1845 2307 1936 2346 re-

279 2397 491 2463 ﬁcitur,
535 2400 590 2451 et
619 2401 833 2451 caetera
863 2390 1236 2464 hujusmodi.
1287 2393 1444 2446 Mens
1476 2399 1719 2459 quoque
1751 2380 1936 2436 modo

281 2503 388 2559 spe
418 2485 710 2557 decipitur
769 2484 952 2539 modo
983 2497 1202 2554 pavore
1253 2483 1518 2535 vexatur.
1571 2477 1747 2530 Amat
1777 2486 1935 2542 saepe

281 2576 447 2648 quod
504 2575 880 2646 despexerat,
923 2571 1173 2644 despicit
1218 2568 1383 2642 quod
1449 2567 1774 2622 amaverat.
1835 2563 1937 2616 Re-

282 2665 494 2737 pulsus
545 2663 702 2719 enim
761 2663 946 2718 homo
1004 2677 1040 2715 a
1109 2675 1308 2727 carne,
1363 2655 1704 2718 molestias;
1765 2655 1822 2705 et
1877 2649 1937 2703 in

282 2757 482 2807 mente
534 2751 900 2824 quaestiones
945 2749 1174 2815 tolerat,
1230 2761 1406 2816 grave
1459 2743 1744 2799 nimirum
1791 2753 1938 2810 pon-

283 2841 400 2896 dus
477 2840 868 2912 semetipsum
931 2841 1146 2910 portat.
1216 2835 1363 2890 Hinc
1439 2832 1727 2903 scriptum
1803 2829 1936 2881 est:

287 2954 314 2979 ‹‹
349 2932 533 2985 Grave
580 2930 798 3000 jugum
857 2943 1036 2999 super
1086 2925 1241 2980 ﬁlios
1286 2922 1479 2978 Adam
1527 2937 1564 2975 a
1606 2919 1701 2973 die
1751 2915 1941 2971 exitus

283 3019 360 3075 de
390 3023 590 3075 ventre
642 3017 849 3073 matris
881 3032 1111 3081 eorum,
1175 3029 1367 3085 usque
1426 3010 1504 3067 ad
1535 3009 1695 3064 diem
1750 3002 1945 3077 sepul-

285 3113 434 3164 turae
487 3109 548 3162 in
589 3107 796 3163 matris
851 3105 1123 3161 omnium
1168 3103 1378 3173 (Eccli.
1443 3116 1536 3168 XL,
1575 3099 1703 3168 1).»
1756 3099 1837 3150 Ac
1895 3093 1944 3147 si

285 3213 431 3267 ergo
457 3202 657 3269 aperte
706 3197 897 3252 dicat:
951 3197 1064 3251 Cur
1093 3191 1268 3265 quasi
1299 3188 1663 3246 contrarium
1700 3185 1805 3241 tibi
1833 3184 1942 3238 ho-

286 3288 514 3343 minem
571 3287 849 3358 despicis,
885 3285 990 3357 qui
1020 3287 1212 3339 certus
1254 3281 1398 3346 scio,
1442 3278 1586 3351 quia
1628 3276 1818 3348 perire
1849 3271 1943 3328 vel

286 3377 496 3449 ipsum
551 3391 732 3449 quem
782 3374 1086 3446 despicere
1141 3368 1484 3436 credideris,
1517 3381 1636 3421 non
1683 3362 1816 3417 vis?
1849 3362 1943 3415 Se-

287 3465 495 3538 quitur
518 3482 530 3520 :

365 3558 526 3611 Vens.
561 3559 648 3610 '21.
703 3557 820 3610 (fur
862 3569 980 3609 non
1039 3553 1202 3608 tollis
1259 3554 1568 3620 peccatum
1622 3559 1837 3610 meum,
1889 3546 1942 3596 et

289 3660 480 3716 quare
509 3661 627 3700 non
686 3644 892 3712 aufers
919 3643 1299 3714 iniquitatem
1329 3653 1514 3694 meam
1543 3641 1570 3690 ?
1599 3666 1664 3674 —
1717 3631 1945 3697 Quibus

291 3731 557 3804 profecto
582 3732 796 3800 verbis,
825 3730 973 3803 quid
995 3729 1158 3785 aliud
1188 3743 1375 3800 quam
1406 3723 1769 3779 desiderium
1798 3735 1946 3790 prir-

293 3822 569 3878 stolantis
597 3821 927 3877 Mediatoris
957 3819 1263 3873 innuitur?
1297 3820 1372 3870 De
1395 3830 1516 3885 quo
1546 3815 1804 3866 Joannes
1831 3808 1942 3861 ait:

291 3933 319 3958 ‹‹
359 3913 503 3966 Ecce
535 3916 739 3978 Agnus
771 3909 890 3975 Dei,
930 3931 956 3956 »
1010 3911 1068 3961 et
1096 3906 1324 3977 reliqua
1375 3905 1566 3966 (Joan.
1601 3917 1637 3966 1,
1694 3900 1804 3968 29).
1853 3894 1950 3949 Vel

289 4003 451 4053 certe
479 3997 557 4051 ab
587 3997 858 4050 humano
885 4009 1098 4063 genere
1123 3997 1264 4047 tunc
1294 3995 1609 4060 peccatum
1635 3986 1808 4058 plene
1839 3983 1950 4039 tol-

285 4083 437 4137 litur
462 4095 600 4134 cum
630 4094 738 4151 per
789 4075 1249 4148 incorruptionis
1281 4073 1532 4143 gloriam
1563 4073 1771 4124 nostra
1822 4082 1951 4121 cor-

287 4168 494 4242 ruptio
523 4171 916 4240 permutatur.
941 4164 1352 4236 Redemptoris
1384 4176 1524 4229 ergo
1556 4158 1830 4227 gratiam,
1864 4155 1954 4210 vel

289 4256 738 4314 resurrectionis
769 4254 1128 4311 soliditatem
1158 4251 1475 4316 desiderat,
1533 4248 1634 4319 qui
1666 4246 1946 4317 iniquita-

293 4354 416 4403 tem
443 4362 618 4401 suam
648 4345 914 4400 funditus
945 4341 1161 4399 auferri
1205 4345 1422 4412 sperat.
1455 4337 1730 4409 Sequitur
1755 4352 1766 4388 :
1797 4336 1952 4391 Ecce
1981 4323 2025 4376 Β

298 4452 460 4490 nunc
491 4436 552 4490 in
568 4436 822 4504 pulvere
868 4433 1182 4500 dormiam,
1215 4437 1270 4486 et
1299 4431 1352 4484 si
1379 4444 1555 4485 mane
1584 4442 1673 4481 me
1705 4424 1950 4496 quaesie-

300 4526 383 4579 ris
413 4541 529 4579 non
555 4524 891 4590 subsistam,
923 4553 991 4560 ——
1039 4519 1307 4575 Peccanti
1337 4518 1532 4591 primo
1574 4512 1804 4569 homini
1831 4511 1952 4566 dic-

303 4618 430 4668 tum
459 4618 582 4669 est:
641 4635 668 4660 ‹‹
704 4611 922 4679 Pulvis,
947 4626 1010 4665 es
1037 4615 1093 4664 et
1145 4609 1205 4663 in
1257 4607 1576 4680 pulverum
1634 4603 1750 4657 ibis
1782 4602 1949 4673 (Gen.

299 4727 385 4779 ιιι,
423 4712 525 4781 19).
560 4733 588 4758 »
622 4713 787 4766 Mane
818 4713 1017 4764 autem
1060 4705 1274 4762 dicitur
1311 4704 1410 4760 illa
1441 4709 1581 4758 tunc
1612 4699 1956 4756 manifesta-

305 4802 382 4857 tio
407 4801 719 4867 mentium,
747 4815 882 4871 quae
908 4799 970 4854 in
1000 4798 1265 4853 adventu
1290 4794 1536 4866 judicis,
1561 4791 1781 4864 apertis
1799 4790 1958 4859 cogi-

302 4891 625 4947 tationibus
655 4889 828 4962 quasi
881 4892 1021 4960 post
1047 4887 1239 4943 noctis
1280 4885 1559 4940 tenebras
1589 4882 1959 4938 demonstra-

302 4986 416 5037 tur.
447 4982 590 5036 Hinc
616 4979 929 5035 Psalmista
981 4977 1096 5033 ait:
1135 5000 1160 5024 ‹‹
1192 4978 1356 5032 Mane
1406 4973 1616 5029 astabo
1661 4971 1767 5027 tibi
1797 4974 1853 5025 et
1880 4970 1957 5024 vi-

301 5070 463 5126 debo
492 5071 683 5139 (l’sal.
715 5070 862 5138 νβ).
890 5091 917 5116 ››
947 5069 1219 5133 Quaerere
1249 5080 1458 5120 aurem
1488 5061 1584 5117 Dei
1611 5065 1700 5116 est
1729 5058 1958 5114 homini

302 5159 505 5215 subtili
551 5157 1010 5226 interrogatione
1039 5155 1356 5219 discutere,
1384 5158 1436 5207 et
1467 5151 1729 5206 districte
1757 5150 1957 5203 discu-

301 5249 506 5306 tiendo
529 5247 820 5318 judicare.
853 5251 932 5300 Ac
975 5245 1022 5298 si
1067 5260 1209 5313 ergo
1261 5242 1523 5315 apertius
1571 5238 1840 5311 deploret
1869 5237 1959 5291 di-

301 5356 445 5396 cens
472 5357 484 5393 :
520 5341 583 5394 In
610 5335 888 5410 praesenti
917 5333 1162 5405 quidem
1184 5333 1311 5403 jam
1343 5332 1540 5387 carnis
1573 5334 1826 5384 mortem
1858 5343 1958 5398 pa-

304 5432 437 5500 tior,
455 5436 512 5486 et
541 5435 743 5485 tamen
776 5424 974 5480 adhuc
1000 5422 1073 5476 de
1101 5425 1351 5476 venturo
1373 5419 1600 5492 judicio
1627 5417 1962 5487 graviorem

305 5525 580 5591 mortem,
613 5511 996 5574 districtionis
1033 5515 1145 5566 tuae
1173 5511 1550 5577 sententiam,
1585 5502 1958 5581 pertimesco.

305 5611 584 5683 Sequitur
609 5628 621 5664 :

1070 127 1373 184 EPITOME
1411 120 1787 182 MORALIUM
1825 120 1882 176 S.
1925 117 2130 174 GREG.
2176 120 2242 174 IN
2280 119 2420 177 JOB.
2463 153 2532 162 —
2571 125 2698 178 LIB.
2742 124 2886 178 VIII.

3586 118 3687 174 186

2651 247 2878 301 CAPUT
2915 246 3060 300 VIII.

2102 333 2280 389 Vens.
2316 339 2364 401 t,
2397 339 2448 390 2.
2500 335 2882 404 Respondens
2921 341 3117 391 autem
3161 335 3432 391 Baldath
3463 334 3685 390 suhites

2031 425 2186 479 dixit
2206 440 2229 479 .·
2264 425 2571 495 Usquequo
2626 425 2883 495 loqueris
2915 426 3087 493 talia,
3119 431 3173 480 et
3203 425 3451 494 spiritus
3480 423 3685 479 multi-

2024 509 2294 577 plexoris
2348 509 2479 563 tui?
2553 541 2619 548 —
2681 508 2922 579 Injustis
2977 523 3215 579 semper
3273 508 3479 576 gravia
3551 511 3695 561 sunt

2033 596 2218 652 verba
2260 597 2583 667 justorum,
2644 602 2864 669 etquae
2919 596 2999 652 ad
3054 595 3510 651 aediﬁcationem
3555 609 3695 667 pm—

2035 683 2155 741 lata
2195 686 2448 742 audiunt
2473 705 2484 754 ;
2518 687 2646 743 hinc
2677 687 2850 759 quasi
2880 684 3413 757 superimpositum
3443 683 3691 756 pondus

2035 773 2250 829 ferunt.
2284 775 2378 828 Vis
2409 775 2631 847 quippe
2662 780 2718 831 et
2763 790 3004 829 summa
3043 771 3416 846 loquentium
3443 771 3692 844 quadri-

2036 861 2185 918 faria
2241 861 2524 934 qualitate
2579 862 2978 932 distinguitur.
3036 865 3182 917 Nam
3229 863 3368 914 sunt
3417 858 3690 914 nonnulli

2037 967 2190 1022 quos
2225 951 2517 1006 sentiendi
2547 951 2723 1006 simul
2750 968 2818 1007 ac
2845 950 3081 1007 dicendi
3110 947 3444 1021 amplitudo
3482 947 3696 1002 dilatat

2041 1041 2187 1096 Sunt
2236 1041 2508 1096 nonnulli
2561 1057 2716 1113 quos
2772 1040 3063 1096 sentiendi
3118 1038 3298 1094 simul
3329 1054 3399 1094 ac
3449 1034 3693 1092 dicendi

2038 1127 2241 1200 inopia
2266 1134 2564 1198 angustat.
2617 1132 2763 1186 Sunt
2791 1129 3063 1185 nonnulli
3100 1128 3204 1200 qui
3243 1125 3571 1181 efﬁcaciam
3600 1123 3694 1179 di-

2039 1216 2208 1272 cendi
2264 1217 2567 1290 loquendo
2625 1219 2872 1288 habent,
2927 1218 3031 1272 sed
3087 1230 3343 1273 acumen
3401 1210 3694 1268 sentiendi

2039 1321 2162 1360 non
2186 1306 2430 1363 habent.
2486 1311 2553 1363 Et
2583 1312 2723 1363 sunt
2779 1307 3055 1363 nonnulli
3106 1305 3210 1378 qui
3259 1302 3523 1359 acumini
3565 1315 3701 1356 sen—

2039 1395 2223 1450 tiendi
2248 1395 2488 1452 subnixi
2520 1401 2677 1466 sunt,
2735 1396 2840 1451 sed
2871 1413 2942 1451 ex
2989 1395 3195 1466 inopia
3245 1390 3561 1448 locutionis
3591 1388 3699 1443 ob—

2039 1489 2396 1541 mutescunt.
2431 1487 2545 1541 Sed
2575 1486 2636 1541 in
2665 1485 2842 1542 beato
2874 1485 3000 1540 viro
3045 1483 3296 1538 Baldath
3335 1498 3475 1537 cum
3505 1477 3704 1535 multi-

2039 1573 2363 1645 plicitatem
2411 1574 2703 1629 sermonis
2729 1575 2817 1628 ori
2849 1573 3072 1644 tribuit,
3104 1571 3371 1644 profecto
3425 1567 3699 1639 inopiam

2040 1662 2235 1718 cordis
2261 1663 2660 1736 reprehendit.
2691 1666 2772 1718 Ac
2829 1663 2877 1717 si
2907 1665 3108 1733 aperte
3135 1660 3333 1715 dicat:
3363 1655 3698 1713 Abundan-

2043 1753 2121 1808 tia
2151 1752 2388 1824 spiritus
2415 1752 2476 1808 in
2508 1767 2784 1808 sermone
2815 1751 2935 1807 oris
2995 1749 3300 1816 attolleris,
3349 1745 3459 1802 sed
3481 1755 3704 1799 sensus

2041 1841 2370 1911 indigentia
2395 1841 2828 1910 coangustaris.
2866 1839 3143 1912 Sequitur
3169 1856 3181 1893 :

2116 1950 2281 2003 Vens.
2316 1953 2367 2003 3.
2393 1948 2685 2019 Nunquid
2712 1947 2869 2003 Deus
2913 1947 3267 2016 supplantat
3290 1943 3612 2013 judicium,
3643 1945 3702 1996 et

2048 2036 2430 2105 Omnipotens
2486 2038 2772 2092 subvertit
2821 2036 2978 2106 quod
3017 2038 3252 2105 justum
3283 2039 3367 2088 est
3391 2033 3418 2088 ‘I
3459 2062 3531 2071 —
3560 2029 3704 2084 Htrc

2047 2124 2258 2180 beatus
2289 2126 2398 2180 Job
2455 2141 2564 2180 nec
2610 2124 2865 2197 loquens
2920 2128 3263 2194 negaverat,
3307 2137 3418 2176 nec
3449 2118 3702 2175 reticens

2046 2213 2384 2283 ignorabat.
2422 2213 2534 2268 Sed
2585 2227 2869 2284 procaces
2899 2211 3122 2282 quippe
3167 2211 3349 2264 etiam
3377 2213 3522 2263 nota
3569 2207 3702 2276 jac—

2048 2307 2240 2357 tanter
2295 2301 2622 2373 proferunt,
2673 2305 2738 2355 ut
2790 2298 3096 2372 loquendo
3157 2296 3318 2352 docti
3367 2294 3703 2349 videantur.

2049 2392 2369 2469 Sciendum
2396 2407 2538 2446 vero
2565 2394 2670 2458 est,
2704 2391 2849 2462 quia
2888 2387 3102 2443 divinae
3125 2384 3368 2458 justitiae
3398 2380 3711 2438 rectitudi-

2043 2501 2184 2540 nem
2216 2486 2353 2537 tunc
2401 2481 2672 2551 laudant,
2703 2495 2841 2534 cum
2873 2494 2934 2533 se
2965 2477 3043 2533 ad
3074 2474 3366 2546 gaudium
3395 2469 3712 2528 incolumi-

2044 2580 2136 2630 tas
2163 2572 2451 2628 sublevat.
2485 2571 2598 2627 Sed
2632 2569 2678 2624 si
2705 2585 2915 2624 eorum
2937 2567 3122 2622 vitam
3148 2562 3481 2637 quamlibet
3505 2558 3710 2616 brevi-

2047 2669 2132 2719 ter
2156 2663 2245 2717 vis
2276 2677 2550 2733 supernae
2581 2657 2962 2715 correctionis
2991 2653 3266 2725 attigerit,
3316 2650 3536 2724 pulsati
3561 2663 3712 2722 pro-

2047 2753 2207 2808 tinus
2238 2751 2555 2806 consilium
2601 2747 2787 2803 divini
2845 2745 3138 2802 examinis
3190 2743 3520 2814 increpant.
3575 2740 3708 2793 Non

2049 2842 2271 2897 mirum
2297 2855 2439 2908 ergo
2497 2838 2544 2892 si
2572 2837 2668 2892 hic
2699 2836 2968 2891 divinam
3007 2832 3299 2903 justitiam
3341 2829 3570 2894 laudat,
3601 2825 3707 2896 qui

2052 2930 2197 2986 nihil
2224 2927 2457 2984 adversi
2491 2926 2569 2982 ab
2594 2941 2666 2980 ea
2686 2923 2914 2995 justitia
2944 2920 3256 2986 tolerabat,
3286 2917 3596 2988 Sequitur:

2125 3039 2290 3091 Vens.
2325 3039 2378 3090 4.
2429 3033 2686 3089 Etiamsi
2711 3033 2828 3099 ﬁlii
2857 3031 2947 3084 tui
2997 3030 3394 3097 peccaverunt
3426 3025 3496 3085 ei.
3531 3027 3584 3075 et
3615 3019 3708 3073 di-

2054 3128 2213 3183 misit
2237 3140 2328 3180 eos
2354 3126 2416 3179 in
2472 3137 2686 3178 manus
2719 3118 3054 3190 iniquitatis
3103 3129 3244 3170 suae.
3278 3145 3345 3151 —
3376 3116 3457 3166 Ac
3486 3108 3536 3163 si
3565 3105 3711 3162 aﬂii-

2053 3216 2158 3273 ctis
2184 3213 2487 3271 catholicis
2557 3225 2819 3266 errorem
2870 3205 3294 3280 praedicatores
3338 3199 3706 3273 praedicant:

2054 3307 2192 3362 Vitae
2222 3308 2430 3360 vestrae
2452 3300 2776 3375 providete,
2809 3302 2866 3353 et
2905 3311 3095 3369 quam
3124 3306 3408 3365 perversa
3438 3285 3709 3352 teneatis,

2055 3414 2126 3453 ex
2156 3411 2366 3451 eorum
2397 3391 2501 3465 qui
2525 3391 2676 3446 inter
2711 3403 2815 3444 vos
2838 3383 3103 3442 defuncti
3135 3385 3292 3450 sunt,
3318 3376 3713 3435 damnatione

2055 3463 2435 3556 cognoscite;
2469 3479 2614 3552 quia
2647 3474 2940 3533 conditori
2987 3471 3263 3529 omnium
3310 3467 3426 3524 nisi
3456 3463 3713 3538 perﬁdia.

2055 3579 2252 3631 vestra
2281 3570 2640 3643 displiceret,
2672 3579 3062 3638 nequaquam
3085 3578 3121 3617 a
3151 3559 3326 3616 vobis
3350 3562 3476 3613 tam
3499 3567 3713 3610 nume-

2055 3679 2224 3720 rosos
2270 3660 2528 3734 populos
2575 3657 2813 3713 interitu
2861 3654 3136 3710 saeviente
3187 3645 3563 3705 subtraxerit.
3618 3644 3718 3700 Se-

2055 3740 2258 3826 quitur
2282 3769 2294 3805 :

2128 3862 2274 3913 Vens
2449 3857 2534 3910 Tu
2567 3861 2764 3910 tamen
2812 3854 2865 3908 si
2914 3850 3184 3906 diluculo
3242 3844 3579 3902 surrest
3631 3840 3717 3896 ad

2061 3949 2268 4009 Deum,
2296 3951 2349 4000 et
2379 3945 2836 4011 omnipotentem
2865 3940 3216 4006 deprecatus
3236 3934 3447 4002 fueris.
3468 3960 3542 3970 —
3564 3927 3716 3992 Quia

2061 4035 2223 4090 enim
2273 4031 2532 4087 haeretici
2587 4035 2784 4084 tenere
2835 4028 3032 4081 lucem
3088 4022 3345 4077 veritatis
3397 4018 3714 4084 aestimant,

2065 4127 2336 4179 sanctam
2395 4118 2715 4175 Ecclesiam
2773 4115 2948 4188 quasi
2976 4113 3037 4168 in
3067 4110 3282 4168 erroris
3310 4111 3481 4164 nocte
3519 4104 3722 4178 posita

2063 4213 2142 4270 ad
2167 4210 2498 4267 diluculum
2550 4207 2809 4264 veritatis
2867 4207 3104 4272 vocant,
3163 4204 3462 4273 quatenus
3501 4200 3556 4253 et
3611 4210 3722 4268 per

2065 4306 2468 4377 cognitionem
2503 4300 2622 4370 Dei,
2653 4296 2830 4370 quasi
2862 4311 2969 4368 per
2998 4290 3329 4348 diluculum
3361 4290 3628 4357 surgant,
3659 4289 3723 4342 et

2065 4413 2171 4470 per
2198 4409 2404 4467 preces
2434 4387 2796 4464 paenitentia:
2841 4388 3086 4458 peccata
3115 4380 3366 4437 diluant.
3399 4377 3675 4451 Sequitur
3699 4393 3718 4431 :

2136 4505 2304 4556 Vens.
2341 4504 2391 4554 6.
2421 4499 2490 4554 Si
2517 4496 2775 4552 mundus
2805 4499 2860 4550 et
2881 4497 3076 4549 rectus
3108 4489 3432 4546 incesseris.
3458 4517 3527 4526 —
3557 4487 3722 4541 Mun-

2063 4593 2176 4648 dus
2206 4589 2479 4645 videlicet
2507 4588 2568 4642 in
2589 4583 3176 4654 cogitatione,rectus
3202 4579 3262 4633 in
3292 4590 3488 4648 opere.
3517 4572 3721 4643 Sequi-

2065 4685 2191 4736 tur:
2222 4679 2442 4734 Statim
2469 4673 2775 4745 evigilabit
2805 4671 2884 4726 ad
2911 4676 2984 4724 te.
3011 4698 3084 4707 —
3111 4672 3192 4722 Ac
3219 4665 3268 4720 si
3290 4666 3493 4736 aperte
3523 4659 3718 4715 dicat:

2066 4768 2215 4833 Quia
2243 4765 2335 4820 his
2375 4763 2481 4835 qui
2511 4777 2670 4816 nunc
2728 4754 3210 4814 tribulationibus
3266 4751 3383 4805 tuis
3443 4747 3720 4802 virtutem

2065 4863 2180 4912 tuae
2231 4851 2614 4928 protectionis
2668 4863 2791 4905 non
2817 4845 3018 4911 exerit,
3079 4841 3256 4915 quasi
3285 4840 3363 4897 ab
3420 4837 3720 4910 adjutorio

2065 4944 2390 5001 haesitantis
2418 4941 2657 4997 dormit.
2702 4936 3017 5010 Sequitur:
3065 4935 3144 4989 Et
3191 4937 3476 5002 pacatum
3517 4928 3721 4986 reddet

2069 5033 2481 5090 habitaculum
2495 5030 2750 5100 justitia’
2778 5033 2914 5083 tute.
2947 5056 3019 5064 —
3045 5023 3209 5079 Idem
3254 5019 3562 5094 praesentis
3586 5016 3720 5072 vita:

2068 5123 2513 5180 contrarietates
2543 5119 2848 5185 admonet,
2891 5118 2955 5170 ut
2983 5109 3421 5185 tranquillitatis
3452 5105 3722 5178 protinus

2071 5211 2447 5268 securitatem
2476 5207 2706 5280 probet.
2739 5204 3014 5277 Sequitur
3039 5222 3051 5272 ;

2140 5324 2310 5374 Vens.
2345 5323 2396 5373 7.
2431 5319 2737 5372 Intantum
2764 5319 2825 5368 ut
2853 5314 3065 5381 priora
3109 5316 3214 5363 tua
3234 5301 3468 5372 fuerint
3501 5309 3722 5367 parva,

2072 5419 2125 5469 et
2153 5409 2471 5466 novissima
2493 5405 2974 5475 multiplicantur
2992 5398 3188 5452 nimis.
3208 5421 3276 5430 ——
3297 5386 3447 5452 Quia
3461 5385 3724 5459 perversi

2073 5497 2398 5572 temporale
2429 5496 2740 5566 gaudium,
2795 5486 3093 5555 singulare
3127 5481 3359 5572 bonum
3407 5479 3722 5538 aestimant,

2074 5565 2346 5646 hoc-aliis
2375 5565 2487 5658 pro
2517 5595 2742 5651 magno
2764 5574 3136 5649 pollicentur.
3165 5567 3221 5624 Si
3251 5583 3392 5624 vero
3419 5565 3724 5622 habitacu-
