4154 6160
435 149 538 205 181

1498 133 1557 188 S.
1587 126 1844 188 ODONIS
1869 117 2172 183 ABBA'HS
2188 121 2703 186 GLHNIACENSIS-
2720 129 2766 183 Η

3741 133 3868 194 188

422 275 553 331 lum
575 267 816 340 justitiae
845 261 1175 320 consilium
1216 257 1440 315 mentis
1464 260 1662 326 vocat,
1717 250 1967 340 afﬂictis,
1995 262 2090 302 ca-
2105 220 2328 340 >sunt;
2353 251 2650 340 propheta
2668 257 3010 326 attestante,
3067 255 3178 328 qui
3198 255 3317 311 ait:
3356 276 3386 304 «
3451 256 3661 315 Omnis
3694 275 3854 318 caro

433 337 688 420 tholicis,
713 367 982 411 errorum
1036 347 1313 420 magistri
1335 349 1622 420 pacatum
1670 337 2082 399 habitaculum

431 447 668 524 justitiai
697 441 1067 516 promittunt,
1099 437 1276 512 quasi
1321 452 1424 494 eos
1459 435 1538 492 ad
1568 449 1678 524 sua
1713 429 2080 504 pertrahunt,

434 523 698 609 proiecto
723 546 762 586 a
781 527 1158 586 contentione
1180 525 1603 582 conticescunt.
1640 523 1798 594 Opes
1841 533 2084 609 quoque

432 605 828 691 intelligentiae
881 615 1270 690 sequentibus
1326 613 1626 688 spondent
1682 623 1969 675 crescere,
1999 605 2084 662 di-

435 713 674 768 centea:
727 709 1043 766 [utentum
1085 709 1151 760 ut
1193 705 1406 774 priora
1433 708 1538 758 tua
1588 701 1822 771 fuerint
1861 710 2084 768 parva.

437 797 720 857 Subditur
742 814 757 854 :

532 891 709 944 Vens.
751 887 808 942 8.
849 887 1169 955 Interroga
1198 884 1351 940 enim
1385 880 1826 953 generationem
1880 875 2088 946 pristi-

439 993 608 1045 nam,
629 983 685 1034 et
709 975 1028 1046 diligenter
1047 973 1342 1044 investiga
1360 976 1608 1042 patrum
1637 967 2001 1024 memoriam.
2021 995 2090 1004 -—

441 1065 894 1124 Generationem
946 1063 1261 1138 pristinam
1315 1077 1385 1118 ac
1439 1063 1686 1132 patrum
1731 1055 2095 1112 memoriam

439 1171 835 1229 nequaquam
859 1153 1064 1223 videri,
1084 1151 1194 1209 sed
1212 1148 1553 1220 investigari
1582 1147 1932 1212 admonent,
1950 1141 2096 1216 quia

441 1247 558 1302 hoc
577 1245 644 1301 in
667 1259 746 1301 ea
759 1243 976 1299 nolunt
1001 1241 1285 1314 conspici,
1300 1239 1468 1312 quod
1489 1237 1719 1311 liquido
1741 1233 1969 1292 cunctis
1989 1248 2094 1306 pa-

443 1338 541 1392 tet.
575 1331 966 1404 Subjungitur
989 1349 1004 1387 :

515 1422 691 1478 Vens.
723 1425 777 1478 9.
814 1421 1089 1478 Hesterni
1143 1421 1364 1490 quippe
1391 1432 1615 1484 sumus,
1645 1420 1700 1472 et
1748 1415 2095 1485 ignoramus

441 1511 736 1584 quomodo
780 1510 935 1566 sicut
959 1509 1176 1565 umbra
1201 1509 1322 1564 dies
1369 1507 1560 1563 nostri
1586 1510 1728 1560 sunt
1757 1519 1937 1572 super
1977 1508 2094 1558 ter—

2194 333 2398 393 fenum
2429 339 2571 410 (Isa.
2602 357 2695 409 XL,
2725 342 2800 413 6).
2836 364 2863 392 »
2893 341 3007 399 Sed
3038 347 3181 398 ante.
3205 358 3418 400 omnes
3445 344 3673 418 herbas
3701 348 3854 403 scir-

2192 441 2310 498 pus
2335 443 2601 486 arescere
2631 430 2864 499 dicitur,
2895 431 3042 504 quia
3079 431 3259 502 justis
3285 432 3347 488 in
3374 433 3538 493 bono
3571 451 3684 491 suo
3711 452 3856 509 por-

2193 517 2596 588 manentibus,
2631 519 2708 576 ad
2739 519 3100 576 viriditatem
3124 527 3452 596 assumptus
3479 524 3869 584 rectitudinis-

2192 605 2642 679 hypocritarum
2671 609 2792 666 vita
2817 609 3092 666 siccatur.
3112 613 3406 668 Arescunt
3423 613 3647 682 herbae,
3672 615 3858 672 etiam

2192 695 2442 770 reliqua,
2457 699 2604 770 quia
2622 699 2924 770 justorum
2953 715 3138 772 opera
3171 717 3310 757 cum
3336 703 3537 759 carnis
3562 703 3694 760 vita
3712 705 3861 761 deﬁ—

2195 784 2378 840 ciunt.
2406 786 2521 842 Sed
2548 787 2874 846 herbarum
2915 789 3252 847 ariditatem
3283 791 3516 866 scirpus
3546 793 3856 866 praevenit,

2196 877 2338 946 quia
2365 875 2720 950 priusquam
2769 878 3084 952 hypocrita
3134 879 3208 935 de
3241 895 3421 937 carne
3467 885 3756 953 transeat,
3783 897 3864 938 ea

2197 978 2332 1035 quae
2351 963 2414 1018 in
2438 979 2500 1020 se
2529 965 2891 1038 ostenderat,
2945 966 3234 1024 virtutum
3261 967 3420 1026 facta
3475 969 3857 1043 derelinquit.

2201 1051 2343 1108 Hinc
2369 1053 2656 1127 scriptum
2687 1059 2810 1111 est:
2849 1079 2874 1105 «
2933 1055 3100 1113 Fiant
3129 1057 3281 1114 sicut
3337 1057 3545 1116 fenum
3581 1041 3862 1115 aediﬁcio-

2199 1157 2337 1197 rum
2379 1143 2544 1216 quod
2596 1144 2954 1218 priusquam
3019 1145 3332 1218 evellatur,
3383 1149 3617 1206 exaruit
3667 1148 3856 1220 (Psal.

2202 1247 2432 1302 cxxvm,
2463 1234 2598 1304 6).»
2649 1234 2804 1300 Quid
2855 1235 3084 1294 cunctis
3133 1237 3418 1309 operibus
3463 1237 3592 1294 suis
3637 1242 3858 1312 sperat,

2201 1319 2319 1376 nisi
2349 1321 2593 1378 honoris
2617 1324 3032 1394 reverentiam,
3066 1325 3320 1397 gloriam
3345 1326 3564 1396 laudis,
3599 1344 3640 1384 a
3661 1327 3865 1384 melio-

2202 1408 2368 1464 ribus
2399 1411 2603 1480 metui,
2659 1421 2902 1469 sanctus
2931 1414 3009 1470 ab
3062 1415 3411 1475 hominibus
3467 1417 3708 1472 vocari?
3743 1416 3862 1474 Sed

2202 1514 2556 1571 permanere
2589 1517 2726 1574 spes
2755 1501 3082 1576 hypocrita:
3109 1521 3232 1562 non
3259 1505 3444 1574 valet,
3471 1506 3616 1578 quia
3641 1505 3864 1562 aeterni-

442 1615 603 1657 ram.
641 1629 714 1640 -
761 1597 1069 1654 Generatio
1121 1597 1324 1668 itaque
1376 1593 1629 1668 pristina
1671 1590 2096 1661 interroganda
2135 1607 2176 1660 Β
2204 1592 2536 1646 tatem'non
2562 1607 2862 1663 quaerens,
2917 1593 3070 1665 fugit
3100 1595 3270 1667 quod
3324 1600 3500 1654 tenet.
3532 1597 3618 1654 De
3641 1595 3866 1668 quibus

442 1686 819 1762 proponitur,
851 1690 920 1742 ut
942 1685 1190 1742 transire
1231 1690 1466 1756 tempus
1524 1682 1654 1738 vitae
1685 1680 1994 1755 praesentis
2025 1679 2096 1734 si-

446 1781 547 1832 cut
598 1775 819 1831 umbra
862 1777 1252 1844 monstretur,
1298 1773 1444 1846 quia
1480 1770 1751 1827 videlicet
1775 1770 1824 1824 si
1853 1784 1925 1825 ea
1960 1783 2098 1840 quae

446 1867 637 1935 erant,
671 1867 728 1920 et
749 1863 880 1934 jam
907 1866 1178 1919 tranacta
1205 1861 1552 1933 [transacta]
1583 1863 1738 1926 sunt,
1767 1859 1847 1915 ad
1875 1873 2101 1914 memo-

445 1954 600 2012 riam
644 1951 1012 2020 reducimus,
1041 1955 1312 2024 patenter
1363 1950 1750 2020 agnoscimus
1789 1964 1974 2020 quam
2007 1961 2101 2002 ce-

445 2041 642 2099 leriter
695 2041 814 2097 hoc
866 2055 1112 2112 quoque
1181 2039 1370 2110 fugiat
1421 2038 1586 2112 quod
1653 2044 1954 2094 tenemus.
2011 2037 2104 2092 Se-

445 2131 650 2205 quitur
672 2147 686 2185 :

520 2223 690 2276 Vens.
725 2223 810 2275 10.
843 2219 971 2288 Ipsi
999 2218 1292 2275 docebunt
1344 2224 1420 2285 te,
1453 2224 1506 2274 et
1536 2217 1609 2273 de
1637 2217 1814 2273 corde
1839 2231 1944 2272 suo
1965 2232 2108 2287 pra“

443 2311 654 2381 ferunt
677 2307 934 2378 eloquia.
966 2338 1035 2346 —
1066 2306 1406 2362 Notandum
1429 2305 1596 2379 quod
1637 2309 1912 2380 superius
1941 2305 2108 2361 dixe-

437 2401 560 2456 rat:
587 2397 849 2470 Spiritus
871 2397 991 2452 oris
1021 2397 1179 2452 tui.N
1189 2411 1304 2452 unc
1325 2411 1469 2451 vero
1490 2395 1751 2451 reductis
1775 2395 1853 2450 ad
1875 2409 2108 2449 memo-

443 2487 599 2542 riam
625 2483 898 2558 patribus
925 2483 1100 2542 dicit:
1161 2485 1248 2539 De
1277 2483 1456 2540 corde
1483 2499 1590 2539 suo
1637 2483 1962 2552 proferunt
1987 2483 2108 2538 eto-

447 2575 610 2648 quia.
639 2573 725 2629 Ac
751 2572 802 2628 si
825 2573 1010 2628 vitam
1058 2575 1280 2628 sanctae
1331 2571 1593 2628 ecclesiae
1639 2571 1898 2627 haeretici
1921 2569 2109 2626 detes-

448 2666 641 2720 tantes
695 2660 930 2717 dicant:
981 2660 1464 2734 Multiplicitatem
1517 2661 1757 2734 spiritus
1815 2661 2003 2718 habes
2044 2661 2106 2717 in

449 2768 578 2821 ore,
604 2751 667 2806 in
724 2749 904 2808 corde
954 2766 1079 2806 non
1130 2749 1338 2807 habes.
1369 2749 1484 2807 Sed
1527 2749 1610 2806 illi
1658 2753 1866 2807 contra
1917 2755 1971 2806 te
1999 2762 2104 2808 aue

449 2839 656 2896 diendi
685 2841 841 2908 sunt,
872 2839 979 2912 qui
1007 2839 1192 2896 verba
1243 2855 1318 2896 ex
1347 2839 1524 2896 corde
1545 2839 1913 2913 proferentes
1943 2843 2104 2897 recta

448 2928 710 2985 vivendo
744 2928 1080 2985 docuerunt
1103 2927 1405 3002 sequitur:

519 3016 800 3088 Vsas..ll,
836 3020 920 3084 t2,
955 3020 1040 3072 13.
1101 3017 1394 3088 Nunquid
1413 3023 1609 3086 potest
1640 3018 1837 3074 vivere
1869 3019 2103 3088 scirpus

449 3099 672 3177 absque
699 3105 965 3176 humore,
995 3109 1102 3163 aut
1125 3117 1386 3164 crescere
1405 3112 1708 3175 carectum
1737 3108 1866 3164 sine
1891 3122 2051 3178 aqua
2076 3108 2104 3164 ?

448 3224 520 3234 —
550 3191 658 3251 Cui
685 3190 912 3250 Baltath
969 3195 1257 3267 scriptum
1299 3193 1391 3250 vel
1418 3202 1722 3252 carectum
1775 3197 2102 3268 comparet,

449 3281 578 3353 ipse
597 3279 870 3353 protinus
902 3283 1109 3354 aperit,
1161 3298 1302 3338 cum
1329 3283 1674 3354 subjungit:
1728 3285 1878 3340 Cum
1907 3283 2106 3341 adhuc

451 3369 528 3424 sit
554 3369 630 3438 (in
663 3370 832 3438 ﬂore,
875 3383 980 3424 nec
1009 3373 1303 3440 carpatur
1337 3386 1544 3442 manu,
1576 3377 1718 3428 ante
1745 3387 1942 3428 omnes
1971 3373 2105 3429 her-

454 3454 558 3513 bas
569 3457 896 3521 arescit,sic
917 3458 1029 3514 via;-
1050 3459 1312 3514 omnium
1336 3461 2104 3533 quiobtiviscunturDeum,

454 3551 508 3601 et
531 3559 662 3614 spes
691 3546 1019 3615 hypocrita
1038 3547 1282 3616 peribit.
1311 3578 1381 3588 —
1409 3547 1595 3620 Scirpi
1622 3563 1734 3619 ego
1774 3547 1870 3604 vel
1893 3549 2108 3604 carecti

451 3633 718 3707 nomine,
771 3633 1098 3707 hypocrita:
1150 3635 1341 3692 vitam
1392 3637 1608 3708 signat,
1661 3653 1797 3711 quae
1847 3639 2108 3712 speciem

451 3721 700 3796 quidem
723 3722 1032 3780 veritatem
1058 3723 1260 3795 habet,
1293 3726 1398 3782 sed
1448 3727 1649 3784 adhuc
1705 3745 1894 3785 manu
1933 3745 2108 3784 usus-

452 3811 715 3869 fructum
747 3812 1006 3870 utilitatis
1033 3829 1158 3870 non
1186 3814 1386 3873 habet.
1412 3819 1552 3882 Quae
1582 3819 1899 3877 sterilitatis
1928 3832 2109 3896 opere

455 3901 625 3960 arida
645 3911 1010 3976 permanens
1043 3903 1170 3960 solo
1197 3905 1525 3964 sanctitatis
1543 3907 1740 3965 colore
1793 3910 2105 3970 viridescit.

457 3992 574 4052 Sed
596 4001 794 4068 neque
822 3993 949 4050 sine
977 3993 1235 4052 humore
1259 3997 1512 4070 scirpus,
1557 4011 1752 4072 neque
1783 4001 1910 4058 sine
1949 4018 2111 4076 aqua

455 4085 758 4142 carectum
785 4083 1189 4158 proﬂcit,quia
1208 4087 1661 4160 hypocritarum
1690 4089 1811 4148 vita
1840 4092 1918 4148 ad
1948 4092 2111 4152 bona

454 4189 640 4248 opera
665 4173 1028 4230 infusionem
1051 4175 1300 4248 quidem
1359 4179 1604 4250 superni
1651 4179 1898 4237 luminis
1923 4184 2109 4256 perci-

453 4260 564 4333 pit,
589 4259 692 4315 sed
717 4259 780 4314 in
799 4261 1028 4316 cunctis
1073 4277 1212 4333 quin
1251 4263 1380 4334 agis
1421 4266 1740 4323 exteriores
1766 4267 1979 4324 laudes
2009 4287 2112 4344 ap-

453 4352 684 4422 petens,
707 4365 745 4404 a
762 4347 960 4404 fructu
1013 4355 1310 4423 perceptae
1333 4351 1648 4410 infusionis
1683 4355 1993 4414 inanescit.
2029 4363 2109 4416 De

455 4437 681 4508 quibus
731 4437 952 4494 Veritas
1003 4435 1180 4494 dicit:
1227 4461 1256 4487 ‹‹
1289 4441 1446 4497 Multi
1474 4443 1696 4510 Edicent
1723 4445 1871 4502 mihi
1919 4447 1980 4504 in
2007 4448 2110 4506 illa

454 4524 590 4582 die:
623 4525 894 4597 Domine,
926 4528 1196 4596 Domine,
1217 4544 1450 4606 ononne
1473 4531 1537 4588 in
1569 4533 1816 4590 nomine
1845 4540 1948 4592 tuo
1976 4554 2111 4610 pro-

453 4611 880 4686 phetavimus‘t
910 4636 939 4665 »
965 4619 1024 4671 et
1070 4614 1305 4690 reliqua
1331 4619 1545 4686 (Marc.
1576 4637 1674 4691 vn,
1703 4623 1815 4695 22).
1847 4624 2112 4697 Scriptus

455 4702 519 4760 in
543 4701 718 4778 more
767 4707 880 4775 est,
903 4705 1246 4778 hhypocrita
1295 4707 1358 4765 in
1383 4707 1584 4768 laude.
1616 4712 1816 4769 Acutio
1847 4729 2114 4772 verean-

455 4791 612 4862 gulis
639 4807 892 4864 surgens
921 4799 1226 4852 carectum
1253 4813 1447 4856 manu
1471 4815 1599 4856 non
1647 4801 1931 4875 carpitur,
1967 4806 2112 4878 quia

457 4881 824 4952 exasperatis
843 4897 951 4954 per
975 4886 1386 4956 arrogantiam
1405 4889 1700 4958 sensibus,
1715 4891 1790 4948 de
1818 4895 2111 4966 pravitate

457 4983 572 5024 sua
617 4968 934 5041 hypocrita
989 4974 1207 5046 corripi
1263 4975 1640 5046 dedignatur.
1701 4981 1766 5036 ln
1823 4981 1969 5040 ﬂore
2001 5000 2112 5041 suo

455 5071 713 5114 manum
735 5059 1034 5132 carpentis
1062 5060 1288 5131 incidit,
1316 5065 1462 5137 quia
1482 5067 1545 5122 in
1590 5067 1769 5124 laude
1797 5070 2113 5144 hypocrita

454 5145 708 5222 positus,
739 5147 790 5203 si
815 5147 978 5206 hunc
1023 5151 1280 5224 quisque
1304 5155 1601 5229 corripere
1625 5158 1866 5230 audeat,
1893 5161 2112 5234 asperi-

456 5240 575 5294 tate
595 5253 707 5294 sua
729 5236 998 5312 protinus
1023 5240 1438 5314 corripientem
1483 5251 1664 5318 secat,
1697 5252 1754 5305 et
1781 5249 1960 5322 quasi
1989 5266 2112 5306 car-

454 5326 650 5397 pentis
677 5343 889 5401 manu,
915 5329 1000 5384 sic
1028 5345 1066 5388 a
1092 5333 1462 5406 corripientis
1491 5337 1716 5406 animo,
1745 5338 2018 5412 quidam,
2046 5344 2113 5397 ut

455 5413 538 5470 ita
561 5415 834 5490 dixerim,
895 5421 1143 5493 sanguis
1172 5425 1446 5494 maeroris
1498 5433 1714 5485 currat.
1773 5429 1919 5485 Hinc
1950 5429 2109 5488 Salo-

456 5513 606 5575 mon
629 5501 747 5559 ait:
779 5528 808 5555 «
843 5509 972 5566 Noli
995 5526 1247 5584 arguere
1284 5514 1632 5587 derisorem,
1663 5535 1738 5575 ne
1763 5519 2032 5578 derideat
2055 5524 2110 5578 te

457 5589 659 5665 (Prov.
691 5596 869 5678 ιιηο).
901 5619 928 5647 «
981 5601 1160 5662 Juxta
1197 5619 1443 5664 carnem
1470 5607 1696 5682 quippe
1745 5607 1894 5681 justi
1922 5607 2108 5668 herba

2204 1677 2424 1732 Veritas
2435 1677 2578 1734 dicit
2599 1697 2612 1734 :
2633 1682 3046 1752 «Receperunt
3065 1683 3405 1740 mercedem
3422 1699 3598 1742 suam
3625 1683 3864 1756 (Matth.

2205 1781 2287 1834 V1,
2320 1770 2426 1838 16),
2460 1789 2488 1816 ››
2523 1767 2832 1840 Sequitur:

2281 1855 2460 1912 Vens.
2495 1856 2576 1911 14.
2609 1858 2746 1914 Νοη
2773 1860 3044 1928 placebit
3095 1861 3372 1919 vecordia
3403 1877 3533 1920 sua.
3567 1893 3632 1902 —
3653 1864 3870 1931 Magna

2209 1942 2435 2015 quippe
2465 1945 2748 2002 vecordia
2770 1951 2878 2015 est,
2898 1947 3206 2005 laboriosa
3233 1965 3434 2019 agere,
3465 1953 3521 2004 et
3541 1947 3618 2004 ad
3644 1961 3866 2004 auram

2213 2031 2411 2087 laudis
2447 2033 2700 2105 inhiare,
2752 2035 2890 2092 forti
2943 2053 3126 2110 opere
3175 2038 3490 2112 prmeeptis
3529 2035 3868 2094 coelestibus

2214 2120 2520 2191 inservire,
2594 2123 2699 2178 sed
2763 2128 3009 2180 terrenae
3093 2125 3498 2183 retributionis
3551 2123 3866 2198 praemium

2216 2225 2504 2283 qumrere.
2539 2211 2656 2268 Sed
2682 2216 2888 2269 tamen
2913 2213 3027 2270 hac
3053 2215 3188 2288 ipsa
3217 2231 3328 2272 sua
3375 2213 3660 2272 vecordia
3680 2211 3870 2286 pasci-

2217 2305 2332 2368 tur,
2385 2301 2528 2373 quia
2583 2316 2692 2372 pro
2745 2301 2907 2358 bono
2961 2319 3142 2376 opere
3173 2321 3209 2360 a
3250 2304 3478 2362 cunctis
3515 2304 3868 2360 honoratur.

2217 2389 2352 2443 Haec
2382 2404 2519 2445 vero
2549 2405 2658 2444 sua
2685 2390 2739 2446 ei
2767 2392 3048 2450 vecordia
3077 2392 3272 2466 placet
3322 2393 3582 2464 interim,
3615 2391 3720 2448 sed
3745 2405 3873 2446 non

2215 2477 2474 2550 placebit
2528 2495 2668 2534 cum
2721 2479 3125 2538 retributionis
3152 2487 3392 2556 tempus
3445 2479 3768 2540 advenerit.
3805 2479 3872 2536 In

2213 2583 2396 2640 pmna
2449 2567 2799 2641 disciplicet,
2847 2571 3016 2644 quod
3074 2587 3283 2629 vecors
3347 2572 3476 2628 fuit.
3539 2570 3813 2644 Sequitur
3853 2585 3868 2624 :

2211 2656 2292 2712 Et
2321 2657 2474 2714 sicut
2511 2658 2630 2714 tcta
2669 2673 3038 2716 aranearum
3055 2662 3284 2730 ﬁducia
3312 2664 3462 2733 ejus.
3490 2691 3564 2701 —
3588 2662 3741 2716 Bene
3767 2656 3874 2728 hy-

2213 2741 2580 2812 pocritarum
2604 2741 2828 2800 ﬁducia
2854 2759 3218 2802 aranearum
3269 2745 3396 2802 telis
3427 2743 3605 2802 simili
3633 2741 3870 2806 dicitur,

2211 2829 2357 2903 quia
2381 2845 2562 2887 omne
2586 2831 2752 2903 quod
2785 2832 2864 2890 ad
2891 2832 3285 2892 obtinendam
3317 2833 3568 2907 gloriam
3593 2827 3869 2896 exsudat,

2212 2923 2426 2974 ventus
2477 2920 2609 2976 vitae
2685 2921 2953 2981 mortalis
3027 2908 3302 2996 dissipat.
3356 2927 3503 2980 Nam
3580 2918 3872 2994 quoniam

2211 3013 2434 3065 interna
2483 3025 2608 3075 non
2631 3016 2928 3084 quaerunt,
2959 3011 3124 3069 bona
3171 3012 3526 3086 temporalia
3553 3026 3693 3068 cum
3723 3013 3870 3066 tem-

2212 3113 2358 3171 pore
2387 3099 2685 3156 amittunt.
2741 3101 3124 3158 Pensandum
3154 3117 3398 3176 quoque
3426 3105 3540 3170 est,
3571 3095 3738 3173 quod
3767 3095 3870 3152 tila

2214 3203 2452 3244 araneae
2482 3203 2590 3260 per
2626 3187 2902 3246 ordinem
2928 3189 3178 3262 ducunt,
3213 3191 3358 3264 quia
3383 3207 3494 3247 sua
3539 3187 3870 3262 hypocrita:

2213 3277 2387 3350 quasi
2417 3277 2530 3334 sub
2575 3277 2928 3334 discretione
2987 3295 3170 3354 opera
3223 3279 3575 3353 disponunt.
3605 3282 3869 3334 Aranea-

2214 3381 2350 3422 rum
2378 3365 2494 3422 tela
2519 3365 2782 3426 studiose
2839 3367 3074 3440 texitur,
3123 3368 3272 3426 ﬂatu
3321 3368 3672 3442 dissipatur,
3729 3365 3874 3440 quia

2214 3455 2514 3528 quidquid
2537 3455 2852 3528 hypocrita
2881 3473 3021 3512 cum
3073 3456 3280 3513 labore
3304 3455 3556 3530 peragit,
3587 3470 3738 3512 aura
3759 3453 3871 3512 hu-

2214 3545 2382 3601 mani
2409 3545 2631 3600 favoris
2685 3545 2851 3602 tollit.
2893 3546 3042 3604 Hinc
3101 3547 3324 3604 Veritas
3375 3545 3490 3606 ait:
3527 3568 3556 3596 ‹‹
3585 3544 3871 3604 Extermi—

2215 3637 2365 3690 nant
2393 3632 2552 3688 enim
2582 3633 2764 3690 facies
2795 3650 2957 3706 suas,
2992 3658 3019 3686 »
3050 3641 3108 3693 et
3133 3635 3365 3708 redqua
3392 3633 3631 3704 (Matth.
3663 3649 3745 3712 vi,
3765 3633 3870 3706 16).

2219 3720 2553 3780 Sanctitatis
2607 3739 2770 3780 nunc
2825 3724 3112 3782 ﬁduciam
3168 3725 3231 3782 in
3275 3740 3378 3782 ore
3416 3723 3736 3782 hominum
3769 3737 3874 3798 po-

2216 3813 2324 3886 nit,
2369 3813 2476 3870 sed
2529 3819 2856 3888 apparente
2913 3815 3110 3871 cordis
3167 3819 3334 3885 teste,
3393 3813 3651 3888 praeterit
3691 3827 3871 3870 omne

2217 3905 2383 3980 quod
2412 3905 2666 3960 exterius
2692 3904 2767 3960 de
2814 3906 3088 3962 humano
3119 3904 3324 3963 favore
3363 3903 3628 3962 conﬁdit.
3665 3901 3871 3976 Sequi-

2220 4002 2350 4054 tur:

2289 4085 2470 4152 Vens,
2522 4087 2606 4140 15.
2680 4085 2979 4144 Innititur
3026 4101 3208 4156 super
3267 4085 3507 4143 domum
3569 4098 3762 4146 suam,
3817 4087 3872 4138 et

2218 4191 2337 4232 non
2383 4173 2582 4231 stabit.
2641 4205 2710 4216 —
2783 4177 3008 4231 Domus
3057 4179 3276 4232 nostrae
3354 4173 3729 4246 cogitationis
3783 4175 3878 4228 est

2216 4280 2313 4320 res
2385 4263 2667 4336 quaelibet
2731 4279 2921 4336 quam
2991 4279 3096 4336 per
3175 4263 3632 4324 delectationem
3704 4261 3874 4320 inha-

2143 4339 2188 4392 D
2217 4353 2369 4408 bitat
2427 4351 2691 4408 animus.
2743 4353 2968 4408 Domus
3017 4352 3219 4427 itaque
3264 4353 3594 4428 hypocrita
3651 4357 3740 4410 est
3775 4351 3874 4410 de-

2217 4440 2453 4499 lectatio
2508 4439 2746 4510 favoris,
2796 4457 2982 4514 quam
3032 4443 3209 4516 quasi
3263 4443 3500 4517 quietus
3555 4441 3873 4512 inhabitat,

2219 4531 2364 4605 quia
2389 4545 2496 4604 per
2525 4535 2742 4589 cuncta
2793 4548 2905 4590 sua
2929 4548 3116 4607 opera
3168 4533 3249 4592 ad
3270 4533 3430 4606 hanc
3482 4548 3546 4589 se
3573 4531 3732 4590 intra
3749 4531 3874 4588 ani-

2219 4637 2392 4680 mum
2421 4619 2684 4678 reclinat.
2739 4619 2852 4678 Sed
2903 4621 3122 4676 domus
3151 4626 3306 4676 stare
3361 4634 3484 4676 non
3521 4619 3700 4686 valet,
3732 4619 3876 4694 quia

2219 4711 2353 4768 laus
2382 4727 2521 4767 cum
2552 4711 2669 4768 vita
2695 4709 2974 4782 praeterit,
3001 4713 3055 4766 et
3104 4709 3410 4764 humanus
3436 4706 3604 4762 favor
3627 4705 3690 4760 in
3709 4707 3873 4780 judi-

2221 4801 2313 4858 cio
2340 4815 2467 4858 non
2495 4799 2782 4856 subsistit.
2811 4797 2976 4854 Unde
2999 4795 3178 4854 fatuae
3205 4793 3464 4866 virgines
3504 4794 3760 4852 turbata
3783 4796 3874 4853 di-

2220 4896 2366 4948 turm
2394 4895 2537 4946 sunt
2561 4912 2588 4938 «
2611 4890 2754 4945 Date
2782 4886 2958 4943 nobis
2983 4885 3057 4944 de
3085 4885 3218 4943 oleo
3248 4888 3445 4944 vestro
3477 4884 3715 4958 (Matth.
3733 4903 3874 4956 xxv,

2219 4983 2294 5052 8).
2328 4999 2358 5032 ›
2392 4977 2703 5050 Sequitur:
2737 4977 2969 5034 Futciet
2997 4991 3146 5045 eam,
3197 4981 3252 5032 et
3272 4990 3392 5032 non
3441 4981 3778 5047 consurget.
3805 5006 3874 5016 —

2218 5070 2342 5126 Hoc
2370 5082 2636 5140 namque
2664 5065 2830 5141 quod
2858 5081 2964 5140 per
2995 5081 3056 5124 se
3084 5069 3241 5124 stare
3269 5081 3395 5126 non
3423 5065 3598 5136 valet,
3636 5063 3876 5136 fulcitur

2219 5163 2286 5215 ut
2311 5161 2440 5229 stet,
2467 5155 2614 5230 quia
2641 5173 2782 5213 cum
2818 5155 3004 5213 vitam
3059 5170 3236 5212 suam
3263 5155 3582 5229 hypocrita
3609 5152 3872 5212 labefac-

2220 5247 2332 5304 tari
2356 5247 2422 5302 in
2443 5246 2673 5318 judicio
2702 5245 3015 5318 conspicit,
3069 5245 3226 5302 hanc
3270 5244 3570 5305 fulcienda
3618 5247 3876 5300 statuere

2225 5351 2476 5410 operum
2505 5337 2954 5391 enumeratione
2982 5333 3303 5393 contendit.
3336 5334 3484 5390 Hinc
3512 5329 3762 5406 quidam
3791 5328 3877 5384 di-

2227 5426 2379 5482 cturi
2416 5430 2591 5482 sunt:
2648 5447 2676 5476 ‹‹
2730 5425 2998 5496 Domine,
3054 5425 3323 5495 Domine,
3370 5424 3433 5480 in
3475 5421 3718 5480 nomine
3775 5424 3878 5483 tuo

2225 5514 2719 5589 prophetavimus
2739 5514 2766 5571 ?
2788 5537 2816 5564 »
2873 5519 2930 5570 et
2956 5513 3187 5590 reliqua
3215 5514 3456 5588 (Matth.
3503 5527 3599 5583 vn,
3629 5510 3741 5583 22),
3763 5506 3880 5564 Sed

2225 5601 2445 5659 domus
2469 5601 2755 5661 laudistot
2782 5602 3242 5676 allegationibus
3269 5601 3418 5660 fulta
3440 5599 3689 5657 minime
3739 5611 3880 5654 con-
