4146 6156
398 144 507 199 189

1216 142 1513 197 ΕΡΙΤΟΜΕ
1550 140 1921 199 IORALIUH
1963 141 2021 197 ὃ.
2060 143 2264 200 GREG.
2304 144 2375 200 IN
2412 145 2559 201 10B.
2601 176 2666 184 —
2704 147 2834 203 LIB.
2873 146 3013 205 VIII.

3708 152 3827 212 >190

392 264 795 337 surget,quia
813 262 1083 335 protentus
1105 261 1297 318 Iudex
1316 261 1497 319 dicit:
1520 281 1550 316 ‹
1573 264 1899 336 Nunquam
1918 262 2067 319 novi
2099 266 2147 319 Δ
2178 270 2407 335 garent.
2435 268 2555 322 Hoc
2578 281 2844 339 namque
2893 271 3309 344 unusquisque
3338 275 3650 347 proprium
3694 292 3825 334 esse

389 370 520 423 vos,
552 353 845 410 discedite
874 369 913 409 a
937 368 1063 423 me,
1099 374 1128 401 »
1154 356 1214 408 et
1241 352 1474 425 reliqua
1507 353 1749 422 (Matth.
1778 369 1916 422 xxv,
1953 352 2058 424 l2).

2175 354 2345 425 solet,
2377 358 2442 410 ut
2470 372 2553 428 qu
2566 355 2675 411 alis
2699 355 2827 427 ipse
2858 354 3051 427 fuerit,
3083 360 3231 416 tales
3257 362 3370 418 sibi
3399 362 3547 420 alios
3576 366 3825 438 conjun-

387 444 624 501 Domus
654 444 857 517 itaque
876 442 1211 517 hypocriten
1266 458 1511 513 surgere
1550 458 1675 499 non
1704 443 1888 513 valet,
1918 443 2065 516 quia
2172 443 2231 514 gi
2258 441 2451 500 vellet.
2480 444 2755 517 Sequitur
2787 463 2800 501 :

389 544 507 608 per
532 547 715 591 omne
739 532 908 606 quod
930 533 1110 603 juxta
1127 535 1432 605 praecepta
1460 532 1730 589 caelestia
1756 548 1937 603 agere
1958 548 2062 605 po-

392 624 524 694 tuit,
548 639 587 681 a
610 622 855 680 terrenis
882 621 1157 678 animam
1176 636 1498 694 nunquam
1518 620 1697 677 levat.
1732 621 2013 694 Sequitur
2045 637 2063 676 ι

465 716 633 769 Vnus.
662 716 745 768 16.
760 712 1092 768 Eumelus
1120 711 1357 767 videtur
1379 715 1703 783 antequam
1730 712 1930 767 veniat
1944 713 2057 772 sol.

388 824 465 844 -ι
501 804 670 874 δωρθ
693 800 759 856 in
787 816 963 857 sacro
993 799 1240 874 eloquio
1268 800 1563 856 Dominus
1616 799 1760 856 solis
1789 799 2056 875 appella-

385 892 552 947 tione
613 890 931 960 ﬁguratur,
994 888 1151 945 sicut
1205 904 1312 963 per
1367 888 1739 962 prophetam
1795 888 2057 945 dicitur:

2241 535 2414 589 Vens.
2445 534 2528 589 l9.
2558 532 2702 590 Herc
2732 540 2816 590 est
2845 537 3000 592 enim
3032 537 3242 597 laetitia
3273 542 3382 598 vim
3410 546 3557 613 ejus,
3590 550 3658 600 ut
3683 560 3821 602 rur-

2169 636 2297 677 sum
2356 621 2430 677 de
2483 626 2647 679 terra
2699 624 2810 679 alii
2850 626 3245 695 geminentur.
3296 662 3365 671 —
3410 630 3491 687 Ac
3544 633 3592 689 si
3621 638 3821 708 aperte

2168 708 2462 766 diceretur
2506 727 2520 766 :
2562 711 2906 769 Venientem
2956 714 3224 785 judicem
3278 734 3667 794 nequaquam
3720 741 3821 781 co-

2166 799 2420 869 gnoscit,
2453 797 2560 855 sed
2612 800 3010 874 multipliciter
3065 805 3291 879 recipit,
3344 810 3487 880 quia
3534 815 3591 868 et
3629 812 3821 870 ltetius

2162 886 2226 943 in
2248 904 2358 944 sua
2382 888 2691 962 iniquitate
2716 889 2887 947 ltetus
2904 896 3014 960 est,
3043 909 3166 967 quo
3190 899 3248 951 et
3268 895 3398 952 aliis
3431 898 3584 955 male
3605 916 3823 974 propa-

385 1003 414 1031 κ
445 979 627 1037 Vobis
652 984 858 1037 autem
885 979 992 1053 qui
1044 979 1267 1036 timetis
1295 994 1520 1036 nomen
1551 978 1807 1047 Domini,
1835 979 2057 1036 orietur
2165 978 2342 1046 gaius
2374 981 2479 1034 est.
2515 977 2619 1034 Cui
2648 978 2806 1034 enim
2838 980 2933 1035 hic
2962 995 3087 1037 non
3117 982 3335 1040 sufﬁcit
3362 984 3647 1059 iniquitas
3686 1005 3822 1062 pro-

387 1064 481 1121 sol
519 1063 765 1136 justitim
803 1064 981 1135 (Μαι.
1009 1080 1099 1132 1v,
1122 1068 1201 1133 2).
1222 1084 1253 1119 ›
1319 1064 1565 1138 Scirpus
1594 1064 1795 1137 itaque
1832 1063 1947 1120 ista
1989 1063 2053 1119 in
2160 1065 2310 1138 pria,
2343 1071 2694 1139 torqueatur
2719 1084 2965 1127 necesse
2998 1074 3087 1128 est
3126 1071 3243 1129 illic
3295 1078 3352 1131 et
3380 1075 3592 1134 merito
3619 1081 3819 1136 reatus

386 1153 560 1207 nocte
580 1142 878 1205 humidus
902 1153 1012 1220 est,
1048 1149 1175 1206 sole
1213 1153 1417 1206 autem
1463 1150 1741 1205 veniente
1772 1147 2048 1218 siccatur,

383 1239 531 1313 quia
548 1237 839 1296 nimirum
865 1238 1192 1311 hypocrita
1219 1238 1282 1294 in
1314 1238 1580 1295 tenebris
1613 1237 1744 1294 vitae
1790 1253 2051 1311 praesen-

384 1329 463 1384 tis
496 1332 743 1385 sanctus
774 1327 854 1383 ab
882 1327 1239 1383 hominibus
1288 1327 1570 1395 creditur,
1605 1326 1714 1383 sed
1755 1327 1903 1382 dum
1930 1327 2050 1382 dis-

358 1418 590 1481 rtrictus
609 1417 803 1474 iudex
828 1417 1076 1485 venerit,
1109 1433 1296 1489 quam
1332 1417 1406 1473 sit
1429 1417 1673 1489 iniquus
1711 1416 2046 1488 apparebit.

384 1508 664 1581 Sequitur
696 1525 710 1562 :
736 1508 815 1562 Et
842 1509 904 1562 in
936 1512 1077 1561 ortu
1120 1522 1227 1561 suo
1254 1522 1502 1577 germen
1529 1509 1657 1576 ejus
1684 1506 2042 1577 egredietur.

2160 1154 2356 1212 alieni.
2394 1156 2671 1228 Sequitur
2699 1176 2711 1214 :

2232 1246 2395 1301 Vens.
2422 1245 2511 1302 20.
2544 1247 2703 1303 Deus
2724 1265 2844 1304 non
2862 1252 3117 1320 proiicit
3136 1253 3484 1322 simplicem,
3499 1271 3608 1313 nec
3616 1254 3819 1326 porri-

2157 1334 2245 1403 git
2282 1351 2527 1392 manum
2570 1339 2871 1409 malignis.
2904 1372 2973 1379 —
3018 1342 3168 1406 Quia
3195 1343 3482 1400 nimirum
3508 1344 3814 1402 districtus

2155 1422 2217 1477 in
2241 1423 2472 1493 judicio
2499 1441 2822 1499 apparens,
2855 1432 2912 1483 et
2940 1428 3294 1501 despectum
3310 1432 3675 1505 simplicium
3694 1435 3816 1504 glo-

2155 1511 2446 1569 riﬁcando
2464 1515 2652 1585 erigit,
2667 1521 2723 1571 et
2740 1517 3143 1587 malignorum
3158 1519 3410 1588 gloriam
3430 1524 3813 1594 reprobando

384 1630 456 1639 -
484 1596 684 1653 Herba
711 1595 995 1669 quaelibet
1043 1595 1350 1685 nascendo
1406 1612 1438 1651 e
1483 1599 1639 1652 terra
1670 1595 2043 1667 producitur,
2080 1617 2127 1671 Β
2158 1600 2496 1672 confringit.
2529 1604 2765 1673 Maligni
2794 1605 2955 1661 enim
3010 1612 3299 1663 vocantur
3326 1609 3674 1682 hypocritm,
3707 1613 3813 1685 qui

385 1691 445 1744 et
471 1691 628 1760 post,
658 1701 809 1743 aura
851 1690 908 1741 et
932 1684 1181 1741 aestibus
1211 1685 1493 1757 tangitur,
1538 1689 1595 1741 et
1622 1689 1767 1741 tunc
1795 1685 2044 1741 demum

385 1777 467 1833 ad
521 1774 957 1848 proferendum
1016 1774 1259 1830 seminis
1326 1773 1419 1829 sui
1470 1788 1717 1845 germen
1757 1772 2041 1846 aperitur.

386 1866 631 1937 Scirpus
648 1876 801 1922 vere
824 1879 972 1920 cum
1000 1864 1151 1920 flore
1171 1879 1291 1921 suo
1305 1863 1597 1931 nascitur,
1617 1878 1881 1935 moxque
1911 1867 1979 1919 ut
2007 1879 2045 1919 a

384 1959 542 2013 terra
571 1954 787 2025 surgit,
814 1954 909 2009 sui
936 1969 1144 2010 secum
1174 1953 1426 2010 seminis
1465 1966 1713 2023 germen
1742 1952 2039 2025 producit.

382 2046 547 2100 Bene
567 2044 709 2114 ergo
736 2050 844 2116 per
862 2043 1090 2099 herbas
1112 2043 1376 2116 reliquas
1409 2042 1600 2099 sancti
1631 2040 1905 2114 quilibet,
1933 2057 2042 2115 per

389 2134 655 2206 scirpum
707 2148 853 2189 vero
905 2132 1228 2206 hypocrita
1276 2131 1648 2201 designatur,
1696 2131 1841 2203 quia
1892 2131 2043 2201 justi

384 2222 502 2279 viri
522 2223 688 2296 prius
714 2222 779 2279 in
801 2234 980 2296 opere
1008 2237 1139 2277 eum
1163 2220 1633 2278 conversationis
1663 2222 1955 2289 oriuntur,
1986 2223 2044 2276 et

383 2313 465 2370 ad
488 2317 778 2370 aeternam
800 2312 1061 2385 patriam
1082 2312 1387 2368 venientes
1416 2314 1759 2383 exspectata
1795 2309 2044 2365 retribu-

381 2402 541 2458 tione
565 2400 975 2474 perfruuntur.
1004 2405 1079 2457 At
1113 2404 1322 2457 contra
1365 2398 1704 2472 hypocrita,
1732 2412 1869 2470 quae
1897 2413 2042 2454 mox

380 2492 445 2547 in
469 2491 637 2548 bono
665 2500 847 2564 opere
872 2490 1159 2559 nascitur,
1191 2489 1509 2562 praesentis
1541 2488 1757 2544 mundi
1787 2488 2042 2558 gloriam

381 2581 646 2654 recipere
673 2584 946 2638 cernatur.
977 2582 1230 2636 Germen
1259 2580 1459 2652 itaque
1488 2579 1553 2635 in
1580 2582 1715 2634 ortu
1735 2581 2039 2634 estremu—

382 2671 616 2728 neratio
644 2670 706 2727 in
739 2669 1143 2728 inchoatione.
1171 2670 1487 2743 Sequitur:

452 2764 625 2817 Vens.
661 2766 746 2817 l7.
774 2762 972 2830 Super
999 2774 1279 2818 acervum
1303 2765 1621 2829 petrarum
1651 2759 1883 2815 radices
1910 2760 2038 2828 ejus

380 2850 818 2919 rimabantur,
868 2855 925 2907 et
968 2851 1133 2907 inter
1175 2850 1405 2919 lapides
1453 2847 1937 2905 commorabitur.
1969 2879 2036 2888 -—-

382 2941 539 3007 Quid
566 2941 843 2997 radicum
894 2939 1163 3008 nomine,
1209 2938 1327 2996 nisi
1364 2938 1617 2994 latentes
1648 2936 2037 3007 cogitationes

380 3031 713 3104 accipimus
750 3032 778 3088 ‘?
807 3064 876 3071 —
904 3033 1046 3097 Quae
1098 3031 1161 3087 in
1190 3030 1423 3088 occulto
1471 3030 1790 3103 prodeunt,
1824 3031 1930 3086 sed
1975 3031 2037 3089 in

380 3121 725 3177 cstensione
772 3130 1026 3193 operum
1070 3136 1176 3194 per
1232 3124 1507 3193 apertum
1548 3126 1823 3191 surgunt.
1867 3122 2036 3195 Lapi-

381 3213 530 3269 dum
568 3224 714 3267 vero
744 3211 989 3266 nomine
1015 3211 1078 3266 in
1108 3210 1411 3283 Scriptura
1437 3222 1611 3267 sacra
1638 3211 1917 3267 homines
1939 3211 2039 3267 de-

384 3300 717 3370 signantur,
748 3298 898 3355 sicut
926 3302 1146 3355 sancta
1186 3299 1465 3355 Ecclesia:
1491 3314 1601 3372 per
1650 3300 1866 3355 Isaiam
1889 3300 2035 3356 dici-

380 3393 512 3447 tur:
546 3408 575 3438 «
601 3391 827 3445 Ponam
847 3387 1093 3460 jaspide
1114 3387 1320 3461 lapide
1345 3387 1807 3461 propugnacula
1836 3392 1959 3456 tua,
1981 3394 2037 3446 et

380 3482 589 3554 portas
643 3484 777 3535 tuas
810 3477 1077 3551 scalptas
1130 3479 1272 3550 (Isa.
1298 3493 1410 3550 Liv,
1441 3480 1548 3548 12).
1584 3501 1615 3528 ››
1648 3479 1887 3551 Scirpus
1924 3479 2034 3536 ita-

378 3580 501 3645 que
548 3570 677 3640 iste,
726 3569 831 3641 qui
878 3568 1030 3625 inter
1088 3568 1321 3641 lapides
1368 3575 1798 3638 commoratur,
1856 3586 2036 3643 super

377 3672 662 3717 acervum
681 3663 992 3732 petrarum
1017 3658 1247 3715 radices
1268 3659 1504 3728 densat,
1534 3661 1679 3733 quia
1702 3662 1903 3717 omnis
1929 3661 2047 3745 hy:

377 3751 608 3823 pocrita
628 3749 1015 3820 cogitationes
1042 3748 1103 3804 in
1127 3748 1563 3822 exquirendam
1588 3750 1906 3806 hominum
1927 3751 2036 3806 ad-

378 3840 760 3897 mirationem
790 3839 1164 3911 multiplicat.
1188 3842 1295 3895 Per
1332 3854 1511 3895 omne
1542 3840 1704 3896 enim
1735 3841 1900 3912 quod
1932 3836 2036 3911 hy-

374 3930 623 4004 pocritee
633 3929 880 3999 iaciunt,
902 3928 1046 3999 quia
1075 3927 1323 3983 occultis
1344 3928 1805 3999 cogitationibus
1825 3929 2035 3984 laudes

374 4018 699 4075 hominum
746 4015 1077 4087 requirunt,
1110 4030 1266 4087 quas
1314 4016 1548 4072 radices
1578 4018 1756 4089 scirpi
1781 4018 1841 4072 in
1875 4032 2034 4072 acer-

375 4122 529 4162 vum
557 4103 791 4159 radices
820 4101 1080 4158 mittunt.
1117 4101 1360 4176 Scirpus
1392 4106 1573 4160 etiam
1602 4105 1757 4159 inter
1802 4104 2035 4176 lapides

378 4195 810 4261 commoratur,
858 4192 1003 4265 quia
1054 4191 1370 4265 hypocrita
1394 4196 1510 4249 stat
1538 4193 1642 4249 ubi
1670 4194 1883 4250 mentis
1910 4210 2032 4249 suae

374 4282 768 4341 intentionem
799 4280 1032 4338 solidat.
1058 4284 1209 4337 Nam
1239 4297 1379 4337 cum
1400 4282 1842 4338 attestationem
1874 4284 2028 4340 mul-

378 4378 579 4431 torum
629 4371 819 4428 ambit
865 4371 1195 4444 percipere,
1220 4370 1399 4443 quasi
1428 4371 1493 4426 in
1536 4371 1859 4429 luctatione
1891 4375 2029 4430 sub-

377 4463 543 4519 sistit.
578 4460 855 4534 Sequitur
886 4476 901 4516 :

446 4553 616 4607 Vens.
650 4550 733 4607 18.
778 4550 844 4605 Si
868 4549 1245 4607 absorbuerit
1280 4564 1412 4607 eum
1437 4552 1511 4608 de
1542 4553 1670 4608 loco
1698 4567 1825 4613 suo.
1848 4566 2029 4623 nega-

382 4641 464 4697 bit
511 4654 663 4702 eum,
711 4645 768 4695 et
814 4638 971 4696 dicet
1010 4654 1033 4696 ,⁸
1070 4641 1205 4696 Non
1234 4642 1376 4697 novi
1405 4646 1568 4697 te.—
1613 4643 1694 4697 De
1748 4642 1883 4698 loco
1924 4659 2033 4700 suo

379 4730 696 4803 hypocrita
727 4730 1106 4799 absorbetur,
1137 4738 1277 4786 cum
1308 4748 1345 4788 a
1372 4732 1684 4804 praesentis
1716 4732 1845 4788 vitae
1872 4733 2036 4789 favo—

379 4819 546 4875 ribus
601 4823 793 4876 morte
843 4819 1270 4881 interveniente
1325 4825 1657 4894 separatur.
1712 4822 1825 4878 Sed
1872 4822 2032 4878 hunc

382 4908 738 4982 absorptum
787 4908 1060 4966 internus
1117 4910 1338 4966 arbiter
1380 4914 1580 4981 negat,
1635 4922 1820 4983 seque
1895 4927 2034 4967 eum

377 5000 608 5055 nescire
638 4999 973 5069 denuntiat,
1013 4999 1158 5073 quia
1189 4999 1606 5057 simulatorum
1644 4999 1831 5057 vitam
1873 5001 2034 5071 juste

368 5087 765 5161 reprobando
803 5088 1021 5146 veritas
1064 5087 1321 5159 ignorat,
1365 5102 1478 5145 nec
1499 5088 1875 5159 recognoscit
1902 5089 2034 5159 ejus

378 5191 514 5250 quae
544 5177 664 5248 egit
698 5177 881 5246 bona,
914 5178 1059 5252 quia
1087 5192 1161 5234 ex
1190 5180 1355 5234 recta
1383 5177 1711 5233 intentione
1747 5193 1869 5233 non
1899 5192 2036 5250 pro-

378 5264 527 5322 tulit.
562 5265 728 5323 Unde
752 5269 808 5323 et
832 5266 1011 5324 fatuis
1039 5266 1376 5338 virginibus
1426 5266 1489 5321 in
1514 5266 1742 5338 judicio
1763 5266 2030 5335 veniens,

378 5352 521 5412 dicit
580 5373 593 5411 :
643 5376 671 5406 «
698 5358 888 5413 Amen
944 5356 1083 5412 dico
1127 5356 1321 5424 vobis,
1380 5355 1583 5413 nescio
1637 5370 1748 5412 vos
1788 5356 2027 5427 (Matth.

376 5460 512 5513 xxv,
576 5448 742 5514 12).»
797 5446 911 5502 Sed
964 5446 1197 5502 utinam
1250 5445 1576 5519 hypocritis
1621 5460 1735 5501 sua
1779 5445 2031 5518 perditio

376 5533 509 5593 sola
555 5534 871 5603 suﬁceret,
930 5537 987 5591 et
1041 5544 1431 5608 nequaquam
1486 5550 1771 5609 perversa
1822 5552 2032 5593 eorum

379 5621 580 5684 studia
626 5624 909 5683 ardentes
962 5622 1111 5682 alios
1166 5623 1245 5681 ad
1272 5624 1459 5684 vitam
1497 5625 1817 5699 duplicatis
1860 5626 2028 5685 insti-

2154 1688 2318 1745 hona
2344 1706 2467 1746 non
2487 1691 2643 1748 bene
2670 1692 2912 1761 faciunt,
2937 1699 2994 1750 et
3011 1700 3174 1752 recta
3192 1702 3450 1769 quaeque
3481 1699 3597 1754 sub
3614 1700 3811 1756 studio

2151 1774 2349 1833 laudis
2407 1785 2751 1851 operantur.
2799 1785 3037 1838 Manum
3090 1799 3233 1840 vero
3288 1785 3385 1840 cui
3422 1786 3809 1859 porrigimus,

2151 1865 2314 1921 hunc
2368 1866 2636 1924 videlicet
2692 1869 2772 1924 ab
2820 1870 2959 1925 imis
2986 1870 3313 1928 elevamus.
3367 1874 3634 1944 Malignis
3665 1890 3808 1945 ergo

2153 1958 2306 2011 Deus
2338 1972 2593 2012 manum
2620 1974 2743 2014 non
2785 1960 3053 2031 porrigit,
3083 1961 3229 2034 quia
3268 1968 3607 2035 quaerentes
3629 1968 3808 2020 terre-

2153 2060 2298 2100 nam
2327 2045 2580 2115 gloriam
2598 2047 2662 2103 in
2691 2048 2815 2104 imo
2843 2049 3224 2123 derelinquit,
3275 2055 3334 2107 et
3369 2053 3703 2124 quamlibet
3728 2053 3812 2109 vi-

2151 2133 2408 2190 deantur
2436 2139 2597 2193 recta
2626 2153 2758 2193 esse
2783 2154 2921 2210 quae
2950 2144 3157 2209 agunt,
3189 2140 3301 2196 hos
3344 2141 3423 2198 ad
3454 2142 3679 2213 gaudia
3707 2160 3807 2199 su-

2150 2238 2342 2296 perna
2397 2239 2521 2280 non
2577 2226 2871 2297 provehit.
2926 2230 2994 2284 Ut
3036 2234 3190 2285 certe
3241 2230 3377 2287 ideo
3429 2231 3808 2304 appellantur

2150 2312 2403 2383 maligni
2427 2314 2779 2386 hypocrita,
2801 2316 2945 2388 quia
2972 2316 3405 2387 benignitatem
3433 2335 3574 2389 erga
3604 2320 3805 2393 proxi-

2151 2417 2322 2456 mum
2344 2403 2691 2467 ostendunt,
2713 2408 2770 2459 et
2798 2404 2971 2460 dolos
2996 2422 3119 2461 sua:
3148 2407 3478 2480 iniquitatis
3507 2406 3803 2481 aperiunt.

2152 2492 2313 2557 Quos
2341 2498 2550 2549 contra
2575 2493 2731 2549 bene
2756 2509 2864 2565 per
2893 2497 3157 2569 Moysem
3190 2497 3405 2554 dicitur
3435 2514 3448 2553 :
3490 2521 3517 2550 α
3564 2501 3691 2555 Non
3720 2499 3807 2554 in-

2148 2582 2303 2639 duas
2349 2586 2576 2638 vestem
2605 2600 2679 2639 ex
2736 2583 2878 2639 lana
2921 2584 3169 2658 linoque
3222 2591 3565 2643 contextam
3610 2588 3802 2660 (Deut.

2147 2686 2289 2742 xxii,
2325 2670 2432 2742 tt).
2465 2694 2495 2721 ››
2526 2674 2632 2727 Per
2654 2671 2867 2728 lanam
2920 2673 3148 2747 quippe
3202 2673 3577 2746 simplicitas,
3606 2689 3713 2747 per
3740 2676 3804 2731 li-

2148 2774 2298 2814 num
2328 2774 2470 2815 vero
2499 2760 2792 2817 subtilitas
2822 2761 3197 2831 designatur.
3237 2761 3515 2835 Sequitur
3546 2780 3559 2818 :

2220 2851 2387 2904 Vens.
2418 2853 2508 2906 2t.
2540 2852 2739 2907 Donec
2760 2853 3085 2922 impleatur
3113 2853 3241 2908 risu
3260 2868 3321 2909 os
3352 2859 3543 2925 tuum,
3560 2858 3618 2910 et
3642 2854 3804 2911 labia

2080 2970 2122 3027 ρ
2150 2943 2257 2994 tua
2274 2939 2497 3008 jubilo.
2523 2969 2595 2978 —
2618 2943 2699 2994 Ac
2728 2940 2779 2995 si
2820 2944 3022 3012 aperte
3054 2940 3350 2997 diceretur
3377 2960 3390 2997 :
3420 2944 3549 2999 Vita
3581 2943 3803 3016 simpli-

2150 3027 2312 3082 cium
2356 3042 2470 3083 nec
2504 3032 2658 3084 ante
2702 3028 3002 3099 judicium
3045 3029 3282 3101 deserit,
3312 3036 3371 3087 et
3395 3032 3802 3103 malignorum

2148 3121 2385 3172 mentes
2428 3122 2734 3189 percutere
2764 3116 3119 3187 deserendo,
3160 3134 3270 3174 nec
3298 3118 3658 3192 priusquam
3694 3136 3803 3194 ap-

2148 3211 2356 3280 pareat
2375 3206 2787 3279 prmtermittit.
2821 3208 2897 3263 Os
2926 3208 3150 3281 quippe
3174 3208 3479 3279 justorum
3510 3212 3651 3264 tunc
3680 3210 3805 3266 risu

2117 3296 2493 3371 'replebitur,
2549 3312 2689 3353 cum
2731 3298 2946 3353 eodem
2999 3298 3187 3354 corda
3234 3297 3415 3353 ﬁnitis
3461 3300 3804 3371 peregrina-

2150 3387 2325 3445 tionis
2350 3387 2608 3455 ﬂetibus,
2640 3391 2874 3443 mternae
2899 3387 3115 3444 iustitia;
3164 3387 3556 3444 exsultatione
3586 3389 3803 3446 satian-

2147 3480 2374 3534 ειη-,ΒΘ
2415 3477 2535 3532 hoc
2560 3477 2687 3533 risu
2713 3477 3023 3549 discipulis
3053 3477 3343 3533 Dominus
3380 3477 3523 3534 dicit
3550 3494 3562 3532 :
3589 3500 3617 3527 «
3644 3481 3804 3535 Mun-

2147 3568 2262 3624 dus
2287 3572 2491 3624 autcm
2518 3567 2824 3637 gaudebit,
2874 3572 2930 3624 et
2960 3584 3067 3623 vos
3098 3568 3290 3624 tristes
3334 3567 3514 3637 eritis,
3543 3568 3651 3623 sed
3679 3568 3805 3624 tris-

2145 3658 2271 3715 titia
2317 3663 2521 3715 vestra
2569 3657 2630 3713 in
2690 3657 2981 3728 gaudium
3028 3662 3406 3715 convertetur
3451 3659 3650 3730 (Joan.
3680 3674 3801 3727 xvr,

2146 3749 2257 3819 20).
2284 3770 2312 3799 η
2338 3747 2602 3805 Jubilum
2630 3764 2769 3804 vero
2794 3748 3070 3817 dicimus,
3112 3764 3251 3804 cum
3279 3752 3509 3805 tantam
3536 3747 3803 3804 laetitiam

2146 3838 2325 3894 corde
2383 3838 2759 3910 concipimus
2832 3843 3131 3911 quantam
3175 3839 3468 3895 sermonis
3534 3837 3803 3895 efﬁcacia

2147 3943 2271 3984 non
2323 3928 2658 4000 explemus,
2716 3933 2773 3984 et
2816 3933 3018 3985 tamen
3061 3928 3277 3985 mentis
3320 3928 3635 3985 exsultatio
3688 3928 3802 3984 hoc

2148 4017 2315 4088 quod
2344 4032 2618 4071 sermone
2660 4031 2783 4071 non
2840 4017 3115 4088 explicat,
3146 4033 3249 4072 ore
3292 4021 3485 4073 sonat.
3514 4017 3669 4072 Bene
3700 4032 3803 4072 au-

2148 4107 2269 4158 tem
2300 4119 2369 4158 os
2397 4103 2521 4158 risu
2562 4103 2798 4175 impleri
2845 4102 3080 4167 dicitur,
3122 4102 3287 4159 labia
3309 4103 3524 4173 jubilo,
3574 4103 3719 4175 quia
3742 4104 3804 4159 in

2148 4193 2251 4249 illa
2278 4197 2500 4248 aeterna
2529 4191 2723 4265 patria
2747 4208 2886 4248 cum
2908 4192 3210 4263 justorum
3253 4206 3424 4248 mens
3452 4192 3514 4248 in
3544 4192 3802 4250 exsulta-

2070 4319 2117 4373 Β
2151 4283 2308 4338 tione
2361 4282 2660 4354 recipitur,
2704 4281 2915 4373 lingua
2967 4282 3029 4338 in
3073 4286 3255 4339 cantu
3289 4282 3487 4340 laudis
3517 4283 3799 4341 elevatur.

2149 4375 2350 4430 Donec
2374 4376 2577 4429 autem
2607 4372 2844 4442 dicitur,
2872 4388 2996 4429 non
3025 4372 3195 4446 quod
3233 4374 3619 4447 omnipotens
3646 4379 3801 4434 Deus

2147 4479 2220 4519 eo
2240 4478 2434 4535 usque
2455 4461 2760 4533 malignos
2777 4478 2903 4519 non
2933 4462 3222 4533 sublevet,
3247 4478 3566 4538 quousque
3584 4465 3802 4523 electos

2148 4564 2291 4608 suos
2320 4552 2399 4608 ad
2423 4551 2796 4623 jubilationis
2847 4550 3070 4621 gaudia
3099 4556 3390 4623 assumat,
3423 4569 3493 4610 ac
3519 4553 3567 4610 si
3592 4558 3730 4625 post
3765 4570 3803 4612 α

2145 4657 2329 4715 poma
2356 4641 2568 4713 eripiat
2595 4652 2751 4712 quos
2784 4644 2920 4695 ante
2944 4640 3007 4695 in
3026 4640 3206 4713 culpa
3224 4640 3509 4698 deserens
3527 4642 3797 4700 damnat.

2150 4731 2264 4788 Sed
2293 4732 2412 4785 hoc
2456 4743 2848 4800 nequaquam
2905 4732 3043 4783 ante
3088 4728 3387 4799 judicium
3417 4729 3610 4801 faciet,
3659 4746 3800 4786 cum

2148 4818 2405 4874 dubium
2434 4806 2783 4873 horninibus
2823 4816 3009 4872 videri
3052 4817 3263 4889 possit,
3296 4832 3375 4873 an
3403 4816 3529 4875 ﬁat.
3558 4820 3711 4875 Nam
3738 4820 3800 4875 in

2148 4907 2471 4963 electorum
2502 4921 2750 4962 suorum
2776 4905 2989 4977 jubilo,
3042 4906 3188 4981 quia
3238 4906 3519 4979 malignis
3546 4923 3799 4966 manum

2147 5010 2271 5053 non
2299 4997 2566 5070 porrigit,
2596 5011 2670 5052 ex
2697 4996 2834 5069 ipsa
2853 4996 2984 5067 jam
3037 4996 3404 5054 districtione
3433 4997 3629 5055 ultimi
3654 5013 3797 5055 exa-

2147 5086 2326 5142 minis
2355 5089 2605 5142 constat.
2651 5085 2745 5141 Sic
2780 5098 3047 5159 namquc
3076 5090 3133 5143 et
3155 5101 3261 5160 per
3311 5086 3687 5144 Psalmistam
3714 5083 3799 5140 di-

2147 5176 2314 5232 citur.
2351 5198 2379 5225 «
2404 5175 2556 5232 Dixit
2583 5176 2874 5232 Dominus
2906 5177 3160 5234 Domino
3186 5193 3323 5233 meo
3358 5194 3371 5232 :
3408 5174 3563 5233 Sede'
3588 5188 3625 5228 a
3649 5172 3795 5226 dex-

2147 5264 2249 5319 tris
2291 5263 2462 5335 meis,
2514 5263 2707 5321 doncc
2735 5280 2963 5337 ponam
2992 5266 3271 5323 inimicos
3302 5269 3437 5320 tuos
3465 5256 3796 5315 scabellum

2143 5354 2627 5427 pedem'tuorum
2660 5357 2848 5425 (Psal.
2877 5373 2989 5421 (nx,
3025 5361 3069 5424 ι,
3100 5358 3177 5427 4).
3209 5372 3240 5406 ι
3262 5349 3538 5421 Sequitur
3565 5364 3579 5402 :

2214 5447 2382 5501 Vens.
2414 5448 2503 5501 22.
2535 5446 2649 5513 Qui
2670 5448 2925 5504 oderunt
2970 5452 3027 5501 te
3060 5443 3399 5499 induantur
3425 5439 3792 5509 confusione.

2139 5538 2531 5592 —Justorum
2558 5536 2764 5593 hostes
2792 5539 2854 5590 in
2885 5537 3152 5590 extremo
3200 5529 3475 5587 examine
3523 5526 3793 5585 confusio

2137 5623 2350 5695 induit,
2380 5626 2527 5699 quia
2564 5638 2704 5682 cum
2753 5621 3055 5681 transacta
3101 5620 3267 5680 male
3291 5622 3631 5681 redundare
3678 5615 3793 5674 sibi
