4154 6160
379 124 473 178 191

1440 125 1495 180 S.
1539 123 1794 180 ODONIS
1832 121 2122 178 ABBA’I‘IS
2161 119 2660 176 CLUNIACENSIS
2699 119 2746 175 Il
2838 119 2842 124 ’

3699 123 3804 178 192

373 251 510 304 ante
535 248 740 304 oculos
769 247 984 302 mentis
1018 248 1376 319 aspexerint,
1438 265 1582 304 suus
1609 264 1712 305 eos
1761 247 2030 319 undique
2065 247 2113 299 A
2141 243 2477 301 Honoribus
2505 259 2770 317 namque
2799 243 3059 300 exerceri
3089 242 3367 300 ambiunt
3413 260 3488 301 ne
3533 243 3808 320 despecti

375 337 715 410 deprimens
745 341 941 391 reatus
971 336 1158 392 vestit.
1215 336 1306 392 Ad
1334 352 1583 409 poenam
1635 337 1858 409 quippe
1891 339 2032 391 tunc

375 425 666 481 factorum
720 441 970 480 suorum
1011 425 1370 482 memoriam
1417 425 1688 494 tolerant,
1719 425 1823 498 qui
1871 440 2032 481 nunc

373 513 546 586 quasi
565 529 602 569 a
624 528 808 570 sensu
831 514 1076 570 rationis
1105 515 1368 571 extranei
1393 519 1646 589 peccant
1678 514 2030 585 gaudentes.

373 601 456 656 lbi
485 601 686 657 vident
711 607 1008 674 quantum
1041 603 1355 659 debuerint
1407 603 1612 673 fugere
1669 601 1836 676 quod
1868 617 2033 658 ama-

371 693 607 745 verunt.
662 691 983 762 Sequitur:
1033 693 1514 749 Tabernaculum
1562 693 1881 762 impiorum
1911 705 2032 744 non

370 778 662 835 subsistet.
691 809 764 820 -
791 780 1269 837 Tabernaculum
1301 781 1526 855 quippe
1556 779 1939 846 construitur,
1971 781 2036 834 ut

374 867 452 923 ab
483 873 632 923 aestu
661 883 878 940 corpus
909 874 964 925 et
990 869 1208 940 frigore
1237 869 1612 927 defendatur.
1647 869 1802 936 Quid
1829 869 2030 939 itaque

373 957 488 1012 hoc
509 956 642 1012 loco
673 957 1042 1015 tabernaculi
1071 955 1334 1028 nOmine,
1363 959 1478 1016 nisi
1503 959 1819 1016 aedificatio
1855 961 2033 1013 terre-

375 1061 468 1100 nae
497 1045 785 1104 felicitatis
813 1048 1160 1120 exprimitur
1189 1049 1216 1104 ?
1239 1053 1343 1105 Per
1361 1066 1549 1122 quam
1580 1065 1762 1121 super
1778 1063 1839 1103 se
1861 1062 2033 1102 casu-

375 1151 441 1191 ra
471 1137 885 1209 multiplicant,
915 1143 978 1194 ut
1015 1157 1077 1196 se
1133 1157 1170 1196 a
1197 1140 1508 1212 praesentis
1548 1141 1683 1196 vitae
1716 1135 2032 1194 necessita-

375 1225 556 1296 tibus,
612 1229 786 1300 quasi
835 1229 913 1285 ab
969 1234 1119 1286 aestu
1194 1235 1252 1287 et
1331 1231 1628 1286 imbribus
1686 1227 2029 1286 defendant.

2139 333 2472 390 videantur.
2523 337 2778 390 Terrena
2833 333 3224 403 aggregando
3276 340 3664 404 exaggerant,
3721 352 3806 393 ne

2138 421 2356 495 inopiae
2385 422 2602 494 frigore
2631 422 2956 478 tabescant.
2989 421 3100 477 Ubi
3127 437 3272 492 ergo
3324 423 3541 478 mentis
3571 423 3802 482 habita-

2138 513 2362 568 tionem
2406 517 2778 584 construunt,
2826 511 2909 568 ibi
2955 511 3346 568 tabernacula
3395 512 3798 585 proculdubio

2137 597 2412 656 ﬁxerunt.
2467 602 2542 656 At
2595 605 2804 656 contra
2855 599 3000 670 justi
3027 613 3140 654 nec
3168 598 3371 656 oblata
3413 599 3580 658 bona
3609 601 3804 676 suspi-

2139 688 2321 757 ciunt,
2374 705 2484 745 nec
2515 688 2677 745 illata
2697 688 2860 745 mala
2891 687 3066 744 valde
3097 688 3545 760 pertimescunt.
3599 690 3716 747 Sed
3745 695 3802 748 et

2139 795 2278 834 cum
2308 778 2482 833 bonis
2509 777 2904 850 praesentibus
2933 781 3203 846 utuntur,
3218 771 3472 834 ventura
3493 778 3654 837 mala
3681 795 3804 837 me-

2139 871 2331 924 tuunt.
2359 869 2426 922 Et
2439 866 2586 922 dum
2611 868 2686 924 de
2707 867 3106 940 praesentibus
3134 867 3309 924 malis
3329 875 3596 939 gemunt,
3618 868 3804 926 bono-

2137 971 2275 1011 rum
2291 955 2665 1028 sequentiam
2683 971 2888 1012 amore
2901 955 3308 1012 consolantur.
3335 959 3488 1013 Bene
3510 971 3654 1028 ergo
3665 956 3805 1015 dici-

2139 1051 2233 1102 tur
2258 1064 2270 1100 :
2295 1045 2773 1102 Tabernaculum
2791 1047 3112 1116 impiorum
3125 1062 3246 1102 non
3263 1047 3552 1104 subsistit.
3573 1079 3642 1088 —
3655 1049 3803 1115 Quia

2139 1135 2271 1190 vitae
2298 1133 2634 1204 eﬂ‘ugientis
2659 1139 2982 1207 amatores,
3006 1135 3154 1191 dum
3178 1135 3444 1192 studiose
3465 1136 3528 1192 in
3547 1153 3804 1210 praesen-

2139 1223 2301 1279 tibus
2332 1225 2780 1292 construuntur,
2811 1228 3054 1296 repente
3085 1224 3165 1280 ad
3207 1228 3429 1282 aaterna
3465 1225 3800 1299 rapiuntur.

1689 1551 2031 1638 LIBER
2119 1547 2511 1637 NONUS.

1862 1719 2286 1735 ﬂ

1027 1831 1254 1886 CAPUT
1295 1832 1376 1885 lX.

449 1920 618 1973 Vens.
659 1919 704 1986 Ι,
737 1921 790 1972 2.
839 1919 1218 1988 Respondens
1267 1925 1464 1975 autem
1494 1919 1603 1974 Job
1632 1919 1792 1974 dixit
1825 1933 1848 1972 .'
1891 1916 2033 1972 Vere

374 2007 494 2062 scio
522 2007 684 2076 quod
733 2009 820 2063 ita
843 2009 940 2078 sit,
999 2009 1250 2078 etquod
1297 2025 1412 2064 non
1447 2009 1816 2078 justi/icetur
1861 2006 2032 2061 homo

376 2097 730 2164 compositus
761 2098 900 2153 Deo.
936 2129 1005 2138 —
1037 2100 1224 2152 Homo
1254 2097 1481 2170 quippe
1536 2095 1881 2170 suppositus
1911 2097 2030 2150 Deo

369 2183 665 2253 justitiam
693 2185 962 2258 percipit,
995 2185 1362 2257 compositus
1408 2185 1640 2242 amittit.
1694 2185 1843 2251 Quia
1872 2184 2033 2256 quis-

372 2272 507 2344 quis
539 2287 600 2328 se
627 2274 864 2329 Auctori
889 2275 1190 2331 bonorum
1220 2279 1551 2348 comparat,
1575 2275 1737 2332 bono
1773 2290 1835 2330 se
1865 2274 2032 2347 quod

375 2361 620 2432 accepit,
653 2362 862 2434 privat.
899 2364 1176 2436 Sequitur
1204 2381 1216 2418 :

443 2452 618 2506 Vens.
653 2455 704 2506 3.
737 2451 804 2506 Si
829 2454 1084 2508 voluerit
1117 2454 1470 2510 contendere
1499 2469 1630 2508 cum
1669 2467 1752 2516 eo,
1784 2467 1904 2507 non
1932 2467 2034 2521 po-

375 2539 512 2592 terit
539 2538 592 2592 ei
618 2540 974 2608 respondere
1003 2557 1188 2595 unum
1201 2557 1313 2610 pro
1333 2543 1518 2598 mille.
1543 2573 1611 2580 —
1637 2540 1703 2595 In
1731 2541 2032 2612 Scriptura

373 2641 545 2682 sacra
573 2625 937 2683 millenarius
977 2644 1266 2685 numerus
1295 2645 1405 2702 pro
1449 2629 1829 2686 universitate
1886 2628 2034 2684 solet

371 2712 636 2782 intelligi.
673 2714 815 2770 Hinc
851 2715 1066 2771 dicitur
1110 2734 1122 2771 :
1166 2739 1193 2767 «
1225 2717 1396 2773 Verbi
1437 2717 1604 2790 quod
1627 2716 1941 2773 mandavit
1969 2717 2030 2772 in

373 2801 533 2857 mille
562 2803 974 2872 generationes
1006 2807 1194 2871 (Psal.
1224 2821 1332 2876 ειν,
1364 2809 1438 2878 8).
1476 2829 1503 2856 υ
1535 2809 1600 2862 Et
1626 2809 1884 2863 Joannes
1907 2807 2023 2863 ait:

373 2911 400 2938 ‹‹
435 2892 500 2946 Et
527 2891 868 2961 regnabunt
897 2909 1036 2948 cum
1061 2909 1132 2950 eo
1152 2894 1311 2950 mille
1334 2895 1508 2950 annis
1531 2895 1734 2966 (Apoc.
1765 2911 1864 2966 xx,
1899 2897 1970 2968 6).
1995 2920 2024 2946 »

377 2978 526 3044 Quia
555 2995 699 3036 vero
745 2995 962 3036 monas
1006 2982 1434 3055 multiplicatus
1466 2983 1526 3038 in
1556 2983 1874 3040 denarium
1903 2983 2015 3040 du-

369 3067 538 3138 citur,
569 3068 851 3126 denarius
881 3086 988 3143 per
1007 3073 1400 3145 semetipsum
1427 3073 1644 3130 ductus
1671 3073 1734 3130 in
1755 3073 2023 3131 millena—

2072 1809 2113 1862 Β
2143 1841 2287 1897 quos
2317 1827 2612 1884 subversit
2641 1830 2706 1885 in
2728 1830 2942 1899 furore
2959 1846 3086 1886 suo.
3109 1861 3180 1871 —
3201 1834 3265 1886 In
3297 1830 3596 1904 Scriptura
3625 1847 3797 1888 sacra

2143 1930 2300 1987 smpe
2331 1917 2628 1973 montium
2653 1919 2918 1988 nomine,
2968 1919 3424 1992 praedicantium
3477 1919 3792 1976 multitudo

2141 2003 2428 2073 signatur.
2501 2007 2580 2061 De
2637 2007 2860 2079 quibus
2933 2023 3040 2080 per
3091 2007 3468 2065 Psalmistam
3533 2007 3792 2064 dicitur:

2143 2114 2170 2140 «
2205 2093 2542 2166 Suscipiant
2588 2101 2824 2152 montes
2867 2113 3080 2170 pacem
3135 2096 3364 2170 populo
3421 2097 3608 2168 (Psal.
3640 2112 3796 2166 Lxxl,

2137 2183 2213 2252 3).
2252 2205 2280 2232 »
2303 2183 2417 2238 Sed
2449 2189 2682 2240 montes
2707 2185 2921 2242 veritas
2968 2186 3284 2254 transtulit,
3339 2201 3478 2242 cum
3507 2185 3799 2259 praedica-

2137 2275 2294 2327 tores
2349 2277 2591 2329 sanctos
2639 2291 2676 2330 a
2729 2275 2982 2331 Judaica
3035 2275 3434 2332 obduratione
3483 2275 3796 2334 subtraxit.

2139 2359 2286 2414 Hinc
2311 2359 2527 2416 dicitur
2561 2379 2573 2416 :
2605 2383 2632 2410 «
2662 2363 3111 2419 Transferentur
3133 2369 3368 2421 montes
3393 2365 3456 2420 in
3483 2380 3588 2420 cor
3614 2365 3798 2421 maris

2140 2449 2328 2516 (Psal.
2383 2466 2516 2518 va,
2551 2453 2600 2522 3)
2629 2469 2642 2519 ;
2679 2475 2706 2502 ››
2759 2457 2818 2508 et
2870 2453 2988 2525 ipsi
3017 2453 3186 2510 aiunt
3217 2472 3230 2510 :
3261 2473 3292 2507 ‹
3317 2453 3503 2510 Vobis
3531 2454 3798 2528 primum

2140 2537 2454 2609 oportebat
2495 2538 2681 2612 loqui,
2717 2563 2745 2590 »
2795 2545 2852 2597 et
2907 2541 3138 2615 reliqua
3189 2542 3351 2614 (Act.
3383 2559 3484 2608 xu,
3533 2545 3644 2614 46).
3685 2543 3800 2600 Sed

2139 2627 2296 2682 hanc
2349 2627 2544 2700 ipsam
2593 2630 3043 2688 translationem
3097 2633 3437 2689 nescierunt
3487 2631 3548 2689 hi
3595 2633 3700 2706 qui
3729 2633 3791 2688 in

2143 2713 2376 2769 Domini
2395 2714 2593 2772 furore
2625 2717 2896 2774 subversi
2923 2723 3080 2788 sunt,
3114 2720 3258 2792 quia
3287 2737 3428 2776 cum
3457 2720 3532 2776 de
3567 2720 3692 2776 suis
3721 2721 3792 2776 ﬁ-

2139 2801 2317 2857 nibus
2339 2804 2567 2861 Hebraai
2593 2807 2899 2880 apostolos
2913 2808 3218 2880 pellerent,
3241 2809 3476 2866 lucrum
3498 2825 3560 2865 se
3587 2809 3793 2866 fecisse

2140 2891 2406 2950 arbitrati
2437 2899 2592 2964 sunt,
2645 2897 2812 2969 quod
2839 2897 3280 2970 praedicationis
3321 2897 3528 2956 lumen
3575 2900 3794 2956 amise-

2139 2985 2296 3036 runt.
2330 2982 2606 3054 Sequitur
2637 3002 2648 3038 :

2211 3071 2376 3126 Vens.
2411 3073 2462 3125 6.
2521 3071 2636 3138 Qui
2674 3079 2994 3130 commovet
3049 3081 3272 3133 terram
3304 3078 3375 3135 de
3407 3079 3534 3136 loco
3581 3093 3709 3150 suo,
3737 3083 3794 3134 et

365 3157 523 3212 rium
551 3159 832 3226 tenditur,
863 3177 1001 3216 cum
1031 3162 1110 3217 ab
1139 3178 1262 3218 uno
1289 3162 1634 3235 incipimus,
1668 3167 1732 3218 ut
1759 3163 1838 3218 ad
1891 3163 2024 3218 mil-
2059 3160 2101 3216 C
2138 3158 2427 3213 columna!
2455 3161 2584 3228 ejus
2599 3163 3048 3219 concutiuntur.
3071 3195 3143 3204 —
3171 3165 3251 3220 De
3279 3165 3414 3224 loco
3437 3167 3660 3242 quippe
3683 3181 3792 3222 suo

367 3243 664 3300 lenarium
694 3247 1028 3302 veniamus.
1077 3250 1230 3314 Quid
1257 3250 1372 3306 hoc
1395 3250 1529 3306 loco
1559 3251 1738 3305 unius
1759 3251 2024 3323 appella-

365 3331 546 3399 tione,
571 3333 688 3388 nisi
711 3333 864 3390 bene
893 3335 1134 3391 vivendi
1166 3337 1401 3393 initium
1427 3337 1456 3392 ?
1509 3338 1662 3404 Quid
1709 3337 2026 3395 millenarii

365 3421 600 3476 numeri
629 3423 1040 3496 amplitudine,
1073 3426 1187 3482 nisi
1217 3427 1490 3496 ejusdem
1517 3427 1650 3484 vita;
1691 3427 1868 3484 bonas
1895 3444 2026 3501 per-

367 3509 542 3565 fectio
598 3511 948 3582 designatur
975 3514 1004 3568 ‘t
1063 3514 1211 3570 Cum
1271 3517 1391 3572 Deo
1434 3521 1635 3572 autem
1666 3517 2024 3574 contendere

366 3601 477 3667 est,
504 3613 626 3654 non
657 3599 710 3655 ei
735 3600 1012 3670 tribuere,
1043 3603 1150 3658 sed
1179 3603 1292 3660 sibi
1317 3603 1570 3674 gloriam
1623 3621 1746 3662 suae
1793 3605 2024 3663 virtutis

365 3701 665 3756 arrogare.
701 3689 813 3754 Qui
837 3689 997 3746 enim
1029 3707 1168 3748 cum
1199 3694 1452 3749 Auctore
1482 3694 1802 3758 contendit,
1831 3710 2022 3750 unum

365 3789 475 3846 pro
499 3775 660 3832 mille
696 3779 1058 3851 respondere
1087 3797 1210 3838 non
1244 3781 1480 3848 sufﬁcit,
1538 3783 1684 3856 quia
1717 3783 1821 3856 qui
1853 3799 1917 3839 se
1947 3783 2022 3840 de

361 3863 722 3936 perfectione
753 3867 942 3938 erigit,
973 3869 1194 3926 habere
1227 3887 1288 3927 se
1307 3871 1462 3928 bene
1490 3871 1725 3929 vivendi
1777 3887 1888 3929 nec
1909 3872 2020 3930 ini-

361 3952 511 4008 tium
541 3955 818 4013 ostendit.
851 3959 1128 4031 Sequitur
1161 3979 1174 4015 :

431 4044 597 4100 Vens.
631 4047 683 4100 4.
717 4047 970 4116 Sapiens
1007 4050 1184 4106 corde
1224 4057 1328 4119 est,
1374 4057 1430 4108 et
1470 4052 1652 4122 fortis
1691 4053 1918 4110 robore.
1951 4085 2019 4094 ——

360 4131 609 4203 Sapiens
657 4135 884 4206 quippe
943 4139 1096 4192 Deus
1140 4138 1374 4208 dicitur,
1429 4141 1574 4212 quia
1625 4141 1916 4213 sapientia
1961 4146 2021 4198 et

355 4219 590 4276 occulta
615 4225 822 4278 nostra
847 4223 1140 4280 subtiliter
1170 4227 1412 4295 cognita
1453 4229 1724 4300 percutit.
1759 4231 1924 4284 Nunc
1952 4233 2018 4286 ut

359 4307 599 4378 sapiens
629 4309 834 4365 omnia
885 4311 1200 4368 invisibilis
1229 4314 1460 4387 aspicit,
1493 4320 1550 4371 et
1600 4331 1637 4372 a
1687 4317 1862 4372 nobis
1891 4317 2016 4374 falli

2135 3249 2292 3301 terra
2319 3253 2622 3306 commota
2651 3255 2761 3318 est,
2795 3267 2935 3308 cum
2997 3252 3170 3325 plebs
3199 3256 3535 3325 Israelitica,
3583 3257 3656 3314 de
3685 3258 3792 3312 Ju-

2133 3333 2280 3391 daeae
2291 3335 2514 3393 ﬁnibus
2544 3339 2773 3409 evulsa,
2797 3341 3084 3399 nimirum
3115 3343 3267 3401 colla
3295 3347 3572 3416 gentibus
3596 3345 3798 3402 subdi-

2133 3423 2238 3494 dit,
2264 3426 2408 3498 quia
2437 3429 2616 3485 subdi
2635 3431 2872 3486 auctori
2887 3433 3202 3490 recusavit.
3229 3436 3370 3501 Quae
3396 3435 3618 3493 scilicet
3635 3440 3796 3493 terra

2134 3515 2447 3573 columnas
2476 3519 2708 3588 habuit,
2740 3521 2885 3594 quia
2914 3523 2976 3578 in
3007 3525 3350 3583 sacerdotes
3380 3531 3437 3584 et
3463 3527 3788 3600 principes,

2131 3603 2278 3674 legis
2307 3605 2580 3663 doctores
2611 3613 2791 3682 atque
2815 3611 3144 3670 Pharisaaos
3200 3615 3430 3673 ruitura
3459 3617 3589 3688 ejus
3615 3617 3790 3690 perti-

2130 3692 2354 3749 naciter
2385 3699 2680 3754 structura
2703 3699 2977 3757 surrexit.
3009 3701 3125 3758 Sed
3147 3704 3451 3761 translatis
3479 3705 3788 3762 montibus

2131 3781 2426 3839 columnae
2457 3800 2767 3844 concussae
2799 3793 2956 3856 sunt,
3007 3777 3152 3863 quia
3181 3793 3490 3850 subductis
3519 3810 3556 3851 a
3583 3794 3790 3851 Judma

2130 3871 2435 3946 apostolis,
2463 3889 2574 3931 nec
2605 3875 2720 3949 ipsi
2749 3877 2945 3935 vivere
2969 3878 3032 3934 in
3062 3880 3164 3938 illa
3191 3883 3466 3955 permissi
3499 3888 3654 3953 sunt,
3684 3884 3788 3958 qui

2129 3961 2208 4016 ab
2238 3961 2340 4018 illa
2393 3963 2522 4020 vitae
2552 3966 2972 4037 praedicatores
3025 3969 3400 4044 expulerunt.
3433 3975 3539 4029 Per
3577 3975 3790 4030 Roma-

2127 4065 2276 4108 num
2307 4053 2532 4127 quippe
2555 4056 2892 4130 principem
2914 4059 3107 4116 Titum
3136 4061 3409 4132 protinus
3433 4063 3640 4120 Iudaea
3658 4063 3792 4120 des-

2129 4141 2359 4210 truitur,
2410 4147 2588 4216 atque
2615 4145 2678 4202 in
2708 4147 2939 4203 cunctis
2971 4147 3248 4218 gentibus
3292 4166 3506 4224 sparsa
3531 4153 3786 4226 dissipa-

2129 4234 2239 4286 tur.
2273 4231 2549 4304 Sequitur
2581 4250 2594 4288 :

2197 4322 2368 4376 Vens.
2401 4327 2453 4376 7.
2483 4322 2599 4389 Qui
2623 4325 2896 4394 prmeipit
2940 4327 3074 4398 soli,
3099 4334 3154 4386 et
3185 4345 3305 4386 non
3333 4333 3550 4404 oritur,
3581 4335 3786 4392 stellas

357 4409 480 4450 non
511 4399 722 4467 potest,
753 4401 894 4452 tunc
923 4402 986 4454 ut
1011 4399 1176 4455 fortis
1206 4401 1332 4457 sine
1363 4401 1485 4458 ullo
1519 4403 1831 4461 obstaculo
1859 4422 2015 4478 quos
2125 4410 2356 4466 claudit
2380 4412 2556 4482 quasi
2582 4413 2690 4468 sub
2710 4415 3044 4485 signaculo.
3067 4418 3494 4493 —Aliquando
3513 4399 3782 4494 namque

355 4483 640 4554 reprobat
677 4487 850 4558 punit
893 4502 1004 4544 nec
1047 4488 1216 4545 vitari
1263 4494 1479 4562 potest.
1517 4493 1793 4585 Sequitur
1827 4511 1840 4549 :
1872 4495 2012 4562 Quis
2049 4505 2097 4560 D
2124 4497 2184 4554 in
2233 4515 2404 4557 sacro
2457 4501 2697 4576 eloquio
2765 4483 2908 4561 solis
2965 4509 3208 4566 nomine
3263 4483 3504 4568 claritas
3563 4483 3782 4585 praedi-

355 4573 584 4671 resistit
596 4575 668 4642 ei,
697 4581 754 4632 et
765 4591 978 4646 pacem
1009 4577 1278 4634 habuit?
1315 4609 1382 4618 —
1437 4579 1764 4671 Qui__enim
1795 4587 2013 4639 cuncta
2125 4593 2396 4646 catorum
2453 4573 2820 4666 designatur,
2895 4598 3046 4654 sicut
3107 4615 3217 4671 per
3281 4573 3582 4658 Joannem
3633 4601 3782 4657 dici-

353 4660 699 4718 mirabiliter
749 4667 930 4735 creat,
983 4665 1110 4738 ipse
1167 4671 1232 4723 ut
1281 4671 1480 4724 creata
1530 4667 1766 4725 sibimet
1797 4686 2013 4728 conve-
2123 4681 2218 4733 tur
2250 4696 2262 4734 :
2300 4702 2328 4728 «
2361 4681 2574 4737 Factus
2593 4660 2693 4740 Vest
2723 4660 2815 4739 sol
2843 4685 2995 4742 sicut
3029 4660 3241 4743 saccus
3270 4688 3538 4746 cilicinus
3570 4691 3774 4762 (Apoc.

351 4748 541 4817 niant,
597 4753 855 4810 ordinat.
891 4758 954 4810 In
1009 4771 1132 4828 quo
1182 4771 1325 4826 ergo
1357 4757 1656 4813 Conditori
1699 4759 2009 4832 resistitur,
2121 4783 2199 4836 VI,
2235 4769 2401 4842 12).»
2457 4771 2574 4843 Ipsi
2601 4771 2780 4830 etiam
2819 4773 3124 4830 stellarum
3152 4775 3396 4831 nomine
3443 4748 3780 4850 signantur,

351 4837 518 4909 pacis
561 4843 876 4898 conventio
919 4843 1262 4916 dissipatur.
1313 4845 1598 4903 Perversa
1649 4847 1808 4905 enim
1837 4865 2012 4906 mens
2120 4855 2194 4911 de
2251 4837 2502 4929 quibus—
2528 4859 2744 4916 dicitur
2777 4877 2790 4916 :
2824 4882 2852 4910 ‹‹
2879 4861 3194 4918 Prohibitae
3225 4867 3364 4918 sunt
3410 4837 3589 4920 stellae
3643 4837 3779 4940 plu:

351 4926 512 4982 unde
543 4933 752 4986 contra
776 4935 1095 4989 Auctorem
1125 4949 1188 4990 se
1208 4934 1399 5004 erigit,
1429 4935 1567 4992 inde
1621 4953 1682 4992 se
1722 4937 1784 4994 in
1817 4955 2009 4995 seme-
2123 4926 2352 5002 viarum
2431 4947 2594 5018 (Jer.
2657 4965 2740 5017 ni,
2796 4953 2826 5006 3
2853 4951 2902 5020 ).
2959 4973 2987 5000 »
3055 4951 3476 5009 Praedicatores
3551 4926 3778 5031 quippe

349 5015 511 5089 tipsa
540 5017 872 5110 cpnfundit.
895 5022 1182 5079 Besistere
1208 5029 1409 5081 autem
1438 5025 1722 5100 dicimus,
1747 5044 1887 5084 cum
1916 5045 2008 5085 re-
2120 5033 2330 5102 sancti,
2361 5037 2418 5090 et
2440 5015 2447 5018 ”
2469 5034 2558 5091 sol
2604 5015 2823 5094 nostris
2853 5015 3062 5096 oculis
3090 5055 3198 5111 per
3243 5039 3406 5098 diem
3434 5015 3606 5112 ﬁunt,

349 5097 620 5180 pugnare
678 5109 806 5180 ejus
863 5109 1357 5182 dispositionibus
1426 5097 1738 5174 conamur.
1809 5121 2008 5190 Neque

349 5197 510 5252 enim
560 5201 766 5254 nostra
797 5197 1115 5257 inﬁrmitas
1158 5203 1641 5262 incommutabili
1687 5208 1817 5278 ejus
1871 5223 2006 5265 sen-

351 5285 542 5340 tentiae
573 5287 795 5358 obviat,
829 5287 934 5344 sed
965 5293 1166 5347 tamen
1205 5292 1373 5364 quod
1430 5295 1665 5367 explere
1695 5311 1818 5352 non
1849 5297 2008 5354 valet

349 5374 550 5426 tentat.
585 5375 886 5436 Contraire
947 5382 1182 5452 satagit,
1217 5382 1323 5437 sed
1371 5382 1505 5454 ipso
1545 5383 1746 5454 gladio
1777 5391 2007 5442 contra-

349 5457 625 5514 dictionis
653 5461 889 5534 frangit.
927 5469 1204 5542 Sequitur
1235 5488 1248 5526 :

419 5549 586 5606 Vens.
621 5555 672 5606 5.
699 5551 815 5619 Qui
838 5559 1152 5616 transtulit
1179 5567 1426 5629 montes,
1459 5567 1514 5618 et
1551 5562 1888 5618 nescierunt
1920 5563 2004 5634 hi,

2117 5119 2684 5196 contemplationem
2763 5125 2939 5182 nobis
3018 5141 3173 5182 verae
3245 5127 3394 5185 lucis
3478 5131 3774 5204 aperiunt.

2117 5213 2184 5266 Et
2207 5209 2368 5268 velut
2393 5211 2456 5267 in
2477 5211 2734 5270 tenebris
2757 5212 2934 5269 stellae
2963 5213 3184 5282 lucent,
3215 5233 3355 5275 cum
3383 5236 3492 5294 per
3520 5221 3774 5278 activam

2115 5299 2298 5355 vitam
2370 5299 2666 5374 profuturi
2729 5302 2948 5360 nostris
3021 5307 3472 5365 necessitatibus
3543 5313 3776 5366 terrena

2116 5387 2466 5462 disponunt.
2543 5391 2654 5448 Sed
2723 5393 2870 5465 quia
2931 5396 3194 5468 expulsis
3279 5399 3773 5472 praedicatoribus

2115 5493 2240 5534 non
2269 5477 2380 5535 fuit
2404 5480 2508 5553 qui
2539 5480 2698 5554 plebi
2724 5483 2988 5540 Judaicaa
3039 5485 3102 5542 in
3153 5487 3418 5560 perﬁdiae
3447 5505 3572 5544 suae
3599 5493 3774 5546 nocte

2114 5570 2469 5640 remanenti,
2499 5571 2594 5628 vel
2649 5571 2979 5636 claritatem
3037 5576 3554 5656 contemplationis
3580 5583 3776 5640 osten-
