4146 6156
389 109 490 167 193

1193 46 1528 164 ΙΕΡΙΤΟΜΕι
1563 105 1926 164 MORALIUM
1970 103 2027 160 S.
2068 100 2274 160 GREG.
2319 106 2387 160 IN
2424 105 2566 162 JOB.
2612 138 2680 148 —
2716 109 2843 165 LIB.
2888 110 2953 165 IX

3697 123 3798 176 194

359 233 546 301 deret,
607 231 706 287 vel
754 230 955 288 activa
1010 231 1145 287 vita
1208 231 1416 287 lumen
1467 231 1740 304 aperiret.
1793 228 2020 284 Veritas
2055 231 2099 282 A
2139 242 2456 300 quaquam
2511 246 2708 286 sermo
2759 231 3018 288 veritatis
3079 248 3272 291 vanas
3328 237 3588 313 Hesiodi,
3635 244 3800 300 Arati

359 323 589 396 quippe
621 337 758 394 qua
789 321 946 377 hanc
974 321 1216 393 repulsa
1233 321 1518 388 deseruit,
1539 321 1844 377 subtracto
1874 335 2022 391 pra-

360 410 684 467 dicationis
711 409 935 466 lumine
965 409 1174 466 merito
1201 428 1324 466 sua
1355 410 1662 483 pravitatis
1682 409 2022 477 excacavit,

361 502 422 556 et
451 498 628 572 quasi
657 497 771 553 sub
803 497 1109 567 signaculo
1145 498 1342 555 stellas
1395 499 1624 566 clausit,
1683 499 1827 572 quia
1877 499 2026 554 dum

362 587 788 663 pradicatores
819 602 959 643 suos
981 603 1088 660 per
1109 587 1410 644 silentium
1435 590 1591 645 intra
1637 589 2026 660 semetipsum

363 677 626 745 retinuit,
659 676 832 733 cacis
864 676 1212 749 iniquorum
1235 679 1508 735 sensibus
1539 678 1772 735 caeleste
1822 677 2026 733 lumen

369 764 708 825 abscondit.
737 764 848 831 Qui
870 765 1050 838 igitur
1073 767 1500 839 pradicatores
1558 785 1702 824 suos
1747 783 1908 823 nunc
1936 770 2030 823 Ju-

363 855 510 911 daa
539 852 730 910 oculis
773 853 1086 923 subtrahit,
1145 857 1252 912 sed
1307 857 1701 930 postmodum
1752 857 2026 924 ostendit,

361 943 540 1018 quasi
568 942 684 998 sub
711 942 1021 1014 signaculo
1051 944 1263 1002 clausit
1320 946 1542 1014 stellas,
1601 951 1665 1003 ut
1719 946 2030 1002 absconsis

353 1033 532 1112 prius
553 1035 613 1088 et
637 1035 774 1105 post
805 1034 1262 1091 coruscantibus
1296 1041 1594 1092 astrorum
1635 1035 2031 1109 spiritualium

365 1121 549 1179 radiis
579 1125 821 1178 noctem
848 1137 972 1176 sua
1000 1123 1288 1195 perﬁdia,
1321 1129 1378 1180 et
1403 1140 1565 1180 nunc
1617 1124 1857 1197 repulsa
1909 1139 2031 1179 non

365 1210 586 1280 videat,
619 1214 675 1266 et
704 1215 844 1266 tunc
868 1210 1208 1269 illuminata
1231 1213 1660 1286 deprehendat.
1682 1214 1829 1268 Hinc
1849 1212 2032 1269 Isaias

370 1301 449 1358 ait
484 1317 496 1355 :
532 1321 560 1351 ‹‹
596 1299 654 1356 Si
682 1299 859 1356 fuerit
882 1316 1172 1358 numerus
1199 1302 1462 1360 ﬁliorum
1484 1303 1663 1360 Israel
1681 1303 1830 1358 sicut
1849 1318 2034 1358 arena

368 1390 580 1458 maris,
612 1388 878 1462 reliquia
909 1390 1087 1446 salva
1117 1391 1270 1448 ﬁunt
1297 1391 1432 1463 (Isa.
1466 1410 1524 1461 x,
1557 1394 1668 1463 22).
1699 1416 1726 1442 »
1767 1395 1834 1448 Et
1889 1395 2032 1447 Pau-

369 1479 508 1534 lus:
543 1500 570 1527 α
606 1481 803 1534 Donec
839 1478 1152 1552 plenitudo
1207 1481 1474 1551 gentium
1527 1481 1789 1550 intraret,
1841 1485 1897 1536 et
1949 1481 2030 1535 sic

371 1568 571 1625 omnis
601 1567 780 1623 Israel
801 1568 1002 1625 salvus
1026 1569 1128 1626 ﬁet
1154 1571 1342 1641 (Rom.
1377 1589 1456 1638 x1,
1484 1575 1596 1639 25).
1658 1595 1684 1620 »

371 1657 539 1731 quod
570 1656 694 1713 duo
743 1657 823 1713 illi
878 1658 1079 1714 eximii
1136 1659 1556 1732 praedicatores
1611 1660 1796 1717 dilata
1841 1663 2031 1716 morte

373 1745 666 1802 subtracti
697 1751 857 1815 sunt,
889 1751 954 1802 ut
979 1747 1057 1803 ad
1082 1747 1522 1820 pradicationis
1567 1766 1742 1805 usum
1800 1749 1861 1804 in
1913 1749 2032 1804 ﬁne

372 1840 743 1892 revocentur.
775 1838 853 1892 De
881 1836 1104 1909 quibus
1133 1837 1348 1894 dicitur
1378 1856 1390 1893 :
1426 1861 1453 1887 «
1485 1839 1550 1895 Hi
1593 1843 1731 1895 sunt
1759 1839 1895 1895 dua
1925 1838 2033 1895 oli-

374 1941 464 1980 va
489 1929 548 1980 et
575 1924 698 1980 duo
729 1925 1094 1982 candelabra
1114 1925 1176 1982 in
1206 1932 1536 2000 conspectu
1577 1928 1812 1984 Domini
1865 1933 2033 1984 terra

377 2015 585 2085 (Apoc.
607 2032 685 2083 x1,
709 2018 786 2081 4).
824 2040 850 2066 ››
885 2017 1162 2089 Sequitur
1189 2035 1201 2072 :

453 2179 615 2233 Vens.
648 2181 700 2234 8.
737 2178 850 2245 Qui
878 2179 1147 2235 extendit
1173 2179 1349 2236 caelos
1377 2180 1560 2235 solus.
1585 2212 1652 2220 —
1675 2179 1827 2246 Quid
1865 2195 2036 2236 nam-

376 2282 496 2340 que
526 2267 817 2323 calorum
850 2268 1116 2338 nomine,
1175 2269 1285 2324 nisi
1339 2270 1467 2326 hac
1516 2269 1730 2326 eadem
1783 2268 2036 2326 caelestis

380 2356 840 2428 pradicantiUm
869 2358 990 2414 vita
1011 2358 1286 2428 signatur
1314 2359 1342 2412 ‘I
1370 2362 1449 2415 De
1474 2360 1695 2432 quibus
1725 2376 1832 2433 per
1880 2357 2039 2414 Psal-

380 2445 625 2502 mistam
655 2446 871 2503 dicitur
894 2465 906 2502 :
934 2467 964 2501 ‹
983 2447 1124 2503 Coeli
1146 2453 1429 2504 enarrant
1451 2448 1702 2518 gloriam
1726 2449 1824 2505 Dei
1848 2449 2032 2520 (Psal.

376 2551 539 2601 xvm,
573 2536 648 2606 2).
681 2558 709 2584 n
743 2535 860 2609 Ipsi
887 2536 1069 2607 igitur
1091 2537 1243 2607 cali,
1274 2537 1391 2610 ipsi
1422 2538 1512 2594 sol
1541 2555 1676 2595 esse
1698 2553 2039 2594 memoran-

385 2628 500 2679 tur.
525 2622 667 2678 Cali
697 2623 935 2692 scilicet,
969 2625 1113 2698 quia
1137 2625 1561 2682 intercedendo
1592 2631 1928 2699 protegunt,
1951 2624 2040 2682 sol

377 2716 602 2777 autem,
633 2713 780 2786 quia
816 2714 1205 2787 pradicando
1235 2715 1358 2771 vim
1411 2716 1634 2771 uminis
1695 2715 2037 2772 ostendunt.

379 2803 698 2859 Commota
725 2801 906 2874 igitur
934 2806 1108 2872 terra,
1133 2804 1265 2860 cali
1287 2805 1506 2861 extenti
1533 2809 1692 2869 sunt,
1723 2805 1866 2878 quia
1899 2821 2039 2861 cum

1746 1571 1892 1626 Hinc
1943 1574 2032 1626 est
2061 1585 2102 1638 Β

2146 320 2204 371 et
2231 316 2578 373 Callimachi
2603 317 2838 375 fabulas
2867 321 3152 393 sequitur,
3187 329 3250 381 ut
3264 331 3578 385 Arcturum
3602 333 3799 388 nomi-

2150 421 2327 474 nans,
2384 415 2708 464 extremam
2761 408 3066 466 stellarum
3107 419 3334 486 septem
3393 420 3653 476 caudam
3705 425 3802 478 Ur-

2149 510 2226 548 sa
2288 494 2624 567 suspicetur
2657 538 2671 565 ,
2728 500 2785 552 et
2829 498 3002 568 quasi
3061 501 3238 557 Orion
3292 504 3560 573 gladium
3607 513 3804 566 teneat

2141 587 2414 638 armatus
2472 583 2767 641 insanus.
2827 585 2964 640 Hac
3020 588 3243 662 quippe
3320 600 3617 653 astrorum
3689 615 3798 655 no-

2138 670 2306 727 mina
2367 687 2404 728 a
2451 671 2781 729 cultoribus
2863 675 3167 748 sapientia
3247 684 3500 740 carnalis
3557 687 3798 744 inventa

2141 764 2324 815 sunt.
2381 759 2494 817 Sed
2555 761 2857 834 Scriptura
2912 780 3085 821 sacra
3134 766 3354 826 idcirco
3413 774 3639 831 eisdem
3698 793 3800 832 vo-

2142 848 2372 937 cabulis
2425 849 2626 920 utitur,
2682 856 2747 908 ut
2803 869 2896 908 res
2961 871 3114 926 quas
3171 858 3474 918 insinuare
3526 865 3800 937 appetit,

2139 936 2351 992 notitia
2405 937 2639 994 usitata
2693 941 3110 1012 appellationis
3157 947 3605 1019 exprimantur.
3650 953 3802 1017 Quid

2140 1041 2409 1099 namque
2444 1029 2674 1084 Arcturi
2720 1031 2986 1102 nomine,
3046 1035 3150 1105 qui
3203 1035 3263 1091 in
3295 1037 3427 1094 cali
3472 1056 3608 1096 arce
3630 1057 3805 1098 cons-

2142 1114 2373 1184 titutus,
2429 1120 2658 1188 septem
2716 1118 3022 1176 stellarum
3070 1122 3255 1179 radiis
3302 1126 3504 1196 fulget,
3556 1130 3670 1185 nisi
3701 1133 3804 1186 Ec-

2143 1203 2328 1259 clesia
2385 1205 2739 1262 universalis
2791 1209 3142 1280 exprimitur
3176 1255 3190 1281 ,
3248 1230 3384 1286 qua
3442 1216 3502 1272 in
3556 1219 3802 1276 Joannis

2142 1292 2530 1382 Apocalypsi,
2589 1311 2696 1366 per
2749 1301 2978 1368 septem
3037 1301 3348 1371 Ecclesias,
3383 1321 3609 1378 perque
3667 1326 3803 1382 sep-

2143 1385 2263 1437 tem
2317 1381 2681 1439 candelabra
2735 1384 3027 1454 ﬁguratur
3064 1391 3092 1444 ?
3127 1392 3269 1455 Qua
3329 1392 3475 1448 dum
3532 1395 3696 1453 dona
3736 1381 3804 1453 in

2145 1485 2206 1524 se
2253 1469 2614 1542 septiformis
2663 1473 2866 1542 gratia
2920 1475 3168 1546 Spiritus
3207 1481 3488 1550 continet,
3541 1484 3804 1542 claritate

2144 1575 2397 1614 summa
2457 1559 2684 1615 virtutis
2743 1561 3066 1630 irradians,
3112 1567 3287 1637 quasi
3344 1570 3422 1625 ab
3491 1587 3601 1628 axe
3650 1575 3802 1630 veri-

2145 1647 2279 1703 tatis
2332 1647 2508 1704 lucet.
2572 1652 2636 1705 Et
2691 1650 2845 1706 sicut
2894 1653 3180 1710 Arcturus
3227 1673 3465 1730 semper
3507 1668 3802 1733 versatur,

2143 1742 2200 1793 et
2243 1754 2562 1810 nunquam
2613 1741 2919 1811 mergitur,
2974 1742 3055 1798 ita
3112 1750 3319 1802 sancta
3372 1749 3630 1806 Ecclesia
3674 1769 3805 1824 per-

2143 1827 2478 1883 secutiones
2554 1828 2900 1901 iniquorum
2977 1831 3103 1888 sine
3161 1836 3490 1893 cessatione
3548 1839 3803 1912 tolerat,

2145 1915 2252 1970 sed
2279 1920 2479 1971 tamen
2512 1933 2703 1990 usque
2730 1917 2811 1973 ad
2833 1919 3046 1975 mundi
3073 1923 3396 1980 terminum
3429 1925 3554 1982 sine
3610 1928 3804 1985 defec-

2144 2007 2207 2059 tu
2235 2004 2537 2076 perdurat.
2567 2010 2850 2062 Arcturus
2871 2023 3014 2078 ergo
3045 2010 3194 2066 dum
3220 2019 3515 2084 versatur,
3540 2017 3802 2088 erigitur,

2143 2091 2287 2164 quia
2313 2095 2453 2147 tunc
2477 2099 2683 2149 sancta
2705 2095 2963 2152 Ecclesia
2993 2097 3283 2154 valentius
3320 2101 3380 2157 in
3431 2105 3675 2160 veritate
3714 2122 3806 2160 re-

2144 2179 2358 2247 ﬁcitur,
2390 2196 2530 2235 cum
2553 2181 2859 2237 ardentius
2890 2199 3001 2255 pro
3029 2186 3276 2244 veritate
3300 2190 3600 2261 fatigatur.
3646 2193 3807 2250 Orio-

2148 2283 2257 2323 nes
2282 2268 2507 2342 quippe
2535 2269 2738 2325 insuo
2795 2276 2926 2328 ortu
2985 2277 3362 2347 tempestates
3419 2281 3697 2350 excitant,
3752 2287 3810 2338 et

2151 2356 2344 2412 maria
2395 2362 2704 2431 terrasque
2758 2361 3148 2431 perturbant.
3203 2364 3551 2436 Signiﬁcant
3605 2374 3807 2426 autem

2146 2450 2462 2518 martyres.
2498 2447 2648 2512 Quia
2676 2447 2824 2503 dum
2883 2456 3089 2506 sancta
3144 2453 3406 2511 Ecclesia
3459 2457 3537 2512 ad
3585 2463 3808 2515 statum

2144 2534 2584 2607 pradicationis
2607 2535 2872 2607 erigitur,
2903 2540 3145 2610 pondus
3169 2542 3595 2618 molestiasque
3611 2563 3810 2618 perse-

2146 2625 2458 2696 quentium
2487 2625 2745 2698 passuri,
2801 2626 2878 2682 ad
2934 2627 3068 2683 cali
3099 2645 3274 2686 axem
3307 2634 3483 2704 qnasi
3523 2634 3582 2689 in
3613 2635 3809 2692 hieme

2150 2719 2458 2770 venerunt.
2495 2714 2740 2770 Oriones
2770 2731 2912 2785 ergo
2934 2718 3153 2774 coelum
3176 2721 3379 2790 edidit,
3412 2739 3551 2778 cum
3605 2730 3812 2782 sancta

2151 2802 2411 2859 Ecclesia
2425 2809 2723 2879 martyres
2747 2804 2929 2861 misit.
2952 2809 3032 2862 Ex
3055 2809 3374 2865 Orionibus
3394 2812 3596 2884 itaque
3619 2814 3812 2869 hiems

375 2891 585 2948 Judaa
609 2892 689 2948 ad
716 2893 840 2948 vim
870 2893 1302 2965 persecutionis
1347 2893 1670 2957 infremuit,
1733 2895 2039 2966 apostolo-
2073 2936 2113 2992 Ο
2150 2891 2400 2962 horruit,
2424 2891 2568 2964 quia
2599 2897 2897 2949 crescente
2919 2899 3264 2952 sanctorum
3305 2902 3664 2972 constantia,
3719 2903 3814 2958 fri-

379 3000 518 3040 rum
539 2982 726 3038 vitam
747 2981 1036 3038 Dominus
1061 2981 1121 3037 in
1152 2985 1507 3037 cunctarum
1539 2981 1806 3052 gentium
1833 2984 2039 3054 cogni-

383 3072 541 3130 tione
570 3069 858 3127 dilatavit.
893 3070 1144 3142 Augusti
1173 3069 1398 3143 quippe
1431 3069 1562 3126 cceli
1593 3070 1848 3139 fuerant,
1903 3088 2042 3149 cum

383 3178 506 3218 una
527 3160 697 3234 plebs
726 3164 810 3216 tot
838 3159 1108 3230 egregios
1163 3159 1584 3232 praedicatores
1630 3161 1889 3233 tenebat,
1936 3161 2044 3217 sed

384 3251 548 3308 solus
578 3254 734 3307 Deus
763 3248 947 3305 calos
977 3249 1259 3320 extendit,
1291 3249 1396 3322 qui
1455 3250 1662 3306 secreti
1719 3249 1873 3307 mira
1929 3250 2046 3306 dis-

384 3340 738 3413 pensatione
765 3337 996 3394 consilii
1025 3337 1449 3410 pradicatores
1476 3354 1617 3393 suos
1642 3338 1802 3394 unde
1831 3339 2049 3412 permi-

389 3429 464 3485 sit
491 3428 552 3484 in
579 3444 706 3484 una
735 3431 909 3497 gente
937 3425 1219 3500 opprimi,
1253 3425 1389 3482 fecit
1417 3425 1478 3482 in
1510 3427 1724 3482 mundi
1770 3428 2045 3483 cardines

385 3519 523 3576 inde
548 3517 800 3576 dilatari.
836 3516 1112 3590 Sequitur
1148 3535 1160 3572 :
1195 3517 1269 3571 Et
1299 3517 1592 3588 graditur
1619 3533 1802 3588 super
1825 3520 2048 3588 ﬂuctus

386 3612 593 3666 maris.
624 3641 691 3649 —
717 3606 868 3673 Quid
895 3606 1056 3663 enim
1083 3605 1268 3662 maris
1298 3605 1566 3678 nomine,
1595 3606 1709 3662 nisi
1748 3607 1809 3662 in
1857 3607 2045 3663 bono-

388 3715 524 3755 rum
548 3713 692 3754 nece
723 3696 968 3752 saviens
993 3694 1208 3752 mundi
1226 3694 1408 3765 hujus
1453 3695 1790 3752 amaritudo
1844 3695 2047 3765 signa-

389 3792 484 3844 tur
510 3789 538 3844 ?
567 3786 715 3842 Hinc
743 3784 1033 3858 scriptum
1063 3789 1151 3841 est
1184 3801 1197 3838 :
1259 3803 1289 3837 ‹
1338 3784 1730 3856 Congregans
1784 3785 1934 3841 sicut
1987 3785 2049 3840 in

388 3881 518 3933 utre
547 3891 740 3948 aquas
761 3873 1146 3943 maris(Psal.
1160 3887 1321 3926 XXXII
1335 3872 1410 3942 7).
1427 3895 1455 3921 ››
1474 3873 1662 3943 Super
1674 3872 1888 3928 ﬂuctus
1906 3889 2048 3944 ergo

387 3964 575 4022 maris
598 3961 889 4018 Dominus
919 3960 1208 4030 graditur,
1259 3959 1404 4031 quia
1467 3976 1606 4015 cum
1660 3977 1722 4014 se
1777 3961 2051 4032 procella

386 4047 821 4126 persecutionis
851 4047 1106 4117 erigunt,
1136 4045 1566 4101 miraculorum
1592 4047 1722 4116 ejus
1774 4047 2054 4119 obstupe-

390 4138 652 4198 factione
681 4137 1058 4207 franguntur.
1097 4133 1208 4201 Qui
1236 4133 1396 4189 enim
1449 4138 1715 4190 tumores
1771 4134 2054 4192 humana

391 4227 656 4287 vesania
684 4226 936 4296 mitigat,
970 4223 1147 4298 quasi
1201 4227 1395 4280 erecta
1451 4223 1512 4279 in
1562 4223 1805 4280 cumulo
1858 4225 2055 4282 undas

392 4320 603 4378 calcat.
636 4320 740 4374 Tot
759 4316 921 4373 enim
945 4314 1008 4370 in
1032 4314 1126 4370 his
1154 4313 1436 4370 ﬂuctibus
1465 4313 1754 4369 Dominus
1813 4329 2054 4384 gressus

392 4407 616 4484 posuit,
648 4409 799 4479 quot
828 4403 1104 4477 superbis
1131 4402 1616 4477 persecutoribus
1643 4402 1936 4460 miracula
1964 4421 2057 4461 os-

397 4496 604 4556 tendit.
640 4493 807 4552 Unde
838 4492 1151 4550 Psalmista
1181 4492 1302 4548 ait:
1339 4514 1366 4541 ‹‹
1423 4491 1716 4549 Mirabiles
1770 4492 2056 4550 elationes

398 4586 606 4654 maris,
641 4581 935 4640 mirabilis
966 4582 1028 4638 in
1054 4581 1187 4639 altis
1215 4580 1504 4638 Dominus
1534 4582 1724 4648 (Psal.
1751 4599 1884 4650 xcu,
1916 4584 1991 4654 4).
2029 4606 2056 4633 ››

404 4673 579 4742 Quod
603 4673 759 4729 bene
788 4687 897 4746 per
922 4671 1240 4728 Jeremiam
1262 4669 1550 4726 Dominus
1581 4669 1721 4726 dicit
1751 4687 1764 4725 :
1823 4694 1851 4720 ‹‹
1883 4670 2061 4727 Posui

401 4779 652 4821 arenam
676 4760 1003 4818 terminum
1019 4759 1192 4827 mari,
1215 4763 1583 4832 praeceptum
1606 4760 2057 4831 sempiternum,

399 4851 569 4926 quod
624 4865 746 4906 non
805 4847 1130 4923 prateribit
1158 4891 1173 4918 ,
1245 4853 1302 4904 et
1364 4847 1908 4904 commovebuntur
1935 4890 1950 4917 ,
2005 4853 2063 4904 et

399 4957 525 5000 non
573 4942 901 5013 poterunt;
959 4941 1016 4994 et
1065 4937 1463 4993 intumescant
1513 4936 1730 4994 ﬂuctus
1778 4938 1946 5010 ejus,
2005 4942 2062 4994 et

401 5047 526 5088 non
585 5027 924 5086 transibunt
976 5026 1123 5083 illud
1185 5026 1328 5097 (Jer.
1388 5043 1446 5082 v.
1522 5027 1654 5098 22).
1717 5049 1745 5077 »
1795 5030 2058 5085 Arenam

400 5117 627 5191 quippe
679 5116 966 5173 Dominus
1016 5116 1169 5173 mari
1193 5115 1492 5189 opposuit,
1519 5116 1768 5188 quando
1801 5116 1879 5173 ad
1901 5116 2060 5173 fran-

403 5206 670 5277 gendam
735 5205 949 5262 mundi
1023 5205 1298 5275 gloriam,
1346 5203 1616 5275 abjectos
1665 5209 1721 5261 et
1763 5221 2061 5277 pauperes

404 5295 581 5366 elegit
610 5339 624 5364 ,
703 5293 812 5350 sed
869 5295 1116 5351 transire
1175 5309 1422 5350 arenam
1506 5298 1860 5366 nequeunt,
1921 5295 2066 5366 quia

405 5385 830 5459 despectorum
882 5381 1187 5441 miraculis
1215 5387 1272 5439 et
1305 5381 1636 5440 humilitate
1685 5383 2060 5453 franguntur.

410 5476 688 5550 Sequitur
723 5493 737 5530 :

373 5633 384 5638 _
479 5567 651 5622 Vens.
685 5569 738 5623 9.
768 5563 884 5633 Qui
899 5563 1051 5633 facit
1082 5563 1410 5618 Arcturum
1433 5570 1487 5619 et
1529 5565 1793 5621 Oriones.
1844 5595 1912 5606 —
1962 5567 2067 5621 Ne-

2153 2979 2296 3051 gida
2321 2995 2492 3035 mens
2525 2980 2861 3037 inﬁdelium
2891 2983 2970 3038 ad
2998 2988 3416 3057 tempestatem
3449 3006 3514 3045 se
3538 3006 3812 3062 persecu-

2152 3069 2329 3124 tionis
2358 3067 2651 3124 excitavit.
2681 3069 2829 3134 Quid
2855 3071 3056 3143 itaque
3081 3073 3356 3144 Hyadum
3403 3077 3668 3146 nomine,
3701 3080 3816 3135 nisi

2153 3159 2428 3214 doctores
2458 3161 2679 3213 sancta
2713 3158 2984 3215 Ecclesia
3015 3161 3331 3230 signantur
3358 3165 3385 3220 ?
3418 3166 3530 3231 Qui
3588 3173 3818 3225 remota

2153 3251 2504 3320 tempestate
2534 3247 2986 3320 persecutionis,
3015 3251 3263 3323 expletis
3293 3254 3572 3310 noctibus
3619 3255 3818 3328 longis

2153 3336 2642 3407 inﬁdelitatibus,
2702 3342 2846 3392 tunc
2899 3344 3120 3395 sancta
3172 3341 3438 3398 Ecclesiae
3496 3345 3606 3400 orti
3661 3351 3818 3416 sunt,

2158 3443 2298 3482 cum
2325 3426 2504 3482 etiam
2535 3441 2643 3498 per
2671 3426 3035 3483 credulitatis
3062 3445 3315 3486 vernum
3347 3432 3602 3490 lucidior
3623 3451 3819 3492 annus

2157 3516 2459 3589 aperitur;
2491 3520 2783 3572 vocantur
2809 3521 3012 3573 autem
3040 3519 3242 3576 Graeco
3274 3521 3572 3578 vocabulo
3625 3530 3820 3596 yetus,

2156 3604 2396 3677 pluvia.
2461 3607 2612 3660 Bene
2635 3621 2778 3676 ergo
2819 3607 3095 3677 Hyadum
3127 3609 3526 3682 appellatione
3555 3613 3823 3686 expressi

2159 3696 2320 3764 sunt,
2344 3693 2451 3766 qui
2495 3693 2574 3750 ad
2602 3698 2823 3750 statum
2851 3696 3203 3754 universalis
3245 3699 3537 3770 Ecclesia,
3599 3707 3822 3759 sancta

2157 3780 2602 3854 pradicationis
2631 3823 2645 3849 ,
2699 3781 2894 3838 ferunt
2940 3783 3210 3841 imbres.
3271 3787 3420 3842 Hinc
3471 3791 3698 3860 Moyses
3746 3789 3828 3846 ait

2161 3892 2188 3919 ‹‹
2222 3873 2605 3942 Exspectetur
2635 3869 2788 3925 sicut
2818 3871 3022 3942 pluvia
3051 3873 3358 3945 eloquium
3419 3893 3647 3946 meum,
3684 3901 3712 3928 ››
3771 3882 3828 3934 et

2159 3959 2392 4030 reliqua
2412 3961 2604 4029 (Deut.
2634 3975 2817 4025 xxxii,
2847 3961 2922 4030 2).
2956 3963 3021 4016 Et
3049 3962 3234 4016 Isaias
3268 3980 3282 4017 :
3309 3986 3337 4010 «
3371 3965 3666 4020 Mandabo
3721 3983 3830 4022 nu-

2160 4045 2342 4101 bibus
2371 4045 2542 4110 meis,
2567 4060 2640 4100 ne
2667 4045 2880 4117 pluant
2910 4063 3090 4118 super
3119 4063 3253 4103 eam
3284 4049 3542 4104 imbrem
3575 4052 3710 4120 (Isa.
3766 4067 3824 4118 v,

2165 4137 2238 4206 6).
2275 4156 2302 4182 »
2336 4133 2605 4188 Extensis
2635 4133 2797 4189 enim
2827 4134 2990 4189 caelis
3021 4135 3310 4210 Dominus
3359 4136 3639 4194 formavit
3690 4142 3829 4194 Arc-

2166 4228 2389 4293 turum,
2421 4221 2566 4294 quia
2594 4221 2656 4277 in
2680 4223 2974 4279 honorem
2999 4224 3273 4280 deductis
3301 4226 3606 4299 apostolis,
3630 4227 3692 4282 in
3715 4244 3829 4283 ca-

2165 4313 2298 4369 lesti
2328 4312 2778 4369 conversatione
2818 4312 3093 4370 fundavit
3152 4315 3495 4373 Ecclesiam.
3553 4320 3828 4374 Formato

2165 4418 2409 4476 quoque
2435 4405 2702 4470 Arcturo,
2731 4401 2867 4458 fecit
2919 4403 3186 4474 Oriones,
3239 4405 3344 4478 qui
3394 4406 3671 4464 reborata
3709 4406 3829 4464 ﬁde

2166 4491 2518 4549 universalis
2549 4491 2810 4548 Ecclesia
2838 4497 3046 4549 contra
3066 4495 3362 4566 procellas
3390 4496 3603 4552 mundi
3646 4496 3831 4552 edidit

2166 4586 2479 4654 martyres.
2510 4581 2694 4636 Editis
2726 4596 2970 4654 quoque
2999 4583 3341 4653 Orionibus,
3373 4584 3619 4656 protulit
3670 4586 3828 4657 Hya-

2167 4671 2300 4741 das,
2328 4670 2473 4744 quia
2502 4669 3058 4726 convalescentibus
3089 4678 3297 4728 contra
3327 4672 3582 4728 adversa
3608 4678 3832 4746 marty-

2169 4760 2358 4829 ribus,
2375 4760 2452 4816 ad
2470 4757 2901 4816 infundendam
2928 4759 3261 4816 ariditatem
3279 4761 3684 4819 humanorum
3708 4779 3833 4820 cor-

2171 4850 2361 4917 dium,
2394 4846 2729 4903 doctrinam
2752 4848 3000 4904 contulit
3022 4850 3471 4920 magistrorum.
3506 4853 3782 4927 Sequitur
3814 4872 3826 4910 :

2171 4941 2250 4995 Et
2277 4938 2568 4994 interiora
2599 4938 2812 4993 austri.
2847 4969 2915 4978 ——
2955 4938 3109 5004 Quid
3163 4940 3274 4998 hoc
3321 4942 3506 4999 austri
3562 4945 3828 5012 nomine,

2173 5028 2293 5086 nisi
2328 5028 2525 5084 fervor
2579 5026 2771 5082 sancti
2803 5027 3052 5100 Spiritus
3099 5031 3442 5102 assignatur
3468 5034 3496 5088 ‘?
3527 5034 3656 5098 Quo
3684 5032 3831 5086 dum

2172 5116 2434 5190 repletus
2459 5115 2719 5188 quisque
2753 5115 2948 5186 fuerit,
3003 5117 3080 5174 ad
3149 5135 3398 5177 amoren
3447 5119 3654 5192 patria
3710 5117 3830 5187 spi-

2173 5205 2403 5262 ritualis
2462 5203 2732 5273 ignescit.
2795 5205 2943 5261 Hinc
2995 5207 3155 5263 enim
3209 5209 3426 5264 dicitur
3468 5223 3482 5257 :
3536 5225 3564 5252 «
3623 5205 3830 5275 Surge,

2174 5293 2398 5368 aquilo,
2433 5298 2490 5349 et
2521 5292 2678 5360 veni,
2703 5299 2922 5365 auster,
2948 5315 2978 5348 ›
3010 5301 3067 5352 et
3095 5296 3324 5367 reliqua
3365 5292 3566 5361 (Cant.
3603 5306 3683 5361 IV,
3723 5293 3826 5364 16).

2175 5385 2460 5443 Interiora
2502 5399 2644 5454 ergo
2705 5385 2890 5441 austri
2949 5389 3086 5441 sunt
3107 5381 3322 5439 occulti
3352 5379 3432 5436 illi
3476 5382 3830 5452 angelorum

2176 5475 2438 5544 ordines,
2498 5477 2555 5529 et
2611 5474 3022 5530 secretissima
3090 5468 3296 5540 patria
3353 5471 3609 5526 caelestis
3666 5472 3831 5525 sinus

2179 5582 2336 5638 quos
2366 5564 2575 5638 implet
2633 5563 2796 5620 calor
2844 5559 3091 5632 Spiritus
3149 5559 3357 5617 sancti.
3409 5560 3550 5616 Illuc
3607 5559 3831 5630 quippe
