4146 6156
402 109 503 165 195
591 73 600 80 ’

1446 99 1506 155 s.
1548 94 1812 154 onoms
1851 63 2147 148 ABBA‘HS
2182 86 2687 145 emuncst
2718 86 2770 141 ii

3708 84 3819 137 196

397 237 745 292 sanctorum
763 229 1234 295 animae,etnunc
1252 222 1605 297 corporibus
1626 220 2048 291 exutae,etpost
2080 216 2127 268 Α
2158 231 2194 271 a
2221 215 2447 287 populo
2468 212 2709 270 amovit.
2738 212 2843 268 Irae
2886 208 3067 282 igitur
3122 208 3223 264 Dei
3275 210 3333 297 et
3388 204 3580 262 resisti
3636 203 3815 297 valet,

395 322 747 396 corporibus
778 318 1056 373 restitutae
1079 314 1455 388 perveniunt,
1490 315 1547 367 et
1571 308 1747 385 quasi
1797 310 1957 365 astra
1986 305 2047 361 in

393 411 610 469 abditis
632 407 1025 464 occultantur.
1051 403 1329 477 Sequitur
1353 422 1365 457 :

463 503 628 555 Vens.
664 501 747 554 10.
785 498 900 565 Qui
913 496 1069 565 facit
1091 508 1315 564 magna
1336 498 1389 548 et
1413 488 1852 555 inscrutabitia,
1872 491 1925 542 et
1942 486 2048 540 mi-

391 589 636 652 rabilia,
677 602 929 660 quorum
980 599 1099 638 non
1148 586 1232 638 est
1283 594 1586 636 numerus.
1646 610 1714 617 —
1768 573 2047 630 Videlicet

389 693 615 748 magna
632 676 865 742 virtute,
882 668 1293 729 inscrutabilia
1312 669 1562 732 ratione,
1583 663 2045 725 innumerabilia

391 766 841 843 multiplicitate.
922 762 1141 818 Divinas
1201 760 1425 835 quippe
1472 755 1831 815 fortitudinis
1887 753 2044 819 facta

391 863 531 919 tunc
558 855 758 912 verius
789 852 1121 926 explemus,
1171 867 1309 907 cum
1352 850 1480 904 haec
1524 863 1635 903 nos
1691 861 1811 900 non
1864 856 2043 916 posse

390 945 833 1017 cognoscimus.
862 946 1025 999 Tunc
1056 940 1371 1005 facundius
1400 937 1726 1011 loquimur,
1771 950 1910 990 cum
1965 931 2042 987 ab

387 1038 481 1095 his
504 1032 958 1108 obtupescendo
987 1032 1325 1090 reticemus.
1360 1027 1525 1084 Hinc.
1553 1025 1866 1082 Psalmista
1917 1022 1998 1079 ait
2026 1041 2038 1077 :

390 1147 421 1183 ‹
452 1124 716 1183 Laudate
744 1140 883 1181 eum
898 1122 959 1178 in
989 1118 1397 1193 potentatibus
1423 1118 1573 1189 ejus,
1623 1135 1653 1169 »
1696 1120 1753 1171 et
1809 1111 2039 1188 reliqua

389 1215 573 1289 (Psat.
596 1229 721 1283 xxx,
754 1214 829 1284 7).
864 1211 1155 1284 Sequitur.

456 1303 622 1357 Vens.
659 1305 743 1355 11.
772 1301 843 1355 Si
866 1300 1093 1357 venerit
1122 1298 1204 1355 ad
1231 1313 1341 1368 me,
1374 1312 1494 1352 non
1528 1294 1732 1351 videbo
1776 1308 1930 1363 eum,
1986 1297 2042 1347 et

384 1392 440 1445 si
464 1391 699 1459 abierit,
728 1406 848 1445 non
878 1389 1313 1458 intelligam.—
1345 1388 1632 1441 Accessus
1653 1381 1832 1453 igitur
1854 1396 2042 1435 reces-

386 1494 608 1551 susque
638 1478 737 1533 Dei
767 1493 803 1533 a
833 1479 1032 1531 mente
1085 1478 1291 1530 nostra
1340 1471 1586 1528 minime
1637 1469 2037 1539 cognoscitur,

2155 305 2402 379 quando
2433 304 2557 378 ipse
2615 302 2719 376 qui
2767 300 3058 370 irascitur,
3107 296 3431 371 opitulatur
3465 314 3479 364 ;
3522 297 3587 350 et
3624 292 3819 351 resisti

2154 394 2402 451 omnino
2432 408 2551 448 non
2584 391 2758 458 valet,
2789 387 3038 462 quando
3070 402 3132 443 se
3151 390 3215 442 et
3264 385 3344 442 ad
3396 381 3814 440 ulciscendum

2154 484 2368 541 excitat
2391 488 2449 540 et
2474 483 2601 555 ipse
2626 496 2887 554 precem,
2919 494 3054 551 qua:
3078 476 3135 532 ei
3163 474 3455 542 funditur,
3486 488 3614 529 non
3661 471 3817 544 aspir

2152 576 2263 629 rat.
2299 573 2446 629 Hinc
2475 572 2555 628 ad
2582 569 2898 629 ieremiam
2922 566 3175 624 dicitur:
3201 588 3229 615 ‹‹
3257 569 3343 622 Tu
3373 579 3516 636 ergo
3537 560 3663 619 noli
3684 576 3817 618 arar

2152 680 2215 720 re
2245 680 2355 737 pro
2384 663 2631 737 populo,
2659 677 2769 718 nec
2794 674 3073 716 assumas
3098 672 3212 731 pro
3228 656 3315 712 eis
3333 654 3579 711 laudem
3596 656 3665 708 et
3680 667 3814 709 ora-

2154 752 2396 821 tionem,
2430 751 2574 824 quia
2602 766 2725 807 non
2752 748 3078 806 exaudiam
3103 746 3166 802 in
3214 749 3485 817 tempore
3527 740 3813 798 clamoris

2153 858 2363 897 eorum
2393 841 2471 898 ad
2497 858 2593 896 me
2649 842 2793 911 (Jer.
2824 855 2925 906 vn,
2957 838 3065 909 16).
3102 859 3132 887 ››
3180 834 3327 893 Eine
3348 848 3595 891 rursum
3622 829 3809 903 serip-

2152 934 2280 986 tum
2303 935 2391 987 est
2418 947 2430 986 :
2462 950 2492 983 «
2520 929 2673 997 Quid
2704 928 2930 985 clamas
2962 940 3143 999 super
3166 922 3649 982 oontritionetua
3669 921 3699 975 ‘I
3722 922 3813 985 ι..

2152 1020 2440 1077 sanabilis
2472 1019 2644 1076 dolor
2683 1023 2821 1075 tuus
2880 1018 3025 1085 (Jer.
3077 1032 3218 1085 xxx,
3255 1014 3361 1085 15).
3394 1035 3425 1064 n
3466 1010 3743 1084 Sequitur
3792 1027 3805 1063 :

2152 1113 2223 1166 Et
2248 1111 2355 1165 sub
2378 1126 2495 1182 quo
2526 1114 2863 1166 curvantur
2880 1106 2987 1178 qui
3009 1109 3257 1177 portant
3288 1104 3507 1160 orbem.
3566 1133 3637 1145 ——
3691 1100 3813 1172 ipsi

2152 1200 2371 1256 etenim
2400 1199 2609 1255 orbem
2630 1201 2890 1272 portant,
2922 1194 3027 1269 qui
3046 1210 3221 1251 curas
3251 1190 3562 1266 praesentis
3607 1187 3811 1245 mli

2152 1288 2422 1345 tolerant.
2498 1288 2663 1343 Unde
2720 1285 2883 1358 apud
2967 1287 3200 1341 Graecos
3265 1286 3437 1337 terrae
3506 1278 3811 1352 principes

2153 1377 2390 1450 βασιλέις
2415 1380 2678 1433 voca-tur.
2713 1379 2865 1431 Laus
2891 1374 3051 1430 enim
3072 1373 3334 1443 populus
3365 1370 3804 1441 interpm'

2152 1466 2416 1523 Basileus
2437 1482 2580 1536 ergo
2638 1465 2837 1521 Latine
2893 1464 3047 1520 basis
3098 1460 3317 1533 popubi
3366 1457 3808 1531 interprelatur,

382 1546 707 1641 quousque
790 1580 990 1619 rerum
1048 1561 1470 1619 alternantium
1520 1559 1658 1617 ﬁnis
1706 1559 2035 1630 ignoratur,
2063 1568 2110 1621 ’Β
2149 1556 2293 1629 quia
2315 1556 2584 1612 videlicet
2610 1554 2737 1625 ipse
2758 1568 2938 1626 super
2967 1568 3029 1607 se
3060 1549 3356 1623 populum
3395 1546 3650 1604 sustinet
3694 1546 3809 1618 qui

383 1658 528 1730 quia
547 1660 606 1712 et
629 1656 704 1711 de
733 1654 1061 1711 tentatione
1087 1653 1378 1709 incertum
1408 1654 1496 1706 est
1550 1655 1752 1705 utrum
1804 1648 2035 1721 probet,

385 1760 462 1804 an
485 1743 756 1812 trucidet,
783 1747 839 1799 et
865 1743 940 1798 de
983 1741 1157 1798 donis
1198 1755 1598 1817 nequaquam
1650 1736 2040 1811 deprehendi-

386 1840 498 1903 tur,
525 1838 727 1891 utrum
748 1832 843 1890 hic
870 1832 1138 1901 desertos
1162 1834 1566 1899 remunerent,
1603 1844 1679 1884 an
1708 1828 1769 1883 in
1799 1827 1899 1883 via
1925 1843 2039 1882 nu—

385 1923 589 1993 triunt,
623 1926 687 1978 ut
718 1921 796 1983 ad
818 1921 1076 1997 patriam
1098 1919 1449 1993 perducant.
1484 1922 1564 1973 Ac
1588 1917 1637 1972 si
1665 1932 1807 1987 ergo
1838 1918 2038 1993 aperte

382 2013 653 2085 deplorat
679 2011 924 2068 dicens:
961 2011 1291 2083 Postquam
1324 2006 1511 2063 semel
1566 2010 1778 2080 sponte
1828 2004 2035 2060 oculos

377 2101 635 2177 perdidi,
660 2098 977 2177 quomodo
1003 2098 1270 2171 quaesitae
1325 2095 1514 2153 noctis
1562 2095 1884 2151 caecitatem
1934 2109 2040 2167 pa-

381 2192 513 2262 tior,
540 2207 651 2259 nec
683 2194 882 2251 ortum
905 2189 1037 2259 jam
1057 2202 1168 2245 nec
1197 2202 1484 2245 occasum
1526 2185 1665 2241 solis
1713 2198 1980 2255 agnosco
2012 2182 2039 2237 ?

379 2280 653 2357 Sequitur
685 2297 696 2335 :

450 2371 621 2426 Vens.
654 2372 734 2424 i2.
765 2368 832 2424 Si
859 2372 1101 2440 repente
1129 2367 1477 2435 interroget,
1507 2364 1638 2434 quis
1661 2359 2038 2432 respondebit

380 2461 436 2517 ei
461 2460 488 2515 ‘2
518 2490 587 2499 —
609 2461 869 2531 Repente
886 2456 1222 2531 interrogat
1251 2458 1425 2522 Deus,
1459 2469 1597 2511 cum
1625 2468 1737 2507 nos
1790 2451 1867 2509 ad
1924 2451 2037 2506 dis-

381 2547 713 2605 trictionem
742 2545 833 2604 sui
856 2543 1149 2605 examinis
1179 2542 1520 2615 inopinatos
1549 2543 1742 2597 vocat.
1778 2539 1893 2597 Sed
1956 2539 2037 2596 in-

380 2635 768 2707 terrogationi
791 2634 948 2697 illius
970 2632 1334 2707 respondere
1389 2631 1574 2688 homo
1617 2646 1741 2689 non
1796 2629 2030 2692 sufﬁcit,

377 2728 523 2803 quia
543 2726 592 2783 si
618 2728 850 2783 remota
879 2728 1019 2780 tunc
1042 2722 1260 2797 pietate
1285 2720 1617 2787 discutitur,
1649 2719 1708 2776 in
1743 2719 1843 2775 illo
1899 2735 2035 2776 exa¢

372 2817 539 2891 mine
556 2815 744 2873 etiam
766 2816 1073 2884 justorum
1097 2811 1217 2869 vita
1247 2809 1603 2868 succumbit.
1636 2808 1735 2864 Vel
1757 2812 1911 2869 certe
1940 2810 2030 2869 in-

2148 1650 2346 1701 motus
2370 1644 2527 1701 illius
2560 1642 2869 1718 potestatis
2909 1640 3177 1715 pondere
3223 1639 3384 1695 ﬁxus
3425 1636 3605 1719 regit.
3644 1640 3725 1691 Ac
3754 1635 3808 1691 si

2147 1750 2290 1805 ergo
2320 1738 2521 1808 aperte
2548 1733 2710 1790 dicat
2744 1735 2850 1788 z’Et
2876 1730 3176 1802 subjectos
3196 1727 3510 1801 quondam
3540 1724 3806 1782 districte

2147 1823 2391 1893 deseris,
2420 1827 2477 1879 et
2502 1827 2727 1879 erectas
2754 1824 3075 1894 potestates
3103 1817 3369 1890 gentium
3400 1813 3803 1871 misericordi—

2144 1920 2234 1972 ter
2258 1914 2467 1987 ﬂectis.
2496 1913 2690 1969 Aliter.
2725 1910 3020 1981 Angelicae
3048 1907 3278 1965 virtutis
3304 1907 3516 1963 orbem
3543 1907 3799 1978 portant,

2148 2021 2283 2077 quae
2308 2003 2554 2074 regendi
2579 2018 2753 2057 curas
2785 1999 3222 2066 administrant,
3252 1995 3439 2052 Paulo
3470 1997 3802 2061 antistante,

2147 2094 2251 2168 qui
2282 2094 2364 2150 ait
2392 2112 2404 2149 :
2439 2113 2469 2149 (ς
2501 2097 2706 2149 Nonne
2729 2105 2940 2146 omnes
2972 2085 3460 2144 administratorii
3503 2087 3645 2140 sunt
3687 2082 3804 2156 spi-

2148 2183 2317 2254 ritus,
2343 2182 2407 2238 in
2436 2179 2833 2237 ministerium
2865 2177 3033 2235 missi
3061 2178 3304 2249 propter
3335 2189 3438 2229 eos
3465 2172 3571 2246 qui
3617 2171 3806 2227 haere-

2147 2272 2394 2331 ditatem
2422 2269 2668 2345 capiunt
2689 2267 2894 2325 salutis
2923 2268 2954 2323 ‘I
2989 2285 3020 2320 »
3044 2265 3256 2337 (Hebr.
3291 2280 3327 2331 ι,
3362 2264 3471 2329 14.)
3529 2264 3613 2317 Ac
3639 2261 3689 2318 si
3717 2277 3805 2318 er-

2146 2377 2222 2433 go
2243 2360 2464 2418 diceret
2494 2376 2506 2414 :
2541 2359 2679 2424 Quis
2702 2357 3080 2413 inﬁrmorum
3116 2353 3430 2411 hominum
3460 2351 3577 2409 tuis
3620 2349 3798 2406 nubi-

2144 2449 2260 2505 bus
2289 2448 2506 2515 obviet,
2542 2448 2714 2519 cujus
2734 2463 2796 2502 se
2825 2444 3143 2503 formidine
3169 2445 3225 2500 et
3249 2441 3494 2497 virtutes
3516 2439 3802 2511 angelicae

2144 2538 2434 2595 inclinant
2463 2542 2491 2593 ?
2520 2536 2620 2593 Vel
2649 2540 2803 2595 certe
2832 2534 3008 2591 erecti
3038 2536 3237 2590 essent
3292 2531 3375 2587 illi
3432 2528 3802 2586 subtilissimi

2145 2627 2405 2703 spiritus,
2439 2626 2487 2681 si
2512 2625 2685 2700 plene
2706 2624 2836 2696 ejus
2873 2622 3201 2694 majestatis
3254 2619 3586 2694 potentiam
3631 2617 3803 2674 attin-

2143 2720 2365 2788 gerent.
2398 2716 2511 2774 Sed
2536 2716 2640 2790 qui
2667 2714 2877 2771 orbem
2897 2714 3156 2786 portant,
3185 2708 3298 2766 sub
3321 2711 3439 2766 Deo
3461 2708 3625 2765 curvi
3640 2711 3797 2774 sunt,

2141 2806 2286 2879 quia
2314 2804 2633 2862 divinitatis
2661 2804 2792 2877 ejus
2815 2801 3228 2859 celsitudinem
3257 2815 3445 2873 quam
3505 2797 3797 2854 sublevati

376 2887 655 2976 terrogat,
685 2920 826 2961 cum
846 2901 1012 2959 duris
1036 2917 1149 2957 nos
1180 2898 1695 2973 persecutionibus
1724 2898 1943 2971 pulsat,
1977 2903 2034 2956 et
2058 2922 2102 2978 ρ
2140 2895 2404 2966 videant,
2428 2906 2538 2953 nec
2566 2894 2811 2950 virtutes
2836 2896 3041 2949 tamen
3071 2889 3356 2960 angelicae
3410 2887 3802 2962 comprehen-

369 2995 728 3068 plerumque
760 2992 865 3065 qui
886 2990 1233 3066 percutitur,
1276 2988 1477 3060 gemit.
1513 2988 1627 3046 Sed
1666 2988 2030 3061 respondere

371 3100 495 3145 non
524 3083 762 3152 sufﬁcit,
789 3082 933 3154 quia
957 3084 1013 3137 et
1040 3081 1174 3159 ipsa
1199 3078 1252 3136 ei
1290 3077 1693 3157 percussionis
1746 3094 1871 3135 suae
1928 3078 2032 3135 ad-

370 3174 619 3233 versitas
649 3171 938 3243 displicet,
973 3170 1079 3227 sed
1098 3173 1301 3226 tamen
1327 3169 1512 3231 homo
1535 3172 1706 3236 tacet,
1739 3172 1796 3224 et
1824 3168 2029 3225 divina

371 3261 599 3334 judicia
628 3259 921 3319 discutere
942 3256 1172 3319 metuit,
1202 3255 1308 3331 qui
1336 3271 1468 3312 esse
1496 3271 1557 3310 se
1585 3255 1899 3329 pulverem
1925 3271 2027 3329 ag-

369 3349 582 3407 noscit.
604 3347 751 3411 Hinc
779 3343 998 3402 Paulus
1033 3343 1115 3400 ait
1145 3361 1156 3398 :
1192 3365 1218 3393 «
1246 3344 1288 3401 Ο
1320 3342 1526 3414 homo,
1554 3347 1619 3399 tu
1640 3342 1775 3417 quis
1813 3359 1876 3399 es
1919 3343 2026 3417 qui

369 3436 741 3511 respondeas
775 3436 894 3490 Deo
922 3434 1105 3506 (Rom.
1160 3448 1236 3493 ix,
1288 3430 1398 3503 20).
1442 3454 1471 3481 ››
1531 3430 1852 3505 Sequitur:
1923 3434 2025 3489 Vel

369 3526 501 3598 quis
522 3526 575 3582 ei
603 3524 798 3580 dicere
820 3525 1035 3592 potest,
1068 3535 1179 3577 cur
1198 3520 1283 3576 ita
1302 3521 1457 3589 facis
1469 3519 1843 3576 ?—Auctoris
1866 3519 2024 3577 facta

370 3626 607 3689 semper
635 3608 982 3669 veneranda
1010 3610 1149 3664 sunt
1186 3606 1551 3680 indiscussa,
1599 3607 1742 3685 quia
1796 3607 2023 3679 injuste

365 3716 758 3780 nequaquam
793 3714 921 3759 esse
977 3699 1255 3773 possunt.
1314 3697 1625 3758 Rationem
1675 3697 1898 3771 quippe
1945 3699 2021 3755 de

364 3791 601 3854 occulto
621 3792 753 3865 ejus
784 3788 1030 3848 consilio
1049 3803 1317 3862 quaerere
1346 3785 1494 3847 nlhil
1513 3791 1602 3844 est
1630 3787 1814 3857 aliud,
1832 3804 2020 3867 quam

365 3886 573 3941 contra
602 3881 733 3955 ejus
753 3879 1069 3939 consilium
1114 3877 1440 3955 superbire.
1488 3877 1581 3933 Ad
1637 3878 2021 3953 semetipsam

362 3987 507 4044 ergo
529 3971 598 4029 in
626 3969 1012 4047 percussione
1041 3982 1213 4029 mens
1242 3966 1465 4036 redeat,
1495 3971 1551 4023 et
1578 3966 1746 4040 quod
1802 3983 2018 4043 appre-

359 4060 623 4125 hendere
651 4075 776 4118 non
804 4057 980 4128 valet,
1011 4073 1134 4122 non
1164 4056 1446 4133 requirat.
1508 4055 1652 4113 Hinc
1683 4055 1900 4117 Paulus
1926 4056 2015 4113 di-

362 4150 481 4209 cit:
514 4172 543 4200 «
574 4147 856 4225 Nunquid
884 4146 1025 4225 dicit
1051 4145 1411 4219 ﬁgmentum
1440 4143 1493 4200 ei
1522 4145 1628 4221 qui
1678 4161 1740 4201 se
1794 4145 1966 4204 ﬁnxit
2000 4163 2012 4201 :

362 4240 557 4307 Quare
580 4252 685 4292 me
714 4233 901 4291 fecisti
931 4233 1013 4291 sic
1042 4234 1070 4290 7
1100 4251 1130 4285 ›
1166 4233 1361 4303 (Ibid)
1395 4232 1671 4304 Sequitur
1702 4249 1714 4286 :

432 4325 606 4383 Vens.
630 4327 714 4380 13.
734 4324 889 4379 Deus
916 4323 1088 4392 cujus
1104 4321 1215 4377 ira:
1235 4335 1402 4378 nemo
1419 4321 1691 4377 resistere
1703 4327 1914 4390 potest.
1945 4354 2014 4364 —

358 4411 692 4473 Mirandum
720 4410 896 4470 valde
916 4415 1024 4481 est,
1056 4408 1368 4483 quomodo
1401 4409 1618 4467 divinae
1647 4410 1750 4469 irae
1778 4411 2013 4473 nullum

348 4518 535 4579 posse
553 4503 823 4563 resistere
853 4501 1087 4569 dicitur,
1118 4516 1259 4559 cum
1285 4498 1504 4556 multos
1531 4515 1688 4573 saepe
1709 4500 2007 4570 restitisse,

354 4582 643 4668 exemplis
671 4590 1043 4667 exigentibus
1072 4589 1537 4661 demonstratur,
1570 4587 1721 4646 sicut
1760 4593 2009 4663 Moyses,

353 4685 572 4751 Aaron,
594 4682 842 4743 Phineas
862 4684 919 4739 et
938 4680 1147 4741 David.
1172 4680 1287 4739 Sed
1300 4680 1350 4737 si
1367 4679 1657 4739 subtiliter
1675 4696 2007 4755 pensamus

353 4774 411 4831 et
421 4787 631 4829 verum
642 4770 1243 4844 cognoscimus,quia
1262 4770 1481 4833 divinae
1509 4770 1611 4828 irae
1636 4787 1759 4828 non
1795 4771 2010 4831 resisti-

354 4862 467 4931 tur,
486 4862 543 4917 et
564 4874 773 4917 verum
792 4860 960 4935 quod
972 4859 1147 4935 multi
1176 4875 1336 4933 saepe
1378 4859 1736 4923 restiterunt.
1786 4863 2006 4931 Omnes

351 4947 513 5013 enim
539 4948 727 5023 sancti
745 4948 854 5025 qui
879 4946 982 5004 irae
996 4948 1099 5005 Dei
1118 4948 1385 5020 obviant,
1415 4948 1496 5023 ab
1524 4948 1656 5023 ipso
1681 4951 2001 5023 accipiunt,

349 5042 414 5099 ut
434 5040 640 5098 contra
661 5038 955 5111 impetum
976 5036 1376 5113 percussionis
1419 5038 1549 5112 ejus
1597 5044 2001 5113 opponantur,

350 5133 553 5203 atque,
570 5131 637 5187 ut
654 5127 737 5186 ita
757 5124 1032 5197 dixerim,
1046 5142 1187 5184 cum
1206 5126 1338 5200 ipso
1360 5144 1424 5183 se
1445 5127 1899 5199 eriguntcontra
1918 5129 2005 5205 ip-

350 5235 509 5289 sum,
532 5222 591 5275 et
614 5217 779 5277 velut
802 5214 1028 5275 nolenti
1057 5216 1401 5291 opponitur,
1425 5218 1591 5291 quod
1620 5218 1699 5275 ab
1751 5218 1883 5293 ipso
1936 5223 2002 5277 ut

344 5306 452 5365 ﬁat
468 5307 816 5381 imperatur.
838 5306 987 5363 Cum
1001 5320 1144 5362 vero
1165 5310 1426 5380 superat,
1441 5306 1772 5379 indignatio
1787 5308 1999 5366 huma-

344 5407 427 5451 na
445 5408 570 5453 non
584 5394 816 5452 retinet.
834 5394 980 5455 Hinc
997 5396 1225 5467 Moyses
1236 5398 1295 5452 et
1312 5393 1612 5469 dispositae
1628 5395 1869 5452 ultionis
1884 5395 1996 5452 ira-

345 5481 630 5541 cundiam
652 5484 1019 5561 asemetipso
1034 5484 1316 5560 repellere
1332 5499 1456 5549 non
1471 5482 1677 5551 valuit,
1696 5487 1760 5541 ut
1779 5487 1998 5541 terram

341 5571 588 5633 intraret
604 5572 1105 5647 repromissionis,
1118 5575 1223 5648 qui
1236 5575 1394 5633 hanc
1413 5572 1647 5632 volente
1664 5573 1920 5632 Domino
1941 5578 1999 5632 et

2140 2985 2311 3041 dunt.
2350 2985 2625 3058 Sequitur
2651 3002 2664 3039 :

2210 3077 2377 3131 Vsus.
2406 3078 2490 3130 14.
2526 3074 2796 3141 Quantus
2823 3087 2961 3142 ergo
2990 3085 3119 3126 sum
3151 3085 3275 3141 ego,
3308 3074 3375 3124 ut
3404 3068 3796 3141 respondeam

2137 3167 2210 3237 ei,
2242 3170 2297 3221 et
2331 3166 2545 3237 loquar
2576 3162 2765 3219 verbis
2794 3162 2934 3218 meis
2964 3177 3098 3217 cum
3129 3175 3193 3217 eo
3212 3161 3241 3215 ?
3293 3191 3363 3200 —
3411 3162 3494 3214 Ac
3517 3158 3564 3214 si
3593 3162 3795 3231 aperte

2135 3254 2296 3311 dicat
2327 3273 2339 3309 :
2364 3253 2420 3309 Si
2446 3256 2718 3309 creatura
2740 3251 2841 3308 illa
2877 3251 3041 3307 hunc
3071 3248 3449 3306 considerare
3473 3264 3598 3305 non
3625 3246 3793 3303 sum-

2136 3343 2231 3414 cit,
2257 3359 2395 3417 quae
2425 3357 2603 3398 carne
2623 3356 2744 3398 non
2766 3338 3077 3415 premitur,
3101 3354 3225 3412 qua
3252 3342 3451 3395 mente
3471 3352 3585 3408 ego
3604 3336 3679 3393 de
3700 3337 3797 3410 ju-

2133 3432 2300 3488 diciis
2328 3432 2589 3505 disputo,
2621 3430 2722 3507 qui
2750 3429 3017 3505 pondere
3043 3426 3442 3503 corruptionis
3462 3428 3793 3499 angustor?

2133 3520 2323 3577 Verba
2353 3519 2451 3576 Dei
2482 3520 2558 3577 ad
2588 3536 2699 3575 nos
2731 3522 2870 3575 sunt
2890 3517 3118 3590 judicia
3145 3517 3324 3587 illius,
3375 3533 3513 3591 quae
3563 3519 3793 3573 nostro-

2129 3626 2266 3667 rum
2293 3615 2536 3667 actuum
2562 3608 2914 3666 sententiam
2932 3608 3280 3682 loquuntur,
3303 3610 3360 3663 et
3383 3606 3570 3664 verba
3587 3609 3795 3663 nostra

2132 3700 2212 3757 ad
2240 3703 2428 3757 Deum
2459 3703 2597 3756 sunt
2626 3715 2810 3775 opera
2861 3715 2995 3771 quae
3046 3696 3418 3753 exhibemus.
3482 3695 3598 3753 Sed
3648 3711 3789 3753 cum

2132 3793 2250 3847 Deo
2279 3789 2447 3864 loqui
2477 3788 2674 3846 verbis
2704 3788 2826 3844 suis
2853 3803 2979 3844 non
2997 3786 3157 3844 valet
3179 3787 3385 3858 homo,
3428 3786 3574 3862 quia
3620 3785 3790 3859 apud

2131 3879 2344 3937 subtile
2371 3879 2499 3951 ejus
2520 3877 2815 3949 judicium
2839 3876 3072 3933 nullam
3097 3876 3172 3933 de
3199 3876 3322 3932 suis
3342 3874 3574 3933 actibus
3630 3875 3786 3931 ﬁdu-

2129 3967 2284 4025 ciam
2315 3970 2490 4024 tenet.
2524 3964 2798 4040 Sequitur
2827 3981 2840 4019 :

2200 4060 2367 4115 Vsus.
2403 4057 2488 4112 15.
2533 4056 2683 4124 Quia
2740 4054 2974 4111 etiamsi
3025 4054 3289 4111 habuero
3336 4053 3633 4125 quidquid
3651 4055 3789 4124 jus-

2131 4156 2277 4218 tum,
2308 4163 2428 4203 non
2460 4144 2840 4216 respondebo,
2867 4145 2972 4201 sed
3013 4159 3204 4201 meum
3252 4144 3521 4215 judicem
3580 4144 3788 4215 depre-

2129 4238 2330 4294 cabor.
2363 4267 2431 4277 —
2462 4234 2667 4292 Omnis
2691 4233 2915 4307 quippe
2933 4233 3205 4295 humana
3231 4232 3785 4313 justitia,injustitia

2127 4340 2256 4381 esse
2283 4322 2672 4394 convincitur,
2705 4320 2753 4377 si
2781 4320 3041 4378 districte
3061 4320 3382 4395 judicetur.
3409 4323 3584 4378 Prece
3638 4336 3782 4393 ergo

2122 4416 2262 4487 post
2279 4411 2569 4485 justitiam
2600 4409 2845 4481 indiget,
2876 4413 2941 4466 ut
2968 4425 3105 4484 quae
3138 4410 3531 4468 succumbere
3551 4409 3783 4467 discus-

2122 4519 2189 4559 sa
2212 4504 2468 4576 poterat,
2496 4517 2569 4558 ex
2598 4500 2780 4556 solius
2830 4499 3047 4572 judicis
3101 4500 3317 4573 pietate
3376 4498 3774 4558 convalescat.

2119 4595 2200 4648 Ac
2227 4591 2275 4648 si
2300 4606 2442 4661 ergo
2472 4589 2633 4646 dicat
2665 4606 2678 4644 :
2708 4591 2774 4645 Et
2805 4588 2856 4645 si
2886 4588 2966 4644 ad
2994 4605 3151 4664 opus
3176 4588 3408 4646 virtutis
3461 4603 3777 4646 accrevero

2118 4681 2197 4740 ad
2211 4680 2418 4749 vitam,
2476 4695 2598 4735 non
2624 4695 2697 4735 ex
2725 4678 2968 4747 meritis,
3001 4678 3111 4734 sed
3138 4678 3311 4736 venia
3334 4679 3773 4735 convaiescam.

2117 4773 2290 4827 Prece
2308 4769 2509 4843 itaque
2539 4767 2917 4824 innitendum
2951 4772 3039 4826 est
3063 4783 3204 4826 cum
3232 4772 3395 4825 recta
3423 4769 3686 4840 agimus,
3709 4771 3778 4824 ut

2115 4875 2294 4917 omne
2305 4858 2473 4935 quod
2488 4858 2647 4930 juste
2666 4856 2924 4914 vivimus
2947 4873 3020 4914 ex
3038 4857 3374 4917 humilitate
3391 4857 3769 4915 condiamus.

2118 4948 2395 5025 Sequitur
2428 4965 2441 5003 :

2183 5042 2352 5097 γωδ.
2390 5041 2474 5093 16.
2501 5037 2581 5094 Et
2597 5052 2729 5095 cum
2740 5038 3111 5096 invocantem
3139 5054 3231 5096 me
3258 5038 3616 5106 exaudierit,
3647 5053 3772 5094 non

2112 5131 2287 5190 credo
2316 5129 2475 5202 quod
2501 5129 2838 5191 exaudierit
2862 5144 3058 5186 vocem
3084 5144 3296 5187 meam.
3324 5128 3769 5205 —Plerumque

2110 5219 2329 5279 etenim
2358 5231 2531 5275 mens
2555 5217 2693 5290 igne
2724 5216 2909 5273 divini
2942 5218 3167 5275 amoris
3199 5218 3565 5286 accenditur,
3584 5221 3768 5292 atque

2105 5308 2183 5367 ad
2212 5308 2502 5367 intuenda
2532 5307 2792 5369 coelestia
2816 5312 2874 5368 et
2892 5325 3114 5368 arcana
3145 5310 3511 5381 sublevatur,
3542 5307 3647 5365 sed
3670 5321 3766 5363 re-

2104 5398 2350 5469 pentina
2379 5397 2710 5454 tentatione'
2725 5412 3032 5469 percussa,
3065 5415 3202 5472 quae
3254 5398 3579 5455 intentione
3628 5394 3765 5452 forti

2103 5490 2299 5544 erecta
2324 5485 2518 5543 fuerat
2557 5487 2619 5543 in
2668 5486 2876 5556 Deum,
2928 5486 3006 5545 ab
3058 5487 3245 5547 hostis
3295 5484 3761 5558 cogitationibus

2100 5576 2392 5634 transﬁxa
2418 5578 2717 5634 curvatur.
2750 5579 2901 5635 Nam
2921 5592 3080 5652 saepe
3092 5578 3171 5636 ad
3189 5577 3307 5636 hoc
3323 5591 3515 5650 usque
3533 5574 3759 5650 perdu-
