4146 6156
262 110 366 165 907

1098 119 1393 175 EPITOME
1431 121 1795 179 uessqu
1830 90 1891 177 ς.
1928 118 2143 177 esse.
2180 123 2252 177 iri
2291 122 2433 178 ioc.
2474 152 2542 163 —
2574 123 2713 179 ua.
2755 125 2856 179 IX.

3582 130 3692 185 108

248 232 433 323 citur,
464 237 532 290 ut
559 235 809 293 miretur
832 238 1152 310 quomodo
1186 246 1318 298 tam
1361 260 1606 302 summa
1647 261 1920 318 compre-
1960 245 2010 298 Α
2034 245 2172 301 aliis
2195 246 2431 319 loquar,
2458 246 2564 319 qui
2587 246 2662 302 de
2686 264 2787 303 me
2801 249 3217 307 ttestimonium
3240 249 3371 323 ipse
3394 251 3550 310 terre
3567 267 3694 309 non

252 322 493 393 bendit,
551 342 742 398 quam
772 327 1056 396 cogitatio
1082 328 1293 387 illicita
1318 333 1551 405 polluit,
1585 340 1642 392 et
1680 352 1922 391 rursum

253 413 581 484 quomodo
608 414 809 471 illicita
854 416 1079 489 recipit,
1123 434 1312 491 quam
1365 438 1547 494 super
1594 440 1656 480 se
1690 423 1922 479 validus

250 501 464 558 fervor
488 503 739 575 spiritus
768 504 940 577 rapit.
978 506 1130 561 ‘llinc
1150 509 1447 581 scriptum
1469 517 1560 568 est
1591 530 1604 569 :
1651 534 1678 562 «
1704 518 1923 569 Ascen-

256 590 419 647 dunt
472 604 664 665 usque
690 591 766 649 ad
816 592 1020 666 caelos,
1076 601 1134 651 et
1168 596 1543 656 descendunt
1600 617 1790 674 usque
1847 601 1925 657 ad

248 681 524 754 abyssos
554 684 747 749 (Psal.
766 699 892 749 rm,
918 685 1031 755 26).
1056 708 1083 734 »
1116 689 1275 743 Mens
1305 688 1504 762 itaque
1542 707 1615 747 ex
1661 692 1793 763 ipsa
1816 706 1928 747 sua

259 770 1218 847 mutabilitateﬁttrepidamt-‘per
1246 777 1360 833 hoc
1385 779 1552 850 quod
1582 780 1792 837 nolens
1815 795 1925 853 pa-

252 858 757 932 ltiturprepulsam
782 876 846 917 se
897 862 1320 938 abjectamque
1378 869 1737 941 suspicatur,
1790 869 1929 924 sibi-

254 962 382 1021 que
411 948 833 1007 certitudinem
868 952 1288 1010 exauditionis
1340 956 1675 1013 obnubilat.
1732 958 1932 1031 Sequi-

252 1041 408 1094 ἰω-ε

336 1128 506 1181 Vm.
550 1128 742 1183 t7..1n
774 1128 1015 1186 turbine
1030 1133 1187 1186 enim
1214 1139 1477 1190 conteret
1500 1150 1608 1190 me.
1631 1165 1699 1174 —
1720 1137 1930 1190 Pecca-

256 1220 360 1271 ‘tor
380 1214 644 1287 quisque
690 1215 752 1271 in
806 1214 1041 1273 turbine
1091 1219 1376 1288 atteritur,
1435 1222 1539 1293 qui
1590 1226 1821 1278 erectus
1869 1223 1931 1277 in

256 1302 704 1377 tranquillitate
718 1304 1061 1374 videbatur,
1103 1308 1248 1381 quia
1296 1325 1481 1382 quem
1517 1310 1624 1366 diu
1668 1326 1933 1384 superna

258 1392 700 1463 longanimitas
716 1393 962 1465 tolerat,
994 1397 1242 1453 extremi
1266 1398 1475 1468 judicii
1500 1400 1790 1455 severitas
1826 1417 1932 1457 ne-

250 1486 383 1539 tcat.
413 1482 555 1537 Hinc
588 1482 902 1540 Psalmista
933 1485 1015 1540 ait
1043 1502 1055 1539 :
1114 1508 1142 1536 ‹‹
1170 1489 1334 1543 ιῡθιιε
1368 1489 1682 1545 manifeste
1714 1490 1928 1555 veniet,

2036 336 2211 392 valeo
2231 337 2260 391 ‘I
2292 336 2505 393 Subdit
2532 337 2716 392 etiam
2745 356 2757 393 :

2104 425 2281 481 Vens.
2307 426 2399 481 21.
2431 426 2500 482 Si
2528 427 2788 496 simplex
2807 428 3007 497 fuero,
3048 429 3161 486 hoc
3195 431 3391 500 ipsum
3447 433 3693 503 ignora-

2034 515 2119 569 bit
2151 516 2357 571 anima
2387 529 2537 571 mea.
2570 547 2639 556 —-
2674 518 2755 570 Ac
2784 515 2834 570 si
2864 521 3064 589 aperte
3112 517 3333 577 diceret
3350 539 3372 575 ~:
3412 521 3696 580 «Condito-

2035 604 2116 658 ris
2134 607 2346 659 contra
2379 620 2477 659 me
2521 604 2768 674 judicia,
2821 620 2945 677 qua
2994 608 3320 665 temeritate
3375 611 3695 685 redarguo,

2035 692 2139 763 qui
2169 692 2369 764 ipsum
2398 708 2496 747 me
2526 691 2883 749 inﬁrmitatis
2913 694 3164 765 caligine
3206 696 3425 767 ignoro
3455 717 3467 755 :
3529 700 3695 757 Unde

2030 796 2145 852 per
2192 781 2551 853 prophetam
2600 781 2861 838 dicitur:
2912 803 2941 837 ‹
2966 784 3143 840 Dedit
3164 785 3429 859 abyssus
3480 804 3696 845 vocem

2044 884 2219 925 suam
2255 870 2504 937 (Habac.
2535 887 2614 937 ιιι,
2654 872 2795 938 10),››
2816 876 2873 927 et
2890 872 3139 945 reliqua.
3173 864 3697 948 Plerumqueenim

2034 958 2092 1013 si
2126 957 2350 1015 scimus
2370 957 2539 1019 bona
2595 975 2729 1031 (ιιιεθ
2768 960 3025 1031 agimus,
3058 962 3137 1023 ad
3174 962 3492 1027 elationem
3529 965 3697 1023 duci-

2039 1063 2198 1113 mur,
2231 1046 2275 1103 si
2299 1046 2543 1115 scimus,
2572 1048 2825 1105 minime
2852 1065 3188 1115 servamus.
3212 1052 3353 1121 Quis
3382 1058 3585 1117 autem
3612 1054 3696 1115 .de

2037 1135 2264 1192 virtutis
2294 1152 2418 1193 sua:
2438 1136 2802 1194 conscientia
2826 1153 2949 1204 non
2969 1140 3578 1219 quantulumcunque
3600 1160 3697 1215 su-

2036 1224 2273 1299 perbiat
2302 1225 2328 1280 ?
2367 1230 2482 1282 Aut
2508 1226 2644 1300 quis
2662 1243 2915 1283 rursum
2934 1227 3170 1289 bonum
3196 1230 3354 1289 inse
3403 1232 3700 1295 custodiat

2039 1313 2205 1386 quod
2232 1314 2469 1383 ignorat
2497 1316 2525 1370 ?
2550 1318 2622 1371 Et
2650 1320 2858 1372 contra
2908 1320 3178 1390 utraque,
3233 1319 3381 1390 quid
3426 1324 3700 1393 superest

2032 1403 2152 1459 nisi
2178 1408 2242 1459 ut
2262 1409 2422 1461 recta
2465 1420 2602 1477 quae
2646 1404 2904 1475 agimus,
2932 1406 3175 1465 sciendo
3224 1408 3586 1476 nesciamus,
3624 1413 3701 1469 .ut

2026 1492 2166 1548 .btec
2198 1496 2255 1547 et
2278 1497 2443 1549 recta
2471 1493 2859 1561 aestimemus,
2884 1498 2940 1551 et
2976 1494 3227 1552 minima
3254 1498 3282 1552 ?
3313 1498 3699 1574 Sequitur.£t

269 1574 429 1627 Deus
458 1575 661 1627 noster
685 1577 741 1627 et
765 1573 1131 1630 non-silebit.
1154 1576 1317 1645 Ignis
1356 1576 1417 1632 in
1448 1583 1771 1651 conspectu
1801 1580 1932 1651 ejus
1952 1595 2013 1653 ιι
2040 1581 2293 1638 taedebat
2312 1597 2407 1638 me
2438 1583 2574 1639 vitae
2601 1597 2763 1638 meai.
2823 1614 2891 1623 —
2949 1583 3145 1643 Taedet
3188 1573 3424 1654 justum
3477 1586 3694 1656 vivere,

264 1660 637 1730 exardeseet,
668 1665 727 1716 et
769 1661 831 1716 in
885 1662 1136 1718 circuitu
1174 1665 1319 1735 eius
1379 1670 1700 1738 tempestas
1733 1668 1932 1724 valida

250 1750 648 1822 (Pecuniam,
680 1755 759 1818 8).
792 1771 820 1801 »
847 1754 1049 1807 Justus
1075 1757 1276 1810 autem
1333 1754 1554 1812 idcirco
1611 1762 1751 1814 tunc
1808 1774 1926 1814 non

252 1838 613 1907 conteritur,
640 1839 785 1911 quia
808 1839 905 1896 hic
938 1856 1178 1913 semper
1208 1843 1453 1899 sollicite
1476 1845 1778 1902 metuitvue
1794 1862 1932 1901 con-

255 1928 858 2001 tteraturaSequitur:
918 1929 996 1985 Et
1046 1933 1473 2002 multiplicabit
1517 1935 1774 1990 vulnera
1800 1950 1932 1991 mea

266 2018 452 2074 etiam
481 2019 839 2075 summa.
860 2050 928 2059 —
956 2020 1485 2077 Nonnullietenim
1514 2021 1683 2093 prius
1713 2038 1751 2078 a
1779 2038 1929 2094 prce~

252 2106 577 2163 send-luce
602 2107 1038 2164 subtrahuntur
1067 2124 1254 2181 quam
1285 2110 1362 2166 ad
1383 2110 1743 2182 proferenda
1772 2110 1935 2169 bona

270 2195 507 2252 malave
544 2196 756 2253 merita
822 2198 1011 2253 active
1068 2199 1437 2271 perveniant.
1494 2203 1655 2266 Quos
1696 2202 1842 2274 quia
1898 2218 1935 2258 a

248 2285 453 2357 iculpa
474 2286 737 2355 originis
768 2286 975 2343 salutis
1009 2293 1541 2345 sacramentanon
1570 2290 1844 2359 liberant,
1877 2295 1936 2347 et

256 2375 531 2431 'hicnihil
556 2380 897 2449 exproprio
923 2383 1195 2447 egerunt,
1250 2383 1306 2435 et
1336 2379 1473 2435 illuc
1528 2380 1605 2436 ad
1637 2384 1935 2437 tormenta

268 2466 645 2537 perveniunt.
673 2466 902 2532 Quibus
918 2482 1109 2523 unum
1134 2468 1357 2524 vulnus
1374 2474 1486 2540 est,
1515 2470 1932 2542 corruptibiles

252 2555 461 2622 'nasci,
490 2551 655 2612 aliud
680 2556 999 2613 carnaliter
1023 2558 1232 2614 emori.
1266 2558 1381 2615 Sed
1410 2560 1554 2631 quia
1581 2564 1723 2632 post
1770 2576 1931 2616 mor-

250 2649 390 2701 tem
418 2660 666 2717 quoque
692 2651 917 2701 interna
936 2662 1100 2703 mors
1126 2648 1414 2720 sequitur,
1442 2648 1674 2704 occulto
1699 2649 1782 2704 cis
1802 2650 1931 2720 jus-

2040 1670 2183 1743 quia
2214 1675 2271 1727 et
2297 1671 2610 1743 operando
2644 1671 2826 1729 vitam
2866 1687 3003 1728 .non
3051 1672 3269 1733 desinit
3303 1691 3592 1747 quaerere,
3645 1680 3703 1731 et

2041 1764 2243 1816 tamen
2271 1760 2544 1831 ejusdem
2570 1760 2702 1816 vitae
2740 1777 2864 1818 suae
2886 1760 3169 1821 meritum
3180 1778 3316 1827 non
3362 1763 3518 1827 valet
3539 1764 3702 1825 inve-

2039 1849 2185 1906 nire.
2219 1849 2610 1920 Subjungitur
2640 1868 2652 1905 :
3584 1877 3590 1885 -

2110 1942 2278 1995 Vsus.
2314 1942 2399 1994 22.
2426 1940 2631 1995 ,Unum
2668 1945 2763 1999 ,ρει
2828 1941 2990 2010 quod
3020 1941 3250 2003 locutus
3297 1959 3427 2004 sum
3454 1959 3479 1999 .'
3514 1946 3697 2005 Inno-

2040 2034 2264 2085 centem
2289 2034 2343 2085 et
2372 2030 2626 2098 impium
2663 2030 2786 2097 ipse
2832 2037 3154 2088 consumet.
3185 2063 3254 2071 —
3281 2033 3441 2095 Aorsi
3494 2036 3698 2111 aperte

2040 2116 2336 2173 diceretur
2377 2134 2389 2171 :
2434 2119 2552 2171 Hoc
2574 2116 2741 2188 apud
2760 2133 2858 2172 me
2890 2117 3143 2175 verbum
3173 2120 3547 2189 cogitationis
3562 2137 3701 2195 pro-

2041 2204 2168 2272 tuli,
2208 2204 2353 2277 quia
2382 2219 2493 2260 nec
2514 2204 2825 2275 innocens,
2853 2204 2903 2259 si
2929 2205 3189 2267 districta
3235 2207 3539 2277 discutior,
3598 2226 3700 2285 ap-

2040 2293 2267 2367 parebo
2298 2311 2311 2361 ;
2337 2309 2447 2349 nec
2476 2292 2723 2365 impius,
2744 2293 2804 2355 si
2842 2293 3007 2366 apud
3037 2310 3135 2351 me
3164 2294 3344 2353 latere
3368 2297 3631 2368 voluero,
3664 2314 3701 2355 a

2043 2382 2287 2455 superni
2317 2382 2612 2439 examinis
2659 2381 2936 2439 acumine
2991 2382 3352 2441 abscondor.
3408 2386 3699 2443 Innocens

2042 2488 2184 2543 ergo
2214 2488 2251 2528 a
2290 2474 2563 2528 Creatore
2598 2471 2991 2539 consumitur,
3015 2472 3161 2543 quia
3174 2473 3547 2544 quantalibet
3569 2475 3699 2545 ejus

2041 2559 2389 2634 simplicitas
2417 2558 2611 2625 fuerit,
2646 2557 2864 2615 divinae
2894 2558 3327 2629 magnitudinis
3360 2560 3702 2634 simplicita-

2042 2655 2097 2707 te
2128 2650 2467 2709 devoratur.
2501 2647 2724 2721 lmpius
2753 2663 2996 2720 quoque
3046 2663 3083 2704 a
3112 2648 3428 2705 Conditore
3482 2666 3700 2713 consu-

252 2736 453 2804 1teque
484 2731 711 2802 judicio
743 2732 926 2789 etiam
950 2734 1084 2789 sine
1115 2750 1301 2790 causa
1336 2735 1604 2791 -vulnera
1652 2736 1930 2808 multipli-
2044 2739 2245 2805 mitur,
2276 2737 2419 2809 quia
2442 2740 2560 2792 Deo
2586 2741 2802 2792 cuncta
2820 2735 3155 2806 ordinante,
3181 2737 3327 2810 ipsis
3345 2738 3469 2794 suis
3491 2756 3553 2795 se
3572 2756 3703 2796 ver-

250 2826 504 2878 icantur.
532 2824 830 2894 Perpetua
857 2823 1082 2896 quippe
1116 2829 1411 2880 tormenta
1460 2825 1817 2897 percipiunt,
1874 2830 1932 2880 et
2048 2828 2236 2893 sutiis,
2272 2828 2402 2898 ejus
2433 2826 2708 2898 impietas
2742 2825 3065 2897 judicatur.
3112 2826 3219 2882 Vel
3269 2833 3423 2884 certe
3453 2834 3510 2885 et
3537 2830 3706 2885 inuo-

267 2910 551 2982 qui-nlhil
586 2927 662 2967 ex
685 2912 931 2983 propria
976 2911 1281 2967 voluntate
1314 2917 1732 2985 peccaverunt.
1786 2914 2003 3006 Hinq,c
2048 2921 2279 2973 centem
2318 2922 2375 2971 et
2405 2914 2660 3006 impium
2700 2914 2827 3006 ipse
2875 2931 3234 3006 consumere
3287 2917 3520 2986 dicitur,
3560 2918 3706 2991 quia

270 3013 539 3072 namque
568 2999 855 3073 scriptum
886 3004 974 3056 est
998 3018 1009 3054 :
1040 3024 1065 3050 ‹‹
1100 3004 1228 3056 Non
1257 3001 1637 3057 estmundus
1666 3001 1727 3057 in
1758 3018 1931 3058 cons-
1971 2999 2003 3006 ’
2046 3004 2326 3078 quamvis
2356 3004 2418 3059 in
2443 3002 2666 3059 meritis
2694 3002 2825 3058 vitae
2854 3002 3029 3058 divisi
3058 3008 3214 3071 sunt,
3235 3020 3270 3059 a
3290 3006 3488 3076 primo
3513 3006 3704 3079 culpae

271 3093 452 3160 pectu
492 3088 785 3159 ejusynec
815 3089 996 3144 unius
1025 3089 1143 3145 diei
1168 3089 1369 3146 infans
1412 3106 1593 3163 super
1618 3096 1878 3147 terram.
1906 3114 1933 3141 »
2046 3094 2258 3150 merito
2297 3108 2472 3165 aeque
2534 3091 2611 3148 ad
2664 3092 2859 3147 carnis
2906 3091 3208 3148 interitum
3258 3096 3701 3166 pertrahuntur.

250 3177 437 3233 lHinc’
450 3191 558 3249 per
586 3178 971 3250 semetipsum
992 3178 1224 3234 'Veritas
1269 3179 1452 3236 dicit:
1509 3179 1625 3235 Nisi
1654 3180 1792 3252 quis
1853 3197 1937 3236 re—
2048 3184 2190 3239 Hinc
2223 3182 2504 3241 Salomon
2537 3180 2679 3236 dicit
2707 3198 2719 3234 :
2751 3181 3047 3238 «Moritur
3089 3181 3302 3238 doctus
3333 3182 3600 3239 similiter
3639 3188 3707 3241 ut

271 3270 454 3322 natus
493 3265 668 3321 fuerit
688 3282 768 3322 ex
796 3267 1290 3339 aquarii-spiritu.
1324 3284 1448 3324 non
1476 3273 1670 3342 potest
1716 3270 1936 3326 intrare
2046 3272 2321 3327 indoctus
2356 3272 2572 3342 (Eccle.
2624 3286 2686 3331 ιι,
2749 3269 2856 3333 16).
2890 3293 2917 3319 ››
2972 3272 3037 3326 Et
3082 3285 3325 3326 rursum
3358 3288 3371 3326 :
3422 3294 3450 3321 «
3479 3272 3707 3330 Cuncta

254 3355 340 3411 in
360 3370 613 3425 regnum
646 3355 746 3411 Dei
774 3356 966 3427 (Joan.
999 3373 1083 3428 ιιι,
1116 3359 1192 3427 5).
1242 3381 1270 3407 »
1330 3360 1471 3422 Quae
1524 3359 1705 3414 etiam
1759 3359 1937 3415 beato
2048 3361 2361 3432 subjacent
2385 3358 2654 3429 vanitati,
2682 3362 2740 3414 et
2762 3357 2972 3414 omnia
2999 3364 3259 3431 pergunt
3287 3359 3366 3416 ad
3393 3376 3584 3417 unum
3622 3361 3707 3417 lo-

269 3445 387 3501 Job
408 3461 531 3501 non
551 3445 879 3515 incongrue
927 3446 1114 3503 verba
1137 3446 1523 3503 conveniunt.
1550 3447 1937 3505 Vulneratum

250 3551 342 3591 se
371 3534 574 3607 itaque
606 3535 733 3591 sine
761 3552 949 3592 causa
988 3552 1283 3604 asserens,
1338 3537 1453 3593 hoc
1477 3538 1553 3593 de
1586 3553 1647 3593 se
1673 3537 1814 3593 foris
1836 3537 1938 3594 'lo-

266 3624 497 3697 quitur,
525 3625 691 3697 quod
718 3625 805 3681 dei
822 3625 922 3681 illo
948 3626 1170 3683 Veritas
1200 3626 1263 3681 in
1310 3627 1543 3683 occulto
1584 3630 1835 3683 testatur
1854 3626 1939 3683 di-

266 3728 420 3769 cens
447 3732 461 3768 :
494 3737 521 3763 ‹‹
551 3714 938 3771 Commovisti
969 3730 1064 3770 me
1094 3715 1420 3771 adversum
1442 3731 1586 3771 eum
1617 3719 1681 3771 ut
1707 3715 1936 3785 afﬂige-

268 3814 566 3859 remeum
579 3802 822 3859 frustra.
852 3803 1180 3875 ii‘Sequitur
1215 3822 1228 3858 :

328 3895 518 3949 “Vens.
554 3897 639 3949 l8.
663 3895 799 3949 Non
821 3893 1088 3949 concedit
1100 3895 1409 3963 quiescere
1420 3894 1699 3962 spiritum
1722 3909 1936 3962 meum,

267 3989 327 4040 et
356 3984 572 4051 implet
600 3997 694 4036 me
723 3982 1251 4037 amaritudinibus.
1300 3985 1466 4054 Saepe
1493 3982 1672 4053 justis
1715 3983 1939 4037 exerci-

264 4073 428 4129 tium
456 4073 553 4125 est
566 4068 817 4136 virtutis,
841 4069 969 4125 sola
993 4069 1253 4125 exterius
1274 4070 1529 4125 adversa
1550 4070 1943 4126 tolerare.Sed

269 4165 339 4217 ut
366 4173 584 4216 eorum
613 4158 769 4214 vires
813 4162 1117 4216 certamen
1144 4157 1339 4231 plenae
1368 4157 1764 4231 probationis
1814 4174 1942 4215 eru-

2048 3466 2209 3506 cum.
2235 3450 2317 3504 De
2360 3452 2515 3504 terra
2540 3447 2701 3503 facta
2732 3450 2889 3515 sunt,
2923 3450 2979 3502 et
3008 3446 3069 3502 in
3101 3450 3322 3503 terram
3351 3447 3572 3521 pariter
3612 3465 3707 3523 ore-

2046 3543 2351 3595 vertentur
2379 3538 2595 3609 (Eccle.
2630 3553 2709 3607 ιιι,
2748 3537 2831 3604 19,
2863 3536 2973 3609 20).
3008 3537 3285 3609 Sequitur
3317 3555 3329 3592 :

2114 3630 2288 3684 Vens.
2309 3631 2399 3683 23.
2421 3628 2491 3683 Si
2511 3626 2782 3697 ﬂagellat
2807 3626 3043 3682 occidat
3066 3627 3263 3695 semel,
3289 3632 3345 3684 et
3362 3644 3484 3684 non
3498 3628 3571 3685 de
3586 3644 3706 3699 pae-

2050 3721 2144 3774 nis
2175 3719 2581 3774 innocentium
2628 3716 2844 3772 rideat.
2870 3747 2937 3756 —
2969 3715 3110 3780 Quis
3132 3716 3263 3772 haec
3317 3733 3441 3773 non
3470 3734 3580 3791 per
3615 3735 3709 3775 su-

2046 3807 2323 3879 perbiam
2347 3805 2584 3879 prolata
2614 3804 2900 3874 crederet,
2932 3804 3047 3860 nisi
3090 3806 3445 3863 sententiam
3487 3807 3708 3879 judicis

2050 3895 2301 3961 audiret,
2332 3894 2439 3966 qui
2465 3894 2547 3949 ait
2577 3911 2590 3948 :
2625 3914 2653 3941 «
2686 3896 2814 3948 Non
2853 3892 2993 3948 estis
3017 3892 3201 3948 locuti
3226 3910 3433 3949 coram
3475 3912 3574 3951 me
3620 3912 3708 3951 re-

2050 3988 2237 4050 ctum,
2268 3983 2420 4037 sicut
2463 3997 2668 4036 servus
2727 3996 2899 4035 meus
2936 3980 3046 4035 Job
3069 3982 3204 4047 (Job
3228 3997 3362 4048 XLII,
3395 3983 3470 4051 7).
3507 4001 3535 4031 ι
3594 3984 3709 4039 Sed

2048 4088 2164 4127 nos
2195 4070 2300 4143 qui
2325 4071 2456 4140 jam
2495 4085 2532 4124 a
2562 4071 2681 4124 Deo
2709 4072 2907 4124 mente
2932 4068 3313 4138 recessimus,
3345 4073 3403 4124 et
3431 4086 3609 4135 carne
3632 4072 3710 4127 ad

2052 4160 2363 4233 pulverem
2392 4157 2678 4225 redimus,
2720 4173 2903 4230 pcena
2957 4156 3155 4229 duplae
3201 4157 3409 4214 mortis
3439 4160 3710 4232 astringi-

269 4251 422 4317 diat,
452 4262 900 4321 nonnunquam
932 4253 989 4304 et
1039 4247 1185 4305 foris
1220 4252 1519 4305 tormenta
1569 4248 1853 4316 lacerant,
1886 4253 1943 4315 et
1980 4303 2027 4321 η
2054 4266 2211 4306 mur.
2247 4248 2361 4306 Sed
2387 4246 2640 4304 venitad
2655 4262 2767 4303 nos
2791 4246 2896 4319 qui
2916 4262 3027 4320 pro
3042 4246 3218 4303 nobis
3244 4247 3371 4304 sola
3386 4264 3565 4306 carne
3585 4266 3711 4307 mo-

272 4339 447 4395 intus
461 4343 754 4395 tormenta
772 4337 1340 4395 adversarii.'Unde
1382 4338 1476 4394 vir
1530 4342 1775 4395 sanctus
1830 4338 1943 4396 im-

277 4429 519 4503 pletum
530 4445 595 4484 se
618 4427 1129 4485 amaritudinibus
1151 4428 1387 4484 asserit;
1408 4429 1685 4502 Sequitur
1711 4446 1724 4484 ε

340 4518 524 4574 ινελε.
558 4520 642 4572 19.
676 4518 749 4572 Si
792 4516 1089 4585 fortitudo
1140 4519 1456 4588 queentia“,
1500 4517 1944 4574 robustissimus

281 4612 369 4664 est
405 4608 502 4673 ;'si
543 4606 1063 4678 requitasiudicis,
1089 4621 1261 4662 nemo
1286 4621 1402 4675 pro
1428 4621 1521 4663 me
1559 4606 1740 4663 audet
1781 4607 1943 4663 testi-

258 4696 548 4753 ‘moni-nm
569 4696 785 4753 dicere.
816 4696 1007 4751 —llle
1032 4695 1258 4769 quippe
1302 4695 1437 4751 vitae
1466 4711 1684 4752 causas
1716 4696 1945 4753 exami-

276 4787 411 4854 nat,
441 4783 547 4856 qui
574 4785 683 4840 has
713 4801 819 4857 per
841 4785 1109 4842 alienum
1135 4785 1549 4841 testimonium
1579 4801 1702 4842 non
1744 4785 1947 4858 explo-

279 4877 397 4930 rat.
427 4874 581 4939 Quia
606 4875 715 4947 qui
740 4874 1046 4931 districtus
1074 4874 1444 4947 quandoque
1472 4875 1807 4932 ostenditur
1820 4874 1946 4931 illa-

252 4969 387 5020 ‘tor
404 4978 623 5036 pansa,
654 4964 761 5020 diu
804 4965 1016 5021 tacitus
1064 4964 1283 5021 exstitit
1324 4964 1486 5020 testis
1530 4965 1743 5039 culpae.
1798 4964 1947 5020 Hinc

268 5054 505 5110 etenim
544 5067 653 5126 per
678 5054 1039 5126 prophetam
1083 5053 1302 5110 dicitur
1329 5070 1342 5108 :
1396 5076 1425 5103 ει
1450 5056 1572 5124 Ego
1599 5071 1734 5111 sum
1758 5053 1948 5126 judex

277 5147 343 5200 et
366 5143 539 5200 testis
561 5145 708 5213 (ἄεν.
739 5158 889 5208 xx1x,
920 5145 1034 5215 23).
1070 5165 1098 5194 »
1132 5143 1281 5199 Hinc
1310 5158 1558 5199 rursum
1608 5145 1692 5200 ait
1724 5162 1736 5200 :
1793 5167 1821 5193 «
1844 5147 1948 5200 Ta-

279 5232 402 5298 cui,
433 5248 676 5305 semper
699 5231 854 5302 silui,
876 5232 1113 5305 patiens
1142 5232 1249 5300 fui,
1281 5233 1435 5289 sicut
1480 5232 1818 5306 parturiens
1864 5232 1947 5289 lo-

278 5322 601 5392 quarUsa.
628 5323 901 5394 xm,'l4).
939 5342 967 5372 »
1003 5322 1282 5393 Sequitur
1313 5340 1326 5377 :

358 5409 532 5466 Vnus.
566 5414 653 5467 20.
678 5411 744 5467 Si
753 5412 1095 5481 justiﬁcare
1112 5426 1207 5466 me
1224 5413 1491 5481 voluero,
1514 5428 1579 5468 os
1605 5427 1795 5468 meum
1816 5428 1952 5469 con-

282 5499 593 5556 demnabit
618 5516 711 5557 me
733 5515 756 5571 ;
802 5502 857 5555 si
878 5501 1250 5556 innocentem
1308 5502 1638 5570 ostendero,
1685 5517 1947 5572 pravum

264 5603 381 5645 'me
403 5589 830 5661 comprobabit.
859 5620 929 5631 —
960 5589 1052 5645 'Ac
1080 5587 1131 5644 si
1170 5593 1371 5660 aperte
1420 5590 1621 5649 dicat:
1664 5591 1817 5657 Quid
1864 5590 1948 5648 de

1980 4303 2029 4363 D

2053 4338 2407 4412 reretur,qui
2430 4336 2712 4412 simplam
2734 4353 2907 4394 suam
2927 4336 3127 4410 duplee
3143 4342 3362 4395 nostra;
3383 4340 3710 4413 conjunge-

2051 4433 2159 4494 ret,
2189 4433 2247 4485 et
2270 4444 2381 4485 nos
2410 4427 2488 4484 ab
2519 4430 2776 4500 utraque
2804 4425 3098 4483 liberaret.
3132 4429 3215 4483 De
3242 4444 3366 4500 qua
3405 4444 3513 4503 per
3556 4432 3708 4486 Pau-

2052 4519 2180 4575 lum
2211 4518 2427 4575 dicitur
2462 4534 2473 4573 :
2512 4540 2539 4567 ‹‹
2567 4516 2740 4583 Quod
2768 4521 2971 4573 autem
3003 4519 3277 4573 mortuus
3306 4521 3395 4573 est
3436 4524 3705 4590 peccato,

2053 4614 2325 4666 mortuus
2355 4612 2445 4664 est
2464 4606 2646 4662 semel
2676 4607 2864 4672 (Rom.
2896 4622 2981 4673 v1,
3026 4605 3133 4675 10).
3168 4629 3196 4655 ››
3247 4608 3435 4662 Omne
3482 4607 3711 4662 deside-

2054 4700 2211 4755 rium
2230 4714 2371 4754 cum
2396 4696 2773 4752 desideratur
2790 4709 2972 4765 paena
2985 4698 3093 4749 est.
3116 4694 3263 4749 Hinc
3278 4694 3564 4751 Salomon
3588 4695 3670 4753 ait
3692 4714 3705 4752 :

2057 4810 2084 4837 ‹‹
2119 4790 2265 4859 Spes
2294 4802 2429 4859 quae
2459 4784 2731 4840 differtur
2761 4781 2971 4853 afﬂigit
3023 4783 3293 4839 animam
3340 4784 3541 4855 (Prov.
3587 4803 3707 4859 xui,

2058 4877 2164 4949 l2).
2202 4898 2230 4925 »
2260 4874 2470 4931 Ridere
2494 4872 2655 4930 enim
2684 4872 2786 4928 Dei
2810 4875 2899 4928 est
2950 4873 3234 4929 humanae
3291 4874 3508 4933 animas
3550 4877 3708 4935 nolle

2054 4963 2342 5021 misereri.
2378 4967 2447 5020 Ut
2466 4962 2611 5019 illud
2645 4980 2657 5017 :
2682 4982 2713 5017 ‹
2745 4964 2866 5033 Ego
2886 4978 3129 5036 quoque
3158 4962 3221 5020 in
3245 4964 3483 5029 interitu
3510 4971 3709 5029 vestro

2054 5054 2266 5111 ridebo
2294 5056 2495 5121 (Prov.
2531 5070 2571 5120 ι,
2602 5053 2713 5125 26).
2745 5075 2773 5102 ››
2821 5055 2902 5108 Ac
2960 5053 3006 5108 si
3032 5068 3176 5123 ergo
3206 5069 3279 5111 ex
3314 5072 3459 5112 voce
3499 5071 3709 5113 eorum

2055 5145 2158 5219 qui
2176 5142 2602 5209 incarnationis
2618 5141 2971 5215 mysterium
2992 5143 3329 5216 cupierunt,
3347 5145 3536 5201 dicat:
3557 5141 3710 5206 Quia

2054 5234 2178 5290 vita
2209 5237 2413 5290 nostra
2432 5231 2697 5306 quotidie
2724 5231 2963 5303 ﬂagello
2988 5232 3262 5290 vindictae
3282 5247 3393 5303 pro
3421 5229 3601 5301 culpa
3628 5232 3713 5286 at-

2056 5323 2281 5391 teritur,
2309 5322 2404 5378 ille
2427 5322 2557 5393 jam
2584 5321 2787 5378 veniat
2809 5322 2914 5394 qui
2969 5338 3082 5395 pro
3133 5319 3310 5375 nobis
3367 5316 3556 5373 semel
3583 5317 3711 5376 sine

2057 5412 2238 5485 culpa
2266 5411 2578 5481 moriatur,
2601 5415 2658 5467 et
2684 5411 2762 5467 de
2789 5409 3200 5467 innocentium
3230 5404 3428 5476 poenis
3453 5406 3707 5477 dicatur,

2059 5502 2213 5559 ultra
2232 5518 2354 5559 non
2385 5502 2595 5571 rideat,
2623 5503 2673 5557 si
2701 5502 2838 5575 ipso
2860 5515 3038 5557 carne
3059 5494 3363 5569 passibilis
3390 5499 3708 5572 appareat,

2060 5591 2126 5647 in
2150 5592 2323 5663 cujus
2355 5607 2421 5648 se
2454 5590 2767 5648 desideriis
2807 5601 2982 5645 mens
3039 5588 3245 5644 nostra
3281 5586 3547 5657 castiga.
3590 5578 3717 5641 =-Vel
