4128 6158
515 113 612 172 199
1545 110 1602 166 S.
1637 109 1913 167 ODONIS
1947 110 2247 167 ABBATIS
2278 111 2785 172 CLUNIACENSIS
2825 115 2891 170 ΙΙ.

3841 115 3960 170 200

507 245 666 298 certe
695 239 882 294 risum
911 235 1012 292 Dei
1063 233 1264 290 laetitia
1317 233 1596 306 appellat.
1649 237 1730 290 De
1759 236 2170 290 innocentium
2197 237 2244 290 A
2281 238 2457 294 nobis
2483 237 2742 295 fructum
2773 238 2847 294 de
2879 237 3093 294 eadem
3133 236 3262 310 spei
3289 237 3668 310 perceptione
3721 235 3958 294 detule-

510 328 706 402 pmnis
731 325 1018 382 Dominus
1047 324 1238 380 ridere
1279 323 1513 390 dicitur,
1569 323 1712 396 quia
1764 339 1888 396 quo
1930 340 1966 380 a
1995 323 2170 380 nobis

511 415 818 474 ardentius
848 413 1154 486 quaeritur,
1187 429 1258 468 eo
1310 413 1558 468 suavius
1588 412 1662 468 de
1692 412 1868 468 nobis
1919 413 2168 468 laetatur.

511 505 692 571 Quasi
721 505 1034 578 quoddam
1063 503 1289 576 quippe
1341 519 1410 558 ex
1465 517 1649 576 poena
1705 501 1996 572 gaudium
2028 501 2170 558 faci-

509 610 667 662 mus,
697 610 834 649 cum
891 609 997 665 per
1047 596 1256 648 sancta
1310 591 1606 648 desideria
1648 592 1779 662 ejus
1828 605 1940 646 nos
1965 606 2171 647 amore

501 683 897 753 castigamus.
927 683 1068 738 Hinc
1101 681 1413 738 Psalmista
1442 682 1522 738 ait
1556 699 1568 736 :
1604 705 1630 730 ‹‹
1667 681 2015 737 Constituite
2074 697 2170 737 so-

499 773 772 830 .lemnem
801 773 863 828 in
896 771 1236 842 condensis,
1268 793 1295 822 ››
1319 771 1825 844 etreliqua(Psal.
1858 787 2028 844 cxvu,
2055 773 2169 843 27).

499 859 801 932 Sequitur.
899 863 910 872 ‘
1527 843 1536 844 ί
1743 893 1756 902 -
1947 843 1966 854 “

579 986 753 1042 Vens.
783 987 869 1040 24.
899 987 1084 1040 Terra
1110 985 1254 1040 data
1282 990 1367 1040 est
1395 985 1458 1039 in
1479 999 1694 1040 manus
1723 985 1911 1054 impii,
1935 986 2170 1040 vultum

493 1076 779 1146 judicum
812 1077 940 1144 ejus
970 1075 1260 1143 operis.—
1285 1073 1482 1128 Terrae
1516 1075 1762 1130 nomine
1792 1089 1932 1130 caro
1963 1073 2172 1130 Christi

509 1163 878 1238 exprimitur,
913 1163 1314 1235 appellatione
1345 1163 1516 1235 impii
1559 1163 1842 1220 diabolus
1894 1163 2170 1233 designa-

505 1259 624 1310 tur.
644 1253 828 1323 Hujus
849 1252 1016 1324 impii
1035 1268 1251 1308 manus
1275 1251 1514 1308 fuerunt
1529 1253 1590 1307 hi
1611 1253 1716 1325 qui
1737 1254 1796 1309 in
1817 1253 2169 1325 Redempto-

507 1342 588 1396 ris
617 1341 804 1396 nostri
825 1346 1013 1396 morte
1032 1341 1282 1410 grassati
1309 1345 1464 1397 sunt.
1491 1345 1666 1398 Terra
1687 1342 1888 1414 itaque
1917 1343 2058 1398 data
2084 1347 2173 1398 est

507 1429 570 1485 in
599 1445 817 1486 manus
843 1431 1032 1502 impii,
1065 1431 1208 1502 quia
1236 1431 1520 1503 antiquus
1545 1432 1732 1487 hostis
1763 1431 2170 1505 Redemptoris

507 1525 772 1576 mentem
803 1535 1186 1591 corrumpere
1217 1535 1323 1592 per
1363 1536 1426 1575 se
1457 1520 1743 1576 tentando
1791 1537 1913 1577 non
1961 1520 2165 1588 valuit,

509 1609 616 1664 sed
646 1609 775 1680 ejus
803 1623 1044 1664 carnem
1077 1624 1184 1680 per
1221 1625 1364 1664 suos
1423 1609 1718 1676 satellites,
1779 1609 1858 1666 ad
1905 1610 2168 1666 triduum

507 1697 838 1770 permissus
861 1697 1157 1753 exstinxit.
1189 1698 1377 1768 Hujus
1409 1703 1577 1754 terrae
1602 1699 1856 1770 judices,
1891 1699 2167 1755 sacerdo-

508 1791 616 1856 tes,
649 1791 705 1843 et
729 1787 1052 1860 principes,
1081 1787 1298 1843 Pilatus
1325 1793 1380 1844 et
1409 1788 1683 1844 illusores
1727 1789 1982 1845 fuerunt.
2038 1789 2170 1844 Vul-

509 1879 603 1932 tus
633 1891 776 1946 ergo
799 1876 1074 1948 judicum
1104 1881 1345 1949 opertus
1371 1877 1587 1933 exstitit
1615 1878 1692 1933 ab
1721 1877 1889 1950 impii
1917 1879 2163 1946 malitia,

507 1966 654 2038 quia
677 1983 850 2023 mens
877 1967 1366 2040 persequentium
1397 1983 1537 2024 eum
1557 1983 1740 2040 quem
1767 1984 1945 2024 carne
1967 1973 2166 2024 tenere

503 2056 718 2128 potuit,
745 2059 930 2112 Deum
961 2072 1070 2112 nec
1101 2073 1206 2128 per
1235 2057 1524 2113 miracula
1553 2057 1815 2126 agnovit.
1847 2058 1989 2113 Hinc
2018 2061 2164 2114 Pau-

505 2144 600 2200 lus
629 2145 747 2200 ait:
782 2167 808 2193 «
843 2148 1040 2216 Usque
1071 2145 1132 2199 in
1153 2145 1514 2200 hodiernum
1560 2145 1719 2201 diem
1779 2163 1917 2202 cum
1949 2147 2165 2217 legitur

506 2237 752 2305 Moyses,
787 2234 1064 2290 velamen
1095 2239 1183 2290 est
1214 2249 1396 2308 super
1436 2251 1539 2290 cor
1591 2251 1799 2292 eorum
1830 2237 1888 2306 (I
1909 2237 2045 2293 Cor.
2081 2253 2160 2305 ιιι,

510 2323 618 2388 15).
649 2341 679 2374 ι
704 2323 978 2396 Sequitur
1006 2343 1018 2379 :
1055 2325 1223 2392 Quod
1241 2326 1294 2378 si
1316 2340 1437 2380 non
1463 2327 1568 2382 ille
1593 2331 1697 2393 est,
1720 2328 1850 2396 quis
1877 2343 2016 2396 ergo
2037 2327 2164 2382 est?

505 2443 575 2452 —-
604 2415 684 2466 Ac
717 2412 764 2466 si
791 2427 933 2480 ergo
963 2411 1186 2466 diceret
1218 2431 1229 2466 :
1266 2411 1408 2477 Quis
1450 2429 1722 2485 unquam
1764 2414 1984 2486 impius
2034 2431 2163 2471 esse

503 2500 812 2572 putandus
843 2503 950 2570 est,
983 2499 1030 2554 si
1077 2499 1171 2554 ille
1203 2500 1464 2572 populus
1485 2501 1590 2573 qui
1637 2503 1834 2574 ipsam
1883 2503 2162 2574 pietatem

501 2592 850 2660 persecutus
880 2591 991 2658 est,
1023 2587 1244 2660 impius
1273 2605 1396 2644 non
1428 2593 1514 2645 est
1541 2589 1569 2644 ?
1595 2591 1852 2662 Repente
1869 2591 2029 2648 enim
2049 2593 2165 2664 pri-

502 2680 678 2733 vatur
698 2693 734 2732 a
762 2677 1005 2733 diabolo
1029 2677 1108 2733 ad
1133 2693 1418 2750 sequaces
1441 2680 1590 2750 ejus.
1619 2681 1896 2753 Sequitur
1929 2700 1942 2737 :

573 2805 743 2858 Vens.
775 2807 862 2858 25.
901 2803 1035 2859 Dies
1065 2805 1182 2858 mei
1201 2805 1516 2861 velociores
1544 2807 1798 2874 fuerunt
1825 2823 2160 2864 cursore.—

2281 333 2438 383 runt.
2482 329 2654 392 Quod
2701 329 2860 384 enim
2907 327 2988 382 illi
3041 325 3448 399 exspectando
3505 326 3740 382 odorati
3785 331 3956 394 sunt,

2280 416 2394 472 hoc
2423 433 2535 472 nos
2568 417 2867 473 cernendo
2915 419 2972 472 et
3009 414 3400 488 percipiendo
3456 415 3766 472 satiamur.
3803 415 3958 471 Hinc

2278 505 2570 561 Dominus
2601 507 2682 562 ait
2715 523 2726 560 :
2761 528 2787 556 α
2817 505 2926 560 Alii
2947 505 3392 570 laboraverunt,
3426 507 3484 559 et
3503 519 3608 558 vos
3629 503 3692 559 in
3707 503 3958 560 labores

2280 611 2490 650 eorum
2520 594 2801 652 introistis
2840 595 3143 664 (Joan.1v,
3176 597 3288 660 38).
3321 615 3348 642 »
3381 591 3482 648 Vel
3511 597 3668 650 certe
3707 593 3816 666 qui
3847 609 3960 650 na-

2279 685 2456 740 vibus
2476 701 2660 756 poma
2689 688 2951 756 portant,
2985 699 3125 739 cum
3153 682 3342 755 paleis
3367 699 3554 755 poma
3581 683 3862 754 miscent,
3887 689 3958 741 ut

2281 774 2466 830 illaesa
2488 779 2903 847 permaneant.
2945 777 3024 828 Ita
3053 772 3338 828 nimirum
3360 773 3768 844 prtecedentes
3787 773 3854 830 in
3879 789 3954 829 eo

2281 864 2448 935 quod
2477 862 2759 934 mysteria
2791 860 3115 934 spiritualis
3147 861 3280 917 vitae
3311 860 3688 930 denuntiant,
3717 879 3829 934 per
3859 863 3954 918 in-

2281 953 2570 1008 terfusam
2599 951 2728 1006 haec
2755 951 3020 1006 historiae
3051 949 3334 1022 stipulam
3367 956 3624 1018 servant,
3669 955 3726 1007 et
3775 967 3958 1024 oper-

2281 1047 2411 1097 tum
2440 1041 2614 1097 nobis
2643 1039 2902 1095 fructum
2931 1039 3172 1112 spiritus
3197 1038 3490 1111 deferunt,
3531 1057 3672 1095 cum
3731 1056 3954 1096 carna-

2279 1131 2361 1186 lia
2389 1131 3291 1203 loquuntur.MonALxren.Naves
3322 1145 3461 1184 cum
3491 1145 3677 1202 poma
3697 1135 3952 1202 portant

2281 1221 2508 1276 fructus
2529 1225 2719 1288 terrae,
2761 1217 3034 1273 videlicet
3079 1233 3187 1290 per
3241 1216 3458 1273 ﬂuctus
3513 1219 3728 1274 ferunt.
3759 1219 3956 1274 Terra

2281 1326 2418 1365 vero
2447 1308 2710 1364 hominis
2741 1307 3065 1380 paradisus
3092 1306 3309 1362 exstitit
3338 1325 3350 1375 ;
3379 1323 3563 1379 poma
3590 1309 3768 1364 etiam
3815 1309 3952 1364 fue-

2279 1404 2418 1455 runt
2443 1398 2718 1455 mandati
2749 1413 2970 1465 sermo,
3003 1413 3290 1452 concessa
3319 1397 3681 1469 possibilitas
3737 1399 3952 1471 operis

2279 1493 2509 1544 naturae
2560 1487 2768 1556 indita,
2819 1486 3204 1556 intelligentia
3247 1486 3600 1542 Conditoris.
3631 1487 3744 1544 Sed
3799 1488 3956 1560 quia

2197 1588 2239 1642 Β
2279 1593 2385 1650 per
2415 1577 2606 1633 crucis
2637 1576 3012 1648 mysterium,
3068 1575 3148 1631 ad
3203 1575 3471 1646 ingenita
3499 1580 3726 1632 natura:
3775 1577 3956 1633 bona

2277 1667 2709 1737 restringimur,
2739 1665 2912 1738 quasi
2937 1681 3044 1738 per
3067 1665 3300 1735 lignum
3318 1681 3504 1738 poma
3525 1670 3866 1738 portamus,
3895 1671 3956 1723 et

2277 1757 2429 1812 dum
2458 1761 2542 1812 tot
2571 1756 2736 1812 bona
2783 1771 3106 1811 munerum
3139 1770 3376 1810 servare
3433 1755 3610 1812 etiam
3663 1771 3829 1812 nunc
3887 1757 3954 1812 in

2277 1845 2703 1902 tentationibus
2730 1860 3043 1912 conamur,
3063 1859 3212 1900 aura
3235 1843 3366 1900 vitae
3394 1844 3701 1916 prtesentis
3731 1845 3954 1918 impel-

2275 1936 2476 2003 limur,
2509 1933 2919 1990 mutabilitatis
2959 1937 3178 1989 nostrae
3209 1933 3394 1990 ﬂuctu
3419 1933 3762 2004 fatigamur.
3821 1935 3950 1991 Ali-

2277 2030 2382 2082 ter.
2409 2027 2602 2082 Naves
2629 2041 2768 2080 cum
2797 2041 2982 2097 poma
3012 2027 3272 2096 portant,
3325 2025 3676 2080 suavitatem
3731 2025 3950 2081 odoris

2275 2113 2521 2181 habent,
2537 2113 2641 2168 sed
2665 2112 3104 2182 gravitudinem
3131 2111 3414 2184 ponderis
3441 2127 3562 2170 non
3605 2112 3856 2182 habent,
3889 2118 3950 2169 et

2277 2203 2618 2258 humanum
2645 2217 2833 2269 genus
2861 2217 2998 2256 cum
3023 2199 3104 2256 ad
3131 2216 3392 2272 superna
3411 2201 3735 2273 repetenda
3755 2217 3819 2256 se
3837 2201 3948 2257 eri-

2277 2291 2378 2360 git,
2412 2291 2624 2362 ﬂagrat
2644 2289 2890 2362 quidem
2908 2289 3092 2346 odore
3115 2289 3440 2360 memoriae,
3461 2289 3564 2344 sed
3583 2291 3788 2360 ignem
3811 2306 3951 2346 non

2275 2379 2460 2434 exerit
2481 2379 2721 2450 pondus
2751 2378 2904 2433 vitae.
2947 2377 3212 2434 Paradisi
3239 2377 3650 2434 celsitudinem
3679 2395 3822 2434 cum
3853 2394 3954 2434 ar—

2275 2467 2438 2522 doris
2457 2466 2868 2522 recordatione
2891 2465 3300 2536 meminimus,
3333 2471 3390 2522 et
3407 2466 3788 2538 importunos
3807 2471 3950 2523 ten-

2275 2555 2568 2612 tationum
2597 2555 2813 2610 ﬂuctus
2834 2571 2906 2610 ex
2927 2570 3106 2610 carne
3137 2553 3482 2610 toleramus.
3506 2555 3790 2611 Subditur
3813 2573 3830 2610 :
3855 2557 3952 2612 Si-

2274 2651 2374 2701 cut
2401 2646 2610 2716 aquita
2641 2646 2850 2700 volans
2871 2643 2953 2699 ad
2982 2659 3194 2700 escam.
3215 2676 3282 2684 -—
3317 2644 3474 2700 Sicut
3513 2645 3673 2700 enim
3729 2645 3954 2716 aquila

2273 2751 2410 2807 quae
2439 2735 2518 2790 ad
2549 2734 2668 2790 alta
2697 2733 2915 2806 evolat,
2947 2739 3002 2789 et
3029 2738 3232 2790 tamen
3260 2749 3369 2806 pro
3401 2733 3712 2790 sumendis
3743 2735 3952 2790 carni-

2273 2823 2387 2878 bus
2417 2828 2635 2879 terram
2665 2823 2829 2895 petit,
2861 2822 2943 2878 ita
2965 2823 3196 2896 antiqui
3215 2826 3411 2879 Patres
3437 2823 3693 2894 fuerunt,
3715 2825 3828 2896 qui
3859 2825 3950 2880 in-

503 2892 776 2994 Eursori§
803 2890 1068 2994 (ξῷοίξξω
1091 2896 1206 2994 ξεί
1245 2893 1416 2994 ’(Ιιιοξί
1471 2895 1736 2994 δεξίιυίῐηυι·
1783 2897 2158 2994 ἂξωξωίίᾶξθ-
2191 2935 2234 2994 α
2273 2918 2570 2985 quantum
2601 2890 2990 2968 humanitatis
3019 2890 3334 2968 infirmitas
3360 2890 3948 2980 admittebat,-Crea-

502 2983 724 3037 Omnes
761 2981 941 3052 igitur
960 2981 1127 3038 electi
1154 2982 1258 3054 qui
1289 2987 1424 3038 ante
1453 2983 1781 3040 adventum
1811 2985 2164 3058 Redempto-

499 3070 580 3124 ris
599 3069 710 3125 orti
741 3073 882 3126 sunt
907 3088 918 3136 ;
947 3069 1089 3142 quia
1117 3071 1278 3126 hunc
1310 3075 1412 3127 aut
1425 3071 1687 3128 videndo
1719 3075 2160 3145 tantummodo,

499 3161 604 3214 aut
641 3159 820 3214 etiam
853 3158 1157 3230 loquendo
1191 3161 1562 3228 nuntiarunt,
1596 3162 1770 3233 quasi
1799 3178 2071 3218 cursores
2101 3164 2164 3220 in

498 3246 732 3302 mundo
753 3246 1010 3302 fuerunt.
1047 3247 1160 3303 Sed
1211 3248 1354 3319 quia
1415 3253 1550 3304 ante
1597 3249 2010 3320 praestolatum
2057 3255 2162 3308 Be-

498 3333 826 3406 demptoris
851 3337 1088 3406 tempus
1110 3335 1380 3391 subtrahi
1408 3336 1914 3408 praevidebantur,
1947 3341 2161 3397 transi-

496 3439 560 3479 re
592 3439 654 3478 se
681 3423 945 3478 velocius
971 3439 1210 3479 cursore
1257 3423 1480 3492 dolent,
1539 3425 1788 3498 diesque
1833 3444 1973 3485 suos
2031 3445 2160 3486 esse

495 3511 915 3580 ingemiscunt,
956 3511 1101 3582 quia
1125 3527 1317 3583 usque
1345 3513 1424 3568 ad
1449 3513 1768 3570 videndam
1801 3517 2158 3591 Redempto-

495 3599 577 3656 ris
594 3599 791 3654 lucem
808 3599 1053 3655 minime
1075 3600 1420 3656 tenduntur.
1483 3603 1788 3674 Sequitur:
1821 3607 2156 3678 Fugerunt,

493 3693 552 3744 et
576 3703 696 3743 non
721 3687 1000 3744 viderunt
1029 3687 1264 3744 bonum.
1291 3690 1588 3746 ——Omnia
1608 3707 1744 3763 qua:
1771 3699 1970 3751 creata
1994 3701 2156 3768 sunt,

491 3776 660 3833 bona
687 3781 841 3840 sunt,
877 3781 942 3833 ut
961 3776 1108 3832 illud
1142 3795 1153 3832 :
1191 3801 1216 3826 «
1246 3777 1405 3834 Vidit
1429 3781 1583 3834 Deus
1605 3785 1820 3838 cuncta
1846 3801 1981 3856 quae
2003 3784 2158 3840 fece—

489 3871 604 3934 rat,
628 3871 686 3923 et
715 3871 884 3924 erant
925 3867 1098 3924 valde
1141 3867 1306 3924 bona
1357 3869 1527 3934 (Gen.
1561 3887 1600 3938 1,
1633 3873 1742 3942 3i).
1783 3895 1808 3920 ››
1873 3873 1987 3930 Sed
2043 3876 2158 3930 hoc

489 3955 723 4011 bonum
754 3956 1162 4030 principaliter
1205 3956 1438 4012 bonum
1488 3962 1596 4026 est,
1649 3975 1758 4032 per
1813 3963 1980 4034 quod
2027 3963 2157 4019 haec

491 4045 698 4102 omnia
725 4045 892 4102 bona
923 4051 1080 4102 sunt.
1115 4046 1260 4102 Hine
1291 4047 1514 4103 Veritas
1542 4048 1622 4105 ait
1655 4067 1667 4104 :
1697 4071 1724 4098 «
1753 4054 1938 4108 Nemo
1957 4051 2156 4108 bonus

489 4133 604 4188 nisi
631 4133 793 4189 solus
827 4137 980 4190 Deus
1004 4135 1243 4206 (Matth.
1281 4152 1331 4202 x,
1367 4137 1506 4206 18).»
1539 4141 1620 4194 Ac
1651 4138 1698 4193 si
1725 4155 1866 4209 ergo
1897 4139 2150 4197 diceret:

489 4225 638 4276 Ante
668 4227 1080 4294 exspectatum
1111 4227 1348 4294 tempus
1371 4226 1558 4298 elapsi
1589 4233 1747 4296 sunt,
1779 4229 1884 4301 qui
1910 4231 1986 4286 ad
2043 4233 2152 4285 Re-

490 4308 820 4381 demptoris
847 4311 1232 4382 praesentiam
1261 4314 1571 4384 pervenire
1599 4315 2009 4387 nequiverunt.
2043 4321 2155 4374 Mo-

489 4413 746 4453 nxmren.
797 4398 888 4453 Ad
943 4399 1060 4455 hoc
1115 4399 1300 4456 homo
1345 4401 1621 4459 conditus
1671 4405 1798 4475 fuit,
1831 4411 1895 4462 ut
1921 4407 2154 4464 bonum

491 4486 657 4558 quod
685 4491 773 4542 est
799 4486 1023 4558 videre,
1061 4488 1262 4545 videre
1309 4491 1519 4563 possit,
1575 4497 1632 4550 et
1677 4509 1783 4566 per
1830 4501 2156 4566 augmenta

489 4577 854 4648 temporum.
913 4575 1074 4632 tendi
1127 4578 1318 4649 possit
1359 4579 1488 4650 ejus
1531 4581 1654 4636 vita
1709 4583 2151 4653 tantummodo,

486 4679 612 4721 non
629 4665 837 4722 evolvi.
873 4665 986 4722 Sed
1003 4665 1109 4738 qui
1131 4673 1342 4740 sponte
1365 4669 1444 4724 ad
1465 4669 1706 4742 culpam
1727 4670 1964 4740 decidit,
1987 4673 2154 4746 quod

491 4753 680 4824 attigit
709 4755 956 4811 vetitum
989 4756 1229 4828 pertulit
1257 4757 1602 4828 decursum,
1636 4763 1693 4815 et
1719 4761 1824 4834 qui
1871 4765 2028 4818 stare
2075 4763 2154 4819 ad

487 4839 686 4896 lucem
717 4843 929 4913 noluit,
964 4843 1249 4913 fugiendo
1281 4845 1488 4902 oculos
1541 4847 1758 4920 amisit,
1802 4849 1946 4922 quia
1974 4851 2153 4924 culpa

491 4930 670 5002 occpit
697 4931 776 4987 ad
804 4931 929 4988 ima
966 4932 1302 5002 decurrere,
1331 4939 1388 4992 et
1417 4953 1478 4992 se
1505 4937 1764 4994 caecitate
1794 4939 2151 5011 perculit,ne

489 5016 651 5074 intus
682 5019 888 5076 lumen
915 5021 1154 5079 videret.
1189 5023 1463 5096 Sequitur
1495 5044 1506 5080 :

561 5127 736 5184 Vens.
771 5132 858 5184 26.
890 5130 1390 5188 Pertransier-unt
1419 5135 1594 5204 quasi
1611 5150 1792 5192 naves
1809 5151 1988 5206 poma
2009 5153 2151 5207 por-

491 5223 702 5275 tantes.
734 5251 802 5258 —
837 5218 900 5274 Hi
947 5220 1050 5292 qui
1093 5237 1280 5293 poma
1345 5222 1674 5281 deferentes
1725 5226 1917 5284 maria
1957 5231 2148 5282 trans-

489 5313 711 5378 meant,
735 5309 852 5382 ipsi
875 5308 1124 5381 quidem
1151 5309 1456 5368 fructuum
1508 5313 1694 5370 odore
1739 5315 2145 5386 perfruuntur,

491 5395 596 5450 sed
626 5399 980 5456 eorumdem
1003 5399 1304 5458 fructuum
1334 5401 1462 5458 aliis
1503 5403 1668 5458 cibos
1713 5403 1969 5459 fuerunt.
2037 5405 2148 5471 Qui

489 5482 668 5552 igitur
697 5487 926 5558 antiqui
957 5491 1182 5562 Patres,
1213 5489 1326 5546 nisi
1375 5506 1560 5544 naves
1605 5507 1788 5562 poma
1841 5495 2144 5563 portantes

487 5571 836 5630 exstiterunt
864 5575 891 5628 ?
923 5579 1032 5642 Qui
1089 5579 1308 5636 divinae
1337 5579 1763 5635 incarnationis
1791 5583 2146 5652 mysterium

484 5662 934 5738 prophetantes,
963 5666 1090 5738 ipse
1126 5669 1374 5740 quidem
1403 5669 1586 5726 odore
1613 5669 1800 5742 potati
1831 5677 1988 5745 sunt,
2041 5673 2144 5730 sed

2272 3003 2413 3058 toris
2433 3003 2628 3058 lucem
2651 3006 2811 3058 recta
2833 3005 3030 3058 mente
3047 3001 3432 3074 contemplati
3449 3008 3606 3068 sunt,
3622 3003 3726 3057 sed
3743 3003 3950 3060 incar-

2271 3093 2546 3148 nandum
2571 3092 2732 3147 hunc
2770 3091 2832 3146 in
2865 3090 3076 3146 mundi
3099 3093 3216 3146 line
3241 3091 3638 3164 praescientes,
3671 3094 3862 3165 quasi
3912 3111 3950 3150 a

2273 3180 2412 3236 solis
2440 3180 2590 3236 radii
2611 3180 2688 3236 ad
2719 3183 2936 3236 terram
2958 3179 3164 3236 oculos
3185 3179 3768 3246 deﬂexerunt.Quem
3782 3182 3948 3239 dum

2271 3285 2382 3340 pro
2433 3269 2703 3324 humano
2763 3283 2979 3337 genere
3031 3283 3378 3340 passurum,
3451 3268 3949 3343 moriturumque

2271 3357 2666 3432 conspiciunt,
2691 3357 2864 3429 quasi
2885 3357 2959 3412 de
3003 3357 3132 3428 ejus
3175 3362 3364 3414 morte
3409 3358 3766 3430 semetipsos
3797 3360 3946 3416 reﬁ-

2271 3446 2452 3501 ciunt.
2485 3449 2824 3502 Moaauren.
2855 3445 3068 3518 Aquila
3103 3446 3322 3502 etenim
3353 3445 3471 3502 alto
3519 3446 3692 3502 valde
3727 3448 3948 3506 volatu

2271 3535 2677 3608 suspenditur,
2709 3535 2812 3590 sed
2837 3551 2945 3607 per
2972 3537 3302 3608 appetitum
3333 3535 3553 3592 ventris
3585 3541 3810 3594 terram
3843 3555 3948 3594 ex-

2267 3625 2431 3696 petit.
2468 3624 2558 3680 Sic
2589 3628 2646 3680 et
2691 3624 3031 3680 humanum
3077 3641 3290 3696 genus,
3317 3625 3378 3681 in
3433 3631 3677 3698 parente
3731 3629 3946 3700 primo

2268 3715 2346 3770 ad
2375 3714 2498 3770 ima
2519 3713 2593 3770 de
2618 3713 2979 3770 sublimibus
3008 3714 3245 3770 corruit.
3275 3715 3388 3770 Sed
3417 3715 3558 3787 quia
3587 3716 3798 3772 cibum
3839 3736 3946 3775 ve-

2267 3804 2440 3859 titum
2463 3803 2725 3874 contigit,
2751 3819 2858 3875 per
2887 3805 3109 3859 ventris
3134 3805 3678 3877 concupiscentiam
3710 3807 3794 3863 ad
3831 3811 3948 3866 ter-

2267 3909 2365 3950 ras
2397 3893 2574 3960 venit,
2608 3897 2664 3948 et
2690 3893 2864 3965 quasi
2891 3893 3173 3949 carnibus
3223 3893 3504 3965 pascitur,
3557 3911 3698 3950 cum
3751 3895 3944 3954 deor-

2268 3999 2406 4038 sum
2432 3981 2733 4054 corporeis
2761 3981 3169 4054 voluptatibus
3193 3981 3443 4038 lastatur.
3481 3983 3758 4055 Sequitur
3797 4003 3810 4040 :

2339 4071 2509 4126 Vens.
2533 4075 2789 4127 27.Cum
2820 4070 3030 4126 dixero
3059 4086 3083 4126 .’
3107 4073 3499 4144 Nequaquam
3546 4073 3632 4129 ita
3689 4075 3940 4146 loquar,

2267 4163 2558 4214 commuto
2575 4159 2794 4228 faciem
2821 4175 3032 4227 meam,
3061 4167 3115 4216 et
3138 4161 3343 4216 dolore
3365 4167 3659 4230 torqueor.
3699 4205 3730 4210 .-
3757 4159 3946 4216 Plebs

2191 4281 2237 4337 ι)
2266 4249 2490 4321 quippe
2520 4249 2772 4304 Judaica
2799 4249 2965 4322 loqui
2997 4254 3061 4304 ut
3085 4251 3252 4322 prius
3307 4249 3514 4319 noluit,
3545 4266 3946 4323 quascunque

2265 4337 2641 4410 praedixerat,
2672 4337 2931 4408 negavit.
2969 4339 3083 4395 Sed
3114 4342 3483 4396 commutata
3513 4339 3662 4394 facie
3691 4341 3944 4413 torque-

2265 4431 2379 4498 tur,
2409 4425 2552 4498 quia
2571 4425 2720 4482 dum
2751 4425 2968 4482 interni
3003 4427 3094 4482 sui
3125 4427 3386 4483 hominis
3438 4431 3772 4500 aspectum,
3809 4445 3946 4502 quo

2263 4515 2508 4586 agnosci
2549 4531 2584 4571 a
2635 4515 2952 4572 Conditore
3010 4519 3305 4588 potuerat,
3357 4515 3616 4572 foeditate
3658 4515 3948 4590 perﬁdiae

2261 4605 2492 4678 polluit,
2517 4621 2554 4660 a
2589 4605 2991 4678 praesentibus
3023 4605 3196 4662 malis
3227 4606 3517 4678 incipiens
3546 4605 3660 4662 sub
3702 4611 3948 4664 {eterna

2263 4709 2324 4749 se
2355 4693 2574 4750 ultione
2604 4693 2938 4750 damnavit.
2974 4693 3156 4759 Quasi
3183 4693 3344 4750 enim
3374 4697 3748 4750 commutata
3779 4694 3944 4751 facie

2263 4783 2340 4839 ab
2371 4787 2622 4839 Auctore
2653 4799 2777 4839 non
2807 4783 3206 4854 cognoscitur,
3266 4800 3402 4856 quae
3457 4783 3692 4856 perdita
3747 4783 3946 4841 bonae

2262 4872 2636 4930 conscientiae
2657 4873 2774 4928 ﬁde
2804 4873 3178 4946 reprobatur.
3199 4876 3541 4930 MORALITER.
3566 4873 3734 4945 Saepe
3767 4875 3946 4930 enim

2261 4960 2452 5016 tacitis
2507 4977 2793 5032 urgemur
2847 4961 3355 5032 cogitationibus:
3413 4977 3520 5017 cur
3541 4961 3946 5034 omnipotens

2261 5049 2414 5105 Deus
2445 5051 2715 5108 condidit
2771 5051 3099 5120 hominem,
3155 5067 3340 5125 quem
3378 5051 3714 5124 periturum
3773 5068 3943 5124 prae-

2259 5137 2481 5196 scivit?
2519 5157 2625 5196 cur
2657 5155 2780 5197 non
2833 5140 3011 5196 talem
3067 5139 3262 5196 facere
3319 5139 3528 5210 voluit,
3578 5140 3684 5213 qui
3733 5141 3948 5212 perire

2257 5242 2382 5284 non
2410 5229 2648 5301 possit?
2680 5229 2793 5284 Sed
2818 5245 2958 5284 cum
2979 5229 3110 5285 haec
3136 5229 3314 5286 tacita
3357 5245 3531 5284 mens
3573 5229 3948 5300 interrogat,

2256 5323 2453 5390 pavet,
2515 5335 2590 5376 ne
2637 5318 2699 5374 in
2745 5317 3042 5392 superbiae
3091 5335 3308 5376 ausum
3360 5325 3686 5390 erumpat:
3723 5323 3786 5373 et
3827 5334 3950 5376 ne-

2257 5423 2566 5480 quaquam
2610 5407 2690 5462 ita
2719 5423 2830 5464 nos
2860 5407 3078 5464 debere
3107 5408 3272 5482 loqui
3311 5407 3594 5478 dicimus,
3623 5423 3766 5463 cum
3793 5423 3954 5464 nos-

2265 5497 2368 5550 trae
2401 5495 2762 5550 inﬁrmitatis
2791 5496 3044 5552 modum
3071 5513 3144 5552 ex
3169 5495 3550 5568 inquisitione
3609 5499 3952 5552 transeun-

2261 5587 2349 5640 tes
2401 5583 2806 5658 nosmetipsos
2859 5601 3084 5658 pavore
3137 5584 3657 5659 reprehendimus.
3707 5585 3802 5641 Sic
3857 5585 3954 5642 fa-

2255 5673 2373 5730 cies
2405 5677 2832 5747 commutatur,
2855 5675 3001 5747 quia
3059 5691 3195 5747 quas
3259 5677 3426 5746 prius
3469 5673 3716 5748 capiens
3748 5689 3952 5734 mens
