4146 6156
308 69 405 121 201

1190 71 1484 127 ΕΡΙΤΟΜΕ
1515 71 1878 127 MORALIUM
1910 70 1963 125 S.
1995 71 2196 127 GREG.
2234 76 2306 131 IN
2336 81 2473 135 JOB.
2508 115 2575 123 -
2610 84 2734 140 LIB.
2770 88 2868 144 IX.

3632 108 3737 161 202

306 204 548 244 summa
569 189 932 261 requirebat,
967 189 1370 250 inﬁrmitatem
1404 211 1578 251 suam
1606 208 1971 265 agnoscens,
2001 197 2047 248 A
2076 196 2267 270 diluit,
2301 203 2446 275 quia
2474 206 2725 264 cmlestis
2754 215 3137 284 compunctio
3164 217 3441 278 infundit.
3477 225 3586 281 Per
3613 244 3739 285 ma-

306 277 1348 351 venerariincipitquodignorabat.
1396 284 1509 340 Sed
1548 284 1607 339 in
1649 284 1780 357 ipsa
1810 300 1968 339 com-

304 366 636 422 minatione
666 366 837 421 dolor
856 371 963 436 est,
987 369 1127 440 quia
1145 370 1313 427 valde
1337 372 1637 443 afﬂigitur,
1663 372 1828 445 quod
1850 372 1967 445 pri-

305 472 422 511 ωδε
446 454 637 527 culpae
658 455 868 509 merito
908 455 983 510 ad
1025 456 1412 528 intelligenda
1452 477 1521 516 ea
1566 478 1701 533 qua!
1722 461 1797 515 de
1834 460 1968 532 ipso

307 548 731 600 suntcaecatur.
752 542 845 599 Ori
864 544 1161 601 silentium
1184 547 1406 615 incidit,
1434 550 1538 605 sed
1556 549 1845 605 excitatus
1868 548 1971 603 do—

304 632 398 689 lor
419 649 490 689 ex
512 633 641 704 ipso
659 647 782 703 quo
803 633 1197 703 restringitur,
1226 643 1493 707 augetur.
1517 639 1821 711 Sequitur:

381 725 549 777 Vens.
577 724 663 776 28.
703 722 960 777 Verebar
979 727 1180 781 omnia
1204 742 1384 796 opera
1414 743 1562 783 mea.
1586 762 1656 768 ——
1682 730 1824 793 Quae
1856 727 1971 783 sint

303 826 488 882 opera
507 809 664 864 beati
683 809 794 864 Job
818 827 986 865 sacer
998 812 1101 882 huj
1114 830 1180 868 us
1205 815 1461 871 historiae
1479 821 1672 872 textus
1691 815 1965 872 ostendit.

301 900 445 964 Quae
475 914 618 968 ergo
645 914 833 971 opera
865 902 1202 971 verebatur,
1236 905 1338 977 qui
1381 906 1481 962 illa
1531 922 1767 979 semper
1811 905 1969 961 exhi-

300 986 448 1056 buit,
500 1003 573 1042 ex
616 987 839 1060 quibus
889 990 1115 1061 placari
1164 1009 1307 1064 erga
1360 995 1733 1067 iniquitatem
1775 994 1970 1050 solet?

302 1076 444 1131 Hinc
474 1075 679 1148 itaque
704 1076 1062 1149 colligimus,
1095 1085 1157 1136 ut
1179 1081 1224 1136 si
1259 1084 1543 1139 veraciter
1588 1083 1823 1157 placere
1854 1084 1971 1139 Deo

300 1166 597 1236 cupimus,
626 1171 953 1239 postquam
976 1184 1262 1240 perversa
1285 1171 1652 1242 subegimus,
1669 1173 1848 1229 etiam
1867 1172 1970 1227 be-

298 1269 373 1309 ne
406 1258 571 1321 gesta
608 1254 949 1311 timeamus.
979 1258 1097 1313 Deo
1127 1259 1356 1331 quippe
1383 1266 1673 1333 suntquae
1704 1262 1763 1316 in
1794 1261 1970 1316 bonis

301 1342 585 1414 operibus
650 1343 1036 1402 formidanda
1094 1352 1232 1403 sunt
1295 1348 1524 1405 desidia
1589 1350 1867 1407 videlicet
1917 1350 1975 1406 et

299 1413 481 1540 graus.
514 1432 656 1488 Hinc
684 1434 1090 1540 propheta’ait
1111 1428 1151 1540 3‘
1180 1458 1217 1540 (ἱ
1242 1438 1582 1540 Maledictus
1611 1441 1837 1540 omnis,
1861 1440 1970 1540 qui

295 1624 491 1677 XLVIII,
558 1610 666 1679 10).
694 1633 720 1658 η
774 1610 1071 1667 Desidiam
1117 1614 1342 1687 quippe
1398 1616 1596 1672 minor
1644 1617 1745 1672 Dei
1800 1633 1972 1673 amor

297 1702 642 1768 exaggerat.
672 1700 968 1756 Fraudem
1006 1718 1149 1758 vero
1199 1703 1361 1760 mala
1412 1711 1609 1762 mente
1653 1706 1970 1780 possidens

294 1788 575 1859 proprius
597 1804 771 1844 amor
785 1794 963 1845 creat.
994 1792 1210 1848 Contra
1231 1793 1388 1848 hanc
1412 1794 1627 1851 dicitur
1653 1813 1665 1851 :
1697 1818 1724 1844 ‹‹
1752 1799 1971 1852 Exscu-

295 1876 359 1932 tit
390 1893 610 1933 manus
635 1893 775 1933 suas
807 1877 885 1933 ab
915 1879 1082 1934 omni
1108 1895 1357 1937 munere
1400 1884 1543 1952 (Isa.
1567 1900 1765 1951 XXXIII,
1795 1885 1901 1955 15).
1940 1909 1967 1933 »

295 1968 508 2022 Munus
536 1982 804 2039 namque
836 1984 871 2023 a
901 1968 1080 2024 corde
1107 1974 1213 2037 est,
1244 1975 1421 2043 capta
1459 1972 1650 2042 gratia
1681 1990 1713 2028 a
1743 1973 1967 2044 cogita-

298 2054 479 2111 tione.
497 2058 706 2112 Munus
728 2056 808 2112 ab
829 2073 931 2112 ore
954 2063 1060 2124 est,
1088 2058 1276 2129 gloria
1304 2076 1412 2132 per
1455 2062 1738 2118 favorem.
1759 2066 1968 2120 Munus

298 2158 371 2198 ex
396 2159 577 2199 manu
616 2148 722 2211 est,
748 2148 1071 2218 praemium
1112 2163 1223 2219 per
1260 2148 1599 2205 elationem.
1625 2156 1705 2206 Ac
1749 2151 1797 2206 si
1825 2168 1966 2222 ergo

294 2232 506 2287 humili
557 2233 933 2291 confessione
976 2236 1304 2293 diceretur:
1340 2240 1482 2304 Quae
1516 2245 1716 2312 aperte
1743 2242 1966 2311 egerim

296 2320 490 2389 video,
517 2322 623 2377 sed
652 2323 798 2394 quid
838 2323 900 2378 in
929 2323 1023 2379 his
1068 2324 1316 2382 lalenter
1346 2328 1687 2400 pertulerim
1729 2329 1960 2399 ignoro.

299 2410 576 2483 Sequitur
602 2428 615 2465 :
639 2414 841 2468 Sciens
857 2414 1019 2483 quod
1038 2430 1157 2470 non
1170 2431 1455 2485 parceres
1478 2418 1869 2490 delinquenti.
1894 2453 1963 2461 —

298 2498 354 2554 Si
384 2499 544 2555 enim
573 2499 945 2572 delinquenti
975 2517 1097 2558 non
1138 2504 1418 2575 parcitur,
1440 2506 1575 2579 quis
1626 2506 1704 2562 ab
1742 2512 1963 2565 aeterna

297 2593 486 2644 morte
510 2588 773 2661 eripitur,
800 2605 940 2645 cum
966 2607 1002 2646 a
1031 2591 1245 2648 delicto
1276 2593 1541 2649 mundus
1584 2611 1765 2652 nemo
1795 2614 1963 2671 repe-

295 2677 490 2732 ritur?
539 2682 629 2733 An
671 2679 980 2750 poenitenti
1014 2686 1235 2753 parcet,
1269 2682 1637 2755 delinquenti
1662 2701 1783 2742 non
1828 2702 1964 2759 par-

296 2770 387 2821 cet
401 2767 430 2822 ?
452 2766 602 2832 Quia
621 2784 759 2823 cum
782 2767 996 2825 delicta
1015 2768 1380 2841 plangimus,
1404 2771 1816 2845 delinquentes
1837 2791 1961 2831 non

296 2870 508 2909 sumus
529 2855 557 2909 ?
579 2856 805 2911 Etcum
835 2859 1040 2912 Petrus
1073 2872 1304 2928 negans
1338 2858 1668 2931 respicitur,
1694 2865 1749 2916 et
1775 2862 1852 2917 ad
1881 2862 1962 2918 la-
1991 2895 2032 2948 ο

296 2958 538 3013 crymas
589 2946 882 2999 vocatur?
932 2948 1047 3000 Cur
1092 2946 1312 3001 Paulus
1365 2963 1504 3002 cum
1550 2948 1959 3022 Redemptoris

296 3046 522 3087 nomen
553 3033 613 3087 in
645 3037 801 3089 terra
841 3038 1157 3089 conaretur
1186 3035 1580 3105 exstinguere,
1612 3037 1743 3108 ejus
1779 3039 1962 3096 verba

298 3121 515 3177 meruit
533 3121 606 3177 de
624 3120 775 3178 caelo
798 3110 1004 3178 audire
1021 3123 1049 3178 ?
1078 3123 1190 3179 Sed
1210 3129 1410 3180 tamen
1427 3125 1604 3198 culpa
1625 3126 1686 3181 in
1705 3131 1961 3200 utroque

297 3210 508 3280 punita
534 3215 641 3266 est.
670 3211 1043 3284 Delinquenti
1074 3228 1215 3282 ergo
1250 3214 1537 3269 Dominus
1584 3231 1704 3271 non
1748 3218 1957 3289 parcit,

297 3297 443 3368 quia
474 3298 755 3355 delictum
786 3300 912 3355 sine
941 3300 1165 3356 ultione
1211 3317 1335 3357 non
1367 3302 1604 3359 deserit.
1638 3309 1753 3361 Aut
1798 3306 1962 3361 enim

297 3384 427 3459 ipse
455 3388 569 3444 hoc
596 3388 781 3445 homo
810 3389 872 3445 in
907 3405 971 3444 se
996 3390 1291 3463 paenitens
1317 3392 1506 3465 punit,
1536 3397 1640 3449 aut
1667 3393 1782 3450 hoc
1806 3395 1959 3451 Deus

299 3491 441 3532 cum
472 3477 715 3533 homine
740 3478 1055 3534 vindicans
1082 3479 1352 3552 percutit.
1389 3481 1666 3554 Sequitur
1690 3499 1704 3536 :

371 3566 544 3622 Vens.
576 3568 760 3624 29.Si
791 3574 988 3624 autem
1037 3575 1091 3625 et
1148 3570 1234 3624 sic
1288 3571 1507 3640 impius
1561 3586 1715 3643 sum,
1773 3588 1962 3644 quare

258 3692 269 3703 .
293 3655 535 3724 frustra
567 3656 885 3712 laboravi?
914 3656 972 3713 Si
1000 3657 1160 3713 enim
1192 3663 1427 3714 remota
1451 3659 1669 3732 pietate
1713 3660 1959 3719 discuti-

296 3759 456 3811 mur,
488 3760 643 3817 opus
666 3750 937 3801 nostrum
970 3762 1154 3818 poena
1183 3746 1436 3817 dignum
1461 3753 1569 3818 est,
1601 3764 1724 3820 quo
1762 3767 1961 3807 romu-

298 3831 429 3887 nari
453 3831 717 3905 praemiis
746 3833 1191 3906 praestolamur,
1223 3850 1347 3890 non
1376 3836 1543 3907 quod
1589 3837 1752 3893 hunc
1796 3838 1962 3894 labo-

293 3938 461 3978 rasse
486 3922 753 3994 paenitet,
787 3921 893 3976 sed
918 3922 1082 3991 quod
1108 3923 1370 3979 incertus
1402 3929 1557 3981 esset
1574 3925 1649 3980 de
1675 3928 1958 3998 praemiis,

290 4013 354 4067 et
392 4010 550 4065 inter
602 4008 839 4063 labores
886 4008 1066 4064 dolet.
1118 4010 1441 4067 Sciendum
1485 4027 1628 4068 vero
1678 4020 1771 4070 est
1817 4016 1961 4087 quia

292 4096 490 4155 sancti
519 4095 628 4152 viri
656 4095 738 4153 ita
766 4096 973 4152 incerti
996 4101 1153 4163 sunt,
1184 4101 1249 4152 ut
1280 4098 1654 4168 conﬁdeant;
1679 4104 1858 4173 atque
1883 4103 1964 4159 ita

291 4185 635 4253 conﬁdunt,
664 4189 729 4241 ut
766 4189 968 4241 tamen
1012 4202 1085 4242 ex
1134 4186 1446 4243 securitate
1487 4203 1610 4243 non
1667 4186 1959 4262 torpeant.

296 4274 580 4348 Sequitur
603 4291 616 4328 :

372 4364 547 4421 Vens.
563 4366 654 4421 30.
667 4363 737 4420 Si
749 4365 903 4419 lotus
923 4364 1097 4434 fuero
1117 4366 1293 4437 quasi
1314 4367 1486 4437 aquis
1506 4368 1679 4432 nivis,
1698 4374 1753 4425 et
1780 4369 1965 4439 fulse-

296 4455 427 4510 rint
456 4454 619 4511 velut
648 4453 1051 4510 mundissima:
1078 4470 1293 4511 manus
1314 4471 1471 4513 mea.
1492 4490 1560 4497 —
1580 4463 1788 4532 Atquse
1807 4459 1963 4516 nivis

298 4545 441 4597 sunt
458 4541 715 4598 lamenta
756 4541 1129 4599 humilitatis.
1160 4544 1303 4610 Quae
1329 4545 1595 4617 profecto
1634 4547 1959 4615 humilitas,

298 4629 446 4702 quia
467 4634 604 4687 ante
622 4629 874 4687 districti
902 4630 1124 4687 Iudicis
1162 4631 1369 4687 oculos
1391 4634 1616 4690 caeteris
1646 4635 1963 4692 virtutibus

298 4718 666 4791 praeeminet,
682 4719 856 4791 quasi
871 4735 980 4792 per
1000 4720 1209 4790 magni
1231 4720 1423 4777 meriti
1441 4722 1703 4779 colorem
1725 4725 1958 4781 candet.

301 4808 603 4864 Suntvero
620 4808 892 4864 nonnulli
913 4810 1015 4882 qui
1030 4809 1297 4866 lamenta
1326 4810 1569 4877 habent,
1602 4813 1708 4868 sed
1730 4813 1965 4870 humili-

298 4900 482 4954 tatem
507 4914 631 4955 non
671 4899 916 4955 habent.
944 4900 1009 4955 Hi
1040 4899 1327 4955 nimirum
1358 4917 1549 4974 aquas
1578 4902 1824 4971 habent,
1857 4904 1962 4960 sed

298 4986 452 5042 nivis
473 5003 664 5060 aquas
685 5003 809 5043 non
828 4987 1075 5045 habent.
1104 4991 1182 5045 De
1202 4988 1423 5061 quibus
1444 4991 1618 5063 aquis
1646 4991 1800 5047 nivis
1827 4993 1961 5065 qui-

298 5074 443 5132 dam
486 5077 570 5134 ait
616 5095 628 5131 :
686 5100 713 5127 «
752 5078 866 5133 Cor
912 5078 1233 5135 contritum
1288 5084 1344 5135 et
1393 5079 1797 5151 humiliatum,
1849 5087 1957 5139 etc.

300 5165 486 5235 (Psal.
506 5184 559 5236 L,
587 5168 693 5238 19).
720 5190 748 5217 ››
778 5166 878 5223 Vel
899 5172 1053 5224 certe
1075 5184 1248 5242 aquae
1276 5168 1453 5224 fontis
1483 5169 1575 5225 vel
1602 5169 1869 5226 ﬂuminis
1888 5186 1961 5225 ex

298 5257 456 5311 terra
475 5255 767 5324 oriuntur,
796 5272 970 5329 aquas
991 5273 1128 5313 vero
1154 5257 1306 5313 nivis
1339 5274 1475 5314 aere
1504 5262 1818 5331 proruunt.
1850 5258 1962 5325 Qui

298 5344 459 5401 enim
471 5361 583 5418 pro
609 5345 855 5402 terrenis
876 5345 1055 5402 bonis
1071 5346 1130 5401 in
1150 5346 1429 5420 precibus
1446 5352 1956 5420 compunguntur,

297 5448 367 5488 ex
378 5437 553 5489 terrae
565 5450 726 5508 aqua
740 5434 963 5508 perfusi
977 5440 1133 5493 sunt.
1159 5436 1268 5501 Qui
1285 5451 1423 5492 vero
1449 5436 1670 5492 idcirco
1698 5435 1956 5509 plorant,

295 5522 587 5598 quoniam
599 5523 853 5599 praemia
863 5538 1125 5596 superna
1139 5522 1666 5600 desiderant,aqua
1681 5525 1833 5583 nivis
1843 5525 1957 5582 hos

512 5613 769 5671 ΡΑτιιοι..
801 5613 1115 5668 CXXXIII.

320 1518 439 1575 acit
490 1535 645 1592 opus
694 1521 929 1576 Domini
980 1521 1389 1581 fraudulenter
1420 1531 1476 1583 et
1498 1527 1795 1583 desidiose
1821 1530 1967 1599 (Jer.
2010 1546 2050 1599 Β

2075 303 2201 383 nus
2230 292 2388 383 enim
2434 294 2582 365 quid
2630 296 2789 352 aliud
2840 316 3025 371 quam
3074 321 3257 377 opera
3305 310 3739 383 designantur?

2076 378 2241 434 Unde
2267 380 2340 436 de
2366 383 2733 454 quibusdam
2762 403 2871 459 per
2895 393 3251 464 prophetam
3281 378 3495 457 dicitur
3519 421 3531 457 :
3567 426 3594 454 «
3619 410 3737 463 Ma-

2075 480 2190 519 nus
2220 473 2429 525 vestrae
2460 471 2750 541 sanguine
2778 474 2971 545 plenae
3000 485 3137 536 sunt
3164 483 3301 553 (Isa.
3330 504 3385 553 ιι,
3422 492 3525 545 15).
3566 515 3591 541 ››
3622 496 3736 550 Νο-

2074 554 2327 647 tandum
2357 559 2522 629 quod
2553 576 2673 616 non
2696 562 2775 617 ait
2801 581 2813 617 :
2850 565 3136 624 Fulserint
3157 574 3591 647 mundissimae,
3629 583 3735 639 sed

2074 643 2235 699 velut
2255 646 2690 719 mundissimis,
2710 652 2851 723 quia
2869 670 3187 729 quousque
3209 677 3390 732 poena
3413 643 3737 742 corruptio-

2077 735 2168 790 nis
2186 738 2489 808 astringim
2502 756 2591 809 ur,
2608 744 2938 814 quamlibet
2957 748 3127 804 rectis
3144 754 3425 824 operibus
3442 735 3735 834 vivamus,

2076 841 2281 881 veram
2311 828 2669 886 munditiam
2700 849 2821 889 non
2851 839 3381 915 apprehendimus,
3416 848 3517 903 sed
3548 828 3739 908 imita;

2078 931 2233 971 mur.
2271 918 2575 988 Sequitur:

2150 1034 2314 1088 Vnus.
2364 1038 2449 1089 31.
2496 1035 2713 1095 Tamen
2739 1043 3012 1099 sordibus
3042 1047 3299 1118 intinges
3330 1068 3438 1110 me.
3471 1087 3540 1094 —
3581 1057 3735 1113 Deus

2078 1135 2188 1174 nos
2237 1121 2525 1192 intingere
2564 1126 2796 1199 dicitur,
2830 1131 3105 1189 intinctos
3150 1138 3427 1195 sordibus
3458 1143 3741 1201 demons-

2081 1214 2259 1283 trare,
2288 1214 2431 1285 quia
2460 1222 2689 1287 quanto
2732 1220 2806 1273 ad
2842 1220 3004 1277 illum
3038 1225 3233 1280 verius
3274 1244 3380 1299 per
3411 1230 3575 1290 bona
3604 1253 3742 1309 ope-

2080 1316 2149 1356 ra
2196 1302 2516 1369 surgimus.
2566 1310 2730 1362 tanto
2777 1310 3052 1367 subtilius
3094 1314 3224 1369 vitae
3263 1324 3478 1377 nostrae
3532 1302 3740 1381 sordes

2081 1391 2487 1463 agnoscimus,
2520 1394 2742 1466 quibus
2791 1398 2869 1453 ab
2910 1400 3038 1468 ejus
3086 1405 3382 1462 munditia
3429 1409 3739 1469 discorda-

2082 1494 2237 1534 mus.
2276 1484 2356 1535 Ac
2401 1482 2446 1535 si
2479 1498 2620 1552 ergo
2660 1491 2860 1556 aperte
2890 1488 3086 1545 dicat:
3136 1494 3419 1557 Quamvis
3465 1499 3741 1559 lamentis

2083 1583 2360 1639 supernae
2417 1575 2896 1644 compunctionis
2947 1577 3249 1648 infundar,
3310 1589 3588 1655 quamvis
3635 1608 3743 1663 per

2080 1656 2278 1711 studia
2326 1661 2497 1713 rectis
2536 1662 2899 1732 operationis
2949 1682 3245 1737 exercear,
3279 1670 3338 1726 in
3386 1677 3491 1730 tua
3538 1656 3741 1735 tamen

2078 1745 2374 1802 munditia
2444 1748 2619 1804 video
2686 1752 2833 1823 quia
2890 1755 3157 1811 mundus
3234 1774 3357 1815 non
3426 1780 3581 1820 sum.
3640 1770 3739 1823 Se-

2077 1834 2278 1906 quitur
2304 1854 2316 1890 :
2348 1837 2431 1891 Et
2459 1840 2969 1897 abominabuntur
2999 1860 3089 1900 me
3123 1850 3468 1907 vestimenta
3495 1871 3641 1911 mea.
3670 1888 3741 1900 -——

2077 1923 2263 1978 Vcstis
2284 1925 2527 1981 nomine
2545 1943 2763 2000 corpus
2776 1930 3143 2005 designatur,
3163 1952 3286 2008 quo
3302 1938 3513 1997 induta
3536 1945 3741 2002 anima

2078 2012 2309 2083 tegitur,
2334 2030 2408 2069 ne
2439 2014 2499 2069 in
2540 2016 2861 2074 subtilitate
2893 2037 3015 2075 sum
3048 2023 3393 2083 substantiae
3419 2032 3584 2091 nuda
3610 2050 3740 2092 esse

2075 2100 2518 2160 videatur.Hinc
2563 2108 2845 2163 Satomon
2889 2110 3005 2166 ait:
3060 2136 3087 2161 ‹‹
3116 2116 3290 2171 Omni
3324 2122 3592 2193 tempore
3626 2125 3742 2182 sint

2074 2192 2429 2249 vestimenta
2452 2198 2554 2250 tua
2589 2197 2846 2253 candida
2880 2201 3097 2266 (Eccle.
3138 2220 3219 2273 Ix,
3253 2208 3327 2273 8).
3351 2231 3378 2256 »
3412 2192 3477 2265 Et
3513 2212 3736 2269 Isaias:

2075 2279 2538 2359 «Vestimentum
2557 2284 2801 2340 mistum
2815 2289 3106 2357 sanguine
3124 2292 3303 2349 eritin
3321 2298 3738 2358 combustione

2072 2368 2209 2436 (Isa.
2230 2385 2309 2437 1x,
2330 2371 2404 2442 5).
2428 2394 2453 2419 ››
2474 2373 2627 2427 More
2649 2373 2807 2428 enim
2823 2377 2976 2431 sacri
2996 2377 3216 2451 eloquii
3235 2372 3592 2444 vestimenta
3604 2405 3742 2446 nos-

2070 2460 2161 2513 tra
2180 2474 2292 2514 nos
2326 2459 2665 2516 abominari
2707 2463 3066 2535 referuntur,
3109 2470 3251 2540 quia
3301 2473 3738 2535 abominabiles

2069 2546 2350 2615 reddunt,
2385 2548 2535 2605 sicut
2566 2566 2673 2622 per
2707 2552 2946 2608 Petrum
2982 2555 3056 2610 de
3085 2558 3115 2609 J
3125 2557 3243 2614 uda
3265 2560 3509 2618 dicitur:
3574 2588 3603 2615 «
3635 2568 3737 2623 Hic

2069 2637 2391 2708 possidens
2436 2655 2648 2709 agrum
2689 2640 2763 2696 de
2815 2644 3089 2700 mercede
3138 2645 3465 2720 iniquitatis
3511 2653 3668 2724 (Act.
3694 2674 3731 2713 1.

2074 2727 2180 2796 18).
2208 2749 2235 2775 »
2264 2729 2453 2792 Quem
2483 2744 2697 2799 agrum
2742 2731 3003 2787 moriens
3030 2736 3338 2805 possidere
3368 2756 3489 2796 non
3521 2746 3733 2815 potuit,

2069 2815 2173 2872 sed
2194 2817 2474 2885 possedit,
2496 2817 2720 2873 dictum
2744 2824 2851 2889 est,
2872 2822 3178 2892 possidere
3218 2826 3368 2884 fecit.
3405 2831 3569 2889 Hanc
3598 2851 3734 2891 ves-

2069 2904 2454 2960 timentorum
2478 2906 2715 2962 sordem
2744 2909 3051 2966 metuebat
3075 2911 3294 2970 Paulus
3312 2917 3515 2976 dicens
3541 2940 3553 2976 :
3589 2945 3616 2973 «
3642 2924 3735 2979 Vi-
3770 2922 3773 2925 ’

2070 2993 2185 3049 deo
2216 2994 2393 3049 aliam
2434 2994 2628 3064 legem
2677 2996 2738 3050 in
2787 2999 3073 3053 membris
3127 3004 3294 3072 meis,
3322 3025 3352 3057 ›
3410 3014 3464 3064 et
3506 3010 3735 3084 reliqua

2072 3084 2262 3150 (Rom.
2291 3099 2389 3149 v11,
2414 3085 2505 3153 23)
2540 3084 2815 3156 Sequitur
2840 3104 2850 3139 :

2142 3197 2323 3254 Vens.
2365 3203 2451 3254 32.
2483 3199 2689 3271 Neque
2727 3203 2882 3257 enim
2935 3205 3063 3258 viro
3093 3207 3199 3276 qui
3249 3209 3459 3266 similis
3487 3214 3601 3268 mei
3627 3221 3732 3283 est,

2072 3288 2456 3360 respondebo,
2500 3304 2603 3345 nec
2659 3292 2767 3361 qui
2810 3308 3037 3349 mecum
3081 3296 3142 3350 in
3173 3298 3409 3364 judicio
3452 3316 3527 3357 ea:
3568 3319 3734 3376 aequo

2069 3377 2251 3446 possit
2281 3377 2499 3432 audiri.
2538 3411 2605 3417 —
2656 3381 2807 3434 Dum
2839 3397 2977 3436 cum
3016 3383 3285 3454 quolibet
3328 3403 3400 3442 ex
3449 3406 3624 3463 sequo
3672 3393 3733 3448 in

2064 3464 2293 3537 judicio
2344 3466 2784 3535 contendimus,
2818 3474 2875 3526 et
2900 3472 3067 3542 quod
3099 3478 3307 3531 contra
3335 3491 3446 3531 nos
3477 3478 3730 3550 dicatur,

2070 3555 2503 3623 agnoscimus;
2556 3562 2613 3613 et
2658 3558 2719 3612 in
2777 3558 2869 3613 his
2912 3576 3048 3631 quas
3098 3561 3377 3631 dicimus,
3428 3567 3729 3626 audimus.

2072 3644 2222 3710 Quia
2270 3659 2413 3714 ergo
2459 3645 2772 3702 invisibilis
2831 3649 3021 3704 Judex
3066 3667 3203 3723 quae
3247 3653 3501 3710 facimus
3552 3658 3729 3725 videt,

2070 3732 2246 3804 quasi
2272 3749 2407 3805 quae
2439 3733 2695 3791 dicimus
2726 3737 2911 3792 audit.
2939 3739 3052 3795 Sed
3080 3740 3223 3811 quia
3253 3741 3314 3796 id
3343 3745 3510 3815 quod
3541 3746 3593 3801 ei
3619 3748 3736 3803 dis-

2068 3820 2247 3892 plicet
2266 3838 2653 3895 nequaquam
2672 3824 2847 3896 plene
2877 3828 3316 3897 cognoscimus,
3360 3834 3534 3904 quasi
3567 3836 3734 3908 quod

2069 3908 2196 3979 ipse
2227 3909 2392 3977 dixit,
2421 3909 2790 3980 ignoramus.
2829 3914 3135 3985 Sequitur:

2145 4015 2314 4071 Vsus.
2341 4019 2428 4071 33.
2449 4017 2583 4071 Non
2605 4024 2689 4072 est
2709 4020 2814 4088 qui
2833 4025 3155 4090 utrumque
3171 4024 3369 4078 valeat
3390 4040 3663 4097 arguere,
3679 4037 3734 4085 et

2071 4117 2291 4173 ponere
2309 4118 2553 4159 manum
2574 4120 2743 4161 suam
2765 4108 2828 4161 in
2849 4107 3150 4164 ambobus.
3176 4142 3243 4149 ——
3269 4113 3496 4170 Durum
3510 4116 3735 4190 quippe

2074 4191 2428 4264 sonatquod
2446 4195 2632 4249 Deum
2653 4193 2794 4250 dicit
2813 4211 3083 4265 arguere,
3108 4198 3213 4254 sed
3239 4200 3460 4259 durum
3484 4220 3607 4261 non
3627 4207 3736 4263 erit

2075 4282 2126 4338 si
2146 4281 2459 4339 recurrerit
2474 4282 2550 4339 ad
2567 4285 3115 4359 memoriam,quod
3128 4288 3253 4361 ipse
3266 4306 3373 4363 per
3394 4292 3578 4350 alium
3599 4312 3733 4369 pro-

2075 4373 2321 4446 phetam
2344 4371 2485 4429 dicit
2509 4391 2521 4428 :
2556 4396 2583 4423 ‹‹
2611 4375 2899 4440 Quiescite
2930 4391 3105 4447 agere
3137 4394 3433 4450 perverse,
3462 4407 3489 4433 »
3519 4389 3577 4441 et
3604 4385 3735 4443 reli—

2071 4476 2195 4534 qua
2215 4462 2355 4529 (Isa.
2382 4477 2418 4529 ι,
2445 4462 2548 4529 16).
2566 4465 2631 4517 Et
2650 4479 2917 4520 rursum:
2946 4487 2973 4515 «
2995 4468 3062 4521 Et
3081 4467 3275 4524 venite
3297 4474 3353 4525 et
3373 4473 3601 4541 arguite
3613 4491 3730 4541 me,

2070 4547 2213 4604 dicit
2235 4548 2521 4605 Dominus
2542 4552 2683 4620 (Isa.
2708 4568 2743 4618 ι,
2767 4553 2919 4623 18).»
2951 4553 3012 4607 In
3036 4554 3148 4609 hoc
3170 4556 3329 4611 enim
3353 4560 3515 4630 quod
3543 4562 3737 4618 Domi-

2070 4653 2186 4693 nus
2224 4652 2285 4693 se
2323 4637 2592 4711 prmeipit
2627 4654 2899 4707 arguere,
2923 4646 3125 4712 aperte
3150 4643 3413 4701 insinuat
3441 4653 3734 4718 quantam

2070 4726 2246 4782 bonis
2269 4726 2503 4782 actibus
2536 4727 2823 4783 ﬁduciam
2855 4734 3092 4801 praestet
3130 4732 3278 4787 Hinc
3310 4740 3395 4789 est
3425 4737 3591 4808 quod
3624 4742 3734 4795 Do-

2072 4817 2272 4877 minus
2301 4815 2479 4871 dicit:
2514 4838 2543 4863 «
2569 4818 2825 4882 Quaesivi
2855 4819 3050 4875 virum
3076 4822 3181 4893 qui
3211 4822 3611 4898 interponeret
3642 4848 3732 4887 se-

2070 4921 2232 4978 pem,
2261 4909 2316 4960 et
2346 4909 2529 4960 staret
2552 4906 2871 4978 oppositus
2904 4914 3112 4967 contra
3146 4927 3243 4967 me
3273 4929 3348 4970 ne
3377 4915 3730 4991 dissiparem

2072 5010 2225 5065 eam,
2261 4999 2318 5050 et
2362 5009 2484 5049 non
2531 4995 2727 5051 inveni
2768 4996 2994 5066 (Ezech.
3025 5016 3168 5070 xxn,
3198 5003 3307 5075 30).
3342 5028 3369 5055 »
3405 5007 3518 5064 Sed
3537 5024 3732 5080 quan-

2069 5099 2256 5156 quam
2273 5084 2586 5156 praesentis
2612 5085 2876 5142 motibus
2897 5088 3434 5151 animadversionis
3468 5095 3728 5161 obvient,

2068 5187 2192 5227 non
2215 5176 2415 5228 tamen
2435 5172 2633 5229 valent
2656 5173 2871 5232 virtute
2892 5179 3135 5252 propria
3168 5180 3246 5236 ab
3266 5180 3537 5237 humano
3557 5196 3732 5251 gene-

2068 5275 2132 5315 re
2177 5259 2471 5340 supplicia
2514 5262 2723 5318 mortis
2760 5265 3073 5338 expellere.
3109 5268 3468 5337 Redemptor
3504 5266 3729 5340 quippe

2067 5338 2318 5404 humani
2340 5349 2571 5418 generis
2586 5349 2647 5406 in
2669 5343 3015 5410 hominibus
3029 5353 3189 5409 solus
3212 5353 3409 5421 justus
3431 5338 3729 5426 appar—uit,

2068 5438 2173 5511 qui
2219 5443 2275 5494 et
2320 5438 2629 5496 hominem
2683 5442 2877 5511 arguit
2924 5457 2997 5496 ne
3051 5440 3441 5510 delinqueret,
3501 5448 3559 5500 ct
3612 5448 3729 5501 Deo

2072 5526 2294 5584 obstitit
2322 5544 2396 5585 ne
2428 5529 2640 5586 feriret.
2676 5540 2737 5585 1n
2777 5529 3041 5600 utrisque
3070 5525 3295 5601 quippe
3334 5538 3585 5590 maniim
3628 5549 3729 5604 po-
