4154 6160
459 42 564 101 203

453 249 730 324 praebuit,
765 252 821 304 et
845 249 964 302 Deo
995 244 1056 299 in
1087 259 1148 300 se
1179 258 1366 316 opera
1393 241 1614 316 quibus
1661 255 1804 310 erga
1833 235 2110 294 homines

453 340 832 412 placarentur
855 333 1170 390 moriendo
1201 330 1478 389 ostendit.
1515 329 1826 402 Sequitur:

524 431 688 482 Vsus.
721 425 812 480 34.
836 424 1101 494 Auferat
1123 439 1158 478 α
1188 438 1282 478 me
1327 423 1562 492 virgam
1601 434 1794 484 suam,
1821 422 1876 472 et
1923 425 2114 484 pavor

449 519 578 587 ejus
609 531 730 572 non
784 529 876 569 me
923 517 1166 570 terreat.
1207 544 1276 551 —
1301 511 1412 578 Per
1439 510 1635 579 legem
1681 507 1906 580 quippe
1947 501 2114 569 virga

451 610 606 680 Deus
635 606 944 671 terruerat,
977 617 1118 658 cum
1164 599 1438 657 dicebat:
1475 599 1528 656 Si
1561 597 1695 670 quis
1733 597 1860 651 haec
1889 591 1986 649 vel
2012 589 2112 645 illa

446 694 650 752 fecerit
703 695 894 749 morte
945 690 1253 748 moriatur.
1317 687 1431 746 Sed
1479 687 1824 743 incarnatus
1876 681 2110 748 virgam

448 783 711 852 abstulit,
735 781 880 854 quia
902 780 1032 837 vias
1056 779 1190 836 vitae
1216 794 1323 852 per
1354 775 1882 834 mansuetudinem
1913 773 2109 825 osten-

449 873 554 930 dit.
585 873 730 928 Hinc
759 874 847 927 est
873 869 1039 943 quod
1082 868 1134 925 ei
1177 867 1410 924 dicitur.
1455 889 1482 915 «
1515 863 1778 930 Intende,
1825 873 2109 934 prospere

448 961 708 1037 procede
735 963 792 1018 et
818 974 1026 1030 regna,
1055 961 1299 1032 propter
1327 955 1638 1013 veritatem
1679 957 1736 1009 et
1759 951 2108 1009 mansuetu-

449 1051 654 1108 dinem
685 1053 752 1106 et-
761 1047 1053 1122 justitiam
1085 1048 1272 1118 (Psal.
1291 1063 1441 1118 xuv,
1487 1049 1560 1114 5).
1589 1068 1616 1094 ››
1647 1040 1856 1099 Timeri
1885 1037 2109 1112 quippe

449 1141 626 1215 quasi
652 1143 806 1196 Deus
853 1138 1062 1208 noluit,
1097 1137 1205 1193 sed
1261 1136 1436 1208 quasi
1484 1138 1652 1191 Pater
1694 1135 1758 1187 ut
1810 1132 2112 1186 amaretur

446 1228 778 1302 inspiravit.
811 1225 982 1294 Quod
1009 1225 1238 1300 liquido
1267 1224 1490 1280 Paulus
1522 1223 1662 1279 dicit
1695 1239 1706 1276 :
1739 1244 1764 1269 ‹‹
1794 1223 1922 1277 Non
1949 1215 2109 1272 enim

445 1317 756 1391 accepistis
815 1315 1089 1389 spiritum
1145 1313 1438 1371 servitutis
1489 1312 1703 1368 iterum
1759 1309 1819 1364 in
1876 1307 2106 1372 timore,

445 1404 550 1462 sed
609 1403 924 1478 accepistis
981 1402 1255 1477 spiritum
1311 1399 1650 1474 adoptionis
1707 1396 1990 1462 ﬁliorum,
2047 1393 2108 1448 in

443 1510 565 1566 quo
590 1487 952 1560 clamamus,
985 1488 1158 1546 Abba
1188 1490 1393 1562 [Pater]
1425 1489 1614 1558 (Rom.
1645 1503 1765 1557 vm,
1797 1484 1902 1555 15).
1939 1505 1966 1534 ››
2007 1483 2106 1538 Se-
2145 1513 2190 1571 Β

439 1583 644 1656 quitur
665 1599 678 1637 :

507 1661 681 1727 Vens.
707 1674 796 1726 35.
827 1664 1087 1740 Loquar,
1117 1675 1170 1726 et
1200 1685 1319 1725 non
1344 1667 1554 1723 timebo
1581 1677 1732 1722 eum.
1765 1695 1830 1704 ο-
1859 1661 1958 1718 Vir
1986 1663 2105 1718 ete-

441 1761 570 1817 nim
603 1762 870 1830 sanctus,
900 1757 1045 1831 quia
1082 1757 1334 1814 humani
1379 1755 1610 1826 generis
1651 1753 2107 1825 Bedemptorem

442 1835 648 1906 venire
671 1843 877 1904 mitem
908 1847 1217 1920 conspicit,
1238 1861 1363 1902 non
1385 1849 1610 1900 metum
1633 1859 1669 1898 a
1699 1841 1974 1910 Domino,
2000 1837 2108 1896 sed

443 1937 726 1996 affectum
758 1953 794 1992 a
821 1939 988 1993 Patre
1037 1933 1239 2002 sumit,
1271 1937 1329 1990 et
1356 1933 1632 1990 timorem
1663 1929 1932 2004 despicit,
1965 1927 2109 2001 quia

440 2043 548 2101 per
601 2023 942 2099 adoptionis
991 2023 1245 2096 gratiam
1296 2022 1374 2078 ad
1423 2037 1692 2078 amorem
1723 2017 1928 2088 surgit.
1964 2017 2107 2074 Hinc

439 2121 701 2174 Joannes
729 2115 840 2184 ait:
875 2137 903 2167 «
921 2113 1120 2171 Timor
1146 2129 1269 2170 non
1301 2116 1386 2169 est
1415 2112 1476 2168 in
1503 2110 1808 2181 charitate,
1833 2108 1942 2165 sed
1972 2123 2106 2181 per-

440 2205 595 2263 fecta
642 2204 900 2262 charitas
943 2203 1104 2261 foras
1161 2202 1338 2259 mittit
1382 2201 1657 2258 timorem
1718 2201 1770 2272 (I
1799 2195 1997 2257 Joan.‘
2025 2214 2102 2264 1v,

441 2294 548 2368 18).
576 2317 604 2345 ››
634 2298 682 2350 Α
701 2288 930 2367 peccati
954 2291 1134 2364 igitur
1152 2295 1341 2349 morte
1363 2291 1540 2348 timor
1554 2307 1665 2347 nos
1683 2289 1965 2346 suscitare
1981 2303 2105 2344 non

438 2383 642 2456 valuit,
675 2381 782 2439 sed
807 2382 886 2440 ad
913 2386 1134 2439 statum
1162 2381 1298 2438 vitae
1325 2381 1588 2454 aspirata
1625 2377 2104 2436 mansuetudinis

443 2473 632 2544 gratia
653 2471 854 2530 exerit.
891 2471 1199 2544 Sequitur:
1257 2471 1462 2541 Neque
1511 2470 1664 2526 enim
1701 2483 1942 2538 possum
1991 2483 2106 2523 me-

443 2569 612 2621 tuens
651 2561 1028 2632 respondere.
1061 2591 1130 2600 ——
1167 2557 1553 2632 Respondere
1599 2557 1824 2630 quippe
1865 2555 2104 2613 cuilibet

441 2647 718 2719 dicimus,
738 2665 877 2706 cum
895 2646 1064 2705 factis
1089 2645 1246 2704 illius
1269 2645 1454 2717 digna
1469 2661 1654 2718 opera
1679 2658 2100 2717 recompensa-

440 2757 598 2797 mus.
630 2743 748 2796 Deo
777 2753 920 2810 ergo
963 2735 1326 2812 respondere
1357 2739 1464 2805 est,
1497 2733 1673 2791 donis
1713 2733 1843 2806 ejus
1885 2749 2102 2807 praece-

439 2827 720 2886 dentibus
748 2831 954 2884 nostra
975 2825 1267 2899 obsequia
1293 2825 1562 2882 reddere.
1598 2826 1765 2880 Dona
1807 2822 1968 2879 enim
1990 2837 2098 2878 no-

437 2917 532 2975 bis
559 2917 826 2988 largitur,
855 2915 1286 2987 benignitatem
1317 2931 1512 2982 suam,
1539 2917 1595 2970 et
1621 2929 1762 2984 erga
1777 2911 1970 2969 malos
1994 2910 2102 2967 uti-

437 3013 553 3066 tur.
577 3007 957 3081 Respondere
997 3007 1182 3064 homo
1217 3009 1297 3062 tot
1320 3003 1627 3062 beneficiis
1651 3003 1846 3072 debet,
1881 3008 1985 3058 sed
2015 3005 2100 3058 ta-

440 3114 580 3154 men
609 3095 975 3170 respondere
1007 3099 1280 3150 metuens
1311 3109 1432 3149 non
1457 3091 1613 3148 valet
1637 3111 1648 3159 ;
1681 3091 1825 3166 quia
1847 3089 2100 3146 humani

441 3184 676 3255 generis
709 3181 1112 3247 Conditorem,
1140 3181 1244 3247 qui
1259 3180 1457 3236 adhuc
1483 3175 1767 3234 serviliter
1795 3173 2095 3248 formidat,

441 3271 651 3344 procul
677 3269 864 3326 dubio
891 3284 1016 3326 non
1043 3272 1228 3325 amat.
1253 3266 1402 3324 Nam
1427 3272 1569 3323 tunc
1590 3267 1783 3322 solum
1811 3267 1930 3322 Deo
1957 3273 2100 3322 vera

440 3357 734 3433 obsequia
763 3357 1096 3427 reddimus,
1128 3371 1268 3413 cum
1293 3373 1396 3413 eos
1425 3359 1670 3430 propter
1700 3355 1922 3412 amoris
1949 3355 2102 3412 ﬁdu-

439 3451 596 3506 ciam
625 3461 750 3506 non
778 3447 1086 3517 timemus,
1116 3463 1254 3503 cum
1280 3462 1391 3502 nos
1421 3445 1500 3502 ad
1523 3445 1686 3502 bona
1706 3457 1892 3518 opera
1919 3445 2098 3502 aﬂ‘ec-

441 3542 558 3610 tus,
583 3549 708 3594 non
724 3539 942 3609 metus,
964 3535 1181 3606 dirigit.
1201 3535 1510 3608 Sequitur:

473 3619 481 3628 ’
1105 3627 1328 3682 CAPUT
1357 3627 1416 3680 Χ.

507 3719 679 3774 Vens.
715 3720 765 3772 1.
801 3715 997 3772 Taedet
1017 3719 1280 3771 animam
1303 3727 1492 3770 meam
1513 3714 1650 3770 vim
1678 3722 1838 3770 meae.
1859 3744 1932 3753 —
1949 3714 2098 3770 Cum

437 3806 598 3864 enim
617 3805 680 3861 in
701 3819 908 3862 amore
929 3803 1261 3862 Conditoris
1301 3817 1474 3860 mens
1495 3807 1702 3860 nostra
1733 3800 2096 3875 accenditur,

433 3911 612 3952 omne
640 3893 1004 3952 desiderium
1029 3891 1342 3967 praesentis
1369 3893 1505 3948 vitae
1543 3890 1854 3961 levigatur.
1885 3894 1948 3949 in
1993 3897 2095 3950 tae-

431 3983 600 4041 dium
658 3982 972 4040 delectatio
1018 3982 1282 4052 vertitur,
1307 3987 1486 4055 atque
1515 3981 1673 4038 hanc
1721 3995 1860 4038 cum
1898 3997 2095 4039 errore

429 4087 604 4130 mens
623 4072 853 4142 tolerat,
882 4071 978 4129 cui
998 4071 1152 4128 victa
1175 4071 1343 4144 prius
1366 4069 1626 4144 reprobo
1651 4084 1855 4128 amore
1875 4071 2092 4128 servie-

428 4160 550 4216 bat.
583 4161 894 4233 Sequitur:
927 4157 1240 4216 Dimittam
1289 4159 1606 4216 adversum
1653 4174 1746 4216 me
1793 4161 2089 4230 eloquium

427 4263 642 4304 meum.
666 4280 735 4289 —
760 4249 942 4314 Quasi
969 4263 1079 4320 pro
1102 4263 1164 4304 se
1193 4247 1432 4321 eloquio
1456 4263 1565 4304 suo
1595 4247 1795 4316 utitur,
1823 4248 1927 4322 qui
1953 4264 2088 4322 pra-

426 4351 505 4391 va
529 4349 666 4407 quae
696 4335 896 4406 gessit,
927 4335 1247 4392 defendere
1278 4335 1766 4392 excusationibus
1816 4340 2082 4393 conatur.

427 4423 541 4478 Sed
566 4422 890 4480 adversum
931 4439 993 4480 se
1019 4424 1326 4497 eloquium
1353 4424 1610 4496 dimittit,
1644 4425 1750 4498 qui
1803 4439 2087 4482 accusare

423 4511 484 4568 in
515 4527 576 4568 se
603 4513 718 4570 hoc
748 4513 975 4587 incipit,
1011 4513 1178 4587 quod
1208 4513 1444 4571 erravit.
1482 4515 1759 4588 Sequitur
1792 4533 1804 4571 :
1844 4518 2088 4588 Loquar

419 4603 484 4658 in
514 4604 923 4661 amaritudine
952 4605 1169 4661 anima
1192 4619 1354 4661 meae.
1395 4636 1464 4645 --
1507 4605 1648 4670 Quis
1690 4605 1900 4678 culpas
1943 4621 2086 4662 suas

418 4691 718 4750 detestans
774 4693 1057 4768 loquitur.
1105 4697 1286 4750 restat
1337 4709 1580 4751 necesse
1625 4699 1712 4750 est
1756 4699 1820 4751 ut
1866 4695 1977 4752 has
2024 4696 2085 4752 in

417 4781 815 4838 amaritudine
839 4785 1056 4840 animm
1076 4783 1376 4857 loquatur,
1396 4787 1459 4840 ut
1482 4785 1612 4840 haec
1640 4783 1774 4856 ipsa
1797 4785 2084 4843 amaritu-

414 4867 494 4924 do
523 4869 756 4941 puniat,
791 4871 1087 4945 quidquid
1129 4873 1338 4944 lingua
1366 4885 1474 4945 per
1525 4873 1741 4930 mentis
1784 4875 2082 4946 judicium

417 4962 685 5015 accusat.
721 4960 999 5032 Sequitur
1021 4978 1034 5016 :

481 5049 650 5104 Vnus.
665 5051 718 5104 2.
736 5049 948 5106 Dicam
968 5051 1119 5106 Deo:
1154 5051 1300 5107 Noti
1322 5065 1416 5108 me
1439 5053 1857 5112 condemnare.
1883 5087 1949 5094 —
1970 5055 2079 5121 Qui

406 5142 784 5210 peccatorem
807 5151 868 5195 se
899 5139 959 5194 in
991 5139 1390 5197 amaritudine
1423 5141 1641 5199 anima:
1667 5143 1896 5214 asserit,
1928 5145 2077 5218 quid

406 5229 524 5282 Deo
539 5226 702 5284 aliud
731 5241 918 5301 quam
939 5243 1016 5285 ne
1047 5227 1486 5287 condemnatur
1501 5230 1664 5303 dicit,
1687 5233 1832 5306 quia
1857 5234 2078 5290 amari-

399 5313 546 5370 tudo
567 5318 878 5386 prtesentis
909 5317 1292 5391 pcenitentim,
1317 5319 1639 5391 exatinguit
1659 5321 1957 5396 supplicia
1989 5339 2072 5378 se-

398 5403 638 5474 quentis
659 5405 760 5461 irae
780 5408 810 5461 ?
827 5407 1070 5464 Duobus
1092 5408 1252 5464 enim
1281 5409 1476 5464 modis
1499 5410 1556 5466 in
1572 5411 1686 5466 hac
1708 5413 1830 5466 vita
1841 5410 2074 5482 judicat

393 5491 572 5562 Deus,
597 5507 737 5549 cum
761 5500 864 5552 aut
879 5511 986 5570 per
1007 5499 1168 5556 mala
1192 5499 1509 5572 praesentia
1525 5501 1791 5570 irrogare
1807 5501 1936 5572 jam
1960 5504 2073 5558 tor-

1515 31 1573 88 S.
1607 24 1869 86 ODONIS
1899 16 2192 78 ABBATIS
2221 17 2730 106 CLtJNIACENSIS
2761 27 2828 81 ll.

455 160 592 228 suit,
623 159 770 234 quia
795 161 853 214 et
875 154 1151 228 exempla
1188 152 1538 218 hominibus
1571 167 1707 224 quae
1739 146 2110 205 imitarentur
2143 176 2190 232 Α
2223 151 2426 202 menta
2453 147 2657 220 incipit
2685 149 3012 222 sequentia.
3045 151 3208 207 Unde
3239 151 3527 225 scriptum
3555 157 3678 210 est:

3774 35 3883 88 204

3735 157 3888 212 «SO-

2222 235 2420 292 cundo
2472 253 2574 293 eos
2631 237 2735 310 qni
2787 255 2906 294 non
2955 239 3357 305 crediderunt,
3406 241 3667 314 perdidit
3719 243 3881 312 (λεια.

2219 325 2297 395 v).
2331 348 2358 374 ››
2401 328 2466 381 Et
2511 327 2572 381 in
2629 327 2913 399 psalmo:
2966 352 2992 376 ‹‹
3045 328 3376 384 lnduantur
3423 330 3576 386 sicut
3618 330 3884 404 diploide

2222 414 2569 472 confusione
2601 416 2786 487 (Psal.
2819 433 3020 486 cxvm,
3049 421 3164 484 ‘29).
3203 440 3230 468 »
3257 423 3371 474 Aut
3399 435 3538 475 cum
3585 425 3886 479 tormenta

2221 506 2530 572 sequentia
2598 503 2847 575 ﬂagellis
2915 507 3310 579 praesentibus
3369 507 3679 578 extinguit.
3742 511 3884 568 Hinc

2221 589 2438 646 Paulus
2469 593 2596 649 ait:
2641 617 2668 643 «
2701 595 2848 650 Cum
2893 595 3239 666 judicamur
3287 612 3322 651 a
3372 597 3648 666 Domino,
3698 599 3881 654 corri-

2219 679 2444 752 pimur,
2489 688 2555 738 ut
2600 701 2722 739 non
2766 701 2904 740 cum
2953 685 3068 741 hoc
3126 685 3356 742 mundo
3413 685 3780 744 damnemur
3831 691 3890 761 (Ι

2223 769 2358 826 Cor.
2393 787 2476 840 χι,
2505 776 2614 838 32).
2647 797 2674 823 ››
2709 777 2774 830 Et
2801 775 2938 830 alibi
2976 793 2988 830 :
3023 799 3050 824 «
3078 777 3202 845 Ego
3227 791 3380 848 quos
3406 792 3548 833 amo
3575 793 3792 848 arguo,
3825 785 3886 836 et

2221 860 2450 930 castigo
2475 862 2680 932 (Apoc.
2714 879 2793 928 ιιι,
2834 864 2936 935 19).
2973 888 2998 914 ››
3031 865 3342 937 Sequitur:
3376 866 3580 923 indica
3598 868 3752 924 mihi
3775 884 3884 924 cur

2219 965 2311 1006 me
2339 951 2426 1006 ita
2447 951 2684 1022 judices
2715 953 2742 1008 ‘I
2799 958 2880 1008 Ac
2911 953 2958 1008 si
3007 953 3227 1010 diceret
3261 971 3272 1008 :
3311 954 3463 1019 Quia
3519 954 3884 1026 ﬂagellando

2219 1054 2316 1094 me
2341 1039 2600 1110 judicas,
2632 1041 2880 1097 ostende
2909 1042 3074 1114 quod
3101 1041 3178 1097 ad
3203 1042 3502 1113 judicium
3539 1059 3648 1116 per
3675 1043 3880 1115 ﬂagelé

2219 1127 2342 1182 lum
2377 1144 2654 1186 securum
2684 1129 2924 1187 reddas.
2953 1131 3162 1186 Aliter:
3195 1130 3549 1204 Plerumque
3571 1133 3734 1189 enim
3757 1135 3884 1205 jus-

2220 1219 2314 1272 tus
2342 1215 2580 1286 ﬂagella
2607 1217 2688 1274 ad
2716 1219 3130 1290 probationem
3173 1221 3440 1292 percipit,
3473 1221 3578 1277 sed
3621 1239 3730 1295 pro
3761 1241 3882 1295 qua

2220 1307 2420 1361 tamen
2477 1307 2807 1378 specialiter
2863 1306 3038 1380 culpa
3091 1308 3456 1379 percutiatur
3495 1309 3744 1366 minime
3787 1327 3883 1368 co-

2220 1395 2470 1463 gnoscit,
2505 1400 2683 1468 atque
2714 1396 2907 1466 magis
2937 1397 2996 1452 in
3029 1397 3415 1468 percussione
3450 1399 3728 1471 trepidat,
3757 1415 3880 1474 quo

2219 1499 2467 1540 causam
2497 1501 2618 1539 suae
2643 1485 3047 1557 percussionis
3072 1485 3324 1555 ignorat.
3345 1487 3489 1543 Petit
3514 1492 3578 1543 ut
3607 1490 3880 1563 semetip-

2220 1589 2358 1629 sum
2381 1573 2494 1630 sibi
2519 1574 2702 1645 judex
2727 1574 2966 1643 indicet,
2984 1580 3284 1648 quatenus
3303 1575 3470 1648 quod
3490 1575 3587 1633 ille
3607 1578 3882 1634 animad-

2216 1661 2504 1718 vertendo
2527 1663 2800 1735 percutit,
2832 1663 2947 1719 hoc
2970 1663 3030 1718 in
3061 1679 3124 1719 se
3151 1663 3353 1720 ﬂendo
3372 1668 3430 1720 et
3457 1663 3586 1738 ipse
3605 1666 3876 1737 castiget.

2221 1751 2496 1824 Sequitur
2520 1768 2532 1806 :

2287 1843 2461 1898 Vens.
2494 1845 2545 1898 3.
2579 1841 2873 1913 Nunquid
2899 1841 3112 1898 bonum
3161 1842 3270 1898 tibi
3309 1843 3547 1900 videtur
3571 1844 3624 1899 si
3645 1846 3879 1901 catumé

2215 1931 2422 1995 nieris,
2453 1937 2508 1987 et
2539 1933 2845 2001 opprimas
2869 1946 2963 1987 me
2987 1946 3313 2001 pauperem
3333 1934 3362 1988 ?
3389 1964 3460 1972 —
3487 1936 3564 1988 Ac
3592 1932 3640 1988 si
3665 1937 3874 2006 aperte

2216 2019 2540 2076 diceretur:
2574 2023 2656 2076 Tu
2683 2019 2790 2094 qui
2816 2033 3050 2076 summe
3081 2019 3280 2077 bonus
3317 2037 3404 2086 es,
3436 2021 3578 2077 novi
3601 2021 3742 2095 quia
3767 2021 3876 2078 bo-

2215 2125 2362 2164 num
2393 2125 2517 2164 non
2539 2109 2837 2176 testimas._
2859 2115 2923 2165 ut
2965 2125 3298 2182 pauperem
3349 2125 3456 2182 per
3507 2109 3873 2168 calumniam

2214 2212 2474 2269 premas.
2512 2198 2641 2254 Scio
2669 2215 2810 2268 ergo
2842 2198 2988 2272 quia
3035 2213 3158 2253 non
3188 2204 3277 2254 est
3298 2199 3530 2269 justum
3560 2200 3728 2272 quod
3774 2215 3878 2272 pa-

2214 2287 2346 2350 tior,
2395 2291 2452 2342 et
2502 2303 2573 2343 eo
2630 2287 2826 2355 magis
2893 2287 3090 2354 doleo,
3149 2287 3316 2360 quod
3367 2303 3584 2344 causas
3634 2288 3875 2359 justitite

2213 2375 2444 2444 ignoro.
2475 2378 2624 2433 Cum
2662 2391 2802 2432 vero
2833 2392 2895 2432 se
2935 2390 3286 2449 pauperem,
3318 2392 3442 2432 non
3492 2377 3872 2434 innocentem

2212 2469 2526 2532 memorat,
2557 2481 2677 2521 non
2701 2469 2833 2536 jam
2863 2465 2937 2520 de
2977 2465 3102 2522 vita
3147 2465 3464 2522 audaciam
3515 2466 3740 2540 arripit,
3767 2465 3876 2523 sed

2211 2569 2395 2626 quam
2421 2569 2484 2608 se
2522 2553 2830 2609 inﬁrmum
2873 2553 3203 2626 conspiciat
3227 2553 3504 2610 ostendit.
3549 2555 3871 2628 Sequitur:

2215 2645 2373 2713 Opus
2427 2659 2712 2700 manuum
2757 2649 3020 2700 tuarum.
3079 2674 3132 2682 -—
3192 2647 3274 2699 Ac
3321 2645 3368 2699 si
3415 2648 3619 2716 aperte
3667 2644 3872 2700 dicat:

2213 2733 2394 2806 lmpie
2421 2733 2762 2806 opprimere
2810 2749 2934 2789 non
2963 2736 3152 2806 potes,
3185 2747 3368 2805 quem
3399 2737 3456 2789 te
3502 2733 3714 2790 fecisse
3737 2749 3874 2803 gra-

2211 2822 2356 2879 tuito
2407 2823 2756 2879 recordaris.
2808 2809 3126 2896 Sequitur:
3167 2823 3246 2878 Et
3302 2823 3615 2880 consiliwm
3661 2825 3872 2893 impio-

2210 2929 2345 2970 rum
2373 2915 2620 2984 adjuves
2646 2914 2674 2969 ‘2
2705 2945 2768 2952 ——
2803 2915 2962 2978 Quos
2984 2927 3249 2985 namque
3266 2912 3380 2968 hoc
3397 2912 3460 2968 in
3479 2911 3610 2968 loco
3631 2911 3871 2985 impios,

2209 3003 2320 3058 nisi
2353 3003 2648 3072 malignos
2679 3003 2920 3076 spiritus
2951 3002 3178 3059 vocat?
3206 3002 3316 3068 Qui
3349 3018 3488 3058 cum
3517 3001 3709 3058 redire
3754 3003 3873 3076 ipsi

2210 3091 2288 3146 ad
2319 3091 2502 3147 vitam
2535 3097 2860 3164 nequeunt,
2892 3090 3206 3148 crudeliter
3259 3091 3457 3148 socios
3497 3090 3576 3148 ad
3615 3093 3875 3148 mortem

2209 3184 2502 3250 quaerunt.
2538 3181 2804 3245 Quorum
2833 3179 3118 3234 nimirum
3149 3177 3466 3235 consilium
3485 3177 3614 3246 fuit,
3641 3182 3708 3234 ut
3733 3177 3874 3234 bea-

2210 3272 2338 3324 tum
2365 3268 2475 3324 Job
2503 3268 2710 3326 divina
2739 3268 3032 3342 correptio
3073 3271 3359 3337 tangeret,
3389 3271 3446 3324 et
3467 3267 3570 3342 qui
3615 3267 3676 3323 in
3705 3270 3871 3323 tran-

2207 3356 2493 3429 quillitate
2520 3357 2718 3427 justus
2739 3358 3060 3427 exstiterat,
3093 3356 3305 3413 saltem
3333 3368 3442 3430 per
3471 3355 3712 3428 ﬂagella
3733 3371 3873 3429 pec-

2210 3450 2386 3501 caret.
2418 3447 2533 3503 Sed
2553 3445 2874 3520 impiorum
2906 3445 3223 3503 consilium
3252 3445 3538 3502 Dominus
3559 3461 3682 3502 non
3705 3444 3873 3502 audi-

2209 3535 2310 3604 vit,
2343 3535 2486 3607 quia
2509 3551 2718 3592 eorum
2749 3535 3174 3592 tentationibus
3200 3546 3450 3591 carnem
3489 3534 3638 3606 justi
3667 3533 3870 3608 prodi-

2207 3623 2311 3692 dit,
2345 3624 2614 3681 animam
2645 3626 2904 3695 negavit.
2939 3625 3061 3681 Hoc
3090 3624 3268 3682 etiam
3282 3623 3602 3681 consilium
3621 3623 3870 3682 assidue

2211 3713 2498 3770 Dominus
2521 3713 2790 3782 destruit,
2819 3715 2964 3788 quia
2990 3713 3130 3788 pius
3162 3713 3446 3772 Conditor
3467 3729 3608 3770 cum
3635 3713 3868 3770 viribus

2205 3802 2444 3874 ﬂagella
2491 3802 2859 3874 moderatur,
2889 3819 2965 3860 ne
3012 3803 3292 3860 virtutem
3330 3803 3633 3875 justorum
3683 3817 3870 3876 pmna

2205 3897 2470 3951 transeat
2514 3895 3024 3968 persequentium,
3059 3898 3114 3950 et
3151 3910 3258 3968 per
3298 3894 3578 3952 astutiam
3624 3892 3868 3950 fortium

2205 3983 2474 4040 humana
2501 3983 2815 4041 inﬁrmitas
2845 3982 3112 4040 excedat.
3150 3983 3296 4039 Hinc
3327 3982 3548 4040 Paulus
3578 3981 3694 4040 ait:
3727 4005 3755 4032 ‹‹
3783 3981 3869 4039 Fi-

2204 4071 2352 4129 delis
2380 4078 2583 4131 autem
2615 4077 2790 4148 Deus,
2819 4074 2924 4147 qui
2971 4088 3094 4130 non
3123 4073 3345 4146 patitur
3381 4089 3490 4129 vos
3528 4071 3744 4130 tentari
3771 4087 3868 4128 su-

2202 4154 2314 4234 pra
2341 4163 2401 4218 id
2430 4163 2596 4236 quod
2626 4161 2892 4235 potestis,
2933 4185 2962 4214 »
3017 4167 3074 4218 et
3125 4161 3358 4236 reliqua
3406 4162 3466 4230 (Ῑ
3487 4160 3626 4218 Cor.
3657 4177 3718 4227 χ,
3750 4159 3862 4232 13).

2204 4251 2480 4324 Sequitur
2497 4272 2508 4308 :

2271 4343 2445 4397 Vens.
2479 4345 2532 4409 4,
2553 4346 2604 4412 5,
2624 4346 2680 4397 6.
2708 4347 2760 4396 7.
2789 4341 3082 4414 Nunquid
3121 4343 3285 4398 oculi
3319 4342 3530 4398 carnei
3566 4341 3676 4396 tibi
3696 4344 3860 4402 sunt,

2197 4435 2306 4486 aut
2335 4431 2488 4486 sicut
2503 4430 2661 4487 videt
2693 4431 2865 4488 homo
2879 4435 2937 4488 et
2956 4436 3021 4486 tu
3041 4430 3232 4489 vides?
3247 4429 3539 4502 Nunquid
3563 4429 3718 4485 sicut
3735 4429 3864 4485 dies

2197 4519 2471 4588 hominis,
2501 4521 2623 4576 dies
2649 4521 2760 4589 tui,
2793 4525 2900 4578 aut
2928 4521 3081 4578 anni
3109 4521 3199 4577 tui
3237 4521 3392 4577 sicut
3422 4518 3691 4576 humana
3719 4522 3866 4574 sunt

2141 4656 2146 4661 .
2194 4614 2462 4680 tempora
2482 4616 2550 4665 ut
2573 4624 2809 4681 qums
2837 4611 3214 4683 iniquitatem
3243 4624 3433 4667 meam
3463 4613 3522 4665 et
3547 4611 3862 4678 peccatum

2193 4712 2385 4756 meum
2401 4699 2703 4760 scruteris,
2718 4705 2773 4755 et
2794 4702 2947 4755 scias
2959 4701 3104 4770 quia
3119 4699 3278 4756 nihil
3301 4698 3549 4768 impium
3562 4697 3813 4768 fecerim
3829 4695 3861 4751 ?

2192 4819 2261 4828 —
2281 4792 2360 4844 Ac
2393 4787 2440 4842 si
2489 4785 2790 4842 humiliter
2817 4787 3126 4860 requirens
3155 4787 3379 4842 diceret
3411 4803 3424 4841 :
3485 4788 3602 4842 Cur
3653 4799 3754 4842 me
3796 4785 3860 4841 in

2192 4881 2460 4950 tompore
2489 4891 2596 4950 per
2623 4875 2861 4948 ﬂagella
2884 4877 3216 4945 examines,
3241 4888 3424 4948 quem
3455 4875 3622 4948 apud
3650 4879 3708 4932 te
3725 4886 3862 4950 per-

2189 4967 2336 5022 fecte
2355 4971 2416 5022 et
2439 4970 2576 5023 ante
2601 4970 2873 5039 tempora
2913 4965 3070 5022 scisti
3087 4966 3119 5021 *Ρ
3136 4965 3254 5021 Gur
3283 4963 3494 5037 culpas
3520 4979 3692 5022 meas
3721 4971 3858 5022 reb

2187 5054 2433 5110 beribus
2453 5054 2806 5126 interrogas,
2835 5069 3020 5127 quem
3040 5069 3149 5126 per
3172 5057 3228 5110 te
3244 5052 3586 5112 aeternitatis
3607 5055 3726 5111 tum
3741 5063 3857 5128 po-

2187 5143 2455 5212 tentiam,
2485 5158 2596 5200 nec
2623 5145 2790 5218 prius
2817 5159 3001 5216 quam
3033 5142 3323 5200 conderes
3368 5143 3612 5214 ignoras
3630 5142 3659 5199 ‘2
3683 5141 3857 5200 Oculi

2185 5233 2412 5307 quippe
2439 5233 2658 5302 carnei,
2681 5232 2840 5290 facta
2860 5235 3214 5306 temporum,
3228 5232 3472 5291 nonnisi
3493 5233 3554 5290 in
3581 5235 3856 5306 tempore

2189 5329 2547 5396 agnoscunt,
2569 5327 2626 5380 et
2649 5323 2954 5379 humanus
2971 5321 3132 5380 visus
3144 5322 3456 5397 quodlibet
3477 5338 3632 5396 opus
3651 5321 3857 5394 sequi-

2187 5419 2428 5484 tur,non
2441 5413 2886 5486 percurritDies
2913 5428 3158 5487 quoque
3188 5418 3246 5471 et
3272 5415 3416 5470 anni
3442 5412 3782 5480 hominum,
3811 5426 3856 5468 ι

2185 5503 2400 5560 diebus
2446 5507 2504 5560 et
2545 5503 2718 5560 annis
2756 5504 3091 5561 aeternitatis
3129 5504 3489 5578 discrepant,
3519 5500 3666 5577 quia
3695 5499 3850 5559 vita-
