4154 6160
261 109 363 163 205

1080 103 1373 159 EPITOME
1411 96 1781 156 MORALIUM
1821 84 1877 150 S.
1920 92 2124 150 GREG.
2167 96 2235 151 IN
2276 94 2425 151 JOB.
2468 124 2535 135 -—
2578 94 2710 151 LIB.
2757 100 2845 152 lX.

3576 99 3682 158 206

261 231 465 283 nostra
491 242 629 301 quae
652 230 919 298 tempore
947 223 1243 295 incipitur,
1272 226 1329 278 et
1358 225 1626 293 tempore
1678 218 1899 273 ﬁnitur.
1949 224 1993 276 Α
2027 216 2398 285 coagulatur,
2453 215 2598 289 quia
2647 217 2710 272 in
2763 218 3196 292 constipatione
3237 218 3681 293 pinguescantis

262 319 379 373 Deo
402 315 631 388 quippe
659 330 769 372 nec
799 315 1096 370 transacta
1120 314 1502 384 praetereunt,
1551 323 1663 365 nec
1710 307 1910 363 adhuc

260 408 514 461 ventura
543 404 714 478 quasi
746 419 880 476 quae
910 417 1030 457 non
1063 404 1414 473 appareant,
1469 398 1705 453 desunt.
1762 394 1913 462 Quia

258 492 307 547 is
335 492 443 565 qui
473 506 711 564 semper
738 505 870 547 esse
903 490 1104 555 habet,
1137 492 1355 544 cuncta
1414 487 1525 542 sibi
1589 482 1914 558 praesentia

261 580 569 654 conspicit,
599 595 734 635 cum
755 578 1104 651 aspiciendo
1134 583 1271 650 post
1297 582 1353 632 et
1374 581 1511 632 ante
1534 590 1657 631 non
1721 571 1911 629 tendi-

261 676 376 726 tur.
436 669 708 741 Sequitur
765 685 778 722 :
838 667 984 724 Cum
1012 669 1087 723 sit
1147 681 1314 722 nemo
1346 666 1450 737 qui
1496 665 1572 721 de
1598 678 1783 720 manu
1810 666 1917 718 tua

259 760 443 830 possit
471 759 711 815 eruere?
732 788 804 797 —
835 762 913 811 Ac
935 757 983 813 si
1013 759 1216 830 aperte
1246 754 1408 811 dicat
1455 772 1468 809 :
1522 752 1677 819 Quid
1696 750 1803 807 tibi
1832 764 1918 805 re-

258 848 390 912 stat,
424 846 540 901 nisi
572 859 838 917 parcere,
871 845 1045 914 cujus
1071 843 1271 900 virtuti
1295 842 1497 898 nullus
1522 841 1681 897 valet
1710 838 1917 895 obvia-

258 937 365 992 re?
419 938 550 1002 Quo
593 935 753 990 enim
813 951 993 990 nemo
1051 939 1158 999 est,
1196 933 1299 1006 qui
1330 931 1918 988 animadversionem

258 1032 425 1082 tuam
453 1040 526 1082 ex
554 1024 764 1080 merito
790 1040 914 1079 suae
944 1023 1171 1078 virtutis
1195 1021 1466 1089 retineat.
1502 1037 1578 1076 eo
1612 1036 1648 1077 a
1672 1024 1724 1075 te
1781 1018 1920 1074 faci-

255 1113 371 1171 lius
400 1119 502 1170 tua
531 1108 721 1186 pietas
750 1112 950 1183 exigit.
980 1116 1045 1167 ut
1073 1126 1306 1183 parcas.
1345 1111 1621 1183 Sequitur
1652 1128 1665 1164 :

330 1204 501 1259 Vens.
534 1206 586 1258 8.
616 1203 835 1259 Manus
849 1206 969 1257 tum
986 1203 1261 1271 fecemmt
1273 1216 1366 1255 me
1384 1210 1436 1256 et
1462 1200 1920 1269 ptasmavenmt

254 1310 350 1350 me
369 1298 555 1350 totum
578 1293 640 1347 in
672 1292 948 1352 circuitu,
984 1296 1039 1347 et
1059 1291 1145 1345 sic
1169 1293 1417 1358 repente
1430 1289 1772 1358 praecipites
1790 1287 1919 1342 me?

255 1414 326 1422 ——
354 1382 437 1435 Ac
467 1380 513 1435 si
545 1378 845 1435 humiliter
875 1378 1051 1434 dicat.
1086 1378 1235 1444 Quia
1267 1376 1381 1431 sub
1427 1377 1591 1446 justo
1641 1374 1919 1431 examine

255 1470 511 1540 dignum
541 1484 663 1524 non
696 1472 786 1523 est
812 1472 927 1523 tuae
954 1466 1274 1540 placationi
1316 1466 1480 1537 quod
1538 1465 1668 1534 feci,
1724 1478 1920 1536 pensa

2022 302 2399 375 cogitationis
2431 304 2795 377 astringitur,
2826 311 2890 364 ut
2943 323 3337 382 nequaquam
3387 309 3519 381 jam
3572 322 3680 385 per

2022 391 2322 449 desideria
2347 392 2591 460 deﬂuat,
2623 392 2730 449 sed
2758 392 2820 449 in
2842 408 2966 450 uno
2994 411 3199 453 amore
3254 412 3319 454 se
3372 398 3679 471 colligens,

2024 482 2104 539 ad
2133 482 2391 539 solidam
2420 482 2909 539 reformationem
2933 490 3158 555 surgat.
3188 486 3342 543 Pelle
3369 488 3599 562 quippe
3623 491 3683 545 et

2024 572 2305 628 carnibus
2323 572 2564 628 interior
2593 573 2778 629 homo
2817 572 3079 642 vestitur,
3113 574 3259 647 quia
3303 592 3445 635 cum
3474 577 3556 634 ad
3587 594 3683 635 suo

2024 675 2211 733 perna
2240 661 2500 731 erigitur,
2531 660 2865 718 carnalium
2891 666 3168 719 motuum
3196 662 3511 722 obsidione
3561 666 3683 723 val-

2023 750 2201 806 latur.
2234 750 2525 806 Carnibus
2555 756 2612 806 et
2636 748 2790 816 pelle
2820 751 3129 818 vestimur,
3171 751 3279 807 sed
3331 753 3571 810 ossibus
3626 760 3686 812 et

2022 839 2223 896 nervis
2245 838 2709 911 compingimur,
2741 840 2885 913 quia
2914 836 3022 897 etsi
3045 839 3186 896 foris
3211 839 3472 897 irruente
3496 845 3683 899 tenta-

2026 928 2183 984 tione
2217 927 2614 996 concutimur,
2646 928 2807 984 intus
2834 934 3032 985 tamen
3056 944 3168 986 nos
3188 928 3521 986 Conditoris
3549 945 3682 987 map

2027 1032 2141 1072 nus
2166 1016 2411 1073 roborat
2440 1021 2648 1073 contra
2677 1018 3062 1074 tentamenta.
3097 1018 3407 1092 Sequitur:

2102 1109 2264 1163 Vsus.
2302 1111 2386 1162 t2.
2428 1107 2621 1164 Vitam
2647 1112 2702 1163 et
2730 1108 3199 1165 misencordiam
3229 1107 3678 1166 tribuistimihi.

2027 1227 2096 1236 -——
2121 1195 2414 1265 Angustia
2444 1195 2672 1269 quippe
2702 1195 2804 1252 Dei
2832 1196 2966 1252 laus
2994 1200 3152 1253 esset
3178 1196 3483 1254 discretae
3501 1198 3682 1256 creati

2027 1284 2314 1356 corporis,
2347 1284 2459 1339 nisi
2488 1283 2667 1340 etiam
2698 1289 3018 1357 sequenter
3061 1284 3491 1356 exprimeretur
3533 1286 3686 1344 mira

2028 1372 2314 1445 aspiratio
2343 1371 2779 1429 vivificationis.
2813 1376 3166 1430 Monaurea.
3196 1375 3323 1431 Vita
3351 1374 3578 1448 quippe
3592 1374 3688 1432 tri-

2028 1463 2248 1532 buitur,
2269 1476 2411 1518 cum
2435 1461 2716 1532 malignis
2745 1463 3048 1519 mentibus
3072 1463 3412 1534 benignitas
3457 1465 3687 1538 aspira-

256 1557 719 1615 misericorditer
740 1570 815 1611 ne
827 1561 1050 1629 pereat,
1078 1555 1246 1628 quod
1265 1553 1470 1609 fecisti.
1487 1553 1716 1619 Quibus
1737 1551 1917 1608 etiam
1956 1569 2001 1626 Β
2028 1557 2143 1609 tur.
2177 1552 2291 1608 Sed
2316 1551 2433 1607 vita
2462 1552 2590 1607 sine
2620 1549 3031 1607 misericordia
3049 1551 3241 1624 accipi
3295 1567 3689 1626 nequaquam

252 1646 455 1704 verbis
483 1660 836 1719 perversum
867 1644 1168 1701 Manichaei
1198 1643 1423 1713 dogma
1445 1641 1790 1711 destruitur,
1812 1640 1917 1713 qui

255 1736 382 1792 duo
409 1734 704 1809 principia
731 1750 864 1790 esse
894 1733 1205 1800 mentiens,
1228 1748 1265 1787 a
1295 1736 1414 1788 Deo
1438 1730 1734 1804 spiritum,
1758 1747 1795 1786 a
1818 1732 1919 1786 Sa-

254 1829 403 1882 tana
426 1840 568 1881 vero
594 1838 842 1879 carnem
871 1820 1179 1878 conditam
1207 1834 1475 1876 asserere
1514 1823 1766 1876 conatur
1794 1818 1920 1891 pla-

256 1919 524 1971 smatum
555 1927 698 1969 vero
717 1927 781 1967 se
811 1915 1056 1983 propter
1085 1909 1411 1977 imaginem
1440 1908 1655 1976 retulit,
1695 1909 1924 1964 factum

252 2018 403 2059 vero
433 2017 501 2057 se
531 2000 808 2056 totumin
830 1998 1098 2059 circuitu,
1136 1998 1199 2051 in
1248 2011 1322 2051 eo
1370 1996 1535 2069 quod
1594 2011 1669 2050 ex
1726 1995 1922 2051 carnis

258 2094 497 2147 constat
518 2088 874 2145 indumento
891 2085 1265 2143 memoravit.
1292 2085 1630 2141 Notandum
1651 2099 1795 2140 vero
1815 2088 1920 2151 est,

255 2179 404 2253 quia
434 2193 543 2251 per
571 2178 686 2233 hoc
712 2177 1079 2249 plasmatum
1109 2175 1202 2230 Dei
1238 2174 1522 2230 manibus
1550 2173 1778 2243 asserit,
1814 2174 1923 2229 mi-

257 2265 604 2323 sericordiae
631 2266 857 2321 iudicis
889 2264 1239 2334 dignitatem
1267 2279 1388 2319 suae
1409 2262 1767 2318 conditionis
1788 2277 1924 2335 sup-

208 2424 219 2433 .
255 2355 446 2431 ponit.
479 2359 561 2410 Ac
588 2354 635 2410 si
666 2358 869 2427 aperte
898 2354 1057 2409 dicat
1088 2369 1099 2407 :
1126 2356 1240 2410 Cur
1266 2356 1430 2408 tanta
1456 2351 1674 2407 vilitate
1730 2350 1924 2423 despi-

255 2444 367 2509 cis,
399 2459 580 2517 quem
610 2446 776 2499 tanta
805 2441 1092 2511 dignitate
1120 2439 1437 2498 condidisti
1465 2442 1493 2496 ?
1526 2443 1590 2495 Et
1618 2454 1801 2513 quem
1831 2455 1922 2495 ra-

257 2534 420 2590 tione
445 2531 676 2589 creteris
706 2531 887 2587 rebus
912 2530 1180 2603 praefers,
1208 2545 1315 2587 cur
1345 2545 1419 2585 ex
1447 2529 1654 2585 dolore
1702 2544 1922 2602 suppo-

257 2622 357 2678 nis
380 2622 408 2677 7
437 2620 749 2693 Sequitur:

331 2711 503 2766 Vnus.
560 2712 614 2765 9.
660 2709 975 2773 Memento,
1033 2722 1251 2778 quaeso,
1317 2708 1478 2779 quod
1526 2708 1679 2762 sicut
1728 2708 1921 2762 tutum

253 2799 476 2869 feceris
497 2813 606 2854 me.
669 2828 736 2837 -—
793 2801 876 2853 Ac
903 2796 952 2851 si
990 2800 1190 2868 aperte
1223 2795 1383 2851 dicat
1441 2812 1453 2849 :
1514 2793 1924 2850 Inﬁrmitatem

256 2888 481 2955 carnis,
513 2892 570 2943 et
586 2891 819 2943 reatum
851 2885 1179 2977 iniquitatis
1208 2885 1364 2977 laxa.
1402 2884 1564 2938 Sicut
1593 2884 1785 2939 lutum
1811 2884 1922 2977 ita-
1960 2922 2002 2977 ο

2026 1640 2203 1707 valet,
2233 1639 2479 1713 quiaad
2505 1638 2835 1695 obtinenda
2886 1639 3124 1711 justitlss
3177 1638 3341 1696 bona
3394 1640 3687 1697 Dominus

2025 1741 2147 1785 non
2173 1729 2440 1800 adjuvat,
2470 1728 2520 1783 si
2544 1727 2711 1801 prius
2741 1727 3203 1784 misericorditer
3236 1731 3376 1785 ante
3388 1732 3555 1785 actas
3585 1745 3688 1786 ne-

2025 1818 2244 1891 quitias
2271 1832 2396 1874 non
2424 1818 2671 1874 relaxat.
2698 1816 2797 1874 Vel
2825 1822 2979 1874 certe
3010 1817 3194 1874 vitam
3241 1821 3300 1874 et
3357 1817 3690 1875 misericorn

2027 1907 2191 1963 diam
2218 1907 2395 1963 nobis
2423 1906 2645 1970 tribuit,
2676 1907 2823 1980 quia
2847 1922 2985 1964 eam
3012 1923 3138 1980 qua
3186 1922 3302 1964 nos
3356 1906 3690 1965 misericor-

2030 1995 2131 2052 dia
2158 1995 2237 2051 ab
2257 1995 2411 2052 bene
2428 1994 2752 2052 sivendum
2776 1996 3085 2069 prmvenit,
3109 1996 3288 2053 etiam
3315 1996 3691 2070 subsequen-

2034 2089 2121 2141 ter
2150 2084 2424 2140 custodit.
2476 2084 2594 2139 Nisi
2651 2084 2812 2140 enim
2857 2084 3329 2142 misericordiam
3384 2086 3689 2157 subroget,

2034 2172 2261 2230 servari
2287 2186 2411 2228 non
2440 2172 2596 2229 valet
2624 2172 2743 2228 vita
2765 2188 2951 2245 quam
2981 2173 3227 2246 praebet.
3258 2174 3536 2248 Sequitur
3568 2193 3581 2230 :
3612 2175 3694 2231 Et

2032 2261 2292 2317 visitatio
2324 2266 2430 2318 tua
2449 2262 2769 2318 custodiuit
2796 2263 3076 2332 spiritum
3106 2277 3320 2319 meum.
3375 2292 3443 2303 —-
3494 2266 3693 2318 Incas-

2030 2364 2165 2405 sum
2181 2349 2344 2406 enim
2366 2350 2540 2407 nobis
2575 2349 2857 2408 Conditor
2886 2350 3048 2408 bona
3063 2350 3291 2421 tribuit,
3326 2351 3375 2407 si
3395 2367 3519 2408 non
3567 2366 3695 2407 oms

2028 2452 2103 2495 ne
2130 2436 2298 2512 quod
2322 2439 2607 2510 tribuerit,
2636 2440 2763 2513 ipse
2781 2440 3141 2497 custodierit.
3170 2443 3521 2497 Mensura.
3571 2441 3693 2496 Hu‘

2027 2542 2280 2585 manum
2310 2529 2534 2604 quippe
2566 2529 2842 2603 spiritum
2867 2545 3131 2603 superna
3177 2530 3440 2587 visitatio
3493 2533 3694 2587 ωηο*

2029 2618 2131 2685 dit,
2183 2632 2323 2674 cum
2377 2618 2538 2674 hunc
2583 2618 2901 2675 virtutibus
2973 2618 3250 2687 dilatum,
3310 2619 3402 2677 vel
3454 2619 3694 2691 ﬂagello

2030 2710 2358 2778 percutere,
2392 2706 2485 2761 vel
2513 2722 2923 2780 compungere
2953 2722 3160 2765 amore
3188 2724 3312 2764 non
3338 2708 3574 2765 desinit.
3602 2710 3696 2766 Se-

2031 2795 2233 2867 quitur
2262 2811 2274 2849 :

2104 2885 2276 2938 Vens.
2308 2886 2394 2938 t3.
2447 2884 2611 2939 Licet
2638 2883 2762 2939 haec
2791 2883 2942 2939 celes
2990 2887 3055 2939 in
3104 2884 3283 2941 corde
3321 2890 3445 2951 tuo,
3494 2889 3695 2942 tamen

256 2994 383 3051 que
408 2977 590 3032 homo
621 2980 713 3030 est
737 2974 1033 3039 conditus,
1090 2973 1165 3029 de
1222 2972 1366 3028 limo
1424 2977 1720 3045 sumptus,
1781 2973 1926 3045 quia
1969 2971 1996 2977 ⁷
2031 2972 2151 3027 scio
2179 2972 2323 3041 quia
2352 2971 2770 3026 universorum
2798 2972 3157 3028 memineris.
3184 3003 3254 3012 —
3282 2976 3362 3027 Ac
3391 2972 3441 3028 si
3495 2975 3699 3045 aperte

256 3064 442 3138 quasi
472 3078 634 3136 aqua
660 3060 922 3118 infundit
949 3061 1282 3133 pulverem,
1324 3073 1464 3116 cum
1516 3059 1722 3115 anima
1774 3059 1927 3129 rigat

257 3167 529 3210 carnem.
566 3153 779 3206 Lutum
806 3150 1032 3223 quippe
1081 3149 1166 3215 fit,
1239 3164 1379 3205 cum
1427 3163 1492 3204 se
1544 3162 1707 3221 aqua
1758 3153 1926 3204 terrm

257 3239 624 3313 conspergit.
661 3239 797 3295 Haec
828 3243 1028 3294 autem
1058 3253 1196 3311 quea
1225 3237 1301 3294 de
1358 3236 1629 3294 exteriori
1681 3237 1926 3294 homine

257 3330 502 3393 dicitur,
524 3329 703 3385 etiam
731 3327 995 3384 interiori
1021 3331 1215 3400 potest
1228 3340 1580 3394 congruere.
1637 3326 1799 3382 Sicut
1842 3325 1929 3381 lu-

254 3424 397 3476 tum
420 3417 643 3490 quippe
666 3417 851 3473 homo
881 3415 1124 3471 interior
1144 3414 1380 3483 exstitit,
1409 3414 1555 3486 quia
1583 3429 1724 3470 cum
1753 3413 1926 3487 spiri-

254 3509 362 3562 tus
392 3504 592 3575 gratias
614 3509 861 3562 terrenas
883 3503 1067 3561 menti
1092 3501 1447 3573 infunditur,
1505 3507 1569 3559 ut
1625 3501 1702 3559 ad
1762 3503 1927 3559 intel»

256 3595 488 3651 lectum
520 3594 612 3650 sui
641 3594 975 3651 Conditoris
1002 3592 1281 3663 erigatur.
1331 3595 1608 3648 Humana
1661 3605 1927 3666 namque

256 3683 547 3754 cogitatio
575 3697 713 3757 quae
734 3682 965 3755 peccati
985 3682 1078 3738 sui
1098 3681 1398 3738 sterilitate
1445 3680 1620 3748 aruit,
1644 3696 1752 3755 per
1808 3681 1929 3737 vim

258 3772 468 3832 Sancti
499 3771 751 3845 Spiritus
782 3770 1088 3827 viridescit
1135 3770 1412 3843 Sequitur
1444 3786 1456 3824 :
1491 3771 1570 3825 Et
1614 3771 1677 3825 in
1728 3771 1931 3839 pulve-

260 3875 394 3919 rem
424 3861 669 3918 reduces
687 3874 796 3917 me.
815 3888 887 3901 -—
905 3861 993 3914 Ac
1019 3858 1068 3913 si
1090 3862 1364 3930 patenter
1391 3858 1652 3930 postulet
1681 3857 1889 3914 dicens
1914 3874 1927 3912 :

253 3949 596 4015 Hateriam,
617 3962 848 4019 quaeso,
879 3945 1125 4015 originis
1150 3951 1207 4003 et
1241 3960 1485 4018 prunam
1514 3946 1652 4001 ﬁnis
1710 3945 1931 4018 aspice,

251 4043 326 4098 et
356 4034 555 4109 culpis
580 4034 756 4091 citius
781 4033 1143 4090 transeuntis
1167 4048 1367 4105 parce.
1396 4034 1753 4090 Mommsen.
1787 4032 1935 4089 Cum

251 4126 435 4187 enim
463 4140 574 4199 per
601 4123 1071 4181 subtractionem
1102 4123 1343 4195 spiritus
1372 4134 1545 4179 mens
1602 4122 1808 4190 electa,
1856 4121 1936 4179 ad

256 4214 714 4289 aliquantulum
781 4214 846 4269 in
932 4207 1319 4269 tentationem
1395 4210 1705 4277 deseritur,
1759 4211 1935 4285 quasi

278 4304 369 4364 ab
440 4303 696 4360 humore
748 4301 998 4376 pristino
1078 4305 1237 4359 terra
1289 4301 1565 4373 siccatur,
1633 4302 1699 4357 ut

261 4395 540 4453 mitatem
579 4409 754 4452 suam
787 4392 1067 4449 derelicta
1106 4391 1340 4457 sentiat,
1377 4396 1434 4448 et
1469 4390 1595 4447 sine
1636 4391 1934 4449 infusione

271 4496 558 4556 supernae
590 4480 796 4553 gratim
825 4483 1123 4553 quantum
1170 4481 1357 4537 homo
1386 4477 1561 4547 aruit,
1622 4484 1932 4551 agnoscat.

272 4571 560 4644 Sequitur
592 4589 605 4626 :

348 4658 530 4716 Vens.
566 4658 651 4731 t0,
690 4661 778 4715 tt.
813 4658 1026 4715 Nonne
1054 4659 1207 4714 sicut
1264 4659 1358 4715 tae
1411 4658 1673 4714 mulsisti
1722 4672 1833 4726 me,
1884 4662 1938 4714 et

274 4748 434 4806 sicut
464 4762 699 4805 cassum
738 4761 829 4805 me
883 4748 1223 4819 coagutasti
1244 4748 1271 4801 ?
1323 4747 1492 4804 Pette
1547 4752 1600 4802 et
1658 4747 1940 4803 carnibus

274 4838 505 4895 vestisti
527 4852 635 4905 me,
651 4838 878 4893 ossibus
903 4842 960 4893 et
984 4837 1184 4893 nervis
1215 4838 1559 4907 compegisti
1581 4849 1691 4893 me.
1722 4867 1775 4876 --
1812 4834 1941 4892 Pla-

276 4928 515 4983 smatus
543 4925 771 4999 quippe
799 4927 1006 4995 homo,
1040 4924 1194 4985 sicut
1219 4924 1416 4980 lutum
1444 4923 1639 4981 factus
1666 4929 1772 4993 est,
1804 4938 1943 4998 pro-

274 5017 538 5089 pagatus
568 5018 791 5087 autem,
822 5019 880 5072 et
908 5014 1060 5071 sicut
1102 5014 1197 5070 lac
1226 5011 1525 5085 mulgetur
1589 5013 1836 5085 semine,
1887 5017 1945 5069 et

279 5103 437 5161 sicut
482 5118 730 5162 caseum
780 5104 1132 5177 coagulatur
1186 5104 1249 5160 in
1304 5116 1506 5159 carne.
1564 5103 1856 5161 Carnibus
1889 5106 1947 5159 et

276 5192 436 5268 pelle
464 5194 751 5264 induitur,
778 5194 1014 5251 ossibus
1036 5192 1357 5267 nervisque
1388 5192 1668 5249 subditur
1698 5196 1943 5249 Mosam-

279 5300 405 5340 τίκ.
438 5287 597 5342 Mens
626 5285 844 5342 etenim
871 5296 1012 5339 cum
1040 5298 1147 5355 per
1170 5283 1363 5339 sancti
1393 5282 1643 5356 Spiritus
1690 5281 1947 5352 gratiam

285 5373 366 5429 ab
394 5390 510 5429 usu
540 5378 785 5431 vetustis
831 5372 1301 5429 conversationis
1355 5370 1741 5438 abstrahitur,
1799 5371 1949 5428 sicut

284 5460 380 5520 lac
405 5462 727 5536 mulgetur,
752 5461 898 5536 quia
924 5459 984 5515 in
1014 5459 1286 5532 quadam
1332 5459 1732 5517 inchoationis
1780 5472 1949 5516 novae

222 5554 243 5569 ⁴
287 5553 683 5610 teneritudine
712 5554 769 5608 et
800 5547 1119 5606 subtilitate
1155 5548 1464 5605 formatur.
1502 5550 1659 5607 Sicut
1704 5563 1949 5607 caseum

1776 4271 1936 4357 inﬁr-
1974 4271 2017 4329 D

2032 3059 2194 3114 dicat
2222 3074 2235 3113 :
2268 3059 2385 3113 Cur
2416 3058 2491 3113 de
2515 3074 2609 3114 me
2639 3057 2893 3132 trepido,
2919 3059 3025 3131 qui
3053 3063 3113 3116 et
3139 3059 3448 3118 universas
3490 3063 3699 3131 gentes

2033 3147 2299 3218 colligas,
2327 3148 2468 3204 scio.
2503 3148 2676 3214 Quod
2708 3152 2908 3204 tamen
2961 3148 3022 3204 in
3079 3148 3262 3205 corde
3322 3149 3506 3218 celas,
3556 3148 3703 3222 quia

2033 3238 2149 3293 hoc
2175 3236 2374 3295 adhuc
2396 3241 2604 3310 aperto
2633 3252 2911 3295 sermone
2929 3253 3054 3295 non
3093 3237 3347 3296 indicas.
3399 3238 3532 3297 Sed.
3554 3238 3702 3313 quia

2036 3327 2450 3383 universorum
2471 3326 2891 3396 reminisceris,
2922 3344 3021 3384 me
3050 3321 3264 3401 procul
3294 3328 3480 3385 dubio
3504 3328 3581 3386 de
3606 3344 3703 3386 ve-

2035 3416 2137 3473 nia
2166 3421 2395 3473 certum
2423 3415 2589 3474 facis.
2626 3417 2905 3491 Sequitur
2937 3434 2950 3472 :

2107 3508 2277 3562 Vens.
2314 3505 2396 3561 14.
2428 3507 2499 3562 Si
2508 3508 2777 3577 peccavi,
2807 3512 2863 3563 et
2884 3506 2967 3563 ad
2994 3508 3210 3565 horam
3232 3509 3565 3579 pepercisti
3594 3508 3703 3565 mi-

2038 3595 2120 3664 hi,
2149 3610 2261 3651 cur
2284 3596 2361 3652 ab
2385 3595 2706 3668 iniquitate
2732 3610 2865 3654 mea
2893 3598 3186 3654 mundum
3212 3613 3305 3655 me
3318 3612 3576 3656 essenon
3590 3614 3701 3669 ροι

2039 3684 2179 3740 teris
2209 3684 2237 3739 ?
2266 3712 2337 3725 -—
2368 3683 2459 3740 Ad
2472 3684 2688 3741 horam
2710 3685 3001 3742 Dominus
3017 3690 3265 3759 peccato
3296 3687 3515 3760 parcit,
3563 3703 3704 3745 cum

2040 3774 2273 3829 reatum
2302 3772 2496 3846 culpas
2530 3774 2829 3829 concessis
2854 3772 3093 3831 ﬂetibus
3120 3773 3311 3832 diluit.
3340 3775 3457 3832 Sed
3484 3775 3573 3833 ab
3599 3776 3705 3834 inl-

2040 3860 2265 3933 quitate
2289 3864 2496 3917 nostra
2524 3861 2791 3918 mundos
2812 3877 2925 3918 nos
2952 3877 3083 3919 esse
3110 3879 3237 3918 non
3264 3865 3509 3935 patitur.
3555 3863 3707 3936 quia

2040 3947 2310 4005 volentes
2340 3948 2585 4019 culpam
2615 3948 2887 4017 iecimus,
2944 3948 3052 4004 sed
3098 3965 3543 4022 nonnunquam
3594 3966 3706 4006 no-

2041 4034 2232 4091 lentes
2273 4035 2405 4106 ejus
2451 4035 2807 4091 memoriam
2858 4052 2998 4091 cum
3047 4035 3437 4092 delectatione
3490 4036 3707 4095 tolera-

2047 4139 2204 4180 mus.
2236 4144 2264 4173 «
2296 4125 2806 4197 Computruerunt
2834 4129 2893 4181 et
2919 4123 3430 4182 delerioraverunt
3483 4126 3709 4183 cicatri-

2046 4229 2147 4270 ces
2171 4212 2555 4282 mew,afacie
2581 4212 2936 4287 insipientia;
2958 4230 3109 4271 mets
3124 4215 3311 4286 (Psat.
3328 4231 3553 4288 xxxvu,
3574 4218 3651 4289 6).
3676 4240 3707 4269 »

2043 4305 2126 4359 Ac
2153 4301 2204 4359 si
2234 4305 2438 4376 aperte
2467 4301 2628 4359 dicat
2683 4319 2701 4359 ι
2744 4303 2801 4361 Si
2830 4303 3075 4376 culpam
3105 4304 3283 4361 venia
3308 4304 3575 4376 abstulit,
3603 4322 3710 4364 cur

2043 4397 2103 4449 et
2129 4407 2167 4450 a
2195 4392 2491 4451 memoria
2513 4408 2638 4449 non
2667 4391 2919 4465 detergit
2943 4395 2971 4450 ‘2
3003 4394 3280 4468 Sequitur
3311 4412 3324 4450 :

2114 4482 2285 4539 Vens.
2353 4482 2435 4538 lti.
2482 4482 2564 4537 Et
2608 4483 2662 4538 si
2703 4483 2919 4553 impius
3000 4484 3200 4555 fuero,
3261 4498 3346 4540 me
3397 4484 3549 4541 mihi
3601 4491 3707 4552 est,

2045 4578 2099 4629 et
2170 4573 2223 4627 si
2293 4574 2519 4642 justus,
2593 4587 2715 4627 non
2784 4572 2990 4630 levabo
3064 4578 3267 4642 caput.
3340 4604 3407 4614 ——
3484 4572 3712 4645 Impius

2046 4677 2135 4717 vas
2186 4659 2390 4731 habet,
2443 4661 2641 4732 justus
2694 4660 3022 4726 miseriam,
3064 4661 3211 4733 quia
3257 4665 3482 4718 aeterna
3534 4660 3709 4718 dam-

2047 4749 2211 4807 natio
2269 4749 2599 4822 reprobum
2670 4750 2957 4822 sequitur,
3011 4753 3071 4807 et
3147 4749 3371 4807 electus
3454 4749 3712 4825 quisque

2048 4837 2360 4894 doloribus
2412 4837 2766 4896 transitorios
2814 4838 3188 4895 adversitatis
3255 4839 3549 4914 expiatur.
3603 4842 3715 4901 Im-

2051 4927 2188 5000 pius
2238 4931 2421 5000 caput
2458 4927 2638 4996 levat,
2694 4927 2800 4984 sed
2856 4928 3045 4985 elatus
3097 4928 3349 4987 evadere
3401 4948 3513 5000 vas,
3543 4930 3712 5005 quod

2053 5016 2342 5089 sequitur,
2406 5031 2531 5072 non
2587 5016 2761 5073 valet.
2816 5021 3017 5075 Justus
3071 5018 3293 5077 laboris
3364 5020 3456 5078 sui
3531 5026 3711 5077 certa-

2055 5106 2217 5162 mine
2285 5104 2563 5173 aﬂlictus,
2614 5109 2796 5179 caput
2872 5107 3068 5166 levare
3120 5125 3244 5166 non
3319 5110 3554 5172 sinitur,
3609 5104 3717 5161 sed

2053 5207 2299 5267 pressus
2350 5208 2387 5249 a
2443 5198 2735 5266 perpetua
2791 5195 3109 5254 afﬂictione
3162 5197 3469 5253 liberatur.
3530 5196 3611 5246 Ac
3664 5190 3718 5249 si

2056 5298 2199 5354 ergo
2251 5286 2453 5356 aperte
2508 5282 2779 5357 deplorat
2828 5286 3033 5358 dicens
3114 5304 3126 5341 :
3206 5290 3320 5340 Aut
3380 5278 3717 5339 substratus

2058 5371 2255 5430 carnis
2280 5371 2609 5443 desideriis,
2644 5376 2937 5448 supplicio
2965 5378 3205 5447 iaeterno
3261 5368 3565 5439 subjicior,
3614 5375 3720 5427 aut

2059 5475 2407 5535 repugnans
2432 5460 2645 5520 illicitis
2667 5463 2933 5520 motibus
2959 5471 3142 5531 paena
3167 5459 3442 5530 prtesenti
3463 5459 3713 5516 crucior.

2064 5550 2343 5623 Sequitur
2374 5569 2387 5605 :
