4128 6158
461 88 562 143 207

1491 81 1546 137 S.
1589 79 1845 138 ODONIS
1882 77 2175 136 ABBATIS
2219 77 2721 140 CLUNIACENSIS
2760 82 2829 138 Il.

3781 89 3883 145 208

531 214 698 266 Vens.
736 210 818 265 16.
841 208 918 263 Et
945 211 1194 277 propter
1211 204 1571 274 superbiam,
1602 203 1778 275 quasi
1800 205 1994 262 leaana
2020 214 2116 260 ca-
2151 206 2200 260 Α
2233 223 2261 251 ‹‹
2295 203 2490 268 Quare
2519 219 2642 261 non
2670 204 2732 262 in
2761 204 2945 262 vulva
2971 207 3248 262 mortuus
3274 220 3412 262 sum
3437 206 3592 277 (Job.
3621 205 3702 278 iii,
3733 231 3761 258 υ
3781 209 3886 283 qui

459 301 583 370 pies
612 315 721 356 me.
753 329 821 338 —-
853 299 1065 353 Leaena
1117 308 1256 351 cum
1309 309 1510 350 cscam
1572 292 1780 350 catulis
1837 290 2112 365 exquirit,

458 389 754 444 inhianter
775 387 837 444 in
866 386 1105 442 foveam
1135 383 1426 456 captionis
1454 381 1632 438 cadit.
1685 381 1778 438 Sic
1829 379 2114 437 nimirum

2227 289 2342 347 hoc
2390 309 2634 366 quoque
2675 293 2840 368 quod
2879 293 2977 350 hic
3017 293 3222 366 adjicit
3254 293 3525 352 subdens
3566 313 3578 352 :
3619 297 3885 356 Fuissem

2228 383 2402 454 quasi
2418 399 2537 439 non
2565 400 2766 452 essem,
2795 385 2868 440 de
2898 391 3067 442 utero
3097 386 3433 442 translatus
3461 387 3544 444 ad
3563 389 3881 446 tumulum.

457 478 730 534 humana
757 493 930 533 mens
961 478 1136 548 capta
1161 477 1268 542 est,
1290 489 1427 545 quae
1468 471 1527 527 in
1565 471 1832 527 libertate
1889 467 2116 526 arbitrii
2225 502 2296 512 -—
2325 471 2446 528 Illic
2475 473 2676 530 verbis
2691 473 2822 530 aliis
2850 489 2975 530 non
3001 474 3170 534 aliter
3191 474 3471 547 adjungit
3484 475 3692 533 dicens
3721 496 3780 533 :«
3807 477 3886 536 SL-

459 567 700 624 condita
744 564 1040 622 desideria
1093 561 1290 619 carnis
1343 560 1565 618 nutrire
1622 559 1888 632 appetiit,
1939 555 2117 630 quasi
2224 565 2326 616 cut
2347 560 2686 618 abortivum
2710 561 3132 620 absconditum
3161 579 3285 620 non
3327 563 3736 634 subsisterem,
3790 567 3884 623 vel

457 655 644 712 leaena
675 654 883 710 catulis
913 667 1112 708 escam
1134 650 1426 724 quaesivit,
1460 654 1639 721 atque
1692 647 1754 702 in
1819 644 2114 718 captionis

457 762 580 800 suae
609 745 844 800 foveam
867 740 1097 808 cecidit,
1123 757 1258 812 quas
1281 737 1570 794 suadente
1595 737 1768 792 hoste
1795 735 1874 791 ad
1904 733 2107 789 cibum

375 879 379 891 .
453 833 820 906 prohibitum
877 846 1129 886 manum
1183 827 1444 884 tetendit.
1506 826 1687 891 Quasi
1723 825 1915 881 leasna
1959 838 2105 894 ergo

457 926 667 994 captus
705 924 792 976 est
818 935 925 992 per
947 917 1314 992 superbiam,
1347 915 1492 988 quia
1531 914 1670 970 inde
1719 915 1880 970 hunc
1936 910 2109 968 disci-

453 1011 620 1084 plina
651 1025 773 1066 suae
802 1007 1194 1080 correptionis
1218 1005 1520 1078 deprimit,
1565 1003 1725 1058 unde
1779 1009 2108 1072 transgres-

456 1098 686 1154 sionem
706 1096 988 1170 przecepti
1016 1111 1140 1152 non
1171 1094 1410 1160 timens,
1445 1091 1731 1148 audacter
1769 1089 1993 1146 saltum
2044 1088 2108 1144 in

454 1187 689 1244 foveam
716 1187 896 1243 dedit.
933 1189 1204 1258 Dumque
1224 1183 1404 1240 etiam
1426 1183 1682 1256 quisque
1707 1183 1977 1236 nostrum
2001 1193 2109 1252 per

455 1279 696 1352 culpam
726 1277 949 1350 aliquid
980 1276 1226 1349 appetit,
1243 1273 1393 1348 quid
1423 1272 1586 1329 aliud
1615 1287 1802 1344 quam
1832 1269 2106 1344 praedam

452 1368 514 1423 in
537 1367 777 1423 foveam
801 1364 1216 1439 concupiscit?
1241 1365 1428 1426 Quem
1458 1366 1658 1418 tamen
1692 1374 1954 1433 superna
2000 1357 2108 1414 mi-

453 1457 666 1512 seratio
698 1460 943 1528 captum
975 1470 1011 1510 a
1040 1454 1217 1531 fovea
1249 1451 1464 1518 evehit,
1498 1451 1642 1522 quia
1669 1450 1833 1506 hunc
1860 1446 2108 1504 inﬁrmi-

2224 649 2330 722 qui
2359 651 2632 724 concepti
2651 667 2774 708 non
2804 651 3080 708 viderunt
3101 652 3299 710 lucem
3331 653 3525 725 (Ibid.,
3553 657 3662 724 £6).
3687 678 3714 705 ››
3733 655 3884 722 Quia

2221 755 2366 794 vero
2395 739 2524 796 haec
2549 741 2824 814 superius
2873 740 2990 798 late
3041 742 3427 813 digessimus,
3476 759 3588 817 pro
3635 744 3882 802 vitando

2218 825 2456 884 lectoris
2484 827 2722 886 fastidio
2749 829 3020 902 exposita
3046 831 3334 904 replicare
3363 830 3721 890 devitamus.
3781 835 3881 891 Se-

2215 917 2420 990 quitur
2448 935 2461 972 :

2290 1009 2464 1063 Vsas.
2496 1013 2584 1063 2".
2615 1009 2910 1081 Nunquid
2923 1026 3044 1066 non
3055 1013 3337 1082 paucitus
3353 1011 3584 1068 dierum
3616 1028 3880 1070 meorum

2215 1097 2467 1166 ﬁnietur
2496 1095 2704 1154 brevi?
2727 1129 2798 1138 --
2821 1098 3077 1154 Cautum
3108 1115 3170 1156 se
3194 1115 3265 1156 ac
3308 1098 3627 1156 sollicitum
3681 1101 3882 1159 vivere

2217 1185 2497 1258 ostendit,
2520 1186 2625 1260 qui
2661 1186 3017 1244 brevitatem
3071 1187 3382 1262 praesentis
3430 1189 3566 1246 vita:
3610 1189 3881 1248 conside-

2215 1291 2381 1343 rans,
2404 1291 2528 1332 non
2557 1277 2688 1348 ejus
2708 1293 2907 1345 usum,
2936 1276 3042 1333 sed
3072 1277 3394 1334 terminum
3445 1278 3756 1352 conspicit,
3815 1284 3883 1336 ut

2216 1379 2291 1420 ex
2315 1363 2436 1420 ﬁne
2465 1363 2705 1434 colligat
2731 1364 2880 1421 nihil
2907 1381 3036 1421 esse
3065 1365 3232 1438 quod
3263 1365 3559 1422 transiens
3589 1365 3874 1424 delectat.

2216 1453 2362 1509 Hinc
2383 1469 2650 1527 namque
2677 1469 2786 1527 per
2817 1454 3201 1512 Salomonem
3230 1453 3444 1511 dicitur
3465 1471 3486 1511 :
3521 1478 3548 1504 «
3584 1456 3639 1512 Si
3670 1455 3879 1512 multis

453 1545 568 1597 tate
597 1543 838 1612 cognita
867 1541 946 1597 ad
971 1541 1212 1597 veniam
1235 1539 1490 1595 reducit.
1551 1538 1661 1603 Qui
1713 1535 1863 1592 dum
1887 1535 2102 1591 virtute
2143 1561 2188 1615 Β
2215 1542 2395 1599 annis
2420 1543 2632 1600 vixerit
2657 1545 2864 1612 homo,
2897 1548 2954 1600 et
2975 1543 3037 1600 in
3056 1545 3150 1600 his
3175 1543 3462 1601 omnibus
3493 1543 3724 1602 laetatus
3751 1543 3877 1602 me.

451 1630 747 1686 extollitur
774 1631 980 1702 lapsus
1009 1629 1088 1686 ad
1118 1627 1416 1685 desideria
1440 1627 1502 1682 in
1530 1625 1864 1682 humilitate
1890 1623 2106 1694 religa-

449 1722 562 1773 tur.
595 1719 900 1790 Sequitur:
924 1720 1332 1788 Reversusque
1350 1715 1714 1772 mirabiliter
1732 1729 1824 1771 me
1842 1715 2100 1770 crucias.

451 1808 599 1862 Cum
627 1811 943 1862 Auctorem
971 1805 1388 1878 relinquimus,
1448 1821 1558 1861 nec
1613 1803 1747 1876 ipsa
1800 1800 2102 1857 ullatenus

449 1895 848 1951 destitutionis
873 1896 1104 1952 damna
1157 1893 1466 1951 sentimus.
1521 1895 1652 1959 Quo
1711 1891 1872 1947 enim
1922 1889 2103 1959 longe

449 1983 732 2040 Conditor
753 1983 989 2051 deserit,
1049 1999 1119 2039 eo
1176 1998 1348 2038 mens
1389 1984 1598 2036 nostra
1652 1976 2104 2035 insensibilibus

447 2073 806 2130 obdurescit.
833 2075 904 2128 At
943 2073 992 2128 si
1017 2072 1224 2128 afﬂatu
1275 2069 1465 2128 sancti
1517 2067 1766 2142 Spiritus
1815 2065 2100 2138 tangitur,

446 2163 525 2218 ad
549 2162 1091 2219 considerationem
1111 2161 1384 2234 protinus
1401 2158 1660 2228 evigilat,
1684 2155 1741 2212 in
1766 2154 2101 2212 caelestium

444 2251 826 2324 inquisitione
884 2268 945 2307 se
999 2250 1238 2317 excutit,
1297 2247 1522 2304 amoris
1576 2245 1798 2302 summi
1860 2243 2104 2300 aestibus

444 2340 768 2398 inardescit
800 2359 812 2396 :
846 2343 988 2414 quia
1009 2339 1392 2411 omnipotens
1423 2341 1596 2396 Deus.
1647 2334 1807 2390 unde
1837 2337 2102 2389 mentem

443 2436 712 2488 nostram
741 2432 990 2487 visitans
1045 2431 1124 2486 ad
1173 2445 1444 2485 amorem
1487 2443 1667 2482 suum
1719 2423 1907 2494 erigit,
1964 2421 2104 2478 inde

443 2521 600 2576 hanc
625 2537 732 2593 per
761 2521 1064 2592 lacrymas
1096 2518 1336 2588 gravius
1363 2515 1592 2586 afﬂigit.
1655 2517 1720 2570 Et
1763 2513 1912 2569 dum
1966 2527 2102 2585 per-

445 2609 589 2665 ﬂata
613 2625 779 2664 mens
807 2609 886 2664 ad
916 2624 1157 2667 summa
1185 2607 1434 2680 rapitur,
1468 2601 1949 2677 compunctionis
1976 2617 2102 2656 suae

444 2715 691 2771 poenam
725 2699 995 2768 gaudens
1017 2697 1285 2753 miratur.
1323 2694 1636 2768 Sequitur:

515 2791 685 2844 Vens.
723 2793 805 2844 t7.
835 2789 1150 2844 Instauras
1209 2791 1380 2842 testes
1431 2789 1560 2838 tuos
1621 2787 1831 2838 contra
1879 2797 1990 2848 me,
2046 2785 2099 2836 et

444 2879 814 2948 multiplicas
845 2879 999 2933 iram
1031 2883 1196 2933 tuam
1225 2875 1540 2932 adversum
1571 2887 1679 2938 me,
1705 2876 1759 2927 et
1773 2884 1974 2968 paenae
1995 2871 2102 2926 mi-
2141 2913 2183 2968 C

447 2969 624 3024 litant
667 2968 726 3022 in
774 2983 881 3023 me.
931 2997 1001 3006 -—
1039 2968 1240 3020 Testes
1297 2961 1459 3018 enim
1517 2959 1616 3016 Dei
1647 2962 1809 3030 sunt,
1859 2957 1964 3031 qui
1995 2973 2102 3030 per

444 3055 788 3112 exercitium
821 3055 963 3111 boni
992 3053 1190 3126 operis
1219 3055 1513 3108 testantur
1539 3065 1675 3122 quas
1735 3047 1954 3104 electos
2009 3063 2101 3102 se-

444 3149 655 3202 cutura
687 3144 802 3200 sint
841 3142 1090 3214 praemia
1141 3140 1422 3196 veritatis.
1486 3137 1648 3194 Unde
1693 3137 1804 3192 hos
1857 3151 2102 3209 quoque

443 3250 598 3306 quos
629 3249 739 3304 pro
765 3233 1008 3287 veritate
1033 3246 1246 3302 passos
1270 3227 1679 3298 agnoscimus,
1733 3227 1929 3282 Graeco
1978 3223 2100 3281 elo-

443 3323 586 3396 quio
616 3325 890 3396 μάρτυρες,
917 3315 983 3376 id
1007 3325 1113 3388 est,
1148 3324 1321 3376 testes
1345 3332 1659 3374 vocamus.
1697 3317 1896 3371 Testes
1922 3315 2099 3388 quip-

443 3429 518 3486 pe
551 3429 696 3467 suos
725 3416 933 3466 contra
960 3425 1072 3464 nos
1098 3407 1384 3464 Dominus
1408 3407 1718 3472 instaurat,
1759 3419 1900 3460 cum
1955 3403 2101 3461 elec-

437 3502 642 3558 torum
669 3501 854 3556 vitam
884 3497 1157 3572 pravitati
1181 3501 1404 3552 nostrae
1457 3495 1536 3551 ad
1596 3494 1938 3564 arguendos
1987 3509 2100 3550 nos

438 3589 950 3662 instruendosque
974 3585 1330 3659 multiplicat
1375 3583 1564 3657 utqui
1608 3582 1920 3656 praeceptis
1975 3598 2099 3640 non

447 3677 855 3747 accendimur,
879 3677 1088 3734 saltem
1111 3675 1402 3749 exemplis
1419 3674 1764 3732 excitemur.
1787 3672 2094 3746 Sequitur:

444 3767 522 3824 Et
547 3768 916 3837 multiplicas
937 3769 1094 3824 iram
1129 3773 1313 3823 tuam.
1375 3797 1442 3805 —
1493 3767 1574 3820 Eo
1605 3761 1985 3836 multiplicari
2011 3762 2100 3818 ira

447 3857 549 3914 Dei
569 3857 782 3913 dicitur
801 3873 924 3930 quo
976 3873 1104 3912 esse
1159 3855 1469 3927 multiplex
1502 3853 1820 3920 indicatur,
1851 3850 1997 3925 quia
2025 3867 2101 3908 ex

445 3962 516 4004 ea
543 3963 702 4002 nunc
727 3947 1026 4003 bonorum
1065 3944 1186 4000 vita
1216 3949 1272 4000 et
1300 3943 1506 4000 labore
1539 3941 1988 4012 cognoscimus,
2049 3940 2101 3996 si

445 4036 773 4104 emendari,
806 4035 954 4092 dum
985 4038 1225 4105 tempus
1253 4037 1342 4088 est
1365 4031 1671 4102 nolumus,
1703 4033 1933 4104 quanta
1963 4033 2102 4103 post

444 4125 965 4183 animadversione
991 4123 1294 4178 feriamur.
1328 4121 1557 4177 Electos
1586 4118 1812 4193 quippe
1843 4119 1944 4175 Dei
1971 4133 2099 4174 cer-

442 4215 645 4272 nimus
673 4218 730 4270 et
748 4214 849 4286 pia
871 4228 1069 4282 agere,
1092 4216 1149 4266 et
1163 4210 1428 4267 crudelia
1448 4208 1636 4265 multa
1654 4208 1924 4266 tolerare.
1949 4208 2098 4264 Hinc

444 4319 587 4374 ergo
609 4303 903 4372 colligitur
936 4300 1238 4356 districtus
1259 4299 1454 4356 Judex
1477 4302 1708 4371 quanta
1757 4297 1874 4354 illic
1927 4297 2099 4355 feriat

443 4391 807 4447 districtione
863 4405 1018 4463 quos
1055 4388 1362 4460 reprobat,
1412 4387 1461 4442 si
1525 4386 1622 4443 hic
1673 4387 1899 4444 cruciat
1943 4403 2098 4461 quos

444 4485 626 4544 amat,
659 4484 826 4537 Petro
853 4481 1184 4546 attestante,
1237 4477 1343 4551 qui
1375 4477 1454 4534 ait
1497 4495 1510 4532 :
1567 4495 1598 4530 ‹
1628 4465 2008 4550 Tempus'est
2037 4480 2100 4534 ut

441 4571 733 4644 judicium
765 4569 1010 4642 incipiat
1039 4567 1112 4624 de
1165 4567 1348 4624 domo
1379 4566 1479 4623 Dei
1538 4567 1598 4635 (Ῑ
1621 4567 1786 4623 Petr.
1810 4583 1883 4634 Iv,
1925 4566 2032 4639 l7).
2068 4589 2096 4618 »

445 4662 500 4718 Si
529 4666 728 4718 autem
759 4661 1026 4734 primum
1053 4675 1089 4714 a
1113 4658 1310 4725 nobis,
1371 4655 1510 4730 quis
1559 4655 1697 4712 ﬁnis
1753 4671 1964 4713 eorum
1993 4657 2098 4729 qui

440 4767 563 4806 non
590 4751 840 4810 credunt
871 4748 971 4805 Dei
1004 4746 1392 4818 Evangelium
1422 4747 1450 4800 ‘l
1483 4745 1758 4820 Sequitur
1803 4765 1816 4802 :
1864 4746 1943 4802 Et
1970 4761 2095 4815 pae-

441 4856 534 4896 na:
558 4841 823 4895 militant
853 4840 915 4894 in
942 4853 1051 4894 me.
1086 4869 1154 4876 —
1185 4834 1583 4891 Consideratis
1608 4833 1834 4908 quippe
1853 4835 1956 4890 Dei
1985 4839 2096 4892 tes-

439 4927 618 4994 tibus,
651 4943 845 5000 ptBntB
866 4925 927 4982 in
955 4925 1133 4981 nobis
1159 4923 1436 4992 militant,
1468 4922 1613 4996 quia
1637 4922 1782 4979 dum
1815 4923 2094 4980 miranda

438 5015 679 5072 illorum
709 5015 869 5071 facta
895 5012 1345 5086 comspicimus,
1395 5011 1582 5069 vitam
1637 5015 1910 5068 nostram
1955 5028 2092 5084 quae

437 5121 508 5161 ex
539 5121 747 5161 eorum
780 5101 1232 5176 comparatione
1257 5100 1433 5158 nobis
1467 5099 1764 5173 displicet,
1821 5099 2092 5157 studiosa

437 5195 756 5250 afﬂictione
783 5193 1140 5258 cruciamus,
1171 5196 1236 5247 ut
1263 5190 1563 5264 quidquid
1591 5193 1650 5246 in
1674 5190 1850 5246 nobis
1866 5189 2090 5263 pollue-

432 5289 590 5348 runt,
624 5301 827 5358 opera,
853 5283 1085 5338 diluant
1113 5281 1397 5337 lamenta.
1433 5279 1728 5353 Sequitur.

507 5375 670 5426 Vens.
708 5376 788 5440 18,
828 5376 910 5428 19.
962 5373 1159 5440 Quare
1186 5371 1260 5426 de
1288 5371 1471 5427 vulva
1495 5369 1759 5425 eduxisti
1783 5383 1875 5423 me
1894 5366 1922 5420 ?
1977 5367 2092 5434 Qui

433 5463 665 5516 utinam
699 5467 1077 5530 consumptus
1109 5475 1310 5523 essem,
1343 5474 1418 5514 ne
1443 5457 1652 5514 oculus
1683 5471 1774 5512 me
1820 5455 2088 5512 videret!

433 5583 499 5590 ——
523 5549 633 5616 Qui
657 5549 936 5604 nimirum
957 5549 1152 5622 prima
1167 5547 1434 5603 oratione
1447 5545 1576 5616 jam
1589 5543 1834 5616 protulit
1847 5543 2051 5600 dicens
2069 5561 2081 5600 :

2215 1631 2310 1698 rit,
2337 1630 2686 1688 meminisse
2711 1631 2890 1688 debet
2915 1631 3214 1689 tenebrosi
3235 1633 3540 1704 temporis,
3562 1637 3619 1688 et
3637 1631 3882 1689 dierum

2215 1718 2567 1788 multorum,
2601 1720 2706 1792 qui
2727 1737 2867 1776 cum
2892 1721 3182 1792 venerint,
3222 1721 3502 1778 vanitatis
3546 1726 3884 1792 arguentur

2214 1808 2526 1880 praeteritae
2559 1809 2780 1875 (Eeele.
2811 1826 2891 1880 χι,
2923 1814 3001 1878 8).
3037 1833 3064 1859 ››
3097 1809 3412 1884 Sequitur:
3447 1811 3688 1867 Dimitte
3729 1826 3880 1882 ergo

2213 1914 2308 1954 me
2329 1903 2392 1953 ut
2412 1899 2706 1968 plangam
2729 1900 3057 1968 paululum
3079 1900 3342 1956 dolorem
3366 1915 3578 1957 meum.
3611 1932 3680 1940 —
3710 1906 3794 1956 Ac
3829 1900 3881 1956 si

2215 1991 2419 2058 aperte
2447 1986 2606 2042 dicat
2637 2005 2648 2042 :
2704 1987 2959 2059 Flagella
2988 1994 3105 2044 tua;
3131 1987 3532 2061 percussionis
3581 1993 3880 2062 tempera,

2215 2080 2282 2132 ut
2307 2074 2632 2132 moderatis
2659 2075 2970 2134 doloribus
2998 2077 3301 2134 aestimare
3331 2078 3490 2134 mala
3513 2095 3650 2151 quae
3677 2079 3884 2151 patior

2215 2163 2416 2220 ﬂendo
2437 2163 2874 2223 convalescam.
2903 2167 3064 2224 Sicut
3089 2167 3250 2224 enim
3277 2167 3588 2224 moderata
3631 2166 3884 2224 afﬂictio

2213 2252 2516 2325 lacrymas
2543 2253 2842 2326 exprimit,
2869 2255 2950 2311 ita
2977 2255 3377 2313 immoderata
3399 2255 3704 2326 subducit,
3731 2256 3888 2330 quia

2217 2357 2438 2398 mteror
2463 2341 2595 2415 ipse
2614 2342 2790 2416 quasi
2820 2343 2947 2400 sine
2975 2345 3330 2412 mmroreﬁt,
3363 2343 3681 2418 quiaﬂlicti
3707 2361 3885 2402 men-

2215 2435 2333 2486 tem
2361 2431 2660 2488 devorans
2691 2448 2936 2489 sensum
2966 2433 3191 2490 doloris
3218 2433 3382 2491 tollit.
3409 2433 3568 2490 Flere
3600 2432 3888 2491 dolorem

2214 2537 2392 2576 suum
2421 2537 2545 2576 non
2569 2521 2746 2592 volet,
2773 2523 2879 2596 qui
2905 2538 3108 2596 pravae
3157 2523 3404 2597 quidem
3449 2523 3892 2580 consuetudini

2213 2609 2507 2666 contraire
2535 2609 2758 2678 nititur,
2792 2611 2899 2668 sed
2916 2616 3118 2669 tamen
3139 2612 3339 2670 adhuc
3362 2612 3894 2670 succresccntibus

2213 2696 2521 2754 desideriis
2543 2699 2740 2755 carnis
2762 2704 3068 2770 gravatur,
3099 2701 3244 2774 quia
3268 2701 3380 2758 nisi
3405 2717 3442 2758 a
3479 2706 3649 2758 reatu
3679 2701 3894 2776 culpa:

2211 2803 2324 2843 nos
2351 2787 2674 2858 ligavimus
2703 2788 3165 2846 misericorditer
3184 2789 3576 2859 dimittamur,
3615 2790 3897 2862 perfecte

2213 2874 2353 2932 ﬂere
2378 2891 2502 2932 non
2524 2892 2854 2949 possumus
2873 2877 3011 2943 hoc,
3036 2877 3204 2951 quod
3218 2878 3281 2934 in
3302 2877 3475 2934 nobis
3495 2878 3641 2950 ipsis
3662 2884 3899 2936 contra

2212 2964 2613 3038 nosmetipsos
2642 2965 2939 3022 dolemus.
2975 2965 3253 3039 Sequitur
3285 2983 3297 3021 :

2284 3055 2450 3109 Vens.
2481 3056 2541 3110 2t
2559 3096 2572 3110 .
2601 3055 2944 3126 Antequam
2969 3055 3184 3112 vadum
3209 3061 3265 3112 et
3293 3070 3414 3111 non
3435 3060 3742 3112 .revartar
3805 3057 3902 3114 ad

2212 3147 2438 3198 terram
2469 3142 2836 3200 tenebrosam
2868 3149 2924 3200 et
2950 3149 3217 3214 opertam
3246 3143 3506 3216 caligine
3533 3145 3770 3201 mortis.
3821 3173 3854 3187 ι
3873 3177 3892 3187 -

2213 3229 2368 3296 Quid
2395 3231 2557 3288 enim
2601 3235 2770 3288 terrae
2824 3232 3156 3290 tenebrosae
3211 3232 3476 3302 nomine,
3531 3232 3645 3288 nisi
3704 3237 3903 3292 terrae

2211 3320 2436 3376 Tartari
2455 3320 2715 3378 claustra
2740 3321 3054 3392 signantur
3085 3323 3113 3378 ‘l
3153 3323 3348 3388 Quam
3377 3325 3609 3378 aeternae
3662 3323 3902 3380 mortis

2212 3407 2406 3480 caligo
2434 3410 2644 3484 operit,
2675 3411 2820 3484 quia
2848 3410 3171 3468 damnatos
3219 3427 3492 3484 quosque
3543 3411 3608 3466 in
3657 3428 3906 3486 perpe-

2211 3499 2386 3554 tuum
2415 3515 2452 3554 a
2480 3498 2614 3555 vitae
2637 3498 2770 3556 luce
2797 3499 3089 3571 disjungit
3107 3500 3136 3555 ?
3186 3504 3302 3557 Nec
3358 3500 3654 3557 immerito
3703 3501 3909 3560 infer-

2211 3599 2328 3640 nus
2357 3589 2514 3642 terra
2537 3585 2771 3656 dicitur,
2794 3586 2939 3661 quia
2967 3587 3194 3661 quique
3219 3587 3298 3644 ab
3319 3604 3390 3646 eo
3417 3587 3575 3662 capti
3631 3587 3909 3658 fuerint,

2211 3674 2502 3732 stabiliter
2527 3680 2820 3732 tenentur.
2847 3675 3144 3749 Scriptum
3167 3675 3392 3749 quippe
3416 3681 3504 3732 est
3526 3695 3539 3732 :
3565 3699 3593 3726 ‹‹
3619 3677 3910 3736 Genera-

2210 3763 2292 3820 tio
2321 3763 2600 3836 praeterit,
2633 3769 2690 3821 et
2715 3764 3018 3837 generatio
3051 3764 3309 3834 advenit,
3341 3769 3499 3822 terra
3549 3769 3762 3822 autem
3832 3767 3913 3824 in

2210 3856 2503 3908 aeternum
2526 3855 2642 3909 stat
2661 3853 2882 3926 (Eccle.
2908 3870 2946 3921 1,
2977 3854 3052 3924 4).
3079 3877 3109 3904 ››
3135 3857 3263 3910 Non
3287 3852 3432 3928 quia
3451 3853 3531 3910 ad
3552 3857 3793 3913 terram
3814 3861 3914 3914 te-

2209 3940 2536 3998 nebrosam
2564 3942 2670 4016 qui
2697 3943 2940 4016 culpam
2969 3942 3168 4014 deﬂet,
3199 3943 3392 4000 iturus
3422 3947 3512 4000 est
3537 3961 3551 4011 ;
3596 3944 3708 4001 sed
3730 3945 3918 4019 quia

2209 4029 2288 4086 ad
2313 4031 2472 4088 hanc
2492 4031 2705 4104 procul
2733 4031 2920 4089 dubio
2948 4031 3054 4105 qui
3083 4031 3369 4106 plangere
3389 4031 3652 4104 negligit,
3687 4035 3909 4093 vadit.

2209 4119 2494 4176 Subditur
2523 4139 2536 4176 :
2564 4121 2698 4178 Non
2733 4126 3026 4178 revertar.
3083 4152 3158 4163 —
3198 4121 3349 4188 Quia
3377 4137 3699 4194 nunquam
3718 4123 3921 4183 ultra.

2210 4208 2624 4268 misericordia
2649 4209 2949 4284 parcentis
2969 4210 3208 4279 liberat,
3235 4227 3392 4284 quos
3421 4210 3608 4267 semel
3631 4211 3697 4267 in
3725 4211 3921 4272 locis

2136 4268 2182 4323 Β
2210 4299 2554 4372 poenalibus
2617 4268 2846 4372 justitia
2914 4268 3233 4372 judicandi
3253 4268 3278 4284 ι
3311 4300 3580 4358 damnat.
3669 4268 3922 4378 Sequi-

2207 4393 2304 4444 tur
2332 4407 2346 4444 :

2277 4479 2450 4533 Vens.
2481 4480 2570 4534 22.
2607 4479 2792 4536 Terra
2819 4478 3076 4537 miserate
3105 4486 3160 4538 et
3189 4479 3590 4537 tenebrarum.
3613 4510 3685 4520 ——
3705 4479 3924 4537 Mise-

2204 4564 2295 4622 ria
2323 4565 2403 4622 ad
2430 4565 2724 4638 dolorem,
2756 4566 3015 4624 tenebrae
3065 4567 3145 4625 ad
3197 4567 3542 4636 caecitatem,
3594 4569 3680 4622 Ea
3734 4584 3927 4640 ergo

2205 4669 2342 4726 quae
2365 4668 2402 4710 a
2423 4659 2748 4728 conspectu
2769 4655 3015 4713 districti
3030 4655 3250 4729 judicis
3275 4653 3558 4730 expulsos
3569 4657 3769 4725 tenet,
3789 4657 3931 4714 mi-

2205 4741 2368 4798 seriae
2387 4745 2444 4798 et
2473 4743 2858 4800 tenebrarum
2885 4749 3040 4802 terra
3085 4745 3452 4818 perhibetur,
3510 4742 3658 4816 quia
3734 4743 3930 4803 foris

2201 4831 2375 4890 dolor
2401 4833 2646 4902 cruciat,
2669 4851 2824 4908 quos
2853 4834 3082 4892 divisos
3131 4852 3168 4892 a
3217 4851 3361 4891 vero
3417 4834 3578 4890 intus
3630 4835 3930 4894 caecitas

2201 4920 2489 4978 obscurat
2515 4922 2767 4996 lumine,
2798 4923 3078 4997 quamvis
3109 4923 3364 4980 miserias
3397 4925 3455 4979 et
3483 4921 3936 4984 tenebrarum

2201 5012 2356 5067 terra
2383 5014 2440 5066 et
2463 5010 2633 5069 aliter
2642 5012 2887 5084 intelligi
2903 5015 3117 5086 potest.
3137 5015 3285 5069 Nam
3301 5013 3430 5068 haec
3445 5025 3690 5084 quoque
3716 5015 3932 5072 terra

2197 5097 2259 5154 in
2283 5114 2408 5172 qua
2435 5101 2764 5172 nascimur,
2789 5105 2879 5158 est
2907 5099 3441 5176 quidemmiseriaa,
3461 5099 3566 5156 sed
3579 5099 3930 5164 tenebra-

2198 5203 2334 5244 rum
2359 5205 2482 5246 non
2511 5195 2621 5260 est,
2645 5191 2790 5264 quia
2819 5190 3009 5248 multa
3036 5191 3132 5248 hic
3186 5188 3584 5263 corruptionis
3643 5195 3941 5251 nostra

2197 5277 2481 5350 patimur,
2513 5279 2622 5336 sed
2649 5283 2851 5336 tamen
2883 5279 3086 5337 adhuc
3111 5281 3174 5337 in
3201 5295 3275 5337 ea
3300 5295 3408 5354 per
3455 5278 3946 5342 conversionis

2199 5367 2454 5435 gratiam
2476 5367 2556 5425 ad
2576 5368 2773 5424 lucem
2803 5369 3093 5426 redimus.
3118 5370 3375 5426 Veritate
3397 5367 3719 5436 suadente,
3747 5385 3948 5444 qua;

2197 5455 2304 5511 ait:
2327 5479 2352 5504 «
2377 5455 2694 5512 Ambulate
2711 5456 2861 5512 dum
2881 5457 3080 5514 lucem
3099 5458 3352 5525 habetis,
3373 5473 3448 5514 ne
3467 5474 3578 5513 vos
3603 5459 3950 5522 tenebra

2196 5545 2716 5618 comprehendant
2768 5547 2966 5619 (Joan.
2995 5564 3094 5617 xu,
3125 5549 3236 5617 35).
3267 5566 3298 5600 »
3355 5545 3459 5602 Illa
3483 5560 3624 5600 vero
3685 5547 3952 5612 simul
3971 5583 4006 5598 -
