4146 6156
482 185 582 244 211

1539 182 1596 236 8.
1640 181 1900 244 ODONIS
1941 171 2230 238 ABBATlS
2268 166 2769 232 CLUNIACENSIS
2821 168 2863 231 ιι

3813 164 3930 227 212

485 301 616 372 (Job
641 327 720 381 iv,
747 313 858 376 20).
891 307 982 366 Sic
1019 305 1202 366 habet
1243 306 1358 368 hoc
1406 320 1733 378 pravorum
1784 301 2034 371 malitia,
2077 301 2142 354 ιι
2170 299 2217 356 Α
2258 292 2420 365 quod
2465 291 2723 381 multum
2765 289 3002 346 minora
3047 287 3375 381 exigarisa
3420 285 3560 381 Deo,
3590 299 3931 381 quam‘rne-

484 415 623 456 eum
654 411 794 456 vera
849 395 913 455 in
941 411 1003 455 se
1057 394 1198 455 ﬂere
1237 392 1400 455 mala
1427 392 1639 460 renuit,
1681 392 1871 460 tingat
1924 388 2136 451 aliena.

483 489 629 544 Nam
656 483 833 556 quasi
859 483 1074 546 solatio
1097 481 1377 542 facinoris
1400 481 1600 550 utitur,
1625 481 1672 536 si
1702 479 1864 566 falsis
1894 476 2142 534 vocibus

479 577 537 631 et
559 573 676 631 vita
707 572 1079 646 corripientis
1103 570 1465 644 inquinetur.
1501 569 1806 642 Sequitur:

551 663 720 720 Vens.
754 666 801 718 5.
833 663 1030 733 Atque
1048 661 1282 718 utinam
1313 660 1468 719 Deus
1493 659 1834 728 loqueretur
1852 662 2061 721 tecum,
2089 660 2142 710 et

478 753 740 821 aperiret
793 751 954 810 labia
1006 765 1117 810 sua
1147 749 1273 810 tibi.
1308 779 1376 791 -ο
1399 750 1533 821 Ipse
1563 747 1788 820 quippe
1818 747 2000 804 homo
2032 743 2142 800 sibi

477 837 761 912 loquitur,
806 854 948 900 cum
999 853 1108 910 per
1138 837 1253 894 hoc.
1307 835 1472 910 quod
1529 835 1705 892 sentit
1754 849 2142 907 nequaquam

476 927 803 988 divinitatis
835 926 1045 1000 spiritu
1081 942 1118 991 a
1161 925 1418 986 carnalis
1468 923 1798 997 prudentiae
1847 922 2142 990 intellectu

481 1018 810 1086 separatur.
841 1014 1006 1074 Unde
1055 1017 1111 1074 et
1147 1013 1348 1074 adhuc
1395 1016 1583 1082 Petro,
1607 1013 1720 1069 hoc
1767 1017 2000 1072 terrena
2047 1026 2142 1070 sa-

481 1103 686 1177 pienti,
708 1103 932 1165 Veritas
981 1103 1166 1164 dicit:
1202 1125 1228 1154 α
1264 1105 1392 1163 Non
1436 1101 1598 1158 enim
1646 1101 1808 1174 sapis
1856 1117 1990 1174 quae
2045 1098 2143 1156 Dei

481 1196 641 1264 sunt,
672 1191 778 1254 sed
833 1207 966 1264 quae
1010 1192 1327 1254 hominum
1374 1191 1616 1263 (Matth.
1656 1207 1774 1262 xw,
1814 1191 1925 1261 23).
1961 1212 1988 1240 η
2040 1188 2142 1254 cui

481 1285 686 1343 tamen
720 1285 881 1343 recta
923 1281 1227 1341 conﬁtenti
1263 1280 1516 1342 dicitur:
1555 1303 1582 1330 α
1621 1280 1771 1345 Caro
1812 1284 1869 1336 ct
1897 1278 2141 1350 sanguis

479 1369 762 1432 mvelavlt
807 1370 930 1437 tibi,
979 1393 1006 1420 υ
1043 1374 1100 1430 et
1145 1368 1378 1443 reliqua
1420 1369 1660 1441 (Matth.
1703 1385 1818 1432 xVi.
1852 1369 1955 1442 l7).
1991 1365 2144 1434 Quid

478 1462 680 1522 autem
746 1458 845 1516 Dei
895 1459 1081 1528 labia,
1143 1457 1256 1519 nisi
1299 1457 1528 1530 judicia
1575 1456 1706 1528 ejus
1759 1456 2088 1529 accipimus
2115 1458 2144 1517 ‘l

478 1547 660 1611 Labia
711 1547 914 1620 itaque
960 1564 1074 1606 sua
1133 1549 1288 1606 Deus
1341 1545 1551 1620 aperit,
1579 1562 1724 1604 cum
1780 1545 2144 1610 voluntatem

478 1653 654 1700 suam
675 1635 1025 1698 hominibus
1055 1651 1162 1708 per
1182 1639 1391 1714 aperta
1415 1634 1646 1708 judicia
1661 1634 1938 1698 ostendit.
1959 1634 2142 1708 Quasi

479 1725 639 1786 enim
667 1728 932 1787 reserato
975 1740 1079 1786 ore
1128 1723 1410 1796 loquitur,
1449 1740 1588 1786 cum
1617 1729 1848 1788 remota
1876 1723 2144 1786 obscuri.-

477 1815 595 1874 tate
645 1811 1056 1884 diSDOBitionis
1108 1811 1331 1872 intimus
1383 1811 1581 1874 renuit
1633 1811 1930 1868 occultare
1977 1808 2144 1882 quod

476 1899 622 1962 vult.
655 1903 805 1966 Nam
832 1900 995 1963 velut
1014 1899 1235 1962 clausis
1261 1901 1436 1964 labiis
1469 1917 1716 1967 sensum
1747 1899 1922 1962 nobis
1965 1915 2143 1960 suum

478 2005 603 2052 non
653 1988 894 2058 indicat,
921 2005 1070 2052 cum
1107 1989 1340 2056 occulta
1363 1990 1595 2061 judicia
1640 2006 1747 2056 cur
1775 1989 1922 2064 quid
1965 1987 2146 2054 iaciat

480 2078 652 2140 celat.
683 2084 768 2141 Ac
799 2079 846 2138 si
892 2095 1034 2150 ergo
1078 2080 1372 2154 patienter
1412 2080 1660 2146 diceret:
1706 2077 1996 2152 Imperitos
2026 2082 2143 2140 tum

477 2168 678 2242 potius
708 2184 896 2241 quam
949 2184 1148 2242 pmnte
1200 2169 1552 2242 compatior,
1594 2169 1738 2241 quia
1777 2167 1904 2227 sola
1947 2166 2143 2232 carnis

477 2257 798 2330 prudentia
835 2256 1157 2331 proditum,
1184 2274 1220 2316 a
1251 2257 1512 2322 veritatis
1556 2263 1610 2314 te
1641 2257 1849 2332 spiritu
1878 2273 2142 2320 vacuum

477 2360 763 2416 agnosco.
787 2346 843 2406 Si
874 2345 1035 2408 enim
1063 2346 1161 2405 Dei
1197 2345 1427 2410 occulta
1453 2347 1680 2419 judicia
1724 2362 2140 2419 cognosceres,

478 2437 600 2498 tam
631 2449 918 2508 procaces
938 2439 1147 2498 contra
1177 2435 1346 2494 illum
1377 2435 1703 2502 sententias,
1729 2452 1851 2494 non
1873 2451 2138 2498 sonares.

481 2523 759 2596 Sequitur
791 2543 804 2586 :

549 2612 727 2674 Vsus.
759 2617 812 2670 6.
847 2613 922 2673 Ut
951 2614 1281 2672 ostenderet
1328 2614 1436 2672 tibi
1479 2620 1708 2680 secreta
1751 2615 2058 2684 sapientia:
2086 2618 2143 2670 et

479 2703 642 2775 quod
669 2703 999 2772 multiplex
1025 2705 1112 2762 sit.
1131 2704 1230 2765 lem
1262 2705 1415 2774 ejus.
1443 2735 1514 2744 —-—
1560 2703 1803 2762 Publica
1853 2700 2145 2775 sapientia

479 2807 741 2864 superna
771 2796 912 2855 sunt
947 2807 1153 2864 opera,
1189 2807 1332 2852 cum
1375 2791 1760 2865 omnipotens
1803 2795 1954 2855 Deus
1994 2791 2145 2864 regit

478 2896 632 2952 quos
657 2885 838 2949 creat,
870 2881 1101 2954 perﬁcit
1136 2881 1299 2942 bona
1326 2897 1464 2955 quia
1493 2881 1756 2951 inchoat,
1788 2885 1846 2938 et
1869 2881 2141 2953 aspiran-

478 2967 558 3071 do
586 2963 837 3071 adiuvat
861 2985 1017 3042 quos
1044 2969 1392 3071 visitationis
1441 2986 1568 3068 sure
1593 2969 1820 3071 lumine
1868 2968 2140 3043 illustrat,
2175 3013 2224 3071 Ε

477 3058 714 3119 Secreta
742 3073 882 3121 vero
934 3058 1228 3132 sapientia
1265 3075 1528 3134 superna
1553 3063 1709 3124 sunt
1745 3073 1952 3132 opera,
2004 3075 2144 3126 cum

477 3145 768 3209 Dominus
814 3162 970 3220 quos
1026 3147 1248 3210 creavit
1309 3147 1549 3219 deserit.
1603 3164 1745 3210 cum
1787 3147 1951 3208 bona
2008 3163 2143 3223 qme

477 3234 888 3308 proveniendo
939 3239 1213 3307 ceperat,
1271 3251 1658 3309 nequaquam
1717 3235 2144 3310 prosequendo

479 3327 890 3394 consummat,
919 3338 1060 3386 cum
1099 3323 1262 3386 dona
1283 3341 1417 3398 quae
1453 3325 1706 3393 contulit
1747 3325 1992 3388 minime
2013 3342 2144 3382 cus-

480 3409 648 3466 todit.
673 3409 764 3464 Ad
803 3409 930 3467 haec
978 3426 1041 3466 se
1094 3411 1310 3468 Paulus
1357 3414 1664 3487 sapientiae
1711 3414 1869 3470 illius
1919 3417 2145 3477 secreta

479 3498 810 3556 tetenderat
858 3515 998 3555 cum
1055 3499 1338 3558 dicebat:
1395 3521 1426 3555 ‹
1480 3505 1524 3560 Ο
1596 3502 1847 3560 altitudo
1911 3502 2144 3558 divitia-

479 3601 617 3648 rum
666 3587 974 3660 sapientia:
1019 3587 1147 3660 Dei,
1181 3607 1212 3646 ›
1269 3595 1326 3649 et
1375 3589 1609 3662 reliqua
1663 3591 1855 3662 (Rom,
1905 3607 1985 3659 κιρ
2033 3591 2141 3662 33).

483 3675 762 3748 Sequitur
785 3695 798 3732 :

550 3765 633 3821 Et
661 3767 823 3836 quod
851 3767 1178 3837 multiplex
1226 3768 1301 3822 sit
1331 3768 1430 3834 (ea:
1460 3769 1608 3836 ejus.
1642 3799 1710 3807 —
1741 3766 1848 3834 Qui
1867 3767 1984 3824 hoc
2013 3767 2146 3824 loco

481 3854 581 3910 Dei
629 3853 724 3910 lex
779 3855 990 3928 accipi,
1040 3854 1156 3911 nisi
1211 3854 1471 3913 charitas
1521 3855 1742 3912 debet?
1797 3871 1906 3929 per
1957 3872 2146 3928 quam

481 3959 718 4016 semper
743 3944 1040 4016 leguntur
1069 3945 1128 4001 in
1161 3949 1358 4001 mente
1400 3949 1700 4019 praecepta
1728 3945 1860 4002 vitae
1894 3945 2149 4020 qualiter

479 4033 541 4090 in
581 4033 811 4090 actione
844 4038 1179 4091 teneantur.
1215 4037 1296 4090 De
1325 4035 1441 4091 hac
1469 4034 1688 4091 etenim
1709 4034 1840 4106 lege
1871 4035 2146 4092 Veritatis

479 4137 626 4183 voce
649 4122 898 4186 dicitur;
927 4147 957 4175 ί(
995 4125 1120 4185 Hoc
1161 4127 1250 4182 est
1275 4127 1644 4200 praeceptum
1690 4140 1894 4188 meum
1927 4128 1996 4182 ut
2015 4124 2147 4182 dili-

475 4210 632 4284 gatis
677 4210 936 4274 invicem
967 4212 1162 4282 (Joan.
1191 4227 1294 4282 xv,
1328 4212 1430 4284 l2).
1466 4233 1494 4262 ι)
1529 4214 1606 4268 De
1633 4213 1749 4270 hac
1773 4213 1990 4276 Paulus
2037 4213 2146 4282 ait;

2254 385 2462 442 reatur
2490 379 2777 458 iniquitas
2807 382 2932 434 tua.
2961 407 3029 416 —-
3054 374 3232 430 Dolor
3253 373 3476 450 quippe
3508 371 3744 443 ﬂagello
3777 377 3934 430 tem-

2251 473 2516 544 peratur,
2552 483 2691 528 cum
2728 465 2906 540 culpa
2955 464 3354 542 cognoscitur.
3383 462 3439 518 Si
3469 466 3672 518 autem
3711 461 3932 535 culpas

2251 555 2708 632 perpendimus,
2742 554 3010 636 profecto
3063 551 3474 628 aequanimiter
3502 549 3739 622 ﬂagella
3777 550 3932 616 tole-

2253 663 2485 714 ramUS,
2506 661 2617 703 nec
2644 661 2716 700 ex
2741 643 2948 704 dolore
2979 643 3054 700 ad
3079 641 3494 716 impatientem
3513 640 3764 714 proruit,
3782 656 3929 706 cum

2254 751 2364 792 suo
2386 735 2616 807 judicio
2648 732 3016 796 conscientia
3045 731 3284 795 addicit.
3319 729 3433 786 Sed
3462 729 3694 802 Sophar
3725 729 3928 784 sciens

2252 825 2402 905 quid
2449 825 2688 889 diceret.
2727 823 2834 886 sed
2875 823 2972 879 cui
3024 823 3244 881 diceret
3285 820 3578 892 nesciens,
3627 835 3751 880 non
3795 821 3928 882 sine

2252 931 2476 990 magna
2499 913 2807 995 iniquitate
2835 912 2963 981 fuit,
2992 911 3322 985 qui.virum
3347 910 3578 982 justum
3608 925 3804 982 usque
3843 909 3928 966 ad

2251 1002 2652 1077 objectionem
2683 1001 3011 1079 iniquitatis
3031 998 3381 1071 increpavit.
3417 999 3738 1071 Quaquam
3758 999 3927 1060 enim

2251 1093 2487 1171 Sophar
2531 1091 2808 1174 iniquum
2853 1095 3046 1158 vocet,
3091 1104 3276 1164 quem
3319 1103 3582 1170 superna
3629 1087 3926 1154 sententia

2252 1181 2628 1248 laudaverat,
2643 1195 2765 1238 non
2786 1184 2992 1236 tamen
3017 1193 3054 1235 a
3085 1177 3258 1236 venia
3286 1177 3642 1256 reprobatus
3663 1175 3928 1235 excludi-

2251 1275 2367 1349 tur,
2399 1271 2504 1346 qui
2534 1270 2612 1332 ad
2651 1269 2835 1330 verba
2865 1268 3260 1339 contumeliae,
3305 1267 3494 1334 divini
3539 1267 3763 1330 amoris
3797 1265 3925 1332 zelo

2251 1346 2660 1436 pramovetur.
2697 1359 2876 1423 (illius
2897 1359 3058 1420 enim
3081 1358 3258 1438 culpa
3289 1356 3624 1427 dimittitur,
3653 1372 3794 1432 quae
3822 1372 3926 1412 ne-

2251 1463 2565 1529 quaquam
2600 1447 2837 1510 malitiae
2879 1447 3076 1504 studio
3105 1449 3500 1520 perpetretur.
3534 1445 3846 1530 Sequitur:

2323 1540 2491 1594 Vens.
2525 1542 2578 1601 7.
2610 1537 2910 1597 Forsil‘am
2939 1537 3185 1606 vestigia
3218 1537 3327 1592 Dei
3355 1533 3840 1606 comprehendes,
3868 1541 3924 1592 et

2251 1642 2438 1699 usque
2488 1627 2570 1688 ad
2613 1628 2950 1702 perfectum
3000 1626 3469 1696 Omnipotentem
3521 1626 3822 1694 reperies?
3851 1655 3926 1664 —

2254 1715 2410 1788 Quid
2440 1703 2712 1793 vestigia,
2742 1713 2856 1772 nisi
2903 1714 3334 1787 benignitatem
3374 1713 3530 1779 illius
3571 1711 3925 1778 visitationis

2249 1806 2474 1870 vocat?
2504 1803 2732 1877 Quibus
2763 1803 3048 1870 nimirum
3081 1802 3361 1884 progredi
3386 1803 3463 1862 ad
3497 1817 3756 1888 superne,
3777 1817 3924 1881 pro-

2251 1909 2562 1968 vocamur,
2595 1909 2736 1951 cum
2781 1893 2913 1972 ejus
2963 1891 3203 1973 Spiritus
3251 1891 3458 1956 aﬁlatu
3507 1891 3832 1966 iungimur,
3865 1898 3925 1956 et

2251 1987 2417 2048 extra
2439 1981 2634 2049 carnis
2655 1982 2984 2054 angustias,
3001 1981 3290 2046 sublevati
3304 1996 3410 2054 per
3430 1996 3717 2062 amorem,
3733 1996 3923 2055 agno-

2252 2071 2475 2138 scinms
2507 2072 2778 2134 Auctoris
2821 2071 3009 2131 nostri
3060 2069 3596 2144 contemplandam
3652 2070 3918 2154 speciem

2251 2176 2442 2234 quam
2473 2176 2821 2242 sequamur.
2851 2164 2999 2226 Nam
3029 2176 3167 2224 cum
3211 2164 3474 2226 mentem
3501 2164 3774 2228 nostram
3800 2159 3920 2236 spi-

2250 2249 2480 2313 ritualis
2508 2249 2714 2330 patriae
2743 2265 2915 2308 amor
2940 2249 3300 2319 inﬂammat,
3327 2249 3502 2330 quasi
3523 2247 3920 2321 sequentibus

2249 2339 2358 2396 iter
2385 2337 2674 2401 insinuat.
2707 2337 2844 2401 Quae
2877 2338 3040 2393 enim
3067 2338 3330 2397 necdum
3383 2337 3704 2405 cernimus,
3739 2343 3921 2406 restat

2251 2441 2494 2490 necesse
2515 2429 2624 2497 est,
2647 2430 2710 2480 ut
2731 2425 2979 2496 vestigia
2999 2425 3092 2484 sui
3113 2426 3336 2494 amoris
3363 2425 3747 2498 indagemus,
3771 2441 3921 2500 qua-

2251 2518 2423 2575 tenus
2461 2529 2653 2587 usque
2684 2513 2760 2576 ad
2793 2514 3313 2588 contemplationis
3349 2507 3610 2596 speciem
3642 2515 3927 2604 quando:

2249 2619 2369 2676 que
2418 2618 2590 2660 mens
2620 2603 2840 2674 veniat,
2873 2620 3055 2678 quem
3083 2619 3245 2664 nunc
3286 2603 3464 2676 quasi
3509 2609 3675 2678 tergo
3704 2603 3917 2660 subse-4

2251 2707 2444 2768 quens
2465 2708 2572 2769 per
2599 2697 2810 2760 sancta
2825 2691 3120 2750 desideria
3137 2693 3425 2774 explorat.
3445 2693 3588 2750 Hinc
3604 2693 3919 2758 Psalmista

2252 2782 2370 2840 ait:
2405 2781 2708 2844 «Adhaesit
2729 2781 2932 2848 anima
2965 2797 3099 2838 mea
3129 2789 3263 2860 post
3293 2799 3390 2840 me
3423 2783 3772 2856 (Psal.1.xu,
3800 2783 3914 2861 9)..»

2251 2873 2412 2928 Tunc
2433 2871 2660 2950 quippe
2691 2871 3004 2930 manifeste
3027 2871 3416 2944 Omnipotens
3442 2873 3751 2946 reperitur,
3775 2888 3918 2932 cum

2252 2959 2626 3024 mortalitatis
2674 2955 2892 3026 no'strae
2923 2959 3191 3017 funditus
3239 2962 3617 3034 corruptione
3663 2961 3916 3030 calcata,

2251 3049 2330 3106 ab
2379 3048 2707 3124 assumptis
2755 3048 2935 3104 nobis
2983 3048 3046 3104 in
3101 3043 3432 3116 divinitatis
3481 3066 3602 3117 suae
3649 3049 3918 3112 claritate

2252 3137 2634 3200 conspicitur.
2669 3138 2838 3195 Nunc
2863 3142 3064 3201 autem
3095 3153 3133 3194 a
3157 3139 3383 3196 carnali
3405 3139 3765 3212 cogitatione
3785 3140 3916 3199 ani-

2251 3241 2423 3290 mum
2470 3224 2652 3289 infusi
2685 3225 2934 3298 Spiritus
2987 3227 3181 3297 gratia
3235 3227 3526 3294 sublevat,
3575 3233 3632 3284 et
3685 3228 3746 3295 in
3777 3245 3918 3286 con-

2253 3318 2549 3388 temptum
2575 3329 2775 3376 rerum
2805 3315 3288 3388 praetereuntium
3328 3315 3564 3381 exultat.
3597 3317 3918 3378 lncircum-

2253 3403 2456 3476 scripti
2485 3402 2729 3459 luminis
2751 3403 2935 3479 jubar
2957 3403 3174 3463 intueri
3205 3409 3456 3467 conatur
3493 3411 3550 3461 et
3586 3421 3710 3462 non
3736 3405 3916 3476 valet,

2255 3491 2422 3564 quod
2447 3491 2790 3548 inﬁrmitate
2829 3509 3071 3565 pressus
3121 3493 3382 3561 animus,
3408 3499 3465 3550 et
3520 3510 3916 3568 nequaquam

2255 3585 2546 3663 penetrat,
2580 3586 2638 3636 et
2661 3584 2861 3636 tamen
2889 3581 3165 3663 repulsus
3197 3587 3378 3640 amat.
3413 3583 3718 3664 Sequitur:

2331 3670 2501 3726 Vnus.
2529 3658 2586 3741 '8,
2617 3677 2671 3727 9.
2718 3658 3034 3728 Εωσειείον
3067 3674 3212 3729 coelo
3265 3679 3372 3743 est,
3393 3679 3448 3730 et
3493 3658 3640 3746 quid
3681 3675 3922 3744 facies?

2247 3759 2618 3830 profundior
2668 3760 2929 3829 inferno,
2963 3766 3018 3816 et
3073 3761 3230 3818 unde
3285 3766 3640 3834 cognosces?
3680 3763 3923 3834 longior

2261 3853 2425 3904 terra
2455 3863 2736 3905 meum
2765 3850 2914 3918 ejus,
2937 3855 2994 3905 et
3025 3849 3207 3906 latior
3231 3853 3482 3908 man’.-—
3503 3853 3639 3908 Haec
3669 3851 3921 3924 quidem

2258 3939 2426 3994 tanto
2470 3935 2850 4008 spiritualiter
2889 3937 3390 4008 debentintelligi,
3419 3944 3646 4013 quanto
3691 3939 3767 3996 de
3798 3941 3920 3996 Deo

2257 4024 2596 4100 quidquam
2641 4025 2810 4080 nefas
2862 4030 2950 4080 est
2999 4026 3162 4097 justa
3213 4043 3502 4100 corporea
3555 4028 3924 4086 lineamenta

2259 4113 2478 4170 sentiri.
2511 4113 2626 4172 Sed
2651 4115 2798 4170 caelo
2825 4119 2906 4170 est
2927 4116 3238 4184 excelsior,
3268 4116 3412 4188 quia
3438 4116 3923 4190 incircumscrip-

2259 4201 2416 4258 tione
2477 4203 2570 4258 sui
2627 4202 2868 4274 spiritus
2936 4208 3152 4258 cuncta
3219 4205 3606 4262 transcendit.
3667 4206 3922 4276 Inferna

482 4320 510 4348 ‹‹
542 4297 851 4360 Plenitudo
876 4299 1026 4370 legis
1052 4299 1498 4370 dilectiotRom.
1528 4317 1651 4369 xm,
1685 4301 1788 4372 10).
1825 4323 1852 4352 »
1873 4301 1988 4356 Sed
2015 4301 2145 4358 haec
2187 4363 2226 4372 _
2253 4291 2641 4368 profundior,
2673 4289 2818 4372 quia
2862 4291 3340 4356 transcendendo
3392 4294 3686 4354 subvehit.
3733 4295 3924 4350 Terra

481 4385 695 4448 eadem
724 4385 820 4445 lex
847 4363 1164 4468 mdltipleX
1187 4363 1431 4461 dicitur,
1462 4386 1607 4463 quia
1634 4363 1902 4450 studiosa
1931 4387 2147 4450 sollici-
2183 4363 2232 4426 θ
2261 4363 2516 4468 lonaior,
2546 4367 2708 4468 qnia‘
2738 4384 3024 4468 creatura:
3071 4381 3323 4438 modum
3379 4383 3747 4454 perennitate
3791 4399 3922 4442 $1183

482 4473 686 4530 tudine
716 4474 975 4530 charitas
1007 4474 1085 4531 ad
1113 4480 1329 4532 cuncta
1353 4475 1637 4538 virtutum
1668 4475 1825 4540 iacta
1837 4476 2140 4542 dilatatur.

481 4563 626 4635 Quae
657 4578 694 4627 ε
722 4561 966 4627 duobus
1005 4563 1255 4648 quidem
1295 4565 1610 4647 praeceptis
1659 4564 1885 4638 incipit,
1930 4567 2042 4626 sed
2085 4582 2148 4622 se

481 4650 561 4716 ad
605 4652 1076 4720 innumerabilia
1119 4653 1404 4719 extendit.
1456 4654 1652 4729 Hujus
1690 4669 1958 4734 namque
1999 4655 2148 4728 legis

477 4741 735 4817 initium,
767 4743 1004 4806 dileetio
1045 4747 1138 4805 est
1163 4744 1284 4812 Dei,
1314 4759 1387 4806 ac
1445 4743 1682 4808 dilectio
1720 4745 2000 4822 proximi.
2034 4744 2144 4806 Sed

479 4831 582 4888 Dei
628 4830 870 4891 dilectio
897 4847 1006 4904 per
1033 4832 1146 4893 tria
1193 4832 1605 4906 distinguitur,
1639 4833 1900 4911 proximi
1942 4839 2148 4898 autem

429 4977 438 4990 ,
482 4916 562 4978 ad
585 4918 710 4978 duo
735 4924 1037 4996 praecepta
1063 4920 1387 4984 derivatur.
1423 4921 1536 4981 Sed
1558 4922 1689 4982 haec
1716 4922 2005 4983 nimirum
2025 4923 2148 4983 duo

479 5005 630 5071 dum
669 5005 919 5070 sollicita
962 5009 1295 5086 cogitantur
1340 5010 1688 5082 intentione,
1720 5027 1824 5069 cor
1863 5011 1942 5070 ad
1970 5013 2148 5075 innu-

479 5111 648 5160 mera
673 5094 957 5161 virtutum
983 5099 1275 5175 mysteria
1308 5099 1580 5170 tendunt,
1611 5117 1688 5161 ne
1743 5101 1839 5164 vel
1877 5101 1962 5166 ad
2001 5100 2150 5158 infe-

479 5185 668 5250 renda
715 5200 856 5260 quae
901 5201 1026 5250 non
1073 5185 1270 5266 debet,
1309 5188 1619 5253 desideriis
1664 5189 1932 5270 inquieta
1969 5205 2149 5270 mens

479 5274 724 5343 ferveat,
739 5274 834 5331 vel
863 5289 1005 5346 erga
1031 5275 1336 5344 exibenda
1352 5295 1504 5359 qum.
1519 5279 1723 5350 debet,
1737 5266 1860 5344 otio
1887 5266 2149 5346 resoluta

479 5367 798 5446 torpescat,
856 5365 1048 5444 Hujus
1101 5366 1385 5431 nimirum
1437 5368 1589 5442 legis
1641 5369 2146 5446 mulﬁplicmwm

479 5449 634 5514 bene
675 5455 892 5518 Paulus
933 5460 1248 5522 enumerat
1277 5451 1509 5522 dicens:
1545 5481 1574 5510 «
1604 5459 1872 5522 Charitas
1907 5458 2147 5538 patiens

479 5545 584 5611 est.
616 5540 881 5618 benigna
924 5549 1034 5616 est,
1061 5562 1186 5612 non
1230 5547 1572 5618 tumulatur,
1611 5564 1739 5614 non
1787 5547 2050 5618 inflatur,
2086 5553 2148 5606 et

474 5630 709 5714 reliqua
736 5632 796 5705 (Ι
824 5635 966 5697 .Cor.
997 5652 1118 5712 xui,
1143 5638 1218 5712 4).
1251 5663 1282 5690 ››
1319 5640 1622 5720 Sequitur:
1654 5639 1737 5701 Et
1770 5639 2142 5716 intelligens

2259 4465 2633 4558 inierint/alis~
2651 4466 2900 4558 excedit.
2933 4469 3099 4524 Mari
3127 4470 3330 4540 latior,
3361 4471 3504 4558 quia
3533 4487 3734 4540 rerum
3775 4476 3924 4542 tem-

2253 4555 2555 4628 poralium
2596 4553 2815 4612 ﬂuctus
2849 4557 2931 4614 sic
2962 4573 3174 4628 regens
3213 4553 3500 4635 possidet,
3531 4563 3596 4615 ut
3644 4561 3757 4617 hos
3806 4560 3924 4628 sub

2255 4643 2608 4712 omnimoda
2656 4645 2934 4723 potentia:
2964 4662 3086 4702 suae
3115 4648 3436 4719 praesentia
3464 4650 3924 4724 coangustando

2255 4732 2605 4795 circumdet.
2641 4736 2894 4790 Possunt
2921 4739 2979 4790 et
3007 4735 3133 4791 caeli
3162 4736 3582 4810 appellatione,
3614 4739 3836 4812 angeli,
3867 4745 3924 4796 et

2255 4821 2472 4883 inferni
2519 4823 2819 4885 vocabulo
2861 4823 3146 4882 demonia
3193 4827 3535 4900 designari;
3565 4845 3676 4902 per
3694 4815 3922 4896 terram

2257 4927 2421 4988 vero,
2445 4912 2595 4984 justi
2621 4912 2930 4984 homines;
2981 4929 3088 4991 per
3117 4931 3284 4972 mare
3326 4922 3530 4976 autem
3569 4923 3920 4991 peccatores

2256 5001 2520 5076 intelligi.
2583 5003 2901 5060 Excelst‘or
2965 5003 3168 5077 itaque
3232 5009 3380 5066 caelo
3441 5013 3546 5079 est,
3625 5007 3732 5085 qui
3806 5009 3921 5081 ipsi

2256 5109 2502 5176 quoque
2581 5092 2750 5150 electi
2813 5094 3080 5168 spiritus,
3145 5095 3440 5158 visionem
3506 5103 3680 5157 tantae
3760 5096 3925 5169 celsi-

2257 5181 2480 5251 tudinis
2509 5183 2767 5258 perfecte
2795 5199 2920 5240 non
2949 5189 3283 5256 penetrant.
3317 5189 3694 5258 Profundior
3737 5189 3923 5264 infer-

2257 5289 2334 5337 no
2361 5277 2468 5342 est,
2495 5271 2640 5346 quia
2666 5272 3076 5344 malignorum
3104 5275 3422 5348 spirituum
3463 5278 3712 5342 astutias
3740 5275 3925 5350 longe

2257 5363 2532 5420 subtilius
2557 5379 2746 5438 quam
2773 5363 2887 5440 ipsi
2921 5369 3310 5448 putaverunt,
3333 5367 3614 5438 judicans
3644 5368 3922 5440 damnat.
3993 5368 4012 5385 ‘

2265 5455 2451 5511 Terra
2506 5455 2763 5525 longior.
2827 5453 2976 5520 Quia
3033 5454 3554 5528 longanimitatem
3619 5463 3924 5532 nostram,

2251 5542 2537 5618 patientia
2589 5541 2807 5610 divinae
2851 5543 3322 5616 longanimitatis
3377 5553 3717 5628 exsuperat.
3759 5549 3928 5620 Mari

2517 5634 2671 5703 Quia
2723 5635 2952 5718 ubique
3004 5640 3166 5706 facta
3221 5641 3604 5714 peccantium
3669 5639 3927 5710 renibu-
