4146 6156
265 209 370 265 213

1130 205 1424 259 EPITOME
1462 198 1826 259 MORALIUM
1867 196 1922 251 S.
1964 191 2169 249 GREG.
2212 189 2278 244 ΙΝ
2317 189 2461 245 ΙΟΒ.
2504 219 2572 228 -
2622 190 2749 244 LIB.
2790 191 2852 242 X.

3599 182 3706 235 214

266 332 447 389 tionis
478 347 606 387 suae
637 329 861 388 ultione
890 329 1159 386 damnat.
1194 327 1375 398 Cujus
1421 327 1575 382 bene
1605 322 1930 397 potentiam
1967 322 2013 373 A
2042 314 2252 370 denter
2300 312 2479 368 etiam
2532 311 2767 382 majora
2799 313 3233 398 perpetramus.
3258 309 3340 398 Et
3367 304 3705 398 notandum

266 422 546 494 egregius
576 420 752 477 nobis
781 408 991 475 doctor
1019 418 1303 487 insinuat,
1334 433 1475 472 cum
1508 414 1764 471 breviter
1794 426 1931 467 nar-

266 515 399 568 rat:
454 513 567 566 «Ut
617 509 855 583 possitis
896 505 1407 579 comprehendere
1457 520 1595 560 cum
1651 499 1933 558 omnibus

270 600 515 665 sanctis,
546 615 680 671 quae
721 597 793 653 sit
838 595 1110 663 latitudo,
1143 593 1478 665 longitudo,
1511 590 1847 648 sublimitas
1878 590 1934 641 et

270 688 642 763 profundum
680 687 920 756 (Ep/tes.
946 702 1026 755 ιη,
1062 686 1170 755 l8).
1192 706 1220 734 »
1276 683 1463 740 Habet
1506 682 1733 755 quippe
1778 681 1932 734 Deus

268 776 665 847 latitudinem,
710 774 854 847 quia
894 778 951 831 et
992 774 1053 829 in
1102 772 1415 829 dilectione
1455 788 1566 828 sua
1621 783 1811 841 usque
1856 764 1934 821 ad

269 866 649 923 collationem
678 863 1169 936 persequentium
1222 861 1429 918 tendit.
1464 859 1652 916 Habet
1678 855 1934 926 longitu-

265 957 494 1022 dinem,
526 954 673 1027 quia
700 953 782 1009 ad
809 953 944 1008 vitae
974 952 1232 1025 patriam
1260 966 1373 1007 nos
1404 947 1825 1020 longanimiter
1853 949 1934 1000 to-

266 1044 518 1103 lerando
548 1042 839 1116 perducit.
878 1042 1064 1098 Habet
1110 1041 1559 1103 sublimitatem.
1591 1039 1734 1111 quia
1780 1035 1935 1107 ipso-

268 1152 408 1192 rum
435 1128 680 1207 quoque
729 1132 1180 1201 intelligentiam
1223 1131 1327 1203 qui
1354 1130 1574 1204 recepti
1605 1127 1839 1189 fuerint,
1873 1123 1935 1179 in

270 1237 535 1296 superna
565 1220 1029 1291 congregatione
1057 1219 1440 1275 transcendit.
1476 1217 1663 1274 Habet
1691 1213 1935 1288 profun-

269 1312 443 1380 dum,
474 1310 619 1383 quia
646 1308 950 1365 damnatis
992 1306 1239 1363 inferius
1282 1304 1665 1362 districtionis
1696 1318 1819 1358 sum
1843 1300 1936 1371 ju-

270 1400 498 1457 dicium
524 1397 1206 1471 incomprehensibiliter
1227 1396 1427 1452 exerit.
1454 1400 1533 1451 Ac
1563 1394 1610 1451 si
1632 1408 1773 1464 ergo
1804 1391 1935 1446 des~

270 1494 447 1565 pecto
477 1488 807 1545 diceretur:
843 1486 1306 1543 Profunditatem
1347 1486 1479 1556 ejus
1531 1489 1709 1556 atque
1740 1478 1933 1536 excel-

271 1578 518 1636 lentiam
541 1581 770 1651 quanto
800 1581 863 1632 tu
892 1591 1256 1647 cognoscere
1289 1574 1537 1643 sufﬁcis,
1568 1573 1673 1646 qui
1697 1569 1791 1627 vel
1822 1568 1935 1623 vir-

2041 401 2209 476 quod
2238 417 2362 458 non
2393 400 2594 459 videri.
2626 399 2731 454 sed
2756 397 3125 454 considerari
3152 397 3387 453 dicitur.
3424 398 3578 451 Deus
3598 393 3705 451 ita-

2044 506 2163 563 que
2174 489 2500 546 vanitatem
2522 487 2840 544 hominum
2860 485 3426 558 novit,iniquitatem
3437 482 3707 540 conside-

2041 584 2151 648 rat,
2185 579 2330 652 quia
2358 595 2468 635 nec
2519 577 2755 634 minora
2793 574 3011 632 delicta
3037 574 3229 631 multa
3270 574 3508 643 deserit,
3541 575 3598 628 et
3625 570 3706 627 ad

2041 668 2279 739 majora
2308 666 2577 724 ferienda
2607 682 2668 722 se
2698 663 2984 721 intentius
3014 661 3288 731 accingit.
3324 660 3630 736 Sequitur:

2112 759 2276 812 Vens.
2316 761 2401 811 l2.
2463 756 2564 811 Vir
2595 769 2786 812 vanus
2833 755 2897 810 in
2944 750 3283 821 superbiam
3334 750 3609 819 erigitur.
3637 779 3705 789 —-

2043 844 2328 902 Vanitatis
2349 843 2575 916 quippe
2596 842 2734 898 ﬁnis
2767 846 2875 913 est,
2908 844 2974 896 ut
3000 855 3138 895 cum
3168 840 3415 909 peccato
3443 839 3707 892 mentem

2045 931 2297 1000 sauciat,
2330 931 2487 988 hanc
2514 946 2586 986 ex
2618 929 2797 1002 culpa
2827 927 3124 985 audacem
3152 924 3385 994 reddat,
3409 927 3706 996 quatenus

2044 1021 2136 1077 sui
2165 1024 2365 1077 reatus
2381 1018 2697 1091 oblita,qui
2716 1018 2989 1074 amisisse
3019 1013 3425 1072 innocentiam
3454 1027 3580 1067 non
3603 1011 3709 1067 do-

2042 1108 2139 1177 let,
2164 1109 2330 1178 justo
2379 1110 2679 1165 excaecata
2723 1104 2953 1176 judicio
3000 1104 3179 1160 simul
3223 1108 3281 1160 et
3310 1100 3708 1157 humilitatem

2043 1198 2272 1271 perdat.
2311 1196 2623 1269 Sequitur:
2658 1197 2734 1250 Et
2764 1196 2939 1265 quasi
2960 1194 3204 1264 pullum
3235 1196 3452 1263 onagri
3478 1206 3539 1246 se
3570 1191 3709 1246 libe-
3794 1230 3797 1233 ς

2046 1302 2181 1343 rum
2214 1291 2424 1343 natum
2453 1290 2650 1355 putat.
2686 1315 2754 1324 -—-
2791 1286 2897 1339 Per
2945 1282 3176 1355 pullum
3228 1281 3455 1355 quippe
3496 1278 3707 1348 onagri

2045 1390 2226 1431 omne
2255 1373 2626 1443 agrestinum
2657 1388 2847 1442 genus
2877 1370 3247 1444 exprimitur.
3273 1369 3413 1439 Agri
3440 1383 3708 1439 namque

2046 1461 2331 1521 animalia
2351 1461 2413 1516 in
2434 1461 2704 1518 libertate
2724 1460 2969 1528 habent,
2983 1464 3040 1515 et
3057 1459 3141 1515 ire
3162 1474 3286 1531 quo
3308 1459 3619 1530 appetunt,
3652 1458 3708 1511 et

2048 1552 2352 1624 quiescere
2386 1566 2527 1607 cum
2577 1549 2898 1606 lassantur.
2934 1547 3056 1603 Hoc
3104 1551 3311 1603 tamen
3352 1545 3711 1618 plerumque

551 1632 803 1722 bumma
851 1632 1041 1732 evehi,
1073 1663 1169 1719 vel
1200 1632 1935 1736 temetipsum‘reprehen-
1968 1673 2010 1725 Β
2050 1640 2278 1736 110in
2305 1656 2428 1736 D911
2456 1639 2611 1709 licet,
2633 1636 2799 1736 (ξαοά
2820 1636 3018 1736 διίξῐίε.
3038 1634 3402 1736 {ﬂuuialibus
3395 1632 3709 1736 “licet-.0111

272 1756 414 1812 dere
437 1756 499 1811 in
531 1754 961 1810 tentationibus
994 1753 1208 1809 nescis.
1242 1752 1555 1824 Sequitur:

346 1848 516 1900 Vens.
557 1845 639 1899 10.
682 1844 751 1899 Si
778 1843 1132 1899 subverterat
1164 1842 1384 1919 omnia,
1420 1841 1513 1896 vel
1540 1840 1601 1894 in
1631 1854 1820 1893 unum
1850 1850 1940 1891 eo-

274 1935 622 1997 arctaverit,
648 1934 781 2002 quis
822 1932 1191 1987 contradicet
1217 1931 1317 1986 ei?
1353 1930 1472 1999 (vel
1500 1930 1631 2000 quis
1663 1928 1858 1983 dicere
1885 1925 1939 1981 ei

271 2030 485 2095 potest.
519 2023 643 2079 Cur
672 2024 757 2078 ita
780 2022 999 2090 facis?)
1046 2051 1103 2059 —
1143 2018 1441 2074 Subvertit
1488 2016 1777 2073 Dominus
1825 2030 1939 2069 coe-

277 2112 431 2181 lum,
453 2109 868 2175 cum,terribili
888 2114 943 2164 et
967 2107 1202 2163 occulta
1230 2105 1703 2178 dispensatione,
1722 2104 1938 2158 huma-

279 2217 376 2257 nas
399 2198 912 2272 contemplationis
926 2196 1337 2253 celsitudinem
1358 2193 1627 2251 destruit.
1645 2191 1941 2250 Subvertit

275 2291 599 2358 infernum,
617 2304 758 2345 cum
793 2286 1109 2358 cujuslibet
1134 2290 1396 2341 mentem
1426 2285 1487 2340 in
1516 2283 1638 2339 suis
1670 2281 1941 2340 tentatio-

277 2380 455 2435 nibus
481 2378 770 2451 pavidam
799 2375 1012 2432 cadere
1038 2374 1217 2430 etiam
1266 2373 1345 2429 ad
1374 2373 1669 2429 deteriora
1698 2369 1940 2444 permit-

277 2469 361 2525 tit.
398 2468 693 2525 Subvertit
744 2472 999 2522 terram:
1054 2481 1191 2519 cum
1236 2462 1753 2519 fructiﬁcationem
1792 2455 1939 2513 boni

277 2558 475 2630 operis
530 2555 799 2612 adversis
849 2554 1216 2609 irruentibus
1272 2551 1585 2609 intercidit.
1645 2546 1941 2606 Subvertit

275 2665 465 2716 mare,
498 2663 638 2702 cum
669 2644 1120 2700 fluctuationem
1155 2647 1372 2699 nostrae
1422 2639 1789 2697 titubationis
1831 2637 1939 2691 im-

277 2737 569 2805 mergenti
602 2735 796 2790 subito
827 2750 1047 2806 pavore
1082 2732 1365 2787 confodit.
1402 2730 1629 2788 Caelum
1656 2728 1832 2784 etiam
1868 2726 1941 2780 si-

278 2826 406 2881 mul
429 2824 823 2895 infernusque
858 2824 1212 2877 coarctatur.
1243 2836 1381 2874 cum
1423 2834 1608 2873 unam
1639 2816 1941 2872 eamdem-

277 2932 398 2989 que
424 2920 711 2981 mentem,
735 2917 790 2967 et
822 2911 1158 2966 sublevatio
1176 2906 1699 2980 contemplationis
1733 2903 1945 2963 illumi-

278 3010 405 3072 nat,
438 3008 495 3059 et
520 3000 939 3075 importunitas
972 2997 1309 3054 tentationis
1351 2996 1652 3051 obscurat.
1686 2996 1764 3049 De
1793 2992 1943 3048 cmlo
1975 3026 2014 3079 C

278 3093 507 3167 quippe
522 3092 626 3146 lux
647 3090 851 3159 oritur,
879 3088 1148 3143 infernus
1176 3092 1377 3141 autem
1405 3083 1662 3140 tenebris
1684 3081 1945 3154 posside-

281 3189 397 3240 tur.
425 3184 488 3236 ln
510 3197 700 3236 unum
731 3180 913 3234 etiam
943 3181 1099 3233 terra
1120 3191 1407 3247 mareque
1431 3177 1789 3241 coarctatur,
1805 3186 1944 3226 cum

284 3287 472 3327 unam
516 3269 913 3340 eamdemque
942 3272 998 3322 et
1045 3264 1333 3321 certitudo
1368 3262 1573 3318 solidae
1604 3261 1742 3316 tldei
1771 3259 1945 3315 robo-

284 3364 399 3424 rat,
430 3362 487 3413 et
513 3363 714 3413 tamen
740 3371 812 3411 ex
852 3351 1225 3425 aliquantula
1260 3348 1650 3406 mutabilitate
1683 3344 1945 3419 perﬁdiae

283 3464 437 3503 aura
463 3446 782 3502 dubietatis
812 3447 1030 3499 versat.
1069 3441 1209 3497 Hinc
1243 3439 1489 3513 quidem
1521 3437 1602 3494 ait
1630 3455 1641 3491 :
1686 3459 1713 3486 ‹‹
1735 3435 1944 3503 Credo,

284 3536 788 3606 Domine,adjuva
805 3532 1213 3588 inﬁdelitatem
1241 3544 1443 3585 meam
1462 3527 1671 3599 (Marc.
1697 3542 1775 3595 ιχ,
1800 3524 1946 3595 33).»

288 3625 565 3682 Divinum
621 3624 844 3697 quippe
889 3621 1184 3694 judicium
1233 3636 1342 3675 nec
1396 3616 1751 3673 adversitate
1798 3613 1951 3670 valet

286 3711 588 3780 imminui,
620 3728 730 3768 nec
760 3711 1144 3783 inquisitione
1176 3706 1445 3779 agnosci.
1481 3705 1789 3778 Sequitur:

364 3802 507 3857 Vens
540 3805 623 3855 Η.
675 3802 807 3865 Ipse
836 3801 1000 3855 novit
1042 3799 1349 3853 hominum
1398 3795 1746 3857 vanitatem,
1780 3796 1833 3846 et
1862 3791 1947 3845 vi-

288 3888 437 3944 dens
466 3890 843 3959 iniquitatem
872 3903 1070 3943 nonne
1108 3885 1466 3941 considerat.
1491 3914 1559 3922 -—
1588 3884 1751 3936 Vana
1776 3895 1949 3934 nam-

286 3994 411 4050 que
443 3978 700 4047 agimus,
732 3977 965 4047 quoties
1005 3973 1346 4030 transitoria
1393 3971 1747 4039 cogitamus.
1782 3968 1952 4022 Unde

286 4080 653 4123 evanescere
697 4063 930 4127 dicitur,
971 4061 1138 4134 quod
1168 4066 1408 4131 repente
1465 4058 1543 4113 ab
1595 4056 1954 4112 intuentium

286 4154 485 4213 oculis
512 4151 795 4207 aufertur.
826 4150 973 4206 Hinc
1003 4148 1316 4205 Psalmista
1346 4146 1453 4202 ait:
1488 4168 1515 4195 «
1534 4144 1821 4201 Universa
1848 4158 1953 4197 va-

290 4244 452 4299 nitas
479 4239 678 4297 omnis
697 4240 882 4295 homo
910 4239 1116 4294 vivens
1138 4237 1327 4308 (Psat.
1358 4250 1520 4300 xvm,
1555 4232 1666 4303 6).»
1683 4234 1830 4303 Apte
1853 4245 1952 4285 au-

292 4337 414 4387 tem
445 4335 580 4403 post
610 4328 957 4395 vanitatem,
978 4326 1253 4401 protinus
1280 4323 1560 4396 iniquitas
1582 4320 1950 4393 adjungitur,

294 4419 441 4493 quia
487 4419 635 4475 dum
682 4433 789 4491 per
833 4418 1117 4490 quaedam
1172 4412 1503 4471 transitorie
1561 4410 1857 4476 ducimur,
1892 4408 1953 4464 in

296 4508 663 4582 quibusdam
694 4507 869 4564 noxie
908 4506 1187 4577 ligamur.
1221 4505 1490 4574 Cumque
1520 4516 1692 4556 mens
1722 4498 1953 4555 incom-

301 4597 710 4655 mutabilitatis
760 4601 982 4653 statum
1030 4610 1155 4650 non
1201 4596 1375 4659 tenet,
1409 4609 1446 4647 a
1494 4589 1817 4660 semetipsa
1848 4588 1953 4643 de-

300 4687 492 4742 ﬂuens
538 4685 616 4741 ad
658 4686 796 4742 vitia
840 4682 1196 4757 prorumpit.
1226 4684 1420 4737 Potest
1464 4694 1606 4749 ergo
1636 4680 1694 4733 et
1720 4676 1954 4732 vanitas

300 4774 478 4849 culpa
505 4774 769 4845 intelligi,
801 4780 859 4830 et
885 4772 1210 4845 iniquitatis
1231 4769 1475 4826 nomine
1497 4771 1696 4823 reatus
1719 4765 1956 4836 gravior

299 4864 717 4921 demonstrari.
744 4864 799 4920 Si
826 4863 986 4918 enim
1009 4859 1336 4933 aliquando
1362 4857 1595 4913 vanitas
1626 4855 1803 4929 culpa
1833 4870 1956 4913 non

299 4958 472 5020 esset,
504 4953 820 5009 Psalmista
839 4967 964 5007 non
992 4950 1239 5006 diceret:
1274 4969 1301 4997 ‹‹
1332 4948 1693 5018 Quanquam
1722 4944 1783 4999 in
1808 4943 1956 4999 ima-

300 5044 437 5112 gine
474 5042 573 5098 Dei
602 5040 870 5098 ambulet
913 5040 1119 5105 homo,
1150 5042 1352 5093 tamen
1382 5050 1535 5091 vane
1564 5032 1959 5090 conturbatur

299 5132 489 5201 (Psal.
524 5147 754 5198 xxxvm,
783 5130 856 5199 7).
880 5151 907 5179 »
948 5132 1031 5184 Ex
1060 5126 1320 5185 vanitate
1368 5139 1531 5193 ergo,
1574 5127 1639 5178 ut
1679 5120 1955 5196 superius

299 5219 527 5279 dictum
557 5224 663 5287 est,
689 5218 767 5275 ad
797 5218 1172 5291 iniquitatem
1193 5213 1491 5279 ducimur,
1524 5227 1663 5266 cum
1692 5211 1858 5283 prius
1880 5208 1958 5265 ad

299 5308 456 5365 levia
503 5308 720 5365 delicta
766 5307 1108 5372 deﬂuimus,
1140 5309 1198 5360 et
1234 5320 1349 5359 usu
1401 5305 1618 5358 cuncta
1665 5299 1958 5370 levigante

300 5414 692 5471 nequaquam
736 5402 874 5470 post
927 5394 1295 5451 committere
1338 5392 1517 5448 etiam
1567 5388 1844 5459 graviora
1896 5389 1961 5443 ti-

300 5503 563 5544 memus.
618 5486 761 5546 Hinc
821 5483 1104 5542 Salomon
1148 5481 1259 5541 ait:
1303 5503 1329 5528 ‹‹
1357 5480 1467 5546 Qui
1515 5477 1759 5534 modica
1799 5492 1960 5549 sper-

302 5575 408 5642 nit,
464 5574 756 5647 paulatim
803 5569 1024 5628 decidit
1075 5568 1286 5639 (E'ccti.
1328 5583 1446 5636 xxx,
1498 5571 1571 5635 t).
1597 5584 1626 5618 τι
1672 5564 1746 5622 'Si
1798 5564 1960 5621 enim

302 5681 521 5722 curare
546 5680 733 5739 parva
749 5659 1129 5734 negligimus,
1143 5656 1563 5718 insensibiliter
1583 5654 1830 5725 seducti,
1846 5666 1955 5711 an-

2047 1744 2192 1799 ergo
2220 1727 2468 1800 implere
2495 1730 2711 1782 cuncta
2732 1740 2868 1797 quae
2895 1722 3333 1795 desiderat,per
3356 1720 3709 1777 effrenatam

2044 1817 2383 1874 libertatem
2412 1815 2646 1890 quaerit,
2678 1813 2827 1887 quid
2857 1813 3020 1870 aliud
3049 1827 3239 1885 quam
3283 1809 3449 1884 pullo
3496 1809 3709 1877 onagri

2047 1906 2255 1964 similis
2300 1923 2428 1971 esse
2479 1903 2886 1978 concupiscit;
2939 1906 3004 1958 ut
3027 1900 3358 1974 disciplinae
3387 1900 3549 1955 hunc
3577 1897 3709 1953 lora

2045 2011 2170 2052 non
2200 1999 2458 2063 teneant,
2493 1993 2599 2050 sed
2630 1993 2920 2051 audenter
2948 2007 3143 2063 vagus
3174 2005 3282 2062 per
3307 1988 3520 2045 silvam
3548 1985 3707 2043 desi-

2047 2085 2352 2141 deriorum
2383 2088 2601 2140 currat.
2636 2085 2834 2139 Restat
2861 2096 3004 2153 ergo
3046 2084 3110 2137 ut
3155 2079 3205 2135 si
3234 2094 3363 2135 esse
3385 2078 3515 2149 jam
3545 2075 3707 2133 simi-

2047 2173 2132 2230 les
2168 2172 2335 2246 pullo
2381 2173 2591 2242 onagri
2630 2170 2939 2237 nolumus,
2971 2169 3033 2226 in
3064 2167 3293 2243 cunctis
3316 2183 3453 2240 quas
3483 2165 3709 2240 appeti-

2048 2278 2186 2320 mus
2215 2267 2428 2323 nutum
2468 2261 2635 2334 prius
2679 2260 2903 2317 intima:
2932 2257 3398 2332 dispensationis
3429 2255 3707 2328 exquira-

2048 2368 2205 2409 mus.
2242 2351 2519 2424 Sequitur
2544 2368 2556 2405 :

2121 2444 2282 2496 Vens.
2312 2441 2395 2497 13.
2438 2441 2524 2495 Tu
2548 2444 2746 2496 autem
2765 2438 3027 2507 ﬁrmasti
3054 2452 3159 2493 cor
3188 2441 3378 2505 tuum,
3401 2440 3458 2490 et
3486 2447 3711 2503 expan-

2047 2531 2192 2586 disti
2216 2528 2443 2586 adeum
2472 2542 2688 2585 manus
2719 2532 2874 2583 tuas.
2898 2558 2967 2566 ——
2999 2524 3270 2582 Firmasti
3300 2538 3403 2579 cor
3427 2536 3552 2578 non
3594 2521 3709 2576 hoc

2046 2635 2154 2693 per
2185 2618 2460 2674 virtutem
2492 2616 2726 2684 dicitur,
2751 2615 2857 2670 sed
2886 2630 2993 2687 per
3021 2608 3711 2681 insensibilitatem,quis

2050 2712 2251 2768 autem
2286 2705 2617 2779 pertinacia
2641 2703 3114 2762 insensibilitatis
3140 2700 3505 2767 obdurescit,
3536 2698 3710 2771 quasi

2050 2796 2468 2863 conﬁrmat,ne
2487 2797 2603 2852 hoc
2611 2794 2814 2867 jacula
2831 2793 3073 2866 superni
3094 2791 3323 2848 timoris
3340 2789 3708 2846 confodiant.

2052 2883 2218 2941 Unde
2248 2882 2620 2956 quibusdam
2652 2898 2759 2954 per
2796 2881 3157 2954 prophetam
3206 2879 3495 2935 Dominus
3531 2876 3709 2932 dicit:

2053 2996 2080 3023 «
2106 2972 2340 3029 Tollam
2370 2988 2406 3029 a
2434 2971 2608 3027 vobis
2638 2987 2741 3027 cor
2760 2970 3091 3043 lapideum,
3122 2973 3179 3025 et
3204 2968 3365 3025 dabo
3382 2967 3557 3023 vobis
3584 2982 3713 3022 car-

2052 3077 2236 3118 neum
2260 3062 2488 3129 (Ezech.
2521 3077 2597 3133 x1,
2628 3062 2773 3129 19).»
2805 3062 2910 3115 Per
2937 3073 3157 3114 manus
3186 3072 3372 3129 opera
3399 3056 3717 3125 designan-

2052 3154 2164 3208 tur.
2196 3154 2346 3208 Cum
2377 3150 2557 3223 culpa
2585 3150 2764 3219 igitur
2795 3164 3014 3205 manus
3043 3147 3121 3204 ad
3153 3149 3341 3202 Deum
3370 3144 3717 3218 expandere

2052 3244 2157 3309 est,
2190 3244 2398 3299 contra
2447 3239 2745 3309 largitoris
2795 3238 3050 3309 gratiam
3096 3237 3171 3293 de
3203 3235 3415 3292 virtute
3463 3250 3716 3307 operum

2053 3329 2385 3403 superbire.
2413 3328 2524 3394 Qui
2544 3329 2607 3384 in
2633 3332 2959 3401 conspectu
2989 3326 3176 3382 divini
3203 3324 3426 3381 Judicis
3459 3324 3715 3397 loquens

2055 3419 2171 3476 sibi
2191 3418 2356 3475 bona
2378 3434 2514 3491 quas
2544 3416 2686 3474 facit
2713 3416 2934 3487 tribuit,
2958 3416 3038 3472 ad
3065 3417 3255 3471 Deum
3275 3430 3494 3470 manus
3514 3429 3719 3486 super-

2052 3507 2224 3565 biens
2246 3506 2452 3564 tendit.
2469 3506 2561 3564 Sic
2586 3506 2855 3579 profecto
2883 3510 3091 3562 contra
3111 3505 3328 3561 electos
3348 3502 3609 3575 reprobi,
3636 3502 3718 3558 sic

2055 3602 2265 3655 contra
2308 3597 2632 3654 catholicos
2679 3595 2939 3653 haeretici
2991 3594 3377 3662 effrenantur,
3421 3597 3719 3666 quatenus

2055 3705 2161 3745 eos
2211 3703 2365 3760 quos
2412 3687 2771 3758 redarguere
2816 3703 2889 3743 ex
2926 3685 3267 3745 inﬁrmitate
3298 3684 3548 3741 actionis
3595 3698 3719 3739 non

2055 3776 2279 3846 valent,
2307 3792 2380 3832 ex
2411 3775 2659 3831 crimine
2683 3775 2942 3831 rumoris
2968 3778 3268 3831 accusent.
3307 3772 3616 3845 Sequitur:

2131 3866 2299 3919 Vens.
2340 3864 2422 3931 14,
2462 3867 2547 3918 15.
2586 3864 2653 3918 Si
2698 3854 3072 3935 iniquitatem
3123 3878 3254 3934 qua:
3289 3867 3374 3918 est
3425 3863 3489 3917 in
3536 3877 3721 3917 manu

2062 3960 2167 4009 tua
2192 3953 2511 4010 abstuleris
2541 3968 2579 4009 α
2601 3959 2676 4019 te,
2698 3959 2753 4008 et
2781 3968 2901 4007 non
2930 3954 3217 4007 manserit
3242 3952 3307 4006 in
3330 3952 3720 4007 tabernaculo

2063 4042 2529 4109 tuoinjustitta,
2580 4046 2722 4095 tunc
2778 4041 2976 4095 levare
3026 4040 3251 4108 poteris
3296 4040 3509 4106 faciem
3556 4043 3721 4093 tuam

2062 4128 2281 4199 absque
2314 4128 2578 4184 macula.
2602 4158 2673 4167 -—
2705 4129 2894 4183 Omne
2920 4130 3235 4199 peccatum
3270 4129 3374 4181 aut
3403 4125 3531 4181 sola
3560 4125 3721 4195 cogi-

2062 4218 2283 4274 tatione
2313 4216 2721 4285 committitur,
2753 4221 2859 4274 aut
2885 4216 3242 4288 cogitatione
3268 4215 3447 4271 simul
3475 4220 3533 4271 et
3579 4232 3722 4289 ope-

2062 4323 2146 4363 re.
2176 4306 2463 4378 Iniquitas
2492 4321 2634 4377 ergo
2662 4306 2724 4361 in
2757 4321 2945 4362 manu
2975 4311 3080 4374 est,
3114 4304 3292 4379 culpa
3318 4304 3380 4360 in
3406 4318 3607 4378 opere.
3633 4306 3722 4359 In-

1982 4372 2033 4426 D
2058 4372 2305 4469 justitia-
2330 4411 2473 4452 vero
2523 4372 2589 4452 in
2632 4396 3038 4464 tabernaculo,
3068 4372 3352 4468 iniquitas
3398 4372 3468 4451 in
3499 4399 3719 4452 mente.

2063 4490 2220 4553 Mens
2249 4485 2474 4559 quippe
2503 4489 2709 4543 nostra
2740 4485 3197 4543 tabernaculum
3228 4500 3352 4542 non
3393 4485 3723 4555 ineongrue

2060 4581 2328 4646 vocatur,
2360 4575 2421 4636 in
2473 4591 2596 4648 qua
2639 4575 2806 4648 apud
2834 4575 3241 4647 nosmetipsos
3269 4573 3720 4641 abscondimur,

2063 4682 2200 4723 cum
2230 4664 2373 4722 foris
2420 4664 2482 4720 in
2528 4680 2709 4737 opere
2755 4679 2880 4719 non
2911 4663 3209 4720 videmur.
3240 4663 3407 4719 Prius
3433 4661 3596 4717 enim
3618 4660 3723 4716 ini-

2061 4754 2351 4827 quitatem
2378 4769 2415 4809 a
2442 4768 2629 4810 manu
2669 4752 2995 4821 substrahi,
3022 4756 3080 4808 et
3107 4755 3244 4825 post
3269 4768 3305 4807 a
3338 4748 3722 4807 tabernaculo

2064 4843 2351 4899 admonet
2395 4840 2749 4912 injustitiam
2795 4840 3048 4908 abscidi,
3090 4840 3234 4913 quia
3275 4839 3545 4913 quisquis
3594 4841 3722 4914 jam

2062 4948 2253 5006 prava
2278 4948 2315 4989 a
2345 4946 2406 4986 se
2428 4947 2613 5004 opera
2640 4930 2897 4987 exterius
2916 4934 3165 4999 resecat,
3184 4946 3425 4987 necesse
3454 4931 3721 5005 profecto

2065 5027 2173 5085 est,
2209 5026 2271 5078 ut
2299 5020 2378 5078 ad
2408 5022 2798 5095 semetipsum
2842 5020 3081 5078 rediens
3110 5020 3355 5078 solerter
3402 5021 3465 5077 in
3504 5021 3721 5079 mentis

2064 5113 2388 5170 intentione
2419 5127 2548 5168 sese
2577 5111 2896 5185 discernat,
2926 5128 3003 5168 ne
3039 5111 3218 5187 culpa
3259 5128 3448 5186 quam
3493 5113 3621 5182 jam
3660 5110 3721 5163 in

2066 5203 2298 5260 actione
2344 5218 2468 5258 non
2505 5201 2705 5270 habet,
2747 5202 2945 5259 adhuc
2992 5201 3053 5258 in
3103 5202 3459 5274 cogitatione
3504 5196 3723 5269 perdu-

2065 5296 2171 5349 ret.
2244 5292 2386 5347 Hinc
2453 5290 2734 5348 Salomon
2798 5291 2915 5348 ait:
2975 5295 3302 5363 «Praepara
3360 5285 3502 5342 foris
3565 5300 3720 5359 opus

2068 5387 2260 5453 tuum,
2297 5384 2354 5437 et
2378 5380 2689 5451 diligenter
2713 5396 2920 5437 exerce
2951 5395 3165 5450 agrum
3196 5381 3385 5440 tuum,
3420 5377 3485 5429 ut
3509 5380 3719 5447 postea

2070 5472 2323 5528 aediﬁces
2365 5471 2617 5527 domum
2659 5475 2827 5527 tuam
2875 5471 3077 5540 (Prov.
3135 5479 3289 5533 xxxv,
3339 5467 3501 5531 27).»
3546 5464 3719 5531 Quod

2070 5562 2121 5618 si
2167 5562 2422 5635 perfecte
2466 5561 2595 5617 haec
2643 5561 2765 5616 duo
2810 5556 3114 5625 tergimus,
3162 5551 3241 5609 ad
3288 5555 3475 5609 Deum
3522 5551 3719 5607 statim

2070 5653 2197 5711 sine
2225 5636 2466 5710 macula
2485 5652 2701 5707 faciem
2726 5648 3015 5703 levamus.
3033 5645 3270 5699 lnterna
3288 5642 3513 5715 quippe
3539 5638 3719 5695 facies
