4128 6158
405 168 508 222 215

1473 172 1528 228 s.
1573 173 1834 230 onoms
1873 170 2168 228 ABBATIS
2207 169 2710 228 CLUNIACENSIS
2753 134 2817 228 u.

3742 181 3856 234 'thi

400 289 664 346 hominis
699 306 870 347 mens
909 296 1028 362 est;
1087 293 1147 349 in
1187 311 1311 368 qua
1358 296 1644 354 nimirum
1694 295 2066 369 recognosei-
2104 297 2152 350 Α
2180 293 2510 351 claritatem
2531 295 2800 353 clamat?
2830 299 2893 352 in
2923 311 3132 352 eorum
3157 311 3424 368 namque
3446 295 3858 358 admiratione

403 395 566 448 mus,
593 383 657 435 ut
685 379 763 434 ab
797 385 1040 439 auctore
1071 387 1276 440 nostro
1315 385 1656 456 diligamur.
1693 375 1887 454 Quam
1919 385 2070 442 scili-

404 470 496 521 cet
522 466 737 523 faciem
787 468 986 527 levare
1025 476 1114 528 est
1153 471 1216 528 in
1263 476 1380 530 Deo
1412 475 1684 532 animum
1735 491 1843 549 per
1872 473 2069 532 studia

403 553 689 611 orationis
743 559 1028 616 attollere.
1065 560 1179 618 Sed
1231 562 1522 621 elevatam
1568 564 1783 622 faciem
1828 562 2069 620 macula

403 641 697 715 inquinat,
735 647 786 702 si
815 647 1223 707 intendentem
1255 658 1518 710 mentem
1561 657 1762 711 reatus
1801 655 1892 710 sui
1923 669 2064 710 con-

405 731 650 790 scientia
708 743 968 794 accusat.
1014 742 1158 806 Qute
1213 741 1290 798 ab
1343 743 1468 816 spei
1526 743 1749 800 ﬁducia
1797 745 2066 816 protinus

403 819 714 894 frangitur,
765 825 816 880 si
866 826 1094 884 intenta
1146 830 1424 902 precibus
1489 833 1751 888 necdum
1811 833 2062 888 devictae

403 908 594 982 culpae
622 915 912 970 memoria
941 917 1264 974 mordetur.
1304 919 1449 974 Hine
1476 936 1582 992 per
1601 923 1892 976 Joannem
1924 921 2065 976 diei-

405 1001 498 1053 tur
525 1017 537 1054 :
569 1023 597 1049 «
617 1001 673 1058 Si
705 1019 807 1058 cor
837 1009 1108 1061 nostrum
1137 1017 1259 1063 non
1293 1009 1741 1080 reprehenderit
1765 1010 2064 1073 nos,ﬁdu-

403 1087 559 1144 ciam
594 1089 890 1148 habemus
931 1093 1008 1148 ad
1061 1096 1266 1159 Deum,
1304 1101 1361 1152 et
1407 1098 1662 1170 quiquid
1715 1099 2060 1172 petierimus

403 1177 482 1232 ab
512 1193 606 1247 eo,
633 1181 994 1252 accipiemus
1023 1184 1272 1253 (lJoan.
1301 1202 1378 1248 ιιι,
1407 1191 1495 1252 2t,
1530 1189 1679 1258 22).»
1715 1189 1857 1244 Hinc
1902 1189 2063 1246 Salo-

403 1281 546 1321 mon
587 1267 704 1322 ait:
737 1291 764 1316 ‹‹
797 1270 902 1335 Qui
939 1271 1150 1328 avertit
1177 1288 1388 1330 aurem
1419 1293 1594 1334 suam
1647 1294 1720 1334 ne
1753 1279 1957 1336 audiat
1984 1280 2063 1336 le-

403 1371 559 1424 gem,
594 1362 649 1411 et
679 1359 905 1431 reliqua
935 1362 1136 1430 (Prov.
1171 1379 1378 1432 xxvm,
1411 1369 1522 1437 9).»
1558 1369 1629 1422 Ut
1660 1385 1802 1436 ergo
1833 1370 1910 1425 ad
1932 1387 2064 1444 pre-

403 1457 532 1497 cem
563 1443 743 1500 facies
773 1447 898 1502 sine
930 1451 1169 1507 macula
1193 1453 1421 1510 levetur
1441 1461 1576 1511 ante
1607 1457 1891 1514 orationis
1913 1443 2059 1514 tem-

401 1546 572 1602 pora.
596 1549 832 1606 semper
857 1537 1034 1594 debet
1056 1540 1300 1596 sollicite
1325 1545 1612 1616 conspici,
1639 1546 1936 1620 quidquid
1959 1563 2061 1620 po-

2179 383 2602 456 conspicimus,
2634 385 2784 459 quid
2805 385 2880 442 de
2914 384 3224 456 majestate
3265 385 3387 440 veri
3416 384 3660 443 luminis
3689 389 3855 445 aesti-

2178 487 2437 528 memus.
2464 472 2680 530 Aliter:
2725 475 3056 530 Peccatoris
3086 473 3246 530 enim
3275 473 3484 530 lumen
3521 475 3584 531 in
3609 477 3704 533 die
3735 483 3852 549 est,

2176 559 2509 616 obscuritas
2545 561 2608 618 in
2649 578 2916 636 vespere,
2946 561 3091 636 quia
3119 562 3180 618 in
3207 563 3487 634 praesenti
3514 564 3637 620 vita
3666 565 3858 622 felici—

2175 650 2290 704 tate
2325 648 2626 718 attollitur,
2661 649 2766 706 sed
2793 649 3164 706 adversitatis
3205 649 3464 707 tenebris
3489 651 3550 708 in
3582 651 3701 710 ﬁne
3737 654 3856 711 de-

2175 737 2523 792 bacchatur.
2555 741 2582 794 J
2591 744 2722 794 usto
2751 744 2955 795 autem
2987 739 3355 796 meridianus
3385 739 3584 811 fulgor
3611 741 3690 798 ad
3723 759 3859 800 ves-

2175 841 2389 898 perum
2421 827 2628 898 surgit,
2663 829 2806 901 quia
2848 832 3076 902 quanta
3128 829 3242 885 sibi
3289 829 3527 886 claritas
3575 839 3850 906 maneat,

2175 931 2317 970 cum
2365 915 2494 985 jam
2557 916 2764 972 lumen
2810 917 3168 974 occumbere
3225 920 3488 992 coeperit,
3547 923 3847 992 agnoscit.

2175 1003 2321 1059 Hinc
2349 1018 2614 1076 namque
2670 1005 2957 1078 scriptum
2983 1011 3106 1062 est:
3160 1032 3187 1056 «ι
3213 1007 3482 1077 Timenti,
3516 1012 3851 1068 Dominum

2173 1090 2328 1146 bene
2358 1091 2464 1146 erit
2499 1091 2560 1147 in
2591 1093 2872 1149 extremis
2904 1095 3110 1166 (Eccli.
3139 1111 3177 1165 ι,
3221 1096 3360 1166 13).»
3388 1098 3452 1152 Et
3481 1097 3803 1156 Psalmista
3831 1119 3847 1156 :

2175 1202 2204 1229 (ε
2221 1181 2372 1236 Cum
2399 1180 2628 1238 dederit
2653 1181 2880 1240 dilectis
2911 1183 3034 1239 suis
3079 1200 3383 1252 somnum,
3417 1203 3552 1244 ecce
3583 1187 3853 1245 haeredi-

2175 1275 2264 1327 tas
2292 1269 2531 1326 Domini
2562 1271 2747 1342 (Psal.
2779 1288 2964 1340 cxxvx,
2999 1278 3124 1341 3).»
3164 1275 3274 1340 Qui
3299 1275 3360 1331 in
3385 1277 3566 1348 hujus
3592 1294 3853 1351 quoque

2171 1355 2226 1410 vi
2237 1361 2306 1410 tua
2327 1356 2525 1413 adhuc
2545 1360 2868 1417 certamine
2889 1362 3144 1434 positus,
3169 1379 3308 1418 cum
3325 1380 3385 1420 se
3411 1370 3854 1440 consumptum

2171 1447 2490 1517 putaverit,
2525 1453 2588 1504 ut
2610 1449 2836 1505 Lucifer
2861 1451 3066 1520 oritur,
3095 1452 3202 1525 qui
3231 1452 3371 1509 foris
3401 1453 3646 1523 cadens,
3675 1455 3854 1512 intus

2170 1532 2514 1607 innovatur,
2543 1542 2600 1592 et
2627 1553 2750 1611 quo
2777 1539 2972 1609 magis
3016 1540 3274 1596 exterius
3321 1541 3576 1598 adversa
3605 1543 3848 1616 tolerat,

403 1623 518 1674 test
545 1621 605 1676 in
635 1625 902 1679 oratione
934 1629 1263 1700 reprobari,
1298 1637 1354 1687 et
1387 1638 1526 1690 tunc
1556 1635 1734 1691 etiam
1764 1653 1903 1692 vere
1934 1637 2060 1692 sine
2100 1647 2141 1700 Β
2171 1638 2242 1677 θο
2273 1623 2470 1680 verius
2503 1625 2786 1682 Virtutum
2813 1627 3038 1684 lumine
3061 1629 3306 1686 interius
3336 1637 3627 1700 coruscat.
3652 1633 3850 1689 Ρᾶιιλο

401 1710 642 1766 macula
685 1711 898 1768 faciem
940 1715 1227 1788 levamus,
1263 1736 1400 1776 cum
1431 1739 1540 1778 nec
1571 1725 1869 1796 prohibita
1903 1726 2060 1782 mala

401 1813 513 1852 nos
537 1801 988 1874 committimus,
1021 1822 1130 1862 nec
1159 1825 1295 1880 quis
1347 1811 1519 1867 nobis
1565 1815 1888 1870 commissa
1923 1819 2059 1871 sunt

401 1900 475 1940 ex
502 1887 746 1959 proprio
777 1891 920 1958 zelo,
954 1893 1298 1952 retinemus.
1333 1899 1642 1971 Sequitur:
1694 1903 1768 1959 Et
1803 1906 1918 1960 eris
1943 1911 2059 1960 sta-

404 1973 557 2042 bilis,
591 1982 645 2031 et
665 1993 784 2032 non
809 1981 1055 2036 timebis.
1090 1977 1156 2043 +~
1181 1987 1366 2042 Tanto
1397 1988 1680 2046 nimirum
1712 1992 1910 2048 minus
1932 1993 2059 2066 qui-

401 2077 548 2134 sque
567 2065 980 2134 antejudicem
1003 2073 1274 2144 trepidat,
1292 2082 1521 2148 quanto
1547 2078 1606 2133 in
1631 2079 1804 2136 bonis
1826 2065 2056 2137 actibus

402 2149 650 2241 solidius
681 2159 813 2209 stat.
847 2157 1140 2216 Timorem
1173 2163 1398 2236 quippe
1443 2172 1707 2238 superat,
1741 2169 1845 2241 qui
1877 2170 2057 2226 stabi-

397 2237 622 2329 litatem
648 2247 860 2311 servat,
884 2247 1029 2317 quia
1053 2247 1200 2304 dum
1231 2237 2056 2329 sollicitusstudetperagere

397 2328 562 2398 quod
592 2337 901 2388 mansuete
953 2337 1226 2394 conditor
1253 2340 1528 2414 imperat,
1561 2328 1806 2402 securus
1839 2350 2056 2418 cogitat

398 2415 575 2472 etiam
601 2420 768 2490 quod
795 2423 1129 2480 terribiliter
1154 2428 1444 2486 intendat.
1477 2433 1781 2506 Sequitur:

469 2507 640 2575 Vens,
680 2509 1051 2566 l6.Miseriw
1089 2530 1319 2586 quoque
1360 2519 1746 2588 Oblivisceris,
1781 2531 1838 2580 et
1884 2543 2055 2598 quas:

397 2608 691 2664 aquarum
724 2615 855 2668 quas
880 2605 1304 2668 preeterierunt
1337 2611 1765 2669 recordaberis.
1798 2648 1867 2656 —
1899 2621 1976 2672 Ac
2009 2619 2055 2674 si

398 2687 600 2752 aperte
622 2685 812 2742 dicat:
846 2689 902 2743 Si
927 2690 1214 2760 deguslas
1237 2697 1526 2763 gaudium
1553 2702 1718 2773 quod
1739 2703 1898 2760 intus
1920 2722 2052 2778 per-

399 2776 620 2865 manet,
655 2773 782 2865 leve
830 2776 896 2833 ﬁt
945 2780 1215 2850 protinus
1245 2799 1423 2841 omne
1467 2789 1634 2860 quod
1681 2790 1821 2848 foris
1863 2773 2050 2865 dolet;

399 2859 558 2916 mala
591 2863 816 2937 quippe
847 2867 976 2922 vitae
1028 2874 1334 2940 praesentis
1379 2859 1546 2932 tanto
1575 2879 1784 2936 durius
1814 2885 2054 2942 animus

399 2949 591 3016 sentit,
620 2958 848 3024 quanto
879 2971 1132 3028 pensare
1170 2960 1401 3018 bonum
1432 2967 1597 3038 quod
1629 2971 1916 3042 sequitur,
1950 2992 2051 3031 ne-

396 3035 580 3106 gligit.
615 3043 700 3134 Ae
729 3041 777 3134 si
809 3045 992 3100 semel
1020 3047 1280 3120 quisque
1333 3069 1393 3108 se
1445 3035 1520 3110 ad
1583 3035 1801 3115 aeterna
1844 3035 2049 3134 erigat,

395 3140 582 3198 prope
621 3129 770 3185 nihil
801 3148 932 3187 esse
963 3135 1057 3190 hic
1097 3140 1388 3210 conspicit
1431 3143 1728 3217 quidquid
1759 3149 1837 3204 ad
1868 3129 2049 3210 tinem

396 3217 594 3270 currit.
631 3220 936 3275 Praesentis
961 3223 1094 3278 vitte
1125 3226 1381 3284 adversa
1422 3231 1650 3300 tolerat,
1684 3241 1741 3292 et
1769 3241 1938 3310 quasi
1968 3243 2051 3298 ni-

393 3301 480 3356 hil
525 3320 654 3359 esse
704 3324 882 3363 omne
936 3313 1100 3382 quod
1138 3313 1374 3385 labitur,
1409 3327 1636 3390 pensat.
1667 3301 1818 3382 Bene
1851 3336 2051 3389 autem

396 3394 704 3461 praesentis
737 3396 870 3452 vitae
888 3401 1157 3456 miserias
1185 3407 1358 3476 aquis
1383 3414 1874 3479 prietereuntibus
1891 3435 2050 3476 com-

395 3484 584 3548 parat,
617 3483 760 3552 quia
785 3485 1093 3545 calamitas
1127 3493 1422 3548 transiens
1455 3497 1620 3554 electi
1667 3510 1925 3562 mentem
1953 3525 2049 3565 ne-

394 3582 706 3638 quaquam
753 3577 1145 3633 concussione
1192 3581 1444 3650 subruit,
1487 3587 1592 3642 sed
1645 3595 1839 3648 tamen
1889 3599 2048 3654 tactu

395 3657 668 3710 maeroris
711 3659 978 3735 [doloris]
1017 3665 1294 3724 infundit.
1335 3673 1475 3726 Nam
1515 3676 1776 3734 minatur
1801 3683 2045 3754 quidem

393 3755 500 3812 per
525 3758 799 3802 cruorem
830 3751 1108 3819 vulneris,
1125 3760 1180 3810 et
1201 3774 1236 3811 ιι
1261 3774 1382 3812 suae
1409 3763 1711 3821 certutline
1739 3751 1860 3826 non
1889 3771 2045 3830 fran-

392 3829 550 3892 gitur
577 3830 802 3888 salutis.
832 3837 1107 3911 Sequitur
1131 3861 1143 3898 :

465 3913 638 4022 γῆς».
679 3919 760 3975 17.
802 3924 881 3980 Et
901 3931 1077 3998 quasi
1097 3934 1466 3995 meridianus
1492 3941 1705 4012 fulgor
1728 3951 2044 4022 consurget

389 4003 502 4102 tibi
526 4007 627 4102 .ad
674 4025 996 4082 vesperum.
1031 4051 1099 4058 —
1155 4022 1368 4093 Fulgor
1409 4003 1632 4102 quippe
1675 4003 2042 4096 meridianus

387 4095 498 4161 est,
521 4093 580 4148 in
599 4111 853 4194 'vespere
883 4105 1114 4164 virtutis
1142 4093 1450 4172 renovatio
1490 4093 1579 4174 in-
1603 4125 1945 4195 tentatione,
1977 4135 2044 4188 ut

385 4185 1019 4288 repentino'charitatis
1049 4197 1280 4257 fervore
1307 4219 1477 4260 mens
1509 4209 1720 4278 vigeat,
1752 4230 1888 4285 quae
1911 4185 2041 4288 jam

384 4268 590 4327 lumen
637 4275 749 4331 sibi
787 4282 988 4347 gratiae
1033 4287 1389 4346 occubuisse
1419 4268 1801 4358 formidabat.
1839 4268 2040 4380 Sequi-

386 4361 634 4454 t_ur:HE(
679 4379 811 4421 cum
858 4374 915 4426 te
960 4384 1373 4446 consumptum
1424 4387 1686 4451 putabis,
1717 4361 2034 4454 ori'eris‘iit

381 4447 647 4556 L‘u'ci/er.
668 4457 914 4528 —Saepe
943 4475 1209 4535 namque
1234 4470 1321 4524 tot
1353 4447 1714 4535 tentamenta
1735 4447 2032 4556 obsident,

382 4541 446 4646 ut
471 4537 604 4610 ipsa
636 4557 777 4646 ‘nos.
793 4561 1003 4646 eorum
1030 4558 1430 4646 numerositas
1476 4579 1629 4636 pene
1676 4569 1754 4626 ad
1790 4537 2035 4646 lapsum

379 4620 810 4728 desperationis
847 4630 1105 4692 inclinet.
1147 4640 1262 4697 Sed
1301 4620 1572 4705 maeroris
1611 4654 1796 4710 nostri
1837 4620 2034 4728 (ξε.ϋῇ

375 4719 516 4800 nem
545 4711 817 4800 conditor
836 4719 1144 4792 conspicit,
1163 4729 1217 4781 et
1243 4728 1530 4790 subtracti
1554 4733 1800 4794 luminis
1828 4711 2031 4800 {eiEi—3

374 4793 652 4872 infundit,
683 4802 764 4860 ita
793 4811 857 4861 ut
901 4815 1062 4866 recta
1105 4815 1376 4884 protinus
1425 4838 1532 4893 per
1559 4824 1722 4884 dona
1752 4845 1922 4887 mens
1950 4833 2032 4889 vi-

373 4889 526 4992 geat,
554 4903 741 4992 quam
769 4895 953 4992 paulo
981 4905 1117 4956 ante
1147 4889 1511 4968 decertantia
1541 4913 1682 4972 vitia
1731 4921 2027 4992 superbia:

371 4972 531 5030 calce
561 4977 997 5051 deprimebant.
1029 4989 1233 5049 Justus
1277 5013 1420 5066 ergo
1457 5018 1597 5060 cum
1641 5023 1703 5063 se
1748 4972 2027 5068 cornsum-

367 5066 538 5162 ptum
567 5070 886 5162 putaverit,
915 5079 980 5130 ut
1007 5076 1238 5136 Lucifer
1257 5087 1580 5162 oritur,qui
1609 5109 1750 5151 mox
1779 5102 1843 5152 ut
1867 5066 2022 5155 ten;-

363 5151 635 5251 brescere
671 5159 1077 5251 “tentationum
1121 5169 1373 5242 caligine
1423 5151 1684 5251 cuiperit,
1717 5151 2020 5244 ad

362 5241 566 5334 gratiis
595 5244 974 5321 reformatur,
1003 5257 1059 5310 et
1103 5256 1166 5312 in
1203 5241 1400 5334 seipse
1437 5241 1812 5330 demonstrat

354 5327 612 5420 justitite,
637 5335 740 5406 qui
771 5353 1024 5398 casurus
1052 5347 1234 5416 paulo
1263 5327 1400 5407 ante
1427 5356 1622 5415 timuit
1642 5327 2020 5420 noctemﬁculi

355 5429 471 5520 pte.
505 5419 903 5520 Recteautem
955 5433 1221 5493 Lucifero
1263 5439 1404 5510 justi
1449 5445 1563 5501 vita
1607 5457 2013 5520 comparatur.

357 5504 555 5613 Solem
582 5513 808 5613 quippe
827 5533 1198 5588 praecurrens
1229 5504 1458 5586 Lucifer
1486 5504 1838 5593 nuntiatii‘lt

351 5594 526 5652 nobis
556 5605 901 5662 sanctorum
925 5609 1286 5684 innocentia,
1317 5619 1428 5674 nisi
1459 5625 1764 5693 sequentis
1788 5594 2006 5698 jutlicis

2171 1716 2501 1775 attestante,
2547 1714 2650 1786 qui
2697 1715 2816 1771 ait:
2876 1717 3045 1773 «Sed
3094 1717 3231 1774 licet
3283 1719 3334 1774 is
3381 1719 3486 1792 qui
3532 1719 3674 1776 foris
3725 1726 3850 1793 est,

2169 1804 2373 1855 uoster
2407 1802 2590 1858 homo
2631 1811 3070 1877 corrumpatur,
3101 1812 3301 1863 tamen
3342 1808 3392 1863 is
3427 1808 3530 1881 qui
3557 1809 3716 1864 intus
3747 1815 3852 1866 est

2169 1895 2494 1946 renovatur
2543 1892 2616 1947 de
2675 1893 2770 1948 die
2833 1891 2895 1949 in
2963 1894 3124 1951 diem
3181 1897 3280 1967 (ΙΙ
3333 1897 3468 1954 Cor.
3527 1914 3607 1966 iv,
3672 1903 3846 1971 16).»

2171 1980 2452 2051 Sequitur
2472 1999 2484 2035 :
2913 1985 2920 1992 '

2241 2067 2412 2123 Vnus.
2432 2073 2515 2125 18.
2548 2071 2626 2125 Et
2647 2073 2888 2128 habebis
2909 2075 3216 2143 ﬁduciam,
3234 2078 3542 2146 proposita
3575 2078 3685 2133 tibi
3705 2093 3843 2148 spe.

2168 2188 2236 2195 —
2265 2160 2450 2213 Tanto
2496 2174 2760 2232 namque
2808 2177 2944 2234 spes
2999 2163 3060 2218 in
3111 2167 3301 2220 Deum
3345 2164 3588 2220 solidior
3618 2168 3842 2236 surgit,

2166 2251 2396 2317 quanto
2426 2247 2684 2320 quisque
2725 2266 2834 2322 pro
2888 2251 2988 2308 illo
3027 2253 3308 2322 graviora
3335 2254 3656 2327 pertulerit,
3688 2257 3844 2328 quia

2168 2349 2556 2408 nequaquam
2603 2337 3007 2395 retributionis
3055 2341 3347 2410 gaudium
3394 2343 3468 2398 de
3505 2344 3844 2400 aeternitate

2167 2422 2480 2494 colligitur,
2521 2426 2685 2498 quod
2712 2443 2834 2484 non
2886 2429 2980 2485 hic
3007 2431 3175 2502 prius
3205 2432 3305 2503 pia
3337 2431 3716 2490 tribulatione
3750 2450 3845 2488 se-

2165 2511 2446 2568 minatur.
2483 2514 2622 2570 Hinc
2678 2531 2784 2588 per
2835 2519 3206 2576 Psalmistam
3252 2520 3500 2576 dicitur:
3556 2544 3584 2572 κ
3611 2524 3841 2578 Euntes

2164 2598 2334 2656 ibant
2359 2605 2416 2656 et
2449 2601 2690 2672 ﬂebant,
2725 2605 3021 2662 mittentes
3073 2607 3305 2664 semina
3352 2625 3481 2665 sua.
3519 2611 3840 2667 Venientes

2165 2693 2369 2744 autem
2395 2692 2627 2747 venient
2667 2710 2804 2750 cum
2835 2695 3249 2767 exsultatione,
3283 2702 3593 2770 portantes
3633 2701 3839 2756 mani-

2163 2775 2338 2848 pulos
2369 2793 2510 2834 suos
2561 2781 2743 2850 (Psal.
2769 2798 2939 2849 cxxv,
2975 2785 3092 2855 6).»
3141 2785 3287 2841 Hinc
3317 2785 3536 2842 Paulus
3564 2787 3683 2843 ait:
3719 2811 3747 2837 ‹‹
3775 2789 3838 2846 Si

2165 2867 2616 2938 commorimur,
2674 2874 2732 2924 et
2783 2871 3198 2942 convivemus,
3250 2873 3297 2928 si
3345 2875 3714 2932 sustinemus
3775 2882 3842 2933 et

2093 2995 2134 3048 Ο
2165 2955 2670 3048 conregnabimus
2695 2959 2782 3028 (II
2786 3047 2795 3048 ί
2810 2961 2956 3015 Tim.
2991 2977 3047 3028 ιι,
3075 2963 3212 3032 12).»
3249 2965 3432 3020 Tanto
3458 2979 3602 3035 ergo
3631 2967 3840 3036 major

2163 3039 2384 3099 ﬁducia
2419 3051 2683 3102 mentem
2711 3047 2974 3119 roborat,
3009 3055 3236 3122 quanto
3266 3052 3423 3108 hanc
3466 3053 3674 3110 fortior
3717 3070 3838 3126 pro

2163 3130 2402 3188 veritate
2449 3132 2690 3191 afﬂictio
2735 3141 3036 3206 angustat.
3090 3139 3402 3212 Sequitur:
3446 3142 3526 3197 Et
3555 3143 3843 3214 defossus

2162 3236 2403 3278 securus
2432 3223 2706 3281 dormies.
2737 3257 2803 3266 —-
2836 3226 2994 3284 Sicut
3023 3229 3186 3285 enim
3229 3230 3405 3286 malis
3437 3247 3706 3304 praesens
3741 3249 3836 3289 se-

2162 3309 2380 3366 curitas
2424 3311 2714 3383 laborem,
2747 3315 2829 3371 ita
2868 3316 3042 3372 bonis
3083 3334 3353 3390 priesens
3397 3319 3569 3377 labor
3617 3337 3838 3395 perpe-

2160 3401 2329 3455 tuam
2355 3401 2730 3458 securitatem
2755 3405 2928 3476 parit.
2965 3406 3274 3463 Defossum
3295 3423 3358 3464 se
3389 3425 3669 3465 securum
3691 3411 3837 3467 dor-

2159 3487 2307 3544 mire
2337 3505 2513 3562 posse
2543 3492 2670 3562 jam
2711 3500 2979 3564 noverat,
3010 3496 3114 3568 qui
3144 3496 3417 3553 dicebat:
3452 3519 3478 3548 (ι
3506 3500 3630 3568 Ego
3659 3499 3835 3556 enim

2153 3577 2281 3648 jam
2333 3579 2582 3649 delibor,
2617 3588 2673 3638 et
2723 3588 2956 3656 tempus
2999 3587 3373 3643 resolutionis
3421 3605 3573 3644 mea:
3617 3589 3828 3647 instat.

2160 3670 2388 3725 Bonum
2434 3679 2740 3728 certamen
2769 3675 3009 3741 certavi,
3035 3699 3064 3725 ››
3095 3683 3148 3732 et
3179 3677 3411 3751 reliqua
3457 3680 3546 3748 (II
3566 3681 3715 3736 Tim.
3741 3698 3830 3751 ιν,

2157 3757 2228 3829 6).
2281 3758 2493 3815 Aliter:
2553 3762 2748 3817 Rebus
2795 3777 3062 3836 namque
3122 3767 3471 3822 transitoriis
3538 3771 3824 3842 occupati

2155 3862 2408 3918 pensare
2437 3849 2820 3920 negligimus,
2847 3869 2955 3924 per
2983 3860 3211 3926 quanta
3239 3871 3586 3928 pensamus.
3624 3859 3742 3914 Sed
3773 3859 3830 3914 si

2152 3935 2398 3994 reducto
2424 3939 2916 3996 consideratiom‘s
2943 3941 3124 4010 cultu,
3155 3960 3392 4000 vomere
3421 3960 3562 4016 ager
3591 3948 3828 4002 excuti-

2155 4027 2268 4093 tur,
2295 4025 2590 4100 quidquid
2633 4029 2696 4084 in
2747 4036 2943 4086 mente
2989 4031 3214 4088 latebat
3253 4032 3568 4092 invenitur.
3605 4034 3828 4094 Eﬂ‘ossi

2152 4127 2294 4182 ergo
2343 4115 2666 4185 dormiunt,
2701 4119 2843 4190 quia
2889 4119 3035 4176 dum
3091 4137 3202 4178 sua
3247 4121 3457 4179 intima
3502 4123 3826 4193 vigilanter

2151 4207 2568 4272 pensetrant,a
2596 4205 2913 4262 laboriosis
2945 4209 3156 4266 mundi
3176 4211 3462 4267 oneribus
3500 4211 3614 4267 sub
3639 4213 3818 4286 quie-

2154 4289 2224 4344 tis
2253 4291 2374 4348 otio
2404 4294 2794 4352 occultantur.
2824 4299 3138 4370 Sequitur:

2221 4382 2480 4437 Vsas.t9.
2495 4384 2857 4456 Requiesces,
2871 4393 2925 4442 et
2949 4403 3068 4444 non
3089 4391 3204 4444 erit
3221 4391 3328 4459 qui
3340 4395 3816 4448 teexterreaL—

2147 4472 2191 4536 Q
2201 4471 2424 4544 uisquis
2433 4481 2790 4546 praesentem
2807 4475 3060 4545 gloriam
3075 4479 3264 4550 qumri
3272 4485 3308 4549 t,
3314 4480 3580 4552 profecto
3596 4481 3818 4554 despe-

2141 4563 2304 4616 ctum
2333 4563 2541 4618 metuit
2565 4581 2577 4630 ;
2611 4567 2670 4619 at
2698 4568 2906 4621 contra
2929 4566 3202 4639 quisquis
3225 4567 3284 4623 iu
3314 4568 3540 4642 populo
3571 4571 3811 4626 aeterni-

2139 4653 2256 4706 tate
2301 4650 2597 4708 desiderio
2653 4652 2872 4723 ﬁgitur,
2905 4670 3016 4710 nec
3046 4657 3438 4730 prosperitate
3485 4659 3806 4729 attollitur,

2137 4753 2247 4795 nec
2270 4739 2630 4798 adversitate
2645 4747 2987 4815 quassatur.
3006 4745 3162 4800 Dum
3180 4746 3263 4801 nil
3285 4746 3467 4803 habet
3480 4747 3540 4803 in
3562 4748 3809 4806 mundo

2135 4829 2302 4900 quod
2333 4835 2596 4903 appetat,
2627 4830 2712 4887 nil
2731 4835 2819 4887 est
2845 4833 3012 4904 quod
3039 4833 3102 4889 in
3131 4835 3364 4891 mundo
3389 4835 3803 4907 pertimescat.

2135 4919 2280 4975 Hinc
2301 4921 2518 4977 etenim
2541 4921 2824 4980 Salomon
2845 4923 2952 4980 ait:
2981 4945 3008 4976 α
3026 4928 3154 4980 Non
3171 4926 3544 4984 contristabit
3560 4928 3805 4998 justum

2131 5008 2427 5082 quidquid
2473 5010 2527 5066 ei
2567 5012 2848 5069 acciderit
2873 5015 3074 5083 (Prov.
3109 5031 3202 5086 xu,
3236 5016 3384 5088 21).»
3415 5019 3480 5072 Et
3507 5033 3799 5074 rursum:

2132 5118 2160 5145 ‹‹
2184 5099 2390 5154 Justus
2411 5099 2587 5172 quasi
2604 5100 2698 5158 leo
2719 5102 2948 5174 absque
2973 5107 3193 5160 terrore
3220 5104 3329 5160 erit
3349 5106 3555 5176 (Prov.
3582 5122 3795 5176 xxvm,

2134 5189 2552 5260 t).>Sequitur:
2569 5191 2650 5247 Et
2671 5192 3156 5260 deprecabuntur
3170 5194 3392 5262 faciem
3411 5201 3575 5250 tuan:
3589 5197 3800 5264 pluri-

2127 5277 2303 5332 mi.—
2323 5280 2523 5350 Neque
2541 5278 2700 5334 enim
2711 5279 2856 5349 justi
2877 5279 2988 5335 viri
3011 5281 3234 5338 idcirco
3253 5297 3360 5355 per
3379 5283 3794 5341 innocentiam

2124 5363 2335 5422 itinera
2354 5372 2517 5422 arcta
2545 5367 2908 5438 custodiunt,
2943 5374 3006 5424 ut
3030 5370 3110 5426 ab
3142 5371 3270 5426 aliis
3300 5377 3641 5437 excreatur.
3671 5373 3794 5428 Sed

2124 5453 2242 5510 sive
2264 5455 2522 5512 hieretici
2539 5472 2645 5512 seu
2655 5459 2918 5528 perversi
2937 5459 3187 5531 quilibet
3201 5476 3308 5533 per
3318 5462 3432 5516 hoc
3453 5461 3612 5533 quod
3631 5461 3792 5517 inter

2120 5543 2394 5604 homines
2411 5555 2492 5617 qu
2503 5568 2525 5598 :--
2537 5545 2583 5600 si
2598 5545 2946 5604 innocenter
2960 5549 3381 5618 vivunt,videri
3396 5565 3506 5623 pro
3526 5550 3790 5607 homini-

2118 5630 2234 5692 bus
2263 5634 2682 5705 intercessores
2715 5634 2944 5705 volunt,
2973 5649 3031 5694 et
3068 5653 3210 5696 cum
3239 5643 3450 5700 sancta
3470 5637 3789 5704 insinuant
