4146 6156
242 162 251 168 ”
302 158 410 213 217
1161 163 1456 222 ΕΡΙΤΟΜΕ
1494 168 1858 226 MORALIUM
1898 174 1906 223 ε

2019 170 2200 227 iREG.
2242 172 2311 229 IN
2348 174 2492 230 JOB.
2532 207 2600 216 —
2641 178 2769 233 LIB.
2801 179 2873 235 X.
3284 208 3291 213 ·
3618 190 3727 245 218

300 276 622 350 loquentes
652 279 821 351 quod
845 280 960 354 ipsi
985 285 1294 355 appetunt,
1315 284 1432 342 hoc
1461 286 1591 344 aliis
1606 304 1717 361 pro
1743 305 1965 361 magno
1996 292 2047 346 Α
2074 296 2235 348 recto
2265 294 2431 365 operi
2458 294 2700 351 animus
2729 302 3069 356 constanter
3096 301 3382 373 innititur,
3409 308 3467 361 et
3520 310 3727 365 tamen

296 364 683 437 pollicentur.
719 369 994 442 Sequitur
1024 388 1038 426 :
2073 364 2360 436 humanis
2391 383 2770 440 irrisionibus
2798 392 3065 456 urgetur,
3095 393 3152 444 et
3198 406 3270 447 eo
3320 392 3585 466 seipsum
3633 413 3731 454 ro-

367 457 549 513 Vnns.
573 460 662 512 20.
694 458 869 514 Oculi
890 465 1087 516 autem
1113 462 1431 548 impiorum
1465 466 1755 535 deﬁcient,
1799 476 1852 524 et
1874 471 1961 539 ef-
2072 466 2304 523 bustius
2326 469 2387 524 in
2419 473 2537 526 Deo
2561 471 2795 541 solidat,
2826 488 2950 545 quo
2980 474 3121 530 foris
3170 493 3295 533 non
3332 457 3558 538 invenit
3597 499 3720 556 quo

290 544 539 615 fugiam
558 546 783 614 peribit
806 548 881 603 ab
902 549 1002 604 eis.
1034 581 1103 589 —-
1135 542 1308 616 Quod
1351 554 1665 611 oculorum
1718 558 1961 613 nomine
2071 556 2405 627 requiescat
2435 576 2448 626 ;
2477 558 2661 631 ﬁtque
2679 561 2800 617 Deo
2825 542 2993 617 tanto
3014 564 3345 635 proximus,
3390 542 3638 641 quanto‘
3664 576 3723 630 et

292 633 386 689 vis
415 633 759 692 intentionis
788 637 1141 723 exprimitur
1169 656 1277 713 per
1321 644 1708 714 Evangelium
1732 646 1959 704 Veritas
2071 661 2106 699 a
2127 645 2319 715 gratia
2342 646 2596 704 humani
2618 648 2842 706 favoris
2863 633 3113 707 alienus.
3146 657 3210 708 In
3244 633 3483 726 precem
3534 661 3719 732 proti-

291 721 438 778 dicit
473 742 485 779 :
522 746 549 770 «
579 724 635 779 Si
655 712 866 780 oculus
895 731 1032 782 tuus
1065 712 1323 801 simplex
1352 712 1546 803 fuerit,
1595 738 1785 790 totum
1833 752 1955 791 cor-
2068 712 2184 788 niis
2212 732 2499 805 funditur,
2531 740 2589 791 et
2642 752 2884 809 pressus
2927 739 3185 795 exterius
3238 712 3317 797 ad
3348 712 3719 814 penetrfanda

286 826 408 882 pus
430 817 598 867 tuum
629 813 897 870 lucidum
920 816 1027 872 erit
1056 819 1297 888 (Matth.
1324 838 1396 889 vi,
1428 823 1539 893 22).
1566 846 1595 873 »
1624 824 1788 880 Oculi
1814 841 1955 896 ergo
2067 837 2202 894 qum
2223 821 2382 878 intus
2408 827 2547 880 sunt
2568 826 2855 882 mundius
2877 826 3159 900 lOQUitllr-
3194 813 3514 895 Quaidum
3551 851 3715 892 com-

286 898 614 972 impiorum
646 907 786 958 sunt
814 904 1173 963 intentiones
1200 908 1263 963 in
1289 909 1374 965 eis
1415 912 1747 969 carnalium
1801 914 1953 970 desi-
2066 914 2291 982 puncta
2320 927 2448 967 sese
2469 912 2531 968 in
2560 914 2839 986 precibus
2867 916 3142 990 accingit,
3175 918 3315 975 inde
3344 918 3501 977 intra
3525 938 3587 978 se
3616 940 3715 979 su-

286 986 612 1045 deriorum.
647 991 758 1056 Qui
786 992 1008 1049 idcirco
1040 994 1331 1053 deﬁciunt
1354 999 1498 1071 quia
1519 1004 1740 1058 aeterna
1769 1002 1951 1073 negli-
2063 1014 2265 1071 pernae
2298 1000 2663 1058 exauditioni
2685 1003 2978 1074 jungitur.
3012 986 3176 1062 Unde
3197 1011 3365 1064 extra
3384 1025 3448 1065 se
3468 1009 3546 1065 ab
3600 1011 3717 1067 hu-

284 1081 457 1145 gunt,
490 1083 547 1134 et
573 1078 702 1135 sola
732 1096 971 1154 semper
993 1086 1330 1143 transitoria
1350 1089 1787 1160 praestolamur.
1811 1092 1949 1147 Car-
2061 1101 2246 1145 mana
2273 1088 2452 1145 laude
2478 1095 3154 1165 separatur.Notandum
3182 1111 3341 1165 vero,
3370 1112 3558 1169 quam
3580 1115 3719 1171 pro-

279 1165 377 1220 nis
406 1167 529 1223 vita
550 1183 656 1240 per
680 1176 989 1228 momenta
1017 1174 1235 1244 deﬁcit,
1268 1181 1325 1231 et
1354 1182 1554 1233 tamen
1581 1180 1819 1236 carnale
1848 1182 1947 1237 de-
2062 1174 2198 1232 vide
2240 1177 2639 1252 interponitur
2676 1184 2827 1238 sicut
2874 1198 2998 1254 ego.
3050 1183 3200 1249 Quia
3254 1165 3412 1242 sunt
3441 1165 3716 1244 nonnulli

281 1254 572 1313 siderium
604 1260 831 1316 crescit.
867 1263 1132 1327 Quorum
1154 1265 1373 1323 scilicet
1389 1268 1545 1323 oculi
1572 1273 1710 1324 tunc
1733 1286 1943 1342 super-
2055 1279 2209 1337 quos
2229 1271 2286 1323 et
2308 1267 2593 1327 humana:
2611 1271 2912 1328 irrisiones
2938 1272 3300 1345 deprimunt,
3328 1279 3385 1331 et
3401 1279 3606 1333 tamen
3621 1278 3715 1333 di-

278 1358 361 1399 na
390 1344 610 1402 ultione
641 1347 944 1418 deﬁciunt,
979 1353 1123 1424 quia
1147 1370 1258 1410 suo
1279 1355 1507 1426 judicio
1534 1374 1570 1413 a
1598 1362 1828 1414 terrena
1846 1360 1942 1416 hic
2054 1353 2209 1438 Finis
2238 1356 2487 1414 auribus
2518 1359 2889 1416 exaudibiles
2916 1376 3043 1416 non
3065 1366 3224 1418 sunt.
3245 1362 3390 1418 Hinc
3411 1363 3563 1421 Elias
3581 1366 3710 1438 qui-

277 1430 535 1489 deﬁcere
561 1434 950 1493 delectatione
966 1439 1304 1497 noluerunt.
1332 1443 1473 1499 Hinc
1495 1445 1803 1502 Psalmista
1823 1447 1935 1503 ait:
2051 1435 2323 1542 bu.Sdaml
2371 1442 2653 1542 diCPbat‘:
2707 1466 2742 1542 (ξ
2769 1444 3043 1542 Clamare.
3082 1461 3227 1542 Vecte
3284 1447 3502 1542 {najori
3547 1430 3709 1542 .Dcusi

278 1541 308 1567 «
344 1524 406 1575 ln
432 1520 534 1577 illa
563 1523 658 1578 die
687 1525 970 1597 peribunt
1020 1545 1230 1585 omnes
1284 1532 1671 1601 cogitationes
1729 1550 1906 1607 eorun

278 1617 287 1633 1
310 1610 418 1633 n-..
431 1612 446 1633 1
503 1628 562 1633 .._.
575 1629 588 1633 _
607 1629 641 1633 __
700 1617 713 1633 I
732 1614 744 1633 \
880 1618 893 1633 Α
1032 1617 1063 1633 ιι
1238 1626 1245 1633 .
1558 1623 1601 1633 ιι..
1685 1623 1694 1633 ι

2052 1521 2212 1578 enim
2238 1528 2344 1596 est,
2378 1530 2435 1581 et
2452 1525 2703 1583 forsitan
2725 1520 3159 1600 loquetur-{aut
3182 1529 3243 1584 in
3273 1529 3600 1588 diversorio
3620 1538 3710 1588 est

2056 1612 2169 1633 ηπ
2206 1614 2301 1633 ,μ
2562 1618 2650 1633 Μκ
2763 1618 2793 1633 η
2856 1617 2872 1633 .
3103 1618 3123 1633 .-
3199 1618 3230 1633 ..
3266 1619 3281 1633 .
3574 1621 3590 1633 ς
3666 1622 3676 1633 .

275 1610 465 1679 (Psal.
497 1628 658 1679 cxrv,
691 1614 767 1684 4).
805 1638 832 1663 ››
863 1618 910 1668 Α
940 1617 1164 1689 quibus
1196 1626 1253 1675 et
1309 1637 1488 1677 omne
1518 1623 1804 1693 effugium
1835 1640 1938 1698 pe-
1975 1643 2017 1697 Β
2054 1612 2334 1719 (ζῙῙπξῗεθο
2364 1631 2529 1711 XVII-1:
2562 1618 2673 1686 27)·
2710 1639 2737 1667 ”
2763 1617 2879 1673 33d
3096 1618 3535 1719 facn_hum&1_1_a
3552 1621 3706 1719 ᾳξπίο

273 1699 369 1767 rit,
394 1700 539 1772 quia
563 1718 774 1758 eorum
787 1704 1017 1761 malitia
1043 1707 1121 1763 ab
1147 1709 1670 1769 animadversione
1694 1713 1906 1770 distric1

277 1787 487 1809 .‘--.‘I!-3_
531 1806 633 1809 μη-
682 1807 728 1809 ,_
912 1793 946 1809 ι.
1167 1797 1180 1809 ι
1268 1802 1276 1809 .
1498 1801 1507 1809 .
1682 1801 1711 1809 .,
1790 1806 1829 1809 μ-

2050 1701 2137 1756 sio
2166 1702 2286 1757 Deo
2313 1704 2682 1775 proximum,
2709 1721 2891 1778 quem
2918 1706 2996 1762 ab
3015 1707 3297 1762 humanis
3313 1708 3705 1780 pravitatibus

269 1787 491 1858 judicis
521 1806 645 1862 quo
673 1807 736 1846 se
759 1793 1058 1851 occultare
1090 1797 1305 1869 valeat,
1340 1815 1464 1855 non
1493 1801 1738 1858 invenit.
1787 1806 1935 1860 Nam
2048 1789 2178 1844 Vim
2206 1790 2549 1849 innocentia
2578 1799 2777 1851 Servat
2805 1793 3091 1850 ἃῙίθωιΠισ
3117 1795 3394 1868 δθίίυίῖυτ
3419 1814 3432 1851 ε
3461 1798 3704 1854 Deme”

273 1891 437 1932 nunc
469 1882 553 1934 tot
581 1879 677 1935 hic
705 1881 934 1939 habent
959 1884 1200 1955 effugia,
1232 1894 1380 1961 quot
1424 1889 1532 1946 sibi
1594 1908 1906 1964 praeparan

2045 1884 2146 1933 tur
2173 1882 2328 1935 enim
2349 1883 2509 1951 justi
2532 1884 2903 1953 simplicitas.
2927 1914 2997 1924 —
3017 1884 3207 1955 Hujus
3230 1883 3445 1941 mundi
3466 1885 3703 1958 sapien-

271 1964 727 2024 delcctamenta.
750 1970 860 2025 Sed
896 1974 1263 2046 quandoque
1299 1976 1382 2030 eis
1415 1978 1702 2047 effugium
1759 1981 1930 2052 perit,

269 2053 423 2125 quia
447 2069 653 2112 eorum
679 2073 850 2113 mens
882 2061 1118 2115 amissis
1148 2064 1429 2120 omnibus
1458 2082 1521 2121 se
1549 2070 1931 2125 solummodo

268 2146 329 2197 et
352 2142 619 2213 judicem
639 2147 945 2218 conspicit.
971 2150 1247 2223 Sequitur
1279 2170 1291 2207 :
1319 2159 1385 2225 Et
1414 2171 1541 2224 spes
1568 2171 1769 2212 eorum
1800 2159 1933 2214 abo-

275 2231 530 2286 minatio
594 2236 829 2291 animae.
862 2269 929 2277 ——
954 2239 1105 2303 Quid
1134 2240 1226 2296 hic
1256 2248 1533 2314 peccator
1553 2244 1684 2300 totis
1706 2247 1930 2316 cogita-

265 2319 532 2375 tionibus
562 2329 778 2393 sperat,
813 2325 923 2380 nisi
949 2332 1011 2382 ut
1034 2333 1321 2398 potestate
1353 2339 1594 2389 caeteros
1622 2336 1929 2391 transeat?

266 2409 508 2464 Cunctis
538 2426 739 2467 rerum
762 2414 1197 2488 multiplicitate
1216 2420 1688 2493 obsequentibus
1710 2427 1929 2481 miran-

261 2493 380 2548 dus
410 2496 803 2557 innotescat?
828 2505 981 2559 Bene
1015 2520 1155 2575 ergo
1184 2524 1318 2580 spes
1349 2525 1557 2565 eorum
1613 2512 1925 2569 abomina-

262 2583 342 2637 tio
373 2583 588 2642 dicitur
613 2590 851 2658 animae,
885 2593 1027 2663 quia
1057 2610 1128 2650 ea
1156 2611 1292 2667 quae
1323 2598 1593 2654 carnales
1627 2601 1922 2668 ambiunt,

262 2672 554 2744 spiritales
594 2678 825 2751 quique
851 2682 1078 2751 judicio
1102 2686 1469 2742 rectitudinis
1503 2689 1917 2746 adversantur.

258 2763 407 2817 Nam
437 2765 605 2835 quod
634 2775 977 2838 peccatores
1025 2773 1395 2846 voluptatein
1445 2778 1762 2848 aestimant,
1800 2780 1921 2845 hoc

248 2849 399 2920 justi
427 2856 638 2925 procul
677 2857 864 2914 dubio
895 2876 1138 2932 poenam
1195 2870 1428 2936 putant.
1463 2870 1527 2923 Ut
1568 2868 1727 2923 enim
1781 2885 1920 2925 caro

252 2939 565 3045 mollibus,
611 2945 693 3001 sic
752 2949 959 3004 anima
998 2950 1164 3005 duris
1208 2954 1487 3010 nutritur.
1547 2956 1691 3027 Spes
1719 2956 1918 3029 itaque
1949 2991 1990 3045 ο

251 3030 595 3089 carnalium
644 3034 1016 3093 abominatio
1071 3039 1307 3108 dicitur,
1339 3043 1483 3115 quia
1511 3044 1651 3100 inde
1680 3045 1741 3100 in
1789 3063 1917 3118 per-

252 3122 508 3186 petuum
539 3122 780 3194 spiritus
799 3124 1014 3194 interit,
1051 3128 1210 3184 unde
1232 3130 1310 3185 ad
1340 3135 1578 3204 tempus
1618 3149 1759 3189 caro
1777 3151 1914 3191 sua-

250 3205 407 3262 viter
432 3209 595 3266 vivit.
628 3212 906 3284 Sequitur
938 3232 951 3269 :

862 3306 1107 3360 'CAPUT
1144 3309 1253 3362 XII.

326 3387 497 3442 Vens.
528 3390 576 3456 t,
608 3395 662 3446 2.
692 3392 1075 3462 Respondeas
1104 3402 1301 3453 autem
1326 3398 1456 3466 Job,
1488 3401 1643 3457 dixit
1675 3421 1687 3458 :
1749 3405 1908 3475 Ergo

245 3488 355 3529 vos
384 3477 519 3532 estis
542 3479 659 3534 soli
686 3480 971 3550 homines,
1003 3489 1059 3539 et
1094 3486 1388 3542 vobiscum
1418 3491 1707 3546 morietur
1728 3495 1909 3549 scien-

244 3562 336 3617 tia
364 3561 394 3617 ἱ)
422 3594 491 3604 —-
521 3565 800 3640 Quisquis
823 3586 883 3626 se
909 3572 1118 3642 praeire
1144 3589 1356 3630 omnes
1376 3576 1605 3633 ratione
1632 3582 1905 3652 aestimat,

240 3650 397 3722 quid
416 3651 523 3708 iste
555 3653 716 3710 aliud
745 3674 933 3731 quam
957 3660 1152 3716 solum
1184 3679 1312 3718 esse
1358 3680 1420 3719 se
1475 3666 1779 3723 hominem
1811 3687 1908 3724 cx-

242 3739 429 3797 sultat
455 3742 482 3797 ?
508 3748 564 3798 et
613 3762 771 3818 saepe
806 3749 1112 3821 contingit,
1157 3757 1221 3806 ut
1271 3769 1408 3807 cum
1439 3770 1545 3824 per
1599 3774 1904 3815 rumorem

239 3844 419 3885 mens
447 3830 726 3890 in-altum
756 3836 1014 3909 ducitur,
1036 3839 1096 3893 in
1145 3839 1494 3911 despectum
1544 3847 1904 3916 humanum,

238 3922 301 3973 et
333 3920 424 3974 sui
459 3921 855 3979 admiratione
884 3925 1253 3994 sublevatur,
1278 3929 1341 3983 in
1408 3932 1768 4000 cogitatione
1826 3940 1905 3990 et-

237 4007 406 4061 enim
450 4009 677 4079 proprii
703 4009 924 4065 favoris
948 4014 1135 4069 oritur
1148 4015 1410 4081 scientia,
1442 4018 1671 4090 sibique
1703 4021 1776 4074 de
1795 4023 1908 4077 sin-

238 4093 561 4163 gularitate
579 4096 884 4169 sapientia:
908 4098 1231 4156 blanditur.
1268 4103 1380 4167 Qui
1430 4121 1571 4173 ergo
1602 4106 1795 4161 solum
1843 4125 1906 4164 se

239 4200 455 4257 sapere
487 4186 762 4255 aestimat,
790 4189 939 4261 quid
978 4189 1142 4247 aliud
1200 4209 1386 4265 quam
1418 4195 1572 4250 hanc
1625 4199 1903 4255 eamdem

237 4289 450 4328 secum
475 4274 614 4329 oriri
636 4277 995 4349 sapientiam
1025 4285 1196 4352 putat
1216 4283 1245 4337 ‘t
1275 4283 1550 4354 Sequitur
1584 4303 1595 4339 :

312 4361 488 4418 Vens.
524 4368 574 4419 3.
606 4365 687 4420 Et
725 4367 877 4423 mihi
892 4374 979 4424 est
1007 4384 1111 4425 cor
1134 4371 1285 4425 sicut
1314 4378 1369 4427 et
1401 4373 1581 4441 vobis,
1618 4391 1724 4430 nec
1749 4378 1899 4446 infe-

232 4454 367 4506 rior
396 4455 576 4509 vestri
601 4471 839 4510 sum.—
874 4460 943 4513 Ut
970 4459 1304 4516 amicorum
1337 4461 1680 4534 superbiam
1737 4466 1895 4524 beati

228 4538 351 4593 Job
369 4542 644 4611 corrigat,
676 4559 810 4599 esse
832 4561 893 4600 se
917 4547 1287 4618 superiorem
1323 4554 1496 4606 tacet.
1548 4555 1659 4607 Nec
1692 4557 1894 4624 praefe-

225 4628 443 4695 rendo,
472 4630 578 4685 sed
606 4633 970 4690 conferendo
1013 4635 1256 4705 indicat,
1314 4640 1477 4711 quod
1510 4641 1583 4695 de
1608 4658 1669 4696 se
1700 4642 1738 4697 ii
1790 4646 1894 4716 qui

227 4714 347 4771 sibi
372 4715 549 4787 longe
580 4725 719 4775 sunt
747 4721 1009 4794 impares
1065 4724 1317 4781 discant.
1374 4728 1693 4800 Sequitur:
1750 4714 1891 4798 Quis

221 4807 385 4861 enim
410 4805 533 4862 haec
558 4824 690 4878 qua:
712 4813 897 4867 nostis
918 4814 1159 4883 ignorat
1182 4816 1209 4869 ἱ)
1238 4820 1319 4870 Ac
1350 4816 1397 4871 si
1441 4824 1641 4889 aperte
1686 4820 1846 4876 dicat
1872 4840 1885 4877 :

221 4897 376 4951 Cum
408 4888 637 4953 cunctis
664 4899 782 4955 sint
810 4905 952 4957 nota
1004 4919 1140 4975 quae
1201 4904 1415 4974 dicitis,
1447 4888 1521 4961 de
1574 4908 1889 4966 doctorum

220 4983 471 5040 scientia
501 4986 880 5057 singulariter
903 4992 1142 5047 tumetis
1173 4992 1201 5047 ?
1226 4993 1502 5066 Sequitur
1543 5013 1555 5049 :

294 5071 465 5128 Vens.
490 5077 544 5131 4.
577 5075 693 5142 Qui
727 5078 1037 5135 deridetur
1064 5081 1141 5137 ab
1161 5084 1352 5139 amico
1373 5099 1500 5155 suc,
1550 5092 1701 5142 sicut
1758 5104 1883 5157 ego,

216 5163 519 5219 invocabit
544 5166 887 5235 Dominum,
919 5174 973 5224 et
1004 5172 1285 5228 exaudiet
1315 5188 1468 5229 eum.
1503 5206 1570 5213 —
1603 5177 1767 5248 Saepe
1799 5178 1885 5232 in-

214 5250 396 5306 ﬁrma
423 5268 597 5309 mens
622 5271 760 5311 cum
790 5256 1057 5314 debonis
1080 5261 1310 5317 actibus
1341 5279 1487 5319 cura
1516 5265 1767 5319 humani
1801 5266 1886 5322 fa.

212 5340 381 5394 voris
432 5343 744 5415 excipitur,
798 5346 875 5402 ad
927 5348 1150 5416 gaudia
1204 5351 1499 5408 exteriora
1554 5351 1882 5409 derivatur.

212 5428 488 5502 Cumque
518 5431 716 5489 laudis
748 5451 869 5489 suae
891 5435 1142 5491 vocibus
1163 5436 1371 5507 inhiat,
1393 5440 1559 5512 quod
1591 5456 1719 5495 esse
1761 5457 1881 5497 cne-

210 5522 383 5587 perat
411 5520 711 5594 relinquit.
747 5523 888 5578 Inde
913 5538 1056 5592 ergo
1087 5539 1123 5579 a
1150 5525 1270 5581 Deo
1300 5527 1681 5599 disjungitur,
1718 5530 1878 5587 unde

2046 1966 2126 2021 tia
2145 1971 2234 2023 est
2262 1985 2364 2024 cor
2391 1970 2938 2028 machinationibus
2988 1976 3203 2042 tegere,
3232 1988 3477 2029 sensum
3504 1974 3707 2030 verbis

2041 2054 2264 2127 velare,
2292 2072 2429 2129 quas
2459 2058 2610 2115 falsa
2639 2065 2797 2125 sunt,
2827 2075 2971 2133 vera
2990 2060 3302 2116 ostendere
3336 2078 3349 2115 :
3373 2076 3511 2134 qua
3539 2078 3698 2132 vera,

2040 2141 2276 2200 fallacia
2305 2145 2820 2204 demonstrare.At
2849 2153 3058 2205 contra
3076 2150 3384 2220 justorum
3409 2150 3701 2223 sapientia

2040 2237 2151 2298 est,
2191 2232 2274 2288 nil
2293 2249 2400 2306 per
2420 2236 2879 2293 ostentationem
2906 2237 3154 2307 ﬁngere,
3204 2254 3449 2295 sensum
3499 2240 3700 2296 verbis

2039 2322 2289 2393 aperire,
2322 2339 2461 2380 vera
2489 2329 2555 2380 ut
2574 2329 2733 2394 sunt,
2764 2325 3198 2394 demonstrare,
3233 2326 3383 2383 falsa
3411 2327 3698 2398 devitarc,

2038 2411 2220 2480 gratis
2247 2411 2413 2468 bona
2441 2413 2740 2479 exhibere,
2765 2415 2928 2471 mala
2943 2414 3223 2471 libentius
3243 2415 3493 2471 tolerare
3508 2432 3699 2489 quam

2036 2501 2251 2563 facere,
2280 2501 2510 2558 nullam
2539 2503 2614 2558 de
2636 2503 2857 2575 injuria
2888 2503 3179 2560 ultionem
3226 2520 3517 2577 quaerere,
3583 2521 3696 2577 pro

2034 2589 2279 2645 veritate
2309 2590 2735 2647 contumeliam
2763 2592 2890 2664 pati
2913 2592 3149 2647 lucrum
3179 2596 3409 2665 putare.
3436 2592 3551 2649 Sed
3564 2592 3695 2648 haec

2028 2678 2329 2747 justorum
2359 2679 2707 2752 simplicitas
2728 2680 3049 2748 deridetur,
3081 2681 3226 2753 quia
3256 2680 3335 2737 ab
3381 2680 3484 2751 huj
3496 2696 3694 2737 usmo-

2033 2766 2094 2821 di
2120 2766 2493 2838 sapientibus
2545 2768 2821 2840 puritatis
2870 2769 3060 2825 virtus
3109 2769 3350 2826 fatuitas
3407 2769 3689 2826 creditur.

2033 2857 2221 2911 Omne
2251 2855 2412 2911 enim
2441 2856 2610 2927 quod
2636 2856 2985 2912 innocenter
3014 2858 3229 2927 agitur,
3254 2858 3333 2913 ab
3364 2858 3448 2913 eis
3478 2857 3692 2930 procul
3744 2904 3747 2907 .

2030 2943 2218 2999 dubio
2249 2943 2488 2999 stultum
2516 2948 2781 3015 putatur.
2818 2945 3095 3016 Sequitur
3125 2962 3138 2999 :

2101 3031 2277 3085 Vens.
2309 3035 2360 3085 5.
2395 3033 2648 3101 Lampus
2702 3037 3039 3100 contempta
3081 3032 3248 3101 apud
3301 3033 3687 3103 cogitationes

2027 3122 2299 3176 divitum.
2333 3152 2402 3159 —
2425 3120 2578 3185 Quid
2601 3120 2716 3176 hoc
2744 3120 2878 3175 loco
2918 3119 3288 3189 signiﬁcatur
3322 3121 3569 3177 nomine
3599 3119 3688 3175 di-

2026 3210 2238 3277 vitum,
2268 3208 2384 3265 nisi
2403 3208 2580 3265 elatio
2614 3208 3017 3282 superborum
3046 3209 3074 3264 ?
3099 3209 3209 3273 Qui
3237 3213 3562 3264 venturum
3585 3209 3684 3280 ju-

2024 3297 2173 3353 dicis
2200 3301 2511 3370 aspectum
2530 3312 2654 3353 non
2674 3297 2918 3365 habent,
2959 3297 3108 3353 dum
3139 3296 3414 3370 superbis
3443 3299 3607 3370 apud
3621 3314 3685 3354 se

2021 3386 2483 3457 cogitationibus
2506 3390 2754 3443 tument.
2780 3388 3182 3458 Quoscunque
3202 3385 3406 3458 itaque
3428 3401 3681 3459 sequen-

2024 3477 2093 3533 tis
2126 3476 2258 3531 vitee
2291 3491 2463 3531 amor
2491 3490 2615 3531 non
2639 3474 2934 3545 humiliat,
2964 3476 3080 3531 hoc
3109 3474 3171 3531 in
3198 3474 3331 3532 loco
3357 3490 3526 3532 sacer
3557 3491 3680 3532 ser-

2020 3583 2122 3623 mo
2152 3565 2360 3622 divites
2385 3564 2669 3638 appellat,
2691 3563 2835 3636 quia
2860 3564 2923 3619 in
2945 3563 3156 3635 judicii
3181 3565 3407 3637 quique
3456 3563 3681 3621 ultione

2020 3674 2142 3713 non
2165 3656 2531 3728 discrepant,
2556 3658 2757 3709 utrum
2788 3669 2866 3710 an
2898 3653 3037 3709 solis
3085 3652 3358 3710 moribus
3387 3653 3679 3711 intumes-

2016 3752 2173 3801 cunt.
2209 3746 2361 3800 Bene
2386 3744 2587 3815 itaque
2607 3743 2753 3814 justi
2779 3741 3128 3815 simplicitas
3148 3747 3206 3799 et
3253 3744 3486 3812 lampas
3544 3758 3678 3800 esse

2015 3835 2250 3901 dicitur,
2274 3838 2332 3889 et
2359 3839 2717 3902 contempta.
2739 3835 3022 3904 Lampas,
3044 3831 3191 3904 quia
3207 3831 3455 3887 interius
3474 3832 3634 3889 lucet
3657 3848 3671 3889 ς

2016 3928 2382 3996 contempta,
2404 3922 2549 3994 quia
2578 3921 2834 3977 exterius
2880 3936 3005 3976 non
3051 3920 3228 3976 lucet.
3287 3922 3448 3977 Intus
3504 3920 3677 3978 ardet

2016 4014 2265 4066 ﬂamma
2292 4010 2617 4078 charitatis,
2674 4009 2816 4064 foris
2868 4007 3035 4064 nulla
3089 4008 3280 4077 gloria
3332 4008 3677 4079 resplendet

2016 4099 2269 4155 decoris.
2295 4102 2552 4170 Lampas
2591 4111 2733 4166 ergo
2758 4100 3103 4168 contempta
3126 4096 3326 4167 justus
3362 4100 3469 4162 est,
3529 4095 3675 4168 quia

2017 4188 2261 4262 superbi
2282 4188 2508 4261 quique
2528 4187 2677 4243 dum
2714 4200 2971 4259 pensare
3014 4185 3179 4242 bona
3236 4185 3546 4258 sequentia
3573 4200 3673 4241 ne-

2012 4284 2241 4352 queunt
2267 4294 2422 4352 pene
2453 4277 2537 4333 nil
2564 4278 2859 4333 aestimant
2880 4292 3036 4349 quos
3064 4290 3189 4332 non
3220 4274 3422 4331 vident
3448 4275 3669 4331 habere

2010 4367 2177 4440 quod
2205 4373 2432 4424 amant.
2463 4369 2722 4440 Lampas
2752 4380 2894 4436 ergo
2918 4365 3101 4422 David
3126 4380 3235 4437 per
3262 4364 3669 4420 innocentiam

2007 4459 2221 4528 fuerat,
2253 4458 2358 4513 sed
2388 4463 2590 4513 tamen
2618 4455 2793 4512 valde
2823 4459 3188 4527 contempta,
3211 4453 3355 4527 quia
3374 4452 3669 4510 exteriora

2005 4546 2386 4603 cernentibus
2414 4562 2538 4603 non
2565 4544 2824 4602 lucebat.
2857 4544 3014 4610 Quid
3042 4543 3222 4613 igitur
3273 4541 3508 4605 Paulus,
3549 4541 3666 4598 nisi

2004 4653 2113 4692 cou
2124 4642 2348 4709 tempta
2367 4636 2605 4709 lampas
2640 4633 2808 4706 apud
2863 4632 3117 4688 divitum
3167 4630 3663 4701 congregationes

2003 4726 2110 4783 fuit
2138 4728 2166 4782 ?
2190 4725 2265 4782 de
2290 4741 2414 4798 quo
2436 4724 2754 4780 dicebant:
2785 4744 2814 4771 α
2838 4722 3112 4793 Epistolas
3143 4736 3358 4792 graves
3413 4723 3554 4774 sunt
3606 4721 3665 4774 et

1999 4816 2204 4880 fortes,
2233 4813 2552 4887 praesentia
2578 4817 2781 4868 autem
2805 4811 3071 4883 corporis
3098 4810 3361 4878 inﬁrma,
3382 4813 3440 4865 et
3463 4822 3683 4865 sermo
3754 4810 3764 4822 ‘

2000 4902 2463 4975 contemptibilis
2487 4903 2571 4973 (II
2598 4902 2739 4957 Cor.
2766 4918 2822 4970 x,
2858 4904 2966 4967 tO),
2991 4919 3021 4951 ›
3053 4898 3367 4971 Sequitur:
3422 4900 3658 4956 Parata

1998 4997 2078 5050 ad
2099 5000 2327 5063 tempus
2366 4996 2680 5048 statutum.
2712 5022 2779 5029 —
2806 4991 3104 5046 Statutum
3133 4989 3361 5062 quippe
3393 4995 3658 5045 contem-

1998 5092 2113 5156 plus
2134 5081 2438 5154 lampadis
2470 5087 2708 5153 tempus
2738 5085 2826 5135 est
2879 5078 3126 5136 extremi
3159 5078 3369 5151 judicii
3396 5080 3656 5152 praedes-

1997 5174 2215 5229 tinatus
2244 5171 2395 5237 dies,
2419 5186 2541 5244 quo
2562 5170 2758 5240 justus
2784 5168 3039 5242 quisque
3090 5184 3251 5223 nunc
3307 5167 3651 5239 despicitur,

1994 5266 2222 5334 quanta
2275 5265 2568 5333 potestate
2622 5257 2865 5330 fulgeat,
2937 5257 3401 5313 demonstratur.
3486 5255 3650 5307 Tunc

1991 5352 2151 5408 enim
2181 5366 2321 5406 cum
2350 5351 2469 5406 Deo
2493 5349 2726 5421 judices
2752 5347 3012 5417 venient,
3043 5346 3148 5418 qui
3178 5358 3338 5398 nunc
3365 5357 3476 5413 pro
3526 5343 3648 5399 Deo

1989 5440 2207 5512 injuste
2231 5439 2597 5511 judicantur.
2637 5436 2799 5493 Unde
2831 5436 3029 5491 electis
3060 5434 3184 5487 suis
3212 5429 3438 5485 Veritas
3480 5430 3640 5489 dicit.

1992 5551 2020 5578 «
2052 5532 2164 5585 Vos
2212 5529 2312 5600 qui
2372 5528 2557 5583 secuti
2613 5527 2751 5581 estis
2794 5523 2997 5591 me,in
3040 5519 3504 5589 regeneratione,
3535 5544 3565 5572 »
3585 5526 3644 5577 et

208 5605 271 5660 in
303 5609 427 5663 Deo
478 5608 787 5668 laudanda
832 5611 1167 5669 videbatur.
1230 5617 1676 5690 Nonnunquam
1735 5635 1875 5677 vero
1987 5617 2221 5690 reliqua
2249 5618 2489 5689 (Matth.
2532 5632 2641 5683 XIX,
2699 5614 2814 5683 28).
2858 5613 3103 5666 ltvsrice
3152 5611 3409 5682 Lampus
3463 5610 3639 5667 nobis
