4154 6160
1449 222 1452 229 .
1513 177 1570 232 S.
1604 173 1863 232 ODONIS
1892 169 2196 230 ABBATIS
2225 170 2748 230 CLUNIAGENSIS.
2778 172 2842 229 ll.

3785 173 3902 230 220

481 307 661 366 etiam
687 305 1046 374 Redemptor
1063 305 1264 358 noster
1289 301 1526 368 exstitit,
1569 299 1673 372 qui
1729 313 1843 372 pro
1897 296 2126 352 redem-
2164 297 2210 350 A
2239 295 2420 353 illusit
2443 296 2612 367 (Luc.
2647 313 2808 365 XXIII,
2835 301 2980 359 11).»
3015 297 3159 362 Quae
3185 295 3246 351 in
3271 298 3782 368 temporeparata,
3821 294 3898 351 de

461 397 686 471 .ptione
712 396 920 448 nostra
949 391 1010 446 in
1039 405 1213 448 cruce
1251 390 1516 448 moriens
1564 385 1894 444 tenebrosis
1917 383 2134 442 nostris
2243 401 2366 457 quo
2393 385 2686 457 scriptum
2714 389 2802 440 est
2834 403 2846 440 :
2877 407 2904 432 ‹‹
2941 387 3087 442 Cum
3136 398 3424 456 accepero
3457 386 3721 456 tempus,
3783 397 3899 453 ego

481 481 785 542 mentibus
814 480 1012 536 lucem
1041 495 1150 552 per
1186 478 1419 550 lignum
1448 477 1620 534 fudit.
1656 477 1802 532 Hinc
1851 474 2137 546 scriptum
2240 475 2500 545 justitias
2537 474 2824 546 judicabo
2856 475 2978 542 (Ps.
3033 491 3211 546 Lxxw,
3270 477 3346 540 3).
3375 496 3401 524 »ι
3447 475 3708 546 Lampus
3753 487 3900 544 ergo

481 576 570 628 est
598 589 611 626 :
638 592 666 620 α
701 573 837 626 Erat
864 569 966 625 lux
995 585 1135 626 vera
1159 585 1296 642 qum
1326 566 1622 624 illuminat
1653 581 1893 622 omnem
1951 562 2140 620 homi-

2243 581 2380 635 quae
2409 581 2571 620 nunc
2600 563 3018 647 contemnitur,
3050 563 3128 618 ad
3169 566 3458 619 statutum
3502 566 3744 634 tempus
3761 577 3902 618 ven,

481 676 645 724 nem,
677 681 705 710 »
735 663 793 716 et
815 658 1047 732 reliqua
1073 661 1270 727 (Joan.
1303 675 1354 726 1,.
1377 659 1450 729 9).
1509 659 1699 723 Quem
1742 658 1946 710 tamen
1974 653 2136 725 apud
2245 657 2378 709 tura
2410 657 2802 725 praeparatur,
2836 652 2980 725 quia
2999 653 3125 726 ipse
3155 656 3403 725 peccata
3449 651 3510 708 in
3535 651 3634 708 die
3691 651 3902 708 ultima

483 749 874 820 cogitationes
917 747 1164 804 divitum
1219 750 1632 818 contemptum
1674 742 1822 800 vidit
1871 746 2138 812 Evange-

2241 741 2492 812 judicat,
2541 741 2648 814 qui
2703 757 2864 798 nunc
2915 741 3292 814 peccantium
3323 741 3652 798 derisiones
3677 745 3898 816 portat.

481 838 638 908 lists,
669 854 810 894 cum
839 837 1059 893 diceret
1091 855 1104 892 :
1137 858 1166 886 α
1195 837 1260 896 In
1293 835 1538 909 propria
1562 833 1738 901 venit,
1770 835 1828 888 et
1857 831 1948 887 sui
1999 847 2138 888 eum
2248 831 2390 886 Hinc
2410 829 2704 902 Propheta
2727 831 2806 887 ait
2837 849 2850 886 :
2886 853 2914 879 ‹‹
2946 829 3146 901 Tacui,
3177 845 3413 902 semper
3451 827 3606 899 silui,
3663 829 3900 900 patiens

484 943 606 984 non
627 931 980 1000 receperunt
1007 926 1208 997 (Joan.
1236 943 1277 998 ι,
1312 927 1420 997 11).
1442 943 1472 979 ›
1505 927 1824 980 Etrursum
1858 941 1870 978 :
1903 943 1931 971 «
1965 923 2138 993 Spre-

485 1009 571 1072 vit
614 1019 816 1072 autem
877 1014 1044 1071 illum
1103 1013 1364 1071 Herodes
1392 1029 1530 1070 cum
1588 1011 1847 1068 exercitu
1894 1026 2024 1076 suo,
2083 1014 2140 1065 et

1667 1320 2001 1412 LIBER
2095 1313 2226 1403 UN
2238 1315 2744 1410 DECIMUS.

2246 918 2353 987 fui,
2395 919 2545 974 sicut
2570 919 2908 992 parturiens
2927 919 3164 992 loquar.
3191 919 3379 989 (Psat.
3413 933 3545 990 xm,
3581 918 3692 988 14).
3728 938 3758 968 ››

936 1673 1284 1746 SEQUITUR
1325 1674 1551 1730 CAPUT
1587 1673 1700 1728 xu.

560 1764 729 1824 Vatis.
763 1765 817 1822 6.
855 1763 1189 1824 Abundant
1220 1763 1614 1820 tabernacula
1661 1759 2036 1830 praedomuit,
2085 1761 2138 1812 et

490 1941 636 2006 mali
665 1957 738 2004 eo.
765 1941 959 2014 magis
985 1947 1192 2006 contra
1219 1945 1406 1998 Deum
1455 1939 1830 2020 superbiunt,
1887 1953 2008 2012 quo
2065 1934 2142 1992 ab

491 2030 620 2108 ejus
646 2029 914 2100 largitate
935 2034 994 2090 et
1021 2036 1228 2097 contra
1266 2031 1545 2094 meritum
1601 2029 1861 2086 ditantur
1897 2043 1909 2080 :
1939 2029 1995 2082 et
2040 2022 2144 2096 qui

491 2119 826 2200 provocari,
856 2118 1035 2178 bonis
1067 2119 1146 2176 ad
1169 2118 1419 2180 meliora
1451 2117 1810 2185 debuerunt,
1839 2113 2015 2172 donis
2043 2127 2145 2186 pe-

486 2207 653 2286 iores
691 2209 864 2270 fiunt,
899 2209 1011 2266 Sed
1033 2209 1488 2281 intelligendum
1519 2211 1608 2266 est
1632 2207 1827 2276 nobis,
1887 2219 2143 2281 quomo-

491 2296 572 2360 do
601 2297 918 2377 praedones
955 2297 1351 2378 appellentur,
1375 2298 1523 2362 dum
1543 2296 1816 2373 protinus
1839 2293 2096 2355 addatur
2128 2309 2140 2378 :_

495 2375 645 2452 Cum
675 2388 799 2462 ipse
817 2375 1058 2445 dederit.
1073 2387 1274 2448 omnia
1297 2387 1358 2440 in
1399 2384 1672 2443 manibus
1723 2396 1946 2438 eorum.
1985 2408 2058 2416 —
2090 2375 2147 2430 Si

493 2473 654 2538 enim
685 2473 1000 2546 praedones
1029 2478 1184 2530 sunt.
1217 2473 1499 2532 violenter
1525 2471 1916 2530 abstulerunt.
1950 2470 2014 2524 Et
2041 2466 2150 2521 du-

491 2559 664 2624 bium
692 2551 818 2624 non
845 2564 952 2626 est,
985 2560 1130 2632 quia
1170 2560 1566 2618 violentorum
1624 2573 1748 2617 non
1805 2557 1877 2616 sit
1909 2555 2148 2626 adjutor

496 2648 670 2712 Deus.
703 2647 1021 2713 Quomodo
1047 2647 1230 2726 igitur
1257 2647 1387 2728 ipse
1411 2647 1536 2718 dat,
1563 2645 1730 2719 quod
1753 2644 1815 2701 hi
1838 2643 1944 2717 qui
1999 2657 2146 2719 prse-

493 2734 684 2800 dones
717 2741 857 2802 sunt
882 2737 1154 2819 nequiter
1194 2736 1462 2796 tollunt?
1522 2737 1635 2796 Sed
1686 2733 1997 2792 sciendum
2037 2737 2144 2798 est,

493 2823 638 2904 quia
663 2823 826 2882 aliud
851 2828 940 2882 est
967 2825 1136 2906 quod
1163 2825 1546 2902 omnipotens
1572 2825 1728 2883 Deus
1759 2819 2150 2880 misericordi-

494 2913 582 2967 ter
610 2911 832 2981 tribuit,
867 2913 1032 2970 aliud
1073 2915 1240 2997 quod
1282 2915 1468 2975 iratus
1523 2913 1747 2980 habere
1791 2912 1944 2969 sinit.
1997 2913 2146 2967 Nam

2170 1667 2249 1721 Bs
2277 1663 2471 1719 Pisces
2504 1663 2690 1720 maris
2720 1663 2828 1736 qui
2876 1678 2984 1735 per
3035 1661 3351 1718 ambulant
3409 1660 3653 1718 semitas
3706 1661 3900 1717 maris

2255 1753 2445 1821 (Psat.
2481 1769 2602 1822 vui,
2634 1753 2746 1824 9).»
2779 1753 2888 1818 Qui
2917 1752 2978 1807 in
3006 1751 3244 1822 magnis
3293 1766 3494 1806 rerum
3514 1750 3902 1824 inquisitioni.

367 1864 376 1870 '
489 1853 779 1916 audacter
822 1859 1152 1932 provocant
1195 1855 1403 1914 Deum.
1463 1883 1530 1892 ——
1581 1851 1730 1920 Quia
1785 1849 2142 1928 plerumque
2252 1840 2368 1896 bus
2397 1841 2668 1932 quasi
2699 1841 2918 1932 abditis
2944 1839 3227 1932 ﬂuctibus
3257 1839 3460 1932 latent.
3701 1842 3908 1895 autem

2254 1935 2470 1986 cuncta
2497 1931 2626 1986 haec
2651 1931 2935 2004 inquisita
2960 1930 3234 1997 doceant,
3263 1928 3533 2000 adjungit
3560 1927 3765 1983 dicens
3796 1945 3810 1982 :

2328 2021 2492 2075 Vens.
2517 2023 2570 2076 9.
2601 2021 2741 2088 Quis
2785 2021 3028 2091 ignorat
3072 2019 3229 2090 quod
3283 2018 3483 2074 omnia
3521 2018 3640 2073 haec
3689 2031 3914 2072 manus

2256 2109 2498 2164 Domini
2515 2108 2726 2178 fecerit
2758 2111 2785 2164 ?
2813 2141 2883 2149 —
2909 2110 2992 2164 Ac
3023 2108 3070 2163 si
3102 2111 3304 2182 aperte
3335 2106 3495 2163 dicat
3523 2123 3536 2161 :
3566 2105 3699 2162 Sine
3725 2119 3911 2160 sensu

2257 2198 2565 2266 tardiores,
2594 2215 2700 2254 seu
2733 2197 3015 2257 sublimia
3047 2196 3347 2271 sapientes
3377 2196 3504 2257 sine
3535 2194 3782 2252 terrenis
3810 2209 3909 2250 ac-

2255 2286 2416 2341 tibus
2442 2285 2697 2348 deditos,
2733 2303 2839 2342 seu
2867 2287 3051 2360 hujus
3081 2285 3295 2340 mundi
3341 2288 3668 2356 occupatos
3721 2281 3913 2364 inqui-

2259 2374 2571 2430 sitionibus
2596 2376 2886 2448 requiras,
2915 2379 3132 2432 cuncta
3147 2375 3275 2430 haec
3288 2377 3618 2430 creatorem
3637 2371 3911 2428 omnium

2259 2464 2448 2518 Deum
2473 2463 2752 2533 fatentur,
2783 2479 2842 2520 et
2875 2465 2950 2520 de
3007 2466 3296 2536 potestate
3355 2463 3488 2536 ejus
3541 2459 3913 2518 concorditer

2260 2554 2538 2622 sentiunt,
2567 2554 2850 2626 quamvis
2881 2554 2994 2610 sub
3014 2569 3087 2610 ea
3113 2569 3238 2609 non
3281 2551 3654 2609 concorditer
3683 2549 3908 2606 vivant.

2260 2641 2430 2706 Quod
2453 2645 2655 2698 tamen
2682 2643 2930 2714 intelbgi
2979 2643 3156 2700 etiam
3191 2643 3367 2721 juxta
3410 2641 3603 2698 solam
3652 2639 3913 2714 speciem

2257 2726 2461 2784 litterae
2478 2729 2692 2786 utiliter
2712 2735 2926 2804 potest,
2946 2731 3092 2804 quia
3110 2730 3307 2788 omnis
3326 2733 3597 2802 respecta
3617 2732 3913 2793 creatura.

2257 2818 2430 2889 quasi
2461 2819 2566 2875 dat
2593 2836 2804 2876 vocem
2825 2821 3213 2878 attestationis
3232 2819 3490 2900 propriae
3510 2819 3708 2900 ipsam
3723 2831 3914 2889 quam

2257 2907 2440 2966 habet
2460 2911 2723 2984 speciem
2753 2927 2949 2979 suam,
2967 2912 3112 2984 quia
3136 2911 3284 2968 dum
3309 2910 3532 2966 nostris
3561 2907 3750 2965 oculis
3773 2923 3914 2965 suas

492 2999 662 3081 quod
688 3015 965 3076 perverse
989 3002 1310 3084 praedones.
1365 3003 1610 3079 faciunt,
1655 3003 1769 3068 hoc
1826 2999 2148 3076 dispositor
2187 3014 2231 3071 ο
2259 2999 2876 3071 speciesingerunt,se
2898 3018 2935 3058 a
2955 3001 3288 3074 semetipsis
3305 3016 3428 3057 non
3447 3015 3576 3055 esse
3601 3001 3911 3054 testantur.

495 3089 880 3162 amnissimus
897 3090 1051 3161 ﬁeri,
1075 3092 1318 3158 nonnisi
1340 3092 1500 3164 juste
1557 3091 1859 3164 permittit,
1913 3094 1975 3146 ut
2017 3087 2144 3144 etis

493 3177 598 3259 qui
619 3194 829 3259 rapere
854 3179 1086 3252 sinitur,
1114 3185 1374 3242 caecatus
1405 3185 1604 3241 mente
1630 3177 1875 3250 culpam
1905 3179 2144 3246 augeat,

495 3269 552 3320 et
577 3265 628 3320 is
655 3266 761 3340 qui
789 3267 1068 3347 rapinam
1097 3267 1340 3348 patitur,
1371 3267 1502 3344 jam
1527 3266 1588 3321 in
1619 3265 1891 3335 ejusdem
1921 3263 2147 3342 rapinae

495 3353 746 3418 damno.
777 3371 888 3435 pro
921 3355 1038 3413 alia
1063 3371 1252 3428 quam
1279 3360 1416 3412 ante
1444 3353 1806 3428 perpetravit
1829 3352 2008 3426 culpa
2062 3353 2146 3407 fe-

497 3443 700 3509 riatur.
737 3444 910 3516 Quod
941 3448 1142 3509 tamen
1171 3445 1416 3516 intelligi
1449 3444 1524 3500 de
1553 3443 1734 3502 rebus
1760 3458 2004 3518 quoque
2035 3443 2150 3514 spi-

489 3533 769 3598 ritalibus
791 3537 1012 3614 potest.
1041 3538 1191 3595 Nam
1219 3535 1576 3609 plerumque
1617 3519 1890 3588 nonnulli
1930 3531 2148 3588 doctri-

496 3637 590 3689 nae
620 3621 784 3685 dona
812 3623 1166 3703 percipiunt,
1199 3624 1306 3680 sed
1329 3641 1402 3680 ex
1455 3622 1731 3696 ejusdem
1786 3621 1960 3686 donis
1998 3621 2150 3677 intu-

415 3729 435 3747 ο
495 3715 790 3786 mescunt,
822 3717 880 3772 et
901 3713 1116 3784 magni
1143 3729 1268 3788 prae
1297 3713 1525 3770 caeteris
1555 3712 1736 3770 videri
1777 3711 2005 3768 volunt.
2057 3713 2154 3766 At-

495 3813 616 3871 que
645 3799 1115 3880 omnipotentem
1145 3804 1333 3858 Deum
1381 3817 1710 3885 provocare
1749 3804 1859 3869 est,
1917 3799 1992 3855 de
2023 3799 2152 3871 ejus

498 3886 674 3952 donis
698 3887 848 3954 inter
873 3890 1184 3967 proximos
1220 3890 1552 3964 superbire.
1612 3891 1721 3954 Qui
1765 3890 1946 3948 etiam
1996 3904 2150 3968 prae-

497 3975 688 4040 dones
714 3993 838 4042 non
861 3979 1161 4038 immerito
1190 3986 1500 4048 vocantur,
1533 3979 1688 4054 quia
1715 3980 1862 4036 dum
1893 3979 2151 4054 loquun-

497 4069 594 4133 tur
621 4082 758 4140 qua;
783 4083 907 4127 non
937 4067 1185 4140 faciunt,
1215 4069 1282 4127 in
1312 4087 1429 4129 usu
1457 4059 1772 4131 locutionis
1805 4060 1928 4124 suae
1967 4067 2152 4124 verba

490 4149 794 4226 justorum
819 4155 1052 4214 tollunt.
1085 4159 1364 4231 Sequitur
1395 4177 1408 4214 :

569 4243 736 4298 VERS.
765 4249 817 4310 7,
843 4249 892 4300 8..
920 4247 1223 4310 Nimirum
1249 4249 1557 4320 interroga
1569 4252 1849 4318 gumenta
1892 4252 1948 4302 et
1986 4247 2152 4302 doce-

500 4328 647 4387 bunt
675 4336 748 4394 te,
779 4334 1050 4396 volatilia
1077 4337 1213 4393 ἐωιὶ
1241 4341 1295 4391 et
1321 4337 1676 4392 indicabunt
1721 4336 1830 4390 tibi
1850 4351 1873 4391 .·
1915 4336 2153 4406 loquere
2181 4367 2228 4422 Β

501 4423 699 4496 terror,
731 4426 786 4484 et
815 4423 1188 4490 respondebit
1217 4423 1342 4491 tibi,
1369 4430 1424 4480 et
1445 4424 1784 4482 narrabant
1811 4425 1998 4494 pisces
2022 4439 2150 4478 ma-

499 4507 584 4570 riti
632 4539 702 4548 —
753 4509 908 4585 Quid
958 4527 1064 4592 per
1113 4511 1392 4583 jumenta
1415 4512 1531 4570 nisi
1561 4528 1778 4573 sensus
1807 4512 2098 4588 pigriores
2125 4512 2152 4567 ?

502 4595 656 4666 Quid
679 4613 787 4680 per
815 4599 948 4660 caeli
977 4599 1259 4671 volatilia,
1287 4601 1402 4658 nisi
1451 4617 1694 4662 summa
1743 4607 1921 4674 atque
1971 4600 2151 4655 subli-

500 4686 626 4752 mia.
651 4689 947 4771 sapientes
976 4689 1301 4772 intelligere
1343 4691 1636 4748 debemus
1665 4692 1694 4751 ‘I
1746 4693 1823 4748 De
1864 4690 2152 4764 jumentis

500 4790 788 4858 namque,
816 4777 881 4840 id
909 4783 1018 4853 est,
1049 4796 1229 4844 sensu
1265 4780 1628 4862 pigrioribus
1680 4779 1967 4856 scriptum
2021 4784 2150 4835 est:

503 4887 530 4920 ‹‹
554 4864 850 4930 Aminalia
867 4872 970 4930 tua
994 4868 1417 4931 inhabitabant
1436 4870 1498 4934 in
1517 4886 1588 4926 ea
1607 4870 1794 4942 (Psat.
1819 4886 1986 4932 vau,
2008 4869 2152 4940 11).»

502 4955 573 5012 Et
597 4955 741 5033 quia
761 4956 1042 5018 sublimia
1067 4959 1363 5032 sapientes
1395 4959 1455 5014 in
1479 4959 1672 5019 verbis
1702 4959 1887 5016 nostri
1911 4960 2156 5015 Redem-

503 5043 692 5116 ptoris
717 5045 976 5116 evolant,
1009 5047 1295 5121 scriptum
1326 5053 1414 5104 est
1444 5065 1457 5104 :
1493 5071 1520 5098 «
1550 5053 1632 5107 Ita
1661 5052 1726 5104 ut
1753 5049 2024 5105 volucres
2044 5063 2156 5103 cm-

501 5132 544 5196 li
573 5133 835 5204 veniant,
865 5138 922 5190 et
946 5134 1219 5196 habitent
1242 5136 1302 5192 in
1332 5137 1514 5193 ramis
1561 5138 1690 5209 ejus
1739 5137 1978 5204 (Matth.
2035 5152 2152 5207 xm,

504 5224 656 5290 32).»
683 5221 837 5288 Quid
865 5237 1007 5280 vero
1035 5239 1143 5302 per
1163 5225 1530 5292 terram,nisi
1554 5231 1786 5282 terrena
1809 5225 2110 5298 sapientes
2127 5223 2155 5278 ‘I

507 5311 672 5376 Unde
701 5316 759 5376 et
785 5312 984 5386 primo
1012 5313 1244 5376 homini
1275 5315 1534 5376 coelestia
1579 5315 1874 5372 deserenti
1928 5315 2154 5370 dictum

507 5407 636 5466 est:
669 5425 699 5452 «
727 5405 902 5464 Terra
921 5420 1007 5469 es,
1034 5403 1170 5462 etin
1200 5409 1420 5466 terram
1457 5405 1570 5462 ibis
1627 5408 1793 5476 (Gen.
1845 5421 1932 5469 ιιι.
1990 5408 2099 5471 19).
2125 5426 2153 5453 ››

507 5489 662 5560 Ωιιίά
690 5507 798 5572 per
821 5493 1018 5569 pisces
1055 5495 1240 5554 maris
1270 5495 1386 5554 nisi
1413 5495 1684 5552 curiosos
1721 5495 1902 5564 hujus
1955 5492 2156 5549 saeculi

505 5580 800 5647 debemus
849 5585 1118 5669 accipere
1145 5588 1174 5645 ‘I
1236 5586 1312 5646 de
1363 5585 1585 5668 quibus
1658 5584 1974 5644 Psalmista
2023 5584 2150 5646 ait:

2261 3090 2339 3143 Eo
2370 3088 2501 3161 ipso
2531 3090 2688 3144 enim
2721 3091 2885 3163 quod
2917 3095 3188 3148 creatura
3228 3094 3384 3157 sunt,
3443 3105 3549 3164 per
3603 3091 3917 3143 ostensam

2259 3178 2520 3249 speciem
2574 3179 2834 3235 Creatori
2878 3195 2988 3234 suo
3043 3179 3222 3252 quasi
3259 3195 3471 3236 vocem
3524 3174 3916 3233 confessionis

2257 3266 2535 3322 reddunt.
2573 3267 2683 3332 Qui
2705 3267 2850 3342 quia
2879 3269 3086 3326 omnia
3133 3267 3418 3335 condidit,
3453 3265 3706 3341 qualiter
3732 3263 3916 3320 etiam

2259 3355 2518 3412 debeant
2547 3357 2951 3414 administrari
2981 3357 3263 3432 disponit.
3295 3357 3591 3438 Sequitur.
3752 3428 3760 3440 ι

2329 3448 2496 3502 Vsus.
2527 3446 2608 3500 10.
2645 3447 2715 3502 In
2747 3451 2920 3518 cujus
2941 3463 3126 3504 manu
3152 3449 3357 3504 anima
3401 3447 3591 3502 omnis
3642 3444 3920 3521 viventis,

2259 3539 2313 3590 et
2339 3535 2584 3603 spiritus
2605 3537 2896 3592 universas
2923 3539 3123 3593 carnis
3149 3537 3402 3594 hominis
3431 3541 3536 3592 est.
3566 3566 3633 3573 —
3657 3535 3764 3588 Per
3793 3548 3920 3588 ma-

2259 3638 2374 3677 nus
2403 3623 2629 3697 quippe
2659 3629 2926 3696 potestas
2951 3625 3322 3702 exprimitur.
3357 3625 3575 3683 Anima
3594 3621 3772 3694 igitur
3790 3637 3920 3677 om-

2259 3710 2353 3764 nis
2383 3709 2650 3780 viventis,
2683 3717 2739 3768 et
2769 3712 3012 3787 spiritus
3041 3715 3334 3770 universa:
3388 3712 3584 3770 carnis
3629 3708 3919 3780 hominis,

2260 3800 2322 3856 in
2349 3801 2477 3870 ejus
2507 3805 2796 3873 potestate
2819 3808 2927 3874 est,
2961 3820 2997 3860 a
3023 3820 3148 3876 quo
3177 3807 3358 3860 estut
3394 3803 3524 3876 ipse
3581 3799 3918 3875 provideat,

2260 3889 2516 3964 qualiter
2544 3891 2615 3946 sit
2639 3891 2744 3964 qui
2773 3897 3014 3964 praestat
3041 3909 3195 3960 esse,
3219 3893 3386 3968 quod
3405 3908 3528 3950 non
3556 3890 3686 3947 fuit.
3723 3891 3922 3944 Potest

2260 3995 2402 4034 vero
2428 3994 2534 4052 per
2559 3980 2830 4037 animam
2851 3982 3048 4039 omnis
3078 3983 3330 4040 viventis
3353 3983 3768 4057 jumentorum
3799 3979 3922 4034 vita

2261 4067 2502 4137 signari.
2529 4068 2918 4142 Omnipotens
2942 4075 3142 4128 autem
3176 4075 3328 4128 Deus
3353 4072 3766 4142 jumentorum
3792 4066 3923 4122 ani-

2262 4173 2428 4212 mam
2459 4158 2537 4214 ad
2561 4174 2884 4231 corporeos
2917 4176 3130 4216 sensus
3156 4161 3439 4236 viviﬁcat,
3477 4157 3793 4217 hominum
3817 4171 3923 4210 ve-

2261 4261 2328 4300 ro
2358 4245 2653 4318 spiritum,
2684 4263 2876 4322 usque
2905 4248 2984 4310 ad
3005 4248 3374 4321 spiritualem
3405 4247 3766 4304 intellectum
3791 4248 3923 4300 ten-

2263 4333 2366 4390 dit.
2401 4338 2461 4388 ln
2484 4335 2613 4406 ejus
2635 4351 2777 4406 ergo
2802 4352 2991 4392 manu
3015 4343 3104 4392 est
3134 4337 3338 4394 anima
3394 4337 3592 4401 omnis
3639 4332 3921 4401 viventis,

2219 4491 2225 4496 ἢ
2264 4427 2320 4478 et
2338 4421 2577 4494 spiritus
2602 4423 2899 4480 universae
2925 4427 3121 4482 carnis
3153 4425 3434 4496 hominis,
3467 4424 3616 4480 dum
3645 4427 3703 4480 et
3733 4421 3794 4477 in
3813 4419 3924 4477 illo

2261 4510 2378 4566 hoc
2407 4515 2649 4584 praestat
2679 4513 2923 4585 animae,
2955 4517 3020 4570 ut
3050 4514 3301 4571 viviﬁcet
3325 4528 3590 4585 carnem,
3614 4516 3669 4568 et
3700 4511 3760 4568 in
3801 4510 3924 4566 isto

2263 4601 2378 4658 hoc
2405 4601 2664 4659 viviﬁcat
2688 4603 2975 4666 animam,
3009 4609 3074 4660 ut
3111 4604 3189 4660 ad
3219 4602 3666 4671 intelligendam
3707 4615 3922 4676 perve-

2262 4689 2390 4746 niat
2409 4693 2815 4750 aeternitatem.
2858 4695 2924 4748 ln
2954 4709 3124 4750 sacro
3145 4696 3346 4748 autem
3385 4691 3624 4764 eloquio
3674 4691 3924 4765 spiritus

2262 4779 2524 4836 hominis
2551 4781 2878 4855 aliquando
2907 4797 3016 4856 pro
3056 4781 3260 4838 anima
3312 4780 3576 4854 ponitur,
3625 4785 3694 4836 ut
3721 4779 3872 4838 illud
3904 4798 3919 4835 :

2265 4891 2293 4918 ‹‹
2338 4869 2622 4926 Inclinato
2675 4871 2868 4942 capite
2925 4870 3120 4927 emisit
3173 4870 3445 4944 spiritum
3503 4870 3702 4942 (Joan.
3751 4885 3921 4938 xvm,

2264 4957 2372 5026 30),
2405 4979 2431 5005 ››
2471 4956 2798 5030 aliquando
2841 4974 2951 5032 pro
2981 4957 3194 5016 effectu
3225 4957 3496 5032 spiritali,
3530 4959 3680 5014 sicut
3727 4959 3925 5032 scrip-

2263 5047 2392 5099 tum
2424 5048 2512 5098 est
2543 5062 2555 5098 :
2588 5065 2614 5092 ‹‹
2651 5046 2762 5110 Qui
2791 5047 2928 5103 facit
2955 5047 3202 5118 angelos
3232 5063 3375 5103 suos
3425 5047 3666 5121 spiritus
3705 5046 3923 5116 (Hebr.

2265 5146 2304 5199 ι,
2337 5136 2411 5203 7).
2439 5154 2468 5180 ››
2500 5131 2622 5188 Hoc
2654 5138 2857 5190 autem
2885 5134 3020 5198 loco
3051 5135 3102 5190 si
3155 5136 3364 5194 anima
3415 5137 3612 5194 omnis
3667 5134 3928 5192 viventis

2263 5224 2394 5292 ipsa
2420 5220 2532 5277 vita
2565 5223 3146 5307 corporis‘signatur,
3173 5225 3413 5300 spiritus
3442 5225 3738 5282 universas
3794 5239 3930 5280 car-

2263 5310 2356 5365 nis
2382 5311 2665 5380 hominis,
2693 5311 2938 5369 etl‘ectus
2983 5313 3381 5386 intelligentiae
3425 5313 3704 5390 spiritalis
3725 5313 3928 5386 expri-

2265 5402 2462 5457 mitur.
2501 5402 2774 5476 Sequitur
2798 5421 2810 5459 :

2336 5495 2502 5548 Vsus.
2530 5497 2612 5548 11.
2646 5494 2857 5550 Nonne
2885 5497 3051 5552 auris
3081 5499 3262 5554 verba
3289 5497 3606 5568 diiudicat,
3636 5502 3692 5554 et
3708 5497 3925 5570 fauces

2266 5585 2641 5651 comedentis,
2671 5598 2941 5658 saporem
2969 5587 2998 5645 ?
3025 5619 3094 5628 —
3113 5591 3266 5662 Pene
3291 5586 3524 5646 nullum
3543 5587 3702 5656 latet,
3748 5587 3924 5662 quod.
