4146 6156
184 2992 193 2999 ,
272 2927 572 2999 principio
628 2933 756 2983 erat
822 2927 1102 2996 Verbum,
1158 2932 1214 2982 et
1260 2928 1527 2984 Verbum
1580 2934 1704 2986 erat
1771 2931 1933 3001 apud

284 139 389 194 £2!
772 157 776 162 '
1126 137 1421 195 ΕΡΙΤΟΠΕ
1457 137 1823 199 IORALIUM
1865 138 1921 198 Β.

2077 140 2166 197 se.
2210 142 2281 203 IN
2317 140 2460 207 me,
2501 171 2569 197 π
2607 143 2734 209 LlB.
2774 142 2864 221 xi.
3610 143 3714 209 e22

291 259 562 332 quinque
617 274 834 316 sensus
889 258 1155 331 corporis
1209 259 1417 327 nostri,
1446 259 1717 319 videlicet
1757 260 1943 331 visus,
1980 276 2032 330 Α
2061 266 2338 329 meretur.
2368 266 2518 325 Nam
2549 279 2707 336 saepe
2722 262 2993 331 nonnulli
3016 278 3052 319 a
3079 258 3536 336 pravis‘actibus
3556 263 3715 329 exire

292 347 556 415 auditus,
589 352 822 418 gustus,
848 347 1150 413 odoratus,
1183 352 1240 403 et
1270 353 1479 417 tactus,
1507 349 1569 407 in
1589 349 1755 409 omni
1783 350 1948 429 quod
2059 350 2327 423 cupiunt,
2350 352 2454 411 sed
2484 352 2626 424 quia
2638 352 2989 408 eorumdem
3020 356 3267 415 actuum
3283 351 3549 425 pondere
3579 368 3713 428 pre-

293 438 561 494 sentiunt
589 441 769 508 atque
799 437 1164 505 discernunt,
1196 437 1473 497 virtutem
1496 438 1865 499 discretionis
1896 444 1952 499 et
2058 442 2400 509 muntur,in
2419 441 2592 507 malas
2611 440 3058 507 consuetudinis
3076 440 3607 515 carcereinelusi,a
3628 456 3714 501 se-

290 543 512 582 census
543 541 577 582 a
608 525 850 583 cerebro
877 526 1137 592 trahunt.
1192 530 1275 583 Ex
1304 527 1429 584 istis
1460 543 1601 597 ergo
1630 529 1952 601 corporali-
2058 530 2325 602 metipsis
2343 531 2499 587 exire
2522 548 2645 589 non
2663 530 3094 603 possunt.Quia
3118 530 3267 595 sicut
3286 547 3465 591 nemo
3481 530 3717 599 obsistit

286 614 408 671 bus
469 613 977 687 exterioribusque
1024 614 1307 673 interiora
1364 621 1418 673 et
1471 615 1756 688 spiritalia
1787 617 1948 678 colli-
2055 617 3716 695 largitativocantis,itanullusobviatjustitiierelinquen-

288 703 491 773 genda
532 707 691 759 sunt.
726 703 1086 761 intuendum
1116 704 1340 778 quippe
1381 706 1629 778 estquia
1658 723 1798 765 cum
1828 723 1950 767 una
2058 708 2148 769 tis.
2178 708 2483 775 Includere
2533 709 2734 783 itaque
2770 713 2862 773 est
2890 708 2993 769 Dei
3023 707 3243 769 clausis
3288 723 3412 769 non
3460 710 3711 784 aperire.

288 792 365 849 sit
388 790 701 863 sapientia,
732 790 919 850 alium
944 791 1168 862 minus,
1200 792 1384 852 alium
1411 794 1609 865 majus
1634 794 1945 857 inhabitat.
2058 797 2220 855 Unde
2251 802 2307 859 et
2362 798 2442 854 ad
2472 801 2732 872 Moysem
2761 798 2976 863 dicitur
3019 797 3095 855 de
3125 797 3433 857 Pharaone
3471 814 3485 853 :
3520 820 3547 848 α
3590 801 3713 868 Ego

284 881 395 939 Alii
420 881 557 945 hoc,
588 880 689 937 alii
719 879 865 939 illud
894 886 1157 953 praestat,
1189 887 1246 939 et
1287 884 1462 955 quasi
1492 885 1716 941 cerebri
1763 901 1945 952 more,
2055 884 2355 951 indurabo
2388 904 2489 953 cor
2508 889 2639 959 ejus
2664 888 2882 959 (Exod.
2918 904 3012 954 vn,
3041 887 3117 958 3).
3148 909 3177 936 »
3213 885 3487 958 Sequitur
3520 903 3533 949 ;

282 967 740 1040 nobismetipsis
773 968 931 1027 velut
966 969 1334 1041 quibusdam
1363 972 1638 1029 sensibus
1662 974 1858 1041 utitur,
1886 976 1951 1033 ut
2126 977 2296 1039 Vsus.
2333 982 2419 1041 ιδ.
2450 979 2514 1033 Si
2542 978 2907 1043 continuerit
2926 991 3138 1048 aquas,
3169 976 3370 1042 omnia
3400 974 3713 1039 siccabun-

280 1057 565 1129 quamvis
596 1057 731 1129 ipsa
758 1057 998 1115 sibimet
1025 1074 1339 1132 nunquam
1375 1061 1446 1118 sit
1490 1061 1814 1131 dissimilis,
1843 1079 1949 1136 per
2052 1071 2174 1125 tur.
2199 1098 2268 1106 ——
2299 1066 2356 1125 Si
2409 1082 2573 1139 aqua
2627 1066 2874 1133 scientia
2921 1064 3362 1138 praedicationis
3403 1063 3711 1136 accipitur,

282 1162 399 1205 nos
425 1151 624 1204 tamen
648 1146 889 1215 diversa
915 1152 971 1205 et
1000 1148 1310 1209 dissimilia
1354 1155 1634 1222 operetur
1689 1167 1944 1224 semper.
2051 1158 2118 1215 ut
2140 1154 2429 1227 scriptum
2486 1159 2577 1213 est
2623 1174 2636 1215 ;
2673 1178 2701 1206 α
2724 1160 2897 1228 Aqua
2946 1154 3250 1228 profunda
3278 1152 3464 1221 verba
3502 1168 3571 1217 ex
3611 1167 3713 1217 ore
3814 1204 3821 1205 κ

283 1236 401 1293 Sed
426 1236 488 1291 in
513 1234 606 1292 his
634 1235 833 1292 verbis
863 1236 1075 1293 beatus
1103 1238 1215 1294 Job
1241 1239 1421 1296 etiam
1442 1240 1517 1296 de
1533 1240 1735 1299 electis
1754 1258 1824 1299 ac
1853 1259 1944 1298 re-
2050 1241 2181 1313 viri,
2213 1246 2270 1299 ct
2316 1247 2545 1305 torrens
2594 1243 2945 1309 redundans
2995 1243 3131 1311 fons
3170 1242 3478 1315 sapientiae
3505 1242 3708 1310 (Prov.

278 1323 491 1397 probis
517 1323 744 1397 aliquid
772 1324 1021 1381 innuero
1046 1326 1313 1395 videtur;
1347 1328 1490 1401 quia
1507 1329 1690 1388 verba
1715 1331 1946 1403 sapien-
2050 1348 2211 1400 xvui,
2246 1334 2336 1403 4);
2373 1356 2401 1383 ι»
2431 1349 2569 1393 cum
2602 1349 2764 1406 aqua
2787 1332 3124 1399 continetur
3155 1335 3372 1389 cuncta
3392 1330 3710 1397 siccantur,

280 1414 377 1470 tim
407 1428 544 1485 qua:
558 1413 806 1485 reprobi
828 1414 1105 1484 audiunt,
1124 1414 1293 1472 electi
1313 1432 1436 1473 non
1449 1417 1646 1485 solum
1668 1419 1941 1490 audiunt,
2050 1420 2196 1492 quia
2225 1421 2273 1476 si
2298 1421 2543 1489 scientia
2590 1422 3054 1495 praedicatorum
3085 1420 3477 1491 subtrahitur,
3500 1435 3711 1479 eorum

278 1502 387 1559 sed
418 1503 601 1559 etiam
629 1506 893 1573 gustant,
927 1508 991 1560 ut
1015 1504 1098 1560 eis
1129 1504 1191 1569 in
1217 1506 1396 1563 corde
1427 1507 1640 1579 sapiat,
1663 1510 1825 1581 quod
1857 1525 1945 1565 re-
2047 1511 2151 1581 qui
2182 1509 2534 1575 viridescere
2562 1510 2625 1576 in
2656 1526 2760 1582 spe
2784 1514 3006 1575 aeterna
3036 1514 3332 1581 poterant,
3364 1507 3549 1571 corda
3575 1522 3712 1580 pro-

279 1591 617 1683 proborum
646 1606 771 1683 non
791 1592 1115 1683 mentibus,
1144 1594 1252 1651 sed
1283 1595 1668 1653 solummodo
1693 1598 1940 1654 auribus
1981 1627 2024 1683 Β
2050 1598 2211 1663 tinus
2270 1600 2545 1665 areliunt,
2604 1604 2667 1663 ut
2725 1599 2785 1659 in
2838 1599 3159 1672 desperata
3203 1597 3463 1663 siccitate
3514 1611 3710 1663 rema-

278 1686 477 1736 sonat.
514 1680 610 1737 His
634 1680 815 1749 etiam
835 1681 1031 1737 verbis
1052 1682 1263 1739 beatus
1281 1684 1414 1754 Job,
1436 1686 1771 1742 amicorum
1799 1704 1940 1744 suo-
1982 1680 2012 1683 ⁷
2048 1690 2253 1753 neunt,
2284 1687 2432 1752 dum
2461 1688 2714 1757 fugitiva
2758 1687 3090 1758 diligentes,
3151 1686 3427 1753 nesciunt
3470 1701 3711 1757 sperare

273 1784 414 1827 rum
444 1767 825 1840 imperitiam,
855 1774 913 1824 et
940 1784 1149 1827 eorum
1179 1771 1283 1843 qui
1312 1771 1387 1827 de
1418 1774 1689 1831 doctrina
1705 1776 1937 1848 sapien-
2050 1790 2359 1839 mansura.
2412 1778 2600 1839 Potest
2630 1775 2808 1841 etiam
2841 1791 3015 1847 aquae
3036 1774 3281 1840 nomine
3311 1772 3499 1839 sancti
3531 1772 3711 1844 Spiri-

277 1858 374 1914 tiaa
403 1857 709 1929 inﬂantur,
739 1860 1147 1927 arrogantiam
1173 1860 1475 1936 reprobat.
1508 1865 1784 1935 Sequitur
1816 1883 1828 1920 :
2050 1867 2145 1927 tus
2175 1863 2365 1933 gratia
2389 1865 2709 1935 designari,
2740 1864 2886 1925 Hine
2914 1864 3136 1930 Veritas
3167 1863 3250 1923 ait
3280 1880 3293 1917 :
3327 1885 3354 1913 α
3384 1860 3497 1928 Qui
3527 1860 3713 1927 credit

350 1948 522 2001 Vens.
556 1951 639 2001 t2.
672 1947 745 2001 In
768 1947 1032 2018 antiquis
1084 1954 1173 2004 est
1202 1951 1520 2019 sapientia,
1552 1956 1607 2007 et
1650 1952 1713 2008 in
1749 1953 1938 2008 multo
2047 1952 2108 2011 in
2163 1968 2281 2022 me,
2335 1953 2488 2017 sicut
2542 1953 2685 2019 dicit
2735 1954 3062 2025 Scriptura,
3102 1951 3354 2013 ﬂumina
3381 1951 3456 2007 de
3506 1954 3712 2015 ventre

278 2042 544 2104 tempore
568 2036 919 2105 mdentia.
951 2066 1021 2076 -—
1065 2036 1169 2101 illa
1198 2038 1359 2095 enim
1411 2039 1571 2105 dicta
1608 2040 1667 2095 in
1700 2041 1939 2111 sapien-
2047 2039 2178 2108 ejus
2236 2040 2422 2101 ﬂuent
2478 2055 2652 2112 aquae
2709 2040 2858 2099 vivae
2910 2042 3107 2106 (Joan.
3140 2056 3239 2106 vn,
3272 2041 3382 2111 38).
3415 2059 3445 2089 υ
3482 2039 3539 2095 Si
3566 2052 3711 2107 ergo

276 2125 376 2181 tiae
405 2124 605 2181 radice
634 2124 892 2183 solidata
940 2130 1101 2193 sunt,
1160 2142 1297 2198 quae
1353 2143 1461 2200 per
1489 2128 1727 2185 vivendi
1759 2145 1937 2197 usum
2048 2126 2295 2197 spiritus
2350 2127 2541 2196 gratia
2594 2127 2674 2187 ab
2728 2128 3017 2195 auditoris
3071 2132 3270 2188 mente
3323 2126 3708 2193 subtrahitur,

273 2214 458 2269 etiam
472 2219 716 2281 actuum
740 2213 1609 2285 experimentoconvalescunt.
1628 2217 1934 2289 Sequitur:
2049 2215 2264 2269 arescit
2292 2215 2563 2287 protinus
2589 2215 2693 2286 qui
2718 2216 2848 2285 jam
2903 2231 3009 2287 per
3040 2230 3211 2287 spem
3268 2214 3619 2283 viridescere
3648 2214 3712 2271 in

348 2306 513 2371 Vsus,
552 2303 634 2359 l3.
667 2303 851 2372 Apud
874 2305 1067 2372 ipsum
1099 2312 1184 2361 est
1215 2307 1511 2375 sapientia
1536 2313 1593 2361 et
1613 2307 1932 2377 fortitudo,
2048 2303 2329 2367 audiente
2362 2303 2699 2369 videbatur,
2733 2304 2906 2370 Quod
2931 2310 3135 2367 autem
3167 2320 3291 2363 non
3323 2320 3570 2375 aquam,
3603 2303 3711 2358 sed

273 2394 399 2461 ipse
413 2392 591 2449 habet
617 2393 934 2457 comitium
960 2398 1015 2451 et
1046 2394 1532 2464 intelligentiam.
1559 2428 1625 2437 -
1649 2376 1782 2450 tisse
1812 2376 1935 2452 non
2046 2407 2242 2463 aquas
2272 2399 2589 2460 memorat,
2622 2393 2978 2465 pluralitatis
3010 2393 3435 2465 appellatione.
3468 2392 3549 2455 ad
3574 2407 3711 2464 sop-

274 2483 605 2551 incongrue
628 2481 706 2538 de
738 2482 1047 2551 Unigenito
1081 2483 1301 2539 summi
1341 2484 1527 2541 Patris
1581 2486 1932 2557 accipimus,
2051 2480 2349 2541 tiformem
2380 2482 2682 2545 donorum
2710 2482 3110 2554 spiritualium
3151 2483 3403 2550 gratiam
3441 2479 3709 2545 recurrit.

275 2577 341 2627 ut
390 2572 595 2643 ipsum
648 2587 779 2628 esse
824 2571 924 2627 Dei
979 2571 1344 2644 Sapientiam
1399 2575 1750 2631 sentiamus.
1784 2578 1933 2630 Nam
2053 2570 2330 2642 Sequitur
2365 2571 2470 2627 :Si
2495 2574 2753 2635 miserit
2807 2586 2925 2635 eas,
2958 2571 3302 2633 subvertem
3352 2575 3600 2630 terram.
3641 2599 3709 2608 -—

269 2660 490 2717 Paulus
515 2676 762 2733 quoque
792 2666 994 2717 nostro
1006 2660 1325 2718 intellectui
1349 2668 1662 2720 attestatur
1681 2664 1886 2720 dicens
1916 2684 1928 2720 :
2048 2659 2163 2717 Sed
2196 2659 2386 2715 sancti
2429 2660 2678 2732 Spiritus
2716 2659 2907 2730 gratia
2937 2673 3199 2731 superno
3245 2672 3494 2723 munere
3538 2657 3712 2725 juxta

270 2771 302 2803 ἰ(
338 2749 636 2819 Christum
692 2750 795 2808 Dei
820 2750 1098 2808 virtutem
1153 2755 1211 2807 et
1242 2751 1338 2807 Dei
1368 2753 1745 2824 sapientiam,
1788 2754 1933 2826 quia
2052 2763 2264 2812 Vocem
2291 2748 2674 2820 praedicantis
2734 2748 3090 2816 infunditur,
3131 2747 3331 2811 statim
3384 2750 3540 2809 terra
3563 2744 3710 2811 sub-

270 2839 440 2911 apud
466 2839 668 2911 ipsum
701 2854 940 2911 semper
968 2844 1059 2897 est
1115 2841 1173 2907 (Ι
1200 2840 1334 2896 Cor.
1358 2858 1397 2907 1,
1429 2843 1541 2909 24),
1584 2865 1611 2893 α
1646 2842 1788 2913 quia
1814 2866 1841 2895 ››
1872 2844 1933 2898 in
2050 2835 2314 2903 Vertitur,
2343 2836 2488 2906 quia
2518 2836 2864 2907 ρθοοαιιίοὶε
2892 2835 3109 2902 mentis
3133 2834 3372 2905 duritia.
3397 2833 3476 2897 ab
3503 2833 3713 2899 immo-

1968 2973 2013 3030 ο
2050 2924 2290 2991 bilitatis
2319 2939 2443 2979 suae
2495 2924 2893 2992 obstinatione
2936 2929 3331 2996 permutatur,
3361 2928 3424 2978 ut
3453 2927 3618 2985 tanto
3647 2936 3711 2979 se

270 3018 485 3083 Deum,
532 3020 592 3073 et
646 3018 799 3072 Deus
851 3021 979 3074 erat
1027 3016 1286 3073 Verbum
1315 3019 1514 3084 (Joan.
1549 3034 1587 3089 1,
1627 3019 1697 3086 ι).
1750 3019 1939 3075 Habet
1968 3010 2013 3030 ν
2052 3011 2443 3083 postmodum
2471 3012 2785 3082 praeceptis
2808 3011 3132 3077 Dominicis
3178 3010 3379 3075 ﬂendo
3409 3010 3711 3080 subjioiﬂ.

270 3110 483 3162 autem
507 3109 661 3161 Deus
682 3105 999 3163 consilium
1022 3109 1079 3163 et
1102 3106 1551 3175 intelligentiam
1576 3125 1590 3163 ε
1617 3108 1937 3164 consilium
2052 3105 2351 3171 quantum
2426 3100 2833 3173 superbiendo
2899 3100 3067 3171 prius
3124 3104 3333 3161 contra
3390 3098 3713 3164 Dominum

272 3192 550 3250 videlicet
603 3194 749 3267 quia
778 3194 1042 3267 disponit
1084 3210 1237 3262 sua;
1280 3195 1750 3266 intelligentiam,
1798 3198 1940 3268 quia
2050 3188 2346 3251 cervicem
2374 3188 2661 3259 erigebat.
2694 3190 2969 3260 Seqmtm'
3002 3205 3014 3243 ε

271 3283 590 3353 cognoscit
615 3288 840 3343 nostra.
873 3286 1069 3341 Potest
1116 3299 1360 3355 quoque
1411 3285 1641 3341 consilii
1694 3286 1939 3343 nomine
2128 3279 2290 3339 νεεδ.
2331 3277 2413 3333 16.
2445 3278 2630 3346 Aliud
2658 3279 2853 3346 ipsum
2879 3282 2964 3339 est
2990 3276 3291 3347 fortitudo
3311 3280 3366 3335 et
3393 3275 3710 3343 sapientia.

270 3372 411 3443 ipsa
440 3371 672 3429 occulta
710 3370 919 3442 judicii
966 3376 1132 3431 mota
1183 3372 1428 3441 signari,
1480 3373 1572 3431 vel
1623 3374 1789 3445 quod
1841 3374 1941 3430 ali-
2053 3399 2119 3406 —
2150 3366 2304 3433 Ollio
2323 3366 2484 3435 enim
2514 3365 2897 3438 omnipotens
2926 3368 3100 3431 Deus,
3132 3363 3368 3436 pietatis
3401 3379 3525 3423 suae
3551 3378 3715 3434 mys-

269 3460 526 3532 quando
580 3460 809 3533 tardius
854 3459 1268 3532 delinquentes
1306 3464 1577 3533 percutit,
1632 3479 1755 3519 non
1795 3463 1939 3535 quia
2051 3456 2197 3521 torio
2216 3456 2404 3521 homo
2433 3456 2625 3513 iactus
2656 3461 2764 3525 est,
2792 3456 2958 3527 prius
2988 3451 3470 3517 mansuetudinis
3494 3451 3715 3516 doctri-

274 3549 629 3621 iniquorum
658 3549 837 3623 culpa
866 3565 989 3607 non
1021 3549 1408 3623 conspicitur,
1440 3552 1544 3609 sed
1582 3556 1645 3609 ut
1682 3553 1938 3609 damna-
2051 3561 2198 3613 nam
2251 3544 2514 3616 protulit.
2574 3549 2633 3611 Bt
2690 3543 3083 3616 postmodum
3110 3543 3171 3608 in
3197 3541 3426 3613 iudicio
3471 3545 3715 3612 (Ιιιεωιεβ

274 3639 455 3699 tionis
482 3655 693 3698 eorum
715 3638 1049 3706 retinentia,
1076 3656 1211 3712 quae
1241 3657 1351 3714 pro
1379 3641 1617 3711 agenda
1642 3642 1937 3714 poeniten-
2051 3634 2125 3700 sit
2148 3633 2512 3701 fortitudinis
2569 3633 2859 3700 ostendit;
2894 3635 3050 3698 rocte
3106 3630 3382 3703 superius
3422 3628 3716 3702 sapientia
3746 3668 3757 3677 .

272 3728 361 3785 tia
414 3728 703 3799 differtur,
731 3728 907 3801 quasi
962 3729 1133 3789 tarda
1179 3745 1251 3787 ex
1298 3730 1546 3789 consilio
1595 3730 1832 3803 prodire
1864 3731 1941 3787 vi—
2052 3727 2190 3783 ante
2216 3721 2622 3789 fortitudinem
2657 3725 3046 3788 memoratur,
3072 3736 3213 3785 cum
3237 3719 3313 3775 de
3342 3719 3527 3775 Patris
3577 3718 3713 3779 Uni-

272 3818 510 3873 deatur.
534 3817 811 3893 Sequitur
844 3835 857 3872 :
2051 3810 2250 3880 genito
2281 3810 2498 3875 dicitur
2530 3827 2541 3863 :
2577 3832 2603 3857 ‹‹
2635 3810 2813 3881 Apud
2840 3810 3044 3881 ipsum
3068 3815 3158 3864 est
3201 3808 3496 3880 sapientia
3519 3811 3577 3867 et
3600 3808 3718 3865 for-

351 3908 517 3963 Vens.
553 3908 639 3962 l4.
679 3907 748 3965 Si
774 3906 1165 3967 destruxerit.
1199 3921 1367 3965 nemo
1397 3913 1482 3963 est
1535 3908 1639 3978 qui
1668 3908 1935 3976 aediﬁcet.
2050 3899 2238 3965 tundo
2295 3900 2475 3968 (Dan-
2510 3914 2569 3966 μιν
2597 3899 2708 3963 20),
2734 3921 2762 3947 υ
2816 3898 2966 3965 Quia
2994 3913 3137 3960 vero
3182 3897 3264 3961 ad
3314 3896 3714 3967 iudicandum

271 4026 344 4047 .-—
378 3994 772 4064 Omnipotens
800 3995 955 4053 Deus
985 3994 1321 4053 humanum
1375 4010 1479 4055 cor
1522 3994 1771 4051 destruit
1799 4012 1934 4057 cum
2048 3987 2316 4055 veniam,
2371 3988 2433 4042 in
2484 3991 2701 4049 torrore
2731 4003 2855 4041 suae
2908 3986 3136 4049 virtutis
3168 3986 3503 4057 apparebit,
3535 3989 3595 4043 et
3620 4000 3713 4044 re-

270 4081 561 4153 relinquit
585 4099 598 4148 ;
620 4079 895 4148 aediﬁcat,
913 4080 1061 4139 dum
1086 4081 1291 4152 replet.
1319 4084 1525 4153 Neque
1545 4082 1706 4151 enim
1725 4084 1939 4141 huma-
2050 4075 2239 4147 pulsis
2268 4073 2559 4145 reprobis,
2589 4074 2789 4139 electis
2808 4074 2932 4130 suis
2958 4074 3020 4135 in
3045 4089 3233 4143 regno
3255 4078 3543 4144 perpetuo
3568 4087 3715 4144 qua-

272 4189 423 4230 nam
451 4174 716 4235 mentem
757 4168 1118 4229 debellando
1146 4170 1417 4241 destruit,
1449 4170 1555 4227 sed
1584 4171 1938 4239 recedendo,
2050 4166 2182 4229 liter
2212 4163 2287 4228 sit
2316 4162 2608 4233 sapientia
2632 4163 2817 4227 Patris
2845 4161 3171 4229 indicavit;
3216 4166 3374 4219 recte
3406 4161 3470 4223 in
3512 4160 3718 4219 subse-

274 4262 423 4335 quia
451 4260 531 4316 ad
588 4259 985 4333 perditionem
1017 4260 1237 4317 sufﬁcit
1289 4260 1402 4316 sibi
1452 4260 1720 4317 dimissa.
1776 4262 1940 4317 Unde
1978 4319 2022 4335 η
2052 4250 2259 4324 quonti
2286 4251 2580 4317 sententia
2606 4251 2774 4323 apud
2799 4251 3000 4324 ipsum
3030 4267 3161 4307 esse
3191 4251 3356 4323 prius
3385 4251 3713 4321 fortitudo,

275 4319 635 4425 plerumque
664 4349 751 4421 fit,
783 4353 850 4405 ut
879 4366 1018 4406 cum
1051 4350 1303 4407 audiens
1345 4351 1722 4420 exigentibus
1748 4351 1939 4424 culpis
1978 4319 2024 4375 Β
2054 4319 2109 4398 έῐ
2135 4346 2289 4413 post,
2316 4343 2614 4410 sapientia
2647 4319 2887 4396 dicitur.
2936 4319 3215 4413 Sequitur
3241 4358 3254 4394 ε
3306 4319 3443 4410 Ipse
3471 4342 3635 4403 novit

276 4440 708 4513 omnipotentis
761 4439 864 4495 Dei
892 4440 1084 4510 gratia
1131 4456 1256 4496 non
1312 4440 1591 4514 repletur,
1624 4442 1935 4497 incassum
2052 4432 2439 4515 decipientem
2467 4436 2521 4486 et
2565 4446 2697 4493 eum
2743 4433 2849 4501 qui
2891 4431 3209 4500 decipitur.
3262 4463 3330 4471 -
3384 4435 3462 4491 U6
3496 4428 3717 4503 iniquis

277 4529 538 4587 exterius
589 4544 626 4584 a
674 4529 1067 4601 praedicatore
1097 4534 1450 4599 moneatur;
1511 4530 1654 4603 quia
1701 4538 1938 4587 mutum
2050 4521 2296 4593 quidem
2328 4520 2615 4586 Dominus
2648 4519 2915 4585 dicturus
2958 4526 3046 4577 est
3078 4538 3091 4575 :
3121 4543 3148 4569 α
3189 4520 3476 4581 Discedite
3509 4534 3546 4577 a
3596 4533 3714 4587 me:

276 4623 370 4675 est
397 4634 466 4673 os
492 4634 674 4687 omne
694 4617 860 4690 quod
888 4617 1170 4690 loquitur,
1202 4618 1253 4674 si
1277 4618 1372 4675 ille
1394 4618 1644 4674 interius
1671 4620 1733 4674 in
1759 4620 1938 4679 corde
2049 4610 2195 4682 quia
2220 4609 2420 4664 neSCiO
2446 4624 2553 4663 VOS
2585 4607 2823 4677 (Manlio
2851 4623 2992 4674 XXV.
3019 4608 3130 4677 41).
3170 4632 3196 4657 η
3252 4608 3368 4671 Sed
3396 4608 3542 4679 quia
3568 4606 3718 4669 scire

277 4722 405 4763 non
457 4705 695 4776 clamet,
749 4706 855 4778 qui
907 4707 1132 4778 aspirat
1157 4706 1345 4763 verba
1395 4723 1533 4778 quin
1590 4707 1937 4771 audiuntur.
2054 4699 2154 4763 Dei
2187 4696 2516 4767 aliquando
2562 4710 2927 4763 θοςηοεοθιιθ
2956 4695 3190 4763 dicitur,
3239 4695 3566 4768 aliquando
3614 4709 3716 4765 ap-

282 4794 389 4851 Hic
438 4794 735 4867 Propheta
775 4794 856 4862 ait
914 4813 927 4850 τ
982 4817 1009 4843 ‹‹
1062 4795 1181 4850 Nisi
1234 4796 1521 4861 Dominus
1561 4795 1943 4852 aediﬁcaverit
2051 4786 2328 4859 probare.
2356 4790 2414 4849 Bt
2440 4784 2546 4849 scit
2575 4783 2870 4852 iniquum:
2921 4784 3065 4855 quia
3113 4784 3537 4854 οοεηρεοβιιάο
3559 4783 3715 4855 indi'

276 4884 555 4953 domum,
613 4883 676 4939 in
733 4898 961 4939 vanum
1013 4883 1289 4939 laborant
1344 4884 1449 4955 qui
1478 4882 1777 4941 tediiieant
1807 4899 1941 4941 eam
2053 4880 2167 4939 ϐἂῐτ
2201 4876 2398 4943 Neque
2421 4871 2583 4937 enim
2602 4871 2883 4943 iniquum
2910 4872 3262 4943 quempiam
3282 4871 3635 4943 iudicasset,
3667 4872 3718 4931 εί

276 4973 471 5042 (Paul.
505 4988 695 5043 an“,
733 4973 803 5043 l).
839 4995 867 5025 η
928 4972 1205 5044 Sequitur
1246 4990 1258 5027 :
1290 4974 1361 5029 Si
1398 4975 1710 5031 incluserit
1759 4974 1943 5031 hamis
2054 4976 2445 5033 nequaquam
2469 4964 2874 5030 ϐοεηρεαθινθιο
2910 4963 2977 5017 Εἴ
3030 4965 3231 5027 tamen
3277 4961 3555 5037 iniquum
3584 4978 3719 5026 nes-

275 5075 437 5127 nem,
466 5078 637 5119 nemo
693 5068 777 5119 est
822 5064 928 5133 qui
976 5063 1229 5132 aperiat.
1259 5095 1328 5103 —-—
1354 5062 1506 5131 Quia
1536 5062 1734 5120 omnis
1762 5063 1944 5119 homo
2054 5052 2150 5122 cit,
2181 5051 2326 5127 quia
2374 5050 2504 5121 eius
2562 5050 2719 5113 facta
2748 5065 2870 5115 non
2899 5051 3217 5124 approbat.
3270 5055 3337 5114 Et
3377 5054 3545 5116 novit
3573 5066 3716 5121 ergo

279 5165 390 5223 per
450 5151 512 5207 id
570 5152 737 5224 quod
793 5152 950 5209 male
1001 5152 1143 5222 agit,
1196 5152 1344 5224 quid
1387 5151 1499 5207 sibi
1548 5151 1710 5219 aliud
1755 5167 1938 5223 quam
2057 5142 2201 5214 quia
2219 5139 2632 5212 depretiendit,
2661 5144 2718 5196 et
2746 5140 2927 5207 novit,
2955 5142 3247 5214 quianon
3278 5144 3715 5218 approbat.No-

277 5240 658 5297 conscientiae
713 5258 837 5297 suae
892 5256 1192 5298 carcerem
1242 5241 1399 5311 facit,
1443 5245 1507 5296 ut
1553 5241 1713 5296 hunc
1744 5244 1944 5299 reatus
2056 5228 2140 5291 Vit
2163 5228 2382 5287 etenim
2411 5227 2826 5300 desipientem,
2858 5230 3004 5301 quia
3030 5231 3389 5304 plerumque
3416 5226 3715 5295 anteriora

278 5327 468 5391 animi
529 5336 785 5403 premat,
845 5331 1079 5387 etiamsi
1134 5346 1314 5387 nemo
1365 5329 1622 5386 exterius
1655 5334 1893 5385 accuset
1918 5329 1945 5384 ‘i
2057 5319 2187 5389 ejus
2218 5316 2380 5383 mala
2408 5317 2718 5390 conspicit,
2751 5323 2807 5379 et
2834 5319 2996 5377 hunc
3035 5321 3198 5392 justo
3244 5316 3470 5389 judicio
3501 5313 3714 5375 cadere

281 5418 396 5482 Qui
446 5435 587 5475 cum
636 5419 946 5491 judicante
1006 5423 1126 5475 Deo
1167 5419 1231 5475 in
1261 5418 1501 5475 malitiae
1533 5435 1655 5473 suae
1684 5419 1944 5473 caecitate
2058 5412 2238 5471 etiam
2290 5407 2351 5472 in
2393 5405 2510 5470 alia
2552 5413 2797 5478 peccata
2853 5408 3158 5480 permittit.
3212 5403 3508 5475 Scriptum
3566 5410 3657 5463 est
3698 5421 3710 5460 :

279 5505 656 5581 relinquitur,
687 5509 865 5582 quasi
909 5509 1065 5564 intra
1094 5507 1483 5580 semetipsum
1523 5505 1818 5563 clauditur
1870 5522 1946 5588 ne
2058 5522 2086 5559 ς(
2120 5500 2231 5568 Qui
2251 5504 2426 5560 nocet
2455 5503 2669 5565 noceat
2698 5499 2918 5565 adhuc,
2947 5502 3004 5553 et
3039 5494 3229 5588 qui
3273 5493 3556 5588 sordibus
3600 5499 3709 5560 est,

281 5596 583 5655 evadendi
602 5598 806 5661 locum
836 5597 1118 5660 inveniat,
1151 5612 1332 5669 quem
1377 5597 1642 5654 invenire
1693 5584 1945 5653 minime
2059 5591 2365 5651 sordescat
2410 5590 2609 5651 adhuc
2657 5592 2866 5660 (Apoc.
2906 5599 3055 5653 xxn,
3111 5585 3217 5656 tt).
3273 5605 3301 5633 »
3349 5584 3523 5642 Novit
3566 5597 3715 5654 qum
