4128 6158
454 155 557 213 223

1500 152 1556 207 S.
1597 149 1856 207 ODONIS
1895 141 2192 202 ABBATIS
2231 137 2739 197 CLUNlACENSlS
2779 139 2824 191 11

3773 133 3896 187 224

455 296 572 353 que
604 284 662 336 et
686 295 824 334 eum
853 277 958 350 qui
1013 276 1323 349 decipitur,
1369 275 1513 348 quia
1543 289 1698 347 saepe
1729 271 2108 330 committunt
2136 269 2185 322 Α
2219 261 2605 353 ρτωᾱὶοειῃάο
2633 275 2877 318 veraces
2907 260 3102 353 erant,
3131 255 3293 353 dum
3349 253 3704 353 temporalia
3745 255 3898 310 dili-

454 369 730 424 homines
752 365 912 422 mala
937 383 1074 437 quae
1106 365 1317 429 sciunt,
1351 369 1407 420 et
1437 363 1658 419 idcirco
1685 361 2109 436 permittuntur

455 455 671 528 decipi,
730 459 796 509 ut
845 454 1064 510 cadant
1119 453 1180 508 in
1210 453 1373 510 mala
1419 452 1600 510 etiam
1627 468 1765 524 quae
1815 447 2106 506 nesciunt.

455 544 626 610 Quod
657 547 860 600 tamen
890 543 1152 614 deceptis
1182 541 1512 616 aliquando
1553 542 1632 598 ad
1663 539 2107 614 purgationem,

455 633 782 706 aliquando
814 633 892 690 ad
923 632 1162 688 ultionis
1191 632 1428 688 initium
1453 631 1582 686 ﬁeri
1613 630 1778 686 solet.
1801 627 2107 700 Sequitur:

525 725 700 778 Vens.
738 723 822 777 17.
853 723 1116 778 Adducit
1145 722 1520 778 consiliarios
1541 723 1605 776 in
1635 720 1886 775 stultum
1909 719 2111 785 ﬁnem.

455 842 524 852 —-
554 810 812 866 Adducit
855 814 1054 866 autem
1105 809 1475 864 consiliarios
1522 807 1585 862 in
1627 805 1874 862 stultum
1905 802 2108 870 ﬁnem,

456 917 596 957 cum
625 899 806 956 etiam
833 899 1065 955 bonum
1105 897 1416 971 quodlibet
1442 912 1566 953 non
1594 896 1760 951 bona
1786 893 2111 950 intentione

457 989 701 1058 faciunt,
731 988 837 1044 sed
859 989 936 1044 ad
967 987 1311 1059 temporalis
1341 985 1609 1042 muneris
1659 981 2112 1040 retributionem

457 1077 730 1133 tendunt.
783 1079 956 1132 Recte
1031 1075 1209 1130 etiam
1268 1073 1636 1130 consiliarios
1692 1070 2113 1144 praedicatores

459 1165 807 1238 accipimus,
857 1164 960 1236 qui
1016 1163 1140 1218 suis
1195 1161 1570 1218 auditoribus
1619 1160 1940 1218 consilium
1981 1159 2112 1214 vitae

455 1255 746 1328 praebent.
778 1253 892 1309 Sed
915 1269 1054 1308 cum
1076 1251 1432 1324 praedicator
1451 1251 1708 1324 quisque
1737 1250 1870 1305 ideo
1891 1252 2114 1304 aeterna

456 1343 760 1417 praedicat,
789 1347 854 1396 ut
873 1341 1228 1413 temporalia
1251 1341 1420 1396 lucra
1441 1344 1864 1412 consequatur,
1887 1337 2115 1410 profec-

457 1437 516 1487 to
537 1432 598 1485 in
630 1429 876 1485 stultum
899 1429 1084 1485 ﬁnem
1115 1429 1450 1496 deducitur,
1483 1429 1629 1501 quia
1685 1428 1786 1483 illo
1814 1443 1921 1500 per
1947 1425 2114 1481 labo-

457 1535 586 1575 rem
607 1519 813 1586 tendit,
845 1518 1004 1573 unde
1047 1535 1153 1590 per
1183 1518 1396 1574 mentis
1452 1517 1864 1574 rectitudinem
1913 1516 2114 1586 fugere

459 1607 683 1664 debuit.
722 1606 998 1678 Sequitur
1025 1623 1036 1660 :
1069 1606 1148 1661 Et
1166 1607 1402 1674 judices
1439 1611 1765 1676 stuporem.
1798 1637 1866 1644 —-
1892 1606 2112 1660 Omnes
2145 1616 2186 1669 Β

459 1697 618 1751 enim
671 1696 776 1766 qui
819 1695 880 1750 in
910 1694 1329 1750 examinandis
1375 1695 1628 1751 aliorum
1660 1693 1930 1750 moribus
1959 1708 2113 1765 prae-

460 1789 617 1850 sunt,
676 1788 830 1838 recte
881 1783 1114 1853 judices
1175 1789 1488 1839 vocantur.
1551 1783 1662 1839 Sed
1721 1799 1858 1838 cum
1911 1782 1961 1836 is
2010 1781 2114 1853 qui

456 1877 673 1944 praeest
725 1871 1135 1942 subjectorum
1187 1871 1372 1926 vitam
1425 1887 1815 1943 nequaquam
1869 1869 2113 1925 sollicite

457 1961 716 2030 discutit,
749 1975 945 2032 neque
974 1959 1230 2032 qualiter
1283 1960 1538 2030 corrigat
1568 1959 1860 2030 agnoscit,
1905 1958 1966 2014 in
1997 1961 2114 2012 stu-

458 2063 666 2120 porem
692 2048 880 2119 judex
903 2047 1196 2104 deductus
1218 2052 1326 2114 est,
1359 2047 1504 2120 quia
1529 2048 1636 2119 qui
1657 2047 1928 2118 judicare
1953 2045 2114 2100 mala

459 2142 590 2194 acta
615 2137 840 2204 debuit,
873 2153 1263 2209 nequaquam
1303 2153 1375 2192 ea
1425 2153 1563 2208 quae
1590 2135 1922 2206 judicanda
1951 2139 2110 2198 sunt,

457 2221 868 2298 deprehendit.
903 2225 1178 2296 Sequitur
1207 2244 1219 2280 :

527 2317 694 2370 Vens.
729 2317 814 2369 18.
839 2315 1118 2369 Balteum
1158 2329 1364 2384 regum
1391 2315 1683 2376 dissolvit,
1717 2317 1772 2369 et
1794 2313 2115 2382 praecingit

453 2404 602 2472 fune
631 2418 798 2460 renes
829 2419 1054 2459 eorum.
1087 2434 1156 2442 -—
1192 2402 1346 2468 Quid
1376 2403 1437 2457 in
1471 2402 1612 2457 fune
1651 2401 1958 2472 accipitur,
1999 2401 2115 2456 nisi

455 2497 790 2564 peccatum,
840 2491 992 2546 sicut
1047 2490 1108 2544 in
1170 2490 1490 2546 Salomone
1545 2490 1761 2545 dicitur
1793 2507 1806 2544 :
1841 2511 1867 2539 ‹‹
1903 2489 2118 2562 Iniqui-

457 2585 605 2636 tates
633 2595 755 2634 suae
789 2578 1033 2650 capiunt
1061 2577 1337 2649 impium,
1362 2581 1419 2633 et
1446 2577 1692 2632 funibus
1729 2582 2114 2650 peccatorum

457 2683 704 2722 suorum
760 2665 1184 2735 constringitur
1213 2668 1414 2735 (Prov.
1465 2683 1514 2732 γ,
1547 2669 1656 2734 22).
1694 2689 1718 2714 η
1761 2666 1824 2720 In
1869 2665 2113 2720 renibus

458 2762 658 2813 autem
702 2755 897 2811 carnis
932 2755 1241 2811 delectatio
1287 2755 1592 2827 accipitur.
1637 2758 1865 2824 Regum
1915 2755 2115 2827 itaque

456 2845 724 2902 balteum
745 2844 1031 2910 dissolvit,
1047 2844 1294 2916 quando
1311 2845 1370 2899 in
1391 2845 1484 2900 his
1496 2845 1764 2916 quibene
1779 2859 1983 2914 regere
2005 2861 2116 2900 sua

2220 357 2424 425 gentes
2451 351 2530 408 ad
2561 356 2792 408 terrena
2823 351 3112 405 corruunt
3131 344 3364 403 labium
3383 344 3688 400 veracium
3713 360 3898 400 com-

2223 445 2505 510 mutatur,
2539 446 2595 497 et
2615 455 2830 496 senum
2841 436 3115 494 doctrina
3137 434 3379 504 tollitur,
3397 433 3543 505 quia
3561 433 3894 502 diligentes

2221 529 2686 603 temporalia.....
2722 541 2970 582 suorum
3003 527 3302 597 praecepta
3333 526 3670 594 sequuntur
3697 527 3764 578 ut
3792 522 3897 578 lo—

2221 637 2362 676 cum
2384 617 2691 688 regiminis
2715 614 2891 688 quasi
2907 614 2986 669 ad
3011 615 3272 669 fructum
3286 611 3608 684 voluptatis
3619 615 3895 679 teneant,

2221 724 2346 764 non
2377 707 2454 763 ad
2484 722 2664 762 usum
2693 704 2940 761 laboris.
2969 702 3140 766 Quod
3167 707 3370 758 tamen
3393 702 3656 772 apertius
3683 701 3762 756 de
3787 703 3902 756 Ju-

2223 796 2368 854 daeis
2397 795 2554 852 valet
2581 793 2847 864 intelligi.
2873 792 2978 864 qui
3003 789 3625 848 anteinearnationem
3647 791 3900 846 Domini
3923 837 3942 844 _

2221 901 2466 942 veraces
2493 886 2750 952 fuerunt,
2782 883 2926 955 quia
2951 883 3114 938 hunc
3163 885 3485 936 venturum
3515 895 3651 936 esse
3697 880 3899 936 credi-

2223 973 2442 1030 derunt
2466 977 2644 1044 atque
2673 971 3118 1026 nuntiaverunt.
3137 969 3252 1026 Sed
3265 973 3590 1042 postquam
3611 968 3672 1024 in
3701 985 3900 1024 carne

2225 1062 2523 1136 apparuit,
2581 1061 2742 1116 hunc
2791 1074 2920 1114 esse
2975 1061 3366 1127 negaverunt.
3401 1055 3650 1112 Labium
3679 1057 3899 1130 itaque

2223 1151 2528 1208 veracium
2579 1153 2879 1205 mutatum
2909 1152 3016 1216 est,
3075 1146 3219 1219 quia
3247 1161 3430 1218 quem
3453 1151 3776 1202 venturum
3803 1146 3902 1202 di-

2222 1243 2453 1306 xerant,
2485 1241 2858 1308 negaverunt
2886 1239 3267 1308 praesentem,
3295 1239 3352 1288 et
3371 1232 3643 1290 doctrina
3665 1250 3894 1290 senum

2227 1329 2433 1384 ablata
2487 1331 2595 1396 est,
2629 1325 2775 1398 quia
2825 1339 3216 1396 nequaquam
3265 1338 3336 1378 ea
3365 1321 3663 1378 credendo
3693 1323 3902 1378 secuti

2227 1421 2383 1483 sunt,
2415 1431 2551 1488 quae
2577 1419 2776 1488 patres
2806 1429 2947 1470 suos
2969 1411 3372 1468 meminerunt
3395 1410 3762 1482 praedixisse.
3785 1411 3902 1466 Sin

2225 1519 2367 1559 vero
2394 1519 2564 1560 senes
2589 1504 2838 1560 eosdem
2864 1517 3108 1576 quoque
3133 1501 3370 1558 Judteos
3395 1500 3749 1572 accipimus,
3779 1501 3902 1573 qui

2227 1591 2515 1648 suadente
2545 1592 2814 1666 perﬁdia,
2852 1591 3117 1648 Veritatis
3145 1590 3332 1646 verbo
3357 1590 3648 1646 contraire
3676 1589 3896 1645 conati

2227 1685 2393 1748 sunt;
2427 1681 2700 1737 doctrina
2731 1696 2944 1736 senum
2975 1679 3180 1735 ablata
3205 1682 3313 1744 est,
3343 1681 3665 1751 postquam
3723 1677 3898 1734 hanc

2227 1769 2487 1826 Ecclesia
2512 1787 2582 1825 ex
2613 1769 2889 1841 gentibus
2938 1767 3210 1824 videlicet
3263 1766 3584 1838 juvencula
3629 1767 3918 1838 accepit,-

2226 1875 2362 1931 quae
2393 1875 2500 1931 per
2529 1859 2903 1915 Psalmistam
2931 1857 3074 1914 dicit
3106 1875 3118 1913 :
3149 1879 3175 1906 «
3209 1859 3399 1929 Super
3429 1871 3596 1912 senes
3623 1855 3898 1912 intellexi

2225 1948 2414 2015 (Psal.
2439 1964 2632 2016 cxvm,
2669 1947 2813 2015 100).
2848 1969 2877 1996 »
2913 1947 3190 2019 Sequitur
3224 1963 3236 2000 :

2296 2039 2462 2090 Vens.
2495 2036 2582 2091 21.
2613 2036 2949 2105 Effundens
2975 2035 3404 2104 despectionem
3431 2048 3612 2102 super
3657 2033 3898 2102 princi-

2219 2140 2346 2194 pes,
2379 2131 2434 2180 et
2461 2140 2554 2180 eos
2586 2125 2690 2196 qui
2726 2126 2994 2196 oppressi
3019 2125 3270 2193 fuerant
3309 2124 3600 2179 relevans.
3635 2153 3704 2162 —
3737 2125 3898 2178 Cum

2223 2213 2384 2269 enim
2405 2213 2754 2269 Judaaorum
2784 2213 3046 2286 populus
3077 2213 3136 2268 in
3163 2213 3311 2282 legis
3342 2211 3628 2268 mandato
3649 2226 3896 2283 perma-

2222 2307 2407 2370 neret,
2441 2307 2498 2358 et
2521 2307 2735 2358 cuncta
2761 2303 3056 2373 gentilitas
3085 2302 3251 2358 nulla
3285 2301 3384 2376 Dei
3441 2305 3744 2372 praecepta
3793 2316 3899 2355 co-

2224 2396 2554 2460 gnosceret,
2592 2396 2650 2448 et
2683 2391 2762 2446 illi
2788 2407 2896 2465 per
2925 2391 3107 2447 ﬁdem
3138 2390 3461 2464 principari
3499 2388 3896 2457 videbantur,

2224 2485 2282 2536 et
2309 2479 2406 2536 isti
2437 2480 2500 2536 in
2529 2481 2830 2553 profundo
2861 2481 3052 2553 pressi
3095 2480 3410 2550 jacuerant
3437 2493 3544 2551 per
3571 2477 3900 2534 inﬁdelita-

2225 2573 2362 2624 tem.
2390 2569 2506 2626 Sed
2535 2585 2674 2624 cum
2705 2569 3132 2626 incarnationis
3175 2567 3496 2624 Dominicee
3526 2567 3898 2638 mysterium

2222 2658 2428 2714 Iudaea
2467 2659 2724 2729 negavit,
2757 2658 3054 2729 gentilitas
3085 2657 3354 2723 credidit,
3405 2661 3464 2713 et
3491 2655 3800 2729 principes
3831 2657 3902 2711 in

2224 2748 2669 2821 despectionem
2727 2749 3088 2816 ceciderunt,
3141 2753 3200 2804 et
3235 2749 3297 2803 hi
3348 2747 3452 2820 qui
3505 2746 3786 2819 oppressi
3831 2745 3900 2802 in

2224 2838 2401 2910 culpa
2429 2838 2697 2910 perﬁdiae
2721 2838 2974 2904 fuerant,
3003 2838 3064 2893 in
3089 2853 3246 2894 verte
3269 2836 3690 2893 ﬁdeilibertate
3707 2835 3902 2891 levati

457 2935 735 2990 membra
759 2933 1137 3000 videbantur,
1153 2937 1396 3006 propter
1412 2933 1682 2989 elationis
1704 2933 1968 3006 culpam,
1989 2951 2114 2990 cas—
2145 2967 2185 3023 Ο
2225 2933 2380 2983 sunt.
2441 2928 2618 2984 Aliter
2648 2947 2660 2983 :
2695 2929 2996 3001 Principes
3036 2928 3252 2983 etenim
3285 2943 3408 2982 non
3451 2925 3754 2982 immerito
3786 2941 3898 2981 vo-

459 3023 634 3079 titatis
659 3022 720 3077 in
741 3023 824 3077 eis
852 3021 1160 3092 cingulum
1193 3020 1461 3088 destruit,
1493 3026 1560 3076 ut
1584 3037 1794 3076 eorum
1821 3022 2109 3078 membris
2149 3012 2185 3023 ν
2221 3021 2434 3072 cantur
2475 3015 2580 3087 (Illi
2610 3015 2732 3070 suis
2775 3031 3013 3088 semper
3041 3014 3502 3084 cogitationibus
3541 3012 3900 3086 principan-

455 3110 767 3167 delectatio
797 3111 1024 3184 peccati
1054 3110 1413 3165 dominetur.
1452 3110 1726 3182 Sequitur
1754 3129 1766 3164 :

527 3203 698 3256 Vens.
757 3200 838 3254 19.
884 3201 1060 3254 Ducit
1089 3199 1422 3254 sacerdotes
1461 3199 1838 3268 ingloriosos,
1870 3206 1922 3255 et
1967 3201 2116 3269 opti-

457 3295 643 3345 mates
660 3290 1034 3356 supplantat.
1065 3289 1276 3356 Magna
1297 3287 1623 3342 sacerdotis
1654 3287 1844 3358 gloria
1868 3293 1975 3358 est,
1993 3305 2110 3345 rec-

457 3375 647 3430 titudo
678 3373 1077 3430 subditorum.
1113 3373 1276 3429 Unde
1295 3373 1450 3429 bene
1469 3374 1743 3444 egregius
1757 3375 2114 3448 prcedicator

458 3463 765 3534 discipulis
798 3463 974 3517 dicit:
999 3484 1028 3511 ‹‹
1063 3464 1204 3527 Quae
1225 3467 1314 3518 est
1333 3467 1540 3518 nostra
1565 3479 1720 3536 spes,
1745 3469 1800 3520 et
1821 3465 2112 3533 gaudium

459 3557 563 3608 aut
586 3567 810 3607 corona
862 3551 1082 3620 glorias.
1139 3553 1342 3607 Nonne
1373 3568 1482 3607 vos
1508 3558 1643 3609 ante
1675 3554 1997 3610 Dominum
2023 3555 2051 3610 ?
2081 3577 2110 3604 ››

459 3640 518 3706 (Ι
543 3639 737 3695 Thess.
773 3655 834 3710 n,
869 3640 971 3710 19).
1014 3639 1126 3694 Sed
1180 3657 1319 3696 cum
1356 3641 1693 3698 sacerdotes
1723 3641 1910 3698 vitam
1939 3642 2114 3698 disci-

456 3726 742 3799 pulorum
769 3727 1100 3798 negligunt,
1133 3733 1190 3784 et
1243 3729 1477 3786 nullum
1523 3729 1598 3784 de
1625 3745 1834 3786 eorum
1863 3745 2110 3802 provec-

461 3815 617 3870 tibus
639 3819 776 3871 ante
807 3819 991 3872 Deum
1023 3818 1282 3873 fructum
1305 3818 1520 3885 ferunt,
1555 3817 1700 3890 quid
1733 3818 1896 3874 aliud
1922 3835 2109 3891 quam

457 3902 764 3972 ingloriosi
818 3905 1122 3962 ducuntur
1149 3907 1176 3960 *ἶ
1225 3906 1374 3968 Quia
1426 3911 1563 3962 ante
1594 3905 1926 3962 districtum
1963 3907 2112 3972 iudi-

459 4007 588 4046 cem
619 3992 904 4048 nimirum
929 3994 1180 4062 gloriam
1235 3999 1376 4050 tunc
1407 4009 1530 4049 non
1555 3993 1890 4058 inveniunt,
1923 4011 2110 4068 quam

457 4081 641 4136 modo
693 4082 756 4137 in
800 4082 1180 4139 subditorum
1212 4099 1458 4139 suorum
1515 4083 1785 4140 moribus
1827 4085 2113 4157 praedica-

455 4169 632 4224 tionis
663 4171 862 4226 studio
892 4187 1014 4227 non
1045 4171 1383 4243 exquirunt.
1415 4171 1692 4243 Sequitur
1723 4174 1840 4228 :Et
1868 4175 2112 4243 optima-

456 4265 540 4315 tes
567 4263 942 4329 supplantat.
972 4295 1040 4304 ——
1096 4261 1244 4326 Quia
1285 4277 1424 4316 cum
1477 4266 1741 4318 mentem
1774 4263 2108 4333 regentium

449 4349 616 4420 justo
639 4351 864 4421 judicio
911 4351 1130 4408 deserit
1151 4351 1298 4422 haec,
1352 4353 1652 4408 internum
1709 4353 2110 4408 retributionis

454 4439 770 4508 praemium
801 4457 924 4497 non
953 4439 1219 4512 requirit,
1253 4445 1309 4495 et
1327 4441 1388 4495 in
1414 4455 1484 4496 eo
1511 4440 2108 4514 supplantaturquod

453 4526 690 4597 fallitur,
738 4535 801 4585 ut
825 4545 934 4601 pro
987 4533 1209 4583 aeterna
1239 4527 1448 4596 gloria,
1490 4527 1566 4583 de
1596 4528 1934 4602 principatu
1965 4536 2109 4586 tem-

451 4617 644 4688 porali
674 4618 1016 4687 gratuletur.
1047 4616 1323 4686 Sequitur
1356 4634 1368 4671 :

527 4708 691 4760 Vens.
723 4706 810 4760 20.
843 4705 1228 4760 Commutans
1259 4705 1484 4761 labium
1539 4709 1862 4772 veracium,
1893 4713 1947 4763 et
1975 4707 2108 4764 doc-

453 4796 674 4849 trinam
703 4809 908 4848 senum
937 4794 1239 4862 auferens.
1267 4825 1336 4833 —
1359 4798 1507 4850 Cum
1531 4795 1808 4852 sacerdos
1839 4811 1962 4852 non
1987 4798 2110 4868 agit

448 4879 614 4935 bona
641 4895 774 4951 quae
801 4880 1084 4952 loquitur,
1117 4881 1170 4936 ei
1194 4882 1374 4938 etiam
1399 4897 1594 4938 sermo
1613 4883 2000 4953 subtrahitur,
2029 4903 2106 4942 ne

449 4967 616 5038 loqui
645 4967 864 5025 audeat
891 4969 1058 5041 quod
1086 4985 1208 5025 non
1238 4976 1538 5042 operatur,
1553 4972 1827 5046 sicutper
1851 4975 2104 5047 Prophe-

451 5060 574 5111 tam
603 5055 816 5112 dicitur
849 5075 861 5112 :
897 5079 924 5106 ‹‹
958 5059 1253 5114 Peccatori
1283 5065 1482 5116 autem
1509 5059 1656 5116 dixit
1675 5063 1827 5117 Deus
1862 5079 1874 5116 :
1909 5064 2103 5127 Quare

451 5147 515 5197 tu
543 5158 788 5199 enarras
810 5144 1070 5214 justitias
1089 5161 1277 5214 meas,
1307 5151 1364 5202 et
1387 5148 1648 5204 assumis
1677 5152 2102 5204 testamentum

454 5247 654 5288 meum
685 5247 794 5305 per
849 5249 916 5289 os
967 5238 1137 5290 tuum
1166 5234 1194 5288 ?
1229 5257 1254 5283 η
1290 5236 1670 5305 (Ρεαι,.χι,ιχ,
1741 5240 1848 5304 16).
1885 5239 1948 5292 Et
1982 5237 2102 5308 ple-

447 5337 705 5395 rumque
729 5327 938 5378 doctor
951 5323 1056 5396 qui
1079 5322 1292 5380 docere
1305 5325 1486 5381 audet
1508 5323 1675 5398 quod
1695 5325 1941 5395 negligit
1961 5340 2100 5394 age-

447 5425 530 5477 re,
555 5427 692 5466 cum
710 5412 1120 5469 desieritbona
1133 5413 1300 5485 loqui
1313 5429 1450 5485 quae
1471 5413 1704 5485 operari
1721 5414 2100 5486 contempsit.

448 5499 664 5558 docere
691 5503 897 5575 incipit
925 5503 1164 5558 subdito
1195 5519 1385 5575 prava
1411 5519 1546 5576 quae
1587 5503 1726 5574 agit.
1761 5504 2102 5560 Commutat

447 5603 590 5659 ergo
617 5589 850 5650 labium
887 5591 1212 5660 veracium,
1249 5591 1396 5663 quia
1419 5591 1482 5648 hi
1519 5592 1626 5666 qui
1650 5592 1816 5664 prius
1841 5593 2102 5651 ccelestia

2223 3110 2334 3172 tur,
2372 3120 2704 3176 omnesque
2751 3104 2960 3160 stultos
3005 3109 3206 3159 motus
3243 3106 3536 3176 potestate
3573 3101 3900 3174 sapientia

2221 3193 2645 3266 comprimunt.
2669 3193 2778 3250 Sed
2807 3208 2964 3264 saepe
2981 3192 3290 3263 contingit,
3319 3195 3384 3246 ut
3409 3191 3470 3246 in
3497 3189 3736 3246 occulto
3755 3189 3900 3245 ani-

2221 3301 2359 3339 mus
2373 3285 2449 3339 de
2471 3299 2602 3356 ipsa
2617 3300 2727 3339 sua
2747 3283 3040 3354 sapientia
3061 3282 3122 3338 in
3135 3281 3404 3338 elationis
3431 3281 3590 3337 fastu
3613 3280 3902 3336 subleve-

2219 3377 2336 3440 tur,
2366 3377 2422 3430 et
2445 3373 2559 3428 sub
2585 3373 2669 3428 eis
2693 3373 2843 3428 vitiis
2873 3376 3128 3438 corruat,
3161 3372 3236 3426 de
3257 3370 3476 3443 quibus
3505 3386 3568 3426 se
3595 3371 3898 3426 victorem

2220 3457 2406 3514 fuisse
2434 3459 2758 3530 gaudebat.
2789 3460 2904 3516 Sed
2932 3475 3374 3532 nonnunquam
3404 3458 3466 3514 hi
3493 3457 3600 3530 qui
3631 3457 3696 3512 in
3725 3457 3895 3513 vitiis

2215 3547 2415 3619 jacere
2448 3549 2744 3620 videntur,
2774 3549 2854 3606 ad
2883 3549 3244 3622 paenitentia:
3267 3569 3274 3576 ·
3294 3548 3556 3604 lamenta
3609 3553 3893 3618 currunt,

2222 3653 2404 3710 seque
2433 3643 2640 3696 contra
2665 3639 2896 3712 culpas,
2922 3639 3144 3712 quibus
3159 3637 3577 3710 subjacebant,
3606 3637 3890 3706 erigunt;

2221 3731 2282 3782 et
2338 3727 2454 3783 sub
2505 3745 2568 3784 se
2625 3729 3016 3801 postmodum
3047 3728 3243 3785 carnis
3291 3744 3414 3783 sua:
3447 3730 3650 3784 motus
3683 3725 3895 3798 depri-

2221 3821 2412 3884 munt,
2444 3833 2480 3872 a
2508 3818 2730 3890 quibus
2760 3823 2896 3874 ante
2927 3817 3375 3891 premebantur.
3409 3815 3689 3890 Sequitur
3723 3833 3734 3870 :

2291 3909 2460 3962 Vens.
2487 3911 2576 3962 22.
2607 3907 2722 3974 Qui
2759 3909 2984 3964 revelat
3029 3907 3342 3977 pro/unda
3385 3907 3458 3962 de
3509 3906 3792 3970 tenebris,
3833 3911 3894 3962 et

2211 3997 2496 4065 producit
2525 3997 2588 4052 in
2630 3998 2818 4054 lucem
2857 3997 3129 4053 umbram
3179 3997 3407 4052 mortis.
3443 4027 3510 4035 —
3539 3995 3694 4050 Cum
3719 3995 3892 4050 enim

2219 4100 2464 4157 quoque
2493 4086 2746 4157 mystica
2771 4085 2845 4141 de
2875 4085 3121 4141 occultis
3151 4088 3581 4158 prophetarum
3611 4083 3816 4139 verbis
3851 4102 3893 4142 a

2220 4173 2600 4230 credentibus
2631 4179 3060 4244 agnoscuntur,
3091 4174 3240 4246 quid
3290 4173 3455 4229 aliud
3501 4187 3690 4244 quam
3745 4188 3890 4244 pro—

2222 4260 2412 4316 funda
2439 4261 2513 4316 de
2543 4260 2801 4316 tenebris
2829 4260 3168 4316 revelantur
3195 4261 3224 4314 ?
3253 4259 3400 4315 Hinc
3431 4258 3720 4315 Dominus
3751 4260 3836 4316 ait
3871 4278 3886 4316 :

2219 4373 2249 4398 α
2295 4352 2436 4415 Quae
2492 4349 2627 4404 dico
2687 4349 2860 4404 vobis
2907 4349 2968 4404 in
3016 4348 3295 4414 tenebris,
3354 4347 3528 4404 dicite
3559 4348 3621 4404 in
3651 4349 3890 4406 lumine

2220 4439 2461 4508 (Matth.
2493 4455 2554 4504 x,
2583 4439 2695 4509 27).
2733 4460 2760 4486 η
2803 4437 3024 4492 Umbra
3071 4442 3272 4493 autem
3299 4437 3506 4492 mortis
3561 4441 3690 4493 erat
3727 4436 3888 4508 legis

2218 4527 2456 4596 duritia,
2515 4541 2650 4598 quae
2723 4541 3217 4598 unumquemque
3268 4529 3618 4596 peccantem
3685 4532 3888 4582 morte

2216 4616 2483 4688 corporis
2539 4614 2752 4688 punire
2807 4615 3130 4672 sanciebat.
3195 4614 3307 4672 Sed
3361 4619 3690 4686 postquam
3773 4617 3886 4670 Re-

2214 4705 2492 4777 demptor
2521 4708 2722 4759 noster
2753 4703 3133 4776 asperitatem
3161 4703 3368 4774 legalis
3413 4701 3742 4759 sanctionis
3771 4718 3886 4774 per

2213 4795 2740 4852 mansuetudinem
2785 4793 3154 4866 temperavit,
3187 4808 3310 4848 non
3361 4793 3488 4862 jam
3535 4807 3644 4863 pro
3695 4791 3884 4863 culpa

2213 4891 2468 4941 mortem
2499 4884 2696 4940 carnis
2729 4883 2942 4938 inferni
2971 4882 3291 4942 constituit.
3327 4881 3432 4936 sed
3463 4897 3626 4935 mors
3683 4896 3882 4951 quan-

2213 4977 2341 5029 tum
2363 4973 2629 5029 timenda
2657 4979 2814 5029 esset
2837 4973 3140 5028 indicavit.
3175 4972 3238 5026 In
3283 4971 3414 5026 luce
3445 4969 3656 5042 procul
3685 4969 3879 5024 dubio

2213 5061 2495 5118 umbram
2525 5063 2732 5118 mortis
2755 5061 3053 5134 produxit.
3083 5063 3196 5116 Ista
3217 5060 3436 5116 etenim
3462 5074 3624 5114 mors
3656 5057 3720 5114 in
3750 5073 3880 5130 qua

2211 5165 2350 5205 caro
2381 5154 2692 5223 separatur
2718 5150 2796 5206 ab
2819 5148 3050 5216 anima;
3085 5147 3304 5204 umbra
3327 5147 3486 5203 illius
3519 5145 3728 5202 mortis
3761 5151 3874 5212 est,

2206 5237 2268 5293 in
2294 5255 2418 5312 qua
2444 5239 2649 5295 anima
2679 5242 2989 5311 separatur
3018 5254 3056 5293 a
3103 5239 3244 5294 Deo.
3277 5239 3342 5293 In
3397 5237 3529 5292 luce
3570 5250 3714 5304 ergo
3747 5250 3879 5290 um-

2207 5327 2320 5385 bra
2345 5328 2550 5384 mortis
2579 5327 2946 5401 producitur,
2981 5343 3120 5382 cum
3151 5327 3451 5382 intellecta
3483 5328 3676 5380 morte
3703 5323 3878 5394 spiri-

2209 5419 2303 5472 tus
2333 5433 2496 5473 mors
2525 5416 2720 5474 carnis
2752 5415 2999 5472 minime
3029 5409 3292 5472 timetur.‘
3312 5414 3487 5470 Aliter
3519 5429 3531 5466 :
3565 5409 3876 5466 Profunda

2207 5506 2370 5562 enim
2405 5505 2480 5561 de
2511 5505 2770 5561 tenebris
2807 5505 3096 5560 Dominus
3151 5505 3392 5570 revelat,
3421 5499 3672 5574 quando
3703 5514 3876 5571 aper-

2209 5596 2272 5649 ta
2301 5593 2592 5650 sententia
2643 5609 2715 5648 ex
2745 5591 2991 5649 occultis
3021 5593 3145 5652 suis
3199 5590 3458 5654 consiliis
3494 5586 3746 5659 judicat,
3805 5590 3878 5660 ut,
