4146 6156
249 127 345 179 225

244 248 314 303 de
343 259 716 317 unoquoque
745 259 880 316 qua:
915 243 1127 299 sentiat
1155 244 1447 299 ostendat.
1465 242 1613 308 Quia
1633 241 1793 296 enim
1818 239 1894 293 vi—
1928 243 1968 294 A

241 337 337 393 det
364 351 530 391 nunc
575 337 813 390 Creator
854 333 1076 398 omnia,
1105 337 1162 388 et
1200 333 1326 404 ipse
1379 332 1438 387 in
1483 329 1742 387 consiliis
1774 344 1896 383 non

240 427 496 494 videtur,
553 429 708 480 recte
760 423 832 479 de
891 423 989 478 illo
1046 440 1152 496 per
1208 422 1585 478 Psalmistam
1643 419 1893 474 dicitur:

243 540 270 566 «
297 516 498 572 Posuit
522 515 796 571 tenebras
825 512 1138 568 latibulum
1173 529 1348 567 suum
1380 512 1566 578 (Psal.
1589 526 1722 576 xvu,
1752 512 1895 575 12).»

242 606 466 662 Umbra
501 605 661 660 enim
707 603 910 658 mortis
955 607 1045 657 est
1093 619 1283 674 prava
1327 600 1611 675 operatio,
1645 615 1779 672 quae
1823 596 1897 651 de

235 695 568 751 imitatione
599 691 820 764 antiqui
852 692 1044 746 hostis
1088 692 1260 763 quasi
1313 691 1386 745 de
1418 689 1684 761 corporis
1713 688 1897 742 linea-

238 784 457 840 mentis
488 779 857 852 exprimitur.
895 782 972 834 De
1017 796 1140 852 quo
1189 780 1367 835 etiam
1419 779 1533 832 sub
1581 775 1898 847 cujusdam

137 923 139 926 .
240 870 674 943 signiﬁcatione
701 868 950 924 dicitur:
987 891 1014 916 «
1040 872 1106 923 Et
1136 884 1358 924 nomen
1389 867 1470 922 illi
1502 882 1666 921 mors
1691 866 1895 935 (Apoc.

239 979 312 1023 vi,
336 963 412 1024 8).
435 981 463 1008 »
503 961 568 1014 Et
597 957 954 1030 plerumque
981 958 1112 1027 ejus
1138 956 1406 1026 maligna
1436 954 1713 1025 cogitatio
1735 967 1899 1007 men-

241 1055 329 1106 tes
355 1048 674 1104 hominum
717 1045 876 1111 latet,
910 1050 1089 1117 atque
1133 1061 1239 1117 per
1279 1046 1394 1100 hoc
1438 1043 1602 1117 quod
1641 1042 1902 1098 nescitur

239 1138 499 1211 amplius
529 1135 834 1209 praevalet.
865 1136 1087 1190 Umbra
1118 1151 1262 1203 ergo
1310 1135 1369 1189 in
1400 1134 1596 1189 lucem
1627 1131 1900 1205 produci-

240 1233 352 1293 tur,
385 1226 534 1280 dum
575 1227 922 1279 sanctorum
969 1222 1271 1278 mentibus
1321 1221 1588 1290 maligna
1632 1219 1898 1293 operatio

239 1316 468 1388 antiqui
499 1314 684 1370 hostis
715 1317 779 1368 ut
807 1312 1029 1368 destrui
1057 1311 1245 1385 possit
1269 1312 1551 1384 aperitur.
1582 1310 1858 1382 Sequitur
1883 1327 1894 1363 :

309 1409 473 1461 Vens.
500 1409 589 1460 23.
627 1403 741 1470 Qui
762 1404 1131 1472 multiplicat
1158 1408 1378 1472 gentes,
1406 1408 1458 1457 et
1481 1401 1684 1471 perdit
1709 1415 1823 1459 eas,
1844 1404 1898 1454 et

238 1495 550 1552 subversas
579 1493 644 1547 in
676 1494 975 1561 integrum
1007 1492 1290 1546 restituit.
1318 1523 1386 1530 —-
1418 1489 1663 1560 lntelligi
1692 1488 1901 1544 fortas-

239 1601 300 1640 se
331 1583 510 1650 valet,
541 1581 832 1653 quoniam
879 1584 1083 1649 gentes
1124 1579 1413 1635 Dominus
1462 1577 1815 1650 multiplicat
1844 1581 1899 1632 et
1927 1589 1972 1642 Β

240 1673 454 1747 perdit,
485 1670 630 1743 quia
661 1674 988 1725 nascuntur
1025 1669 1292 1742 quotidie
1341 1668 1629 1724 morituri.
1662 1668 1740 1722 Et
1769 1666 1900 1721 sub-

243 1778 441 1820 versas
489 1763 552 1815 in
594 1762 891 1830 integrum
924 1760 1212 1824 restituet,
1245 1758 1388 1830 quia
1430 1759 1750 1825 resurgunt
1795 1754 1902 1827 qui

243 1853 457 1909 fuerint
492 1849 730 1906 mortui.
767 1848 940 1914 Quod
971 1851 1168 1904 tamen
1216 1847 1429 1903 melius
1469 1846 1820 1918 accipimus,
1853 1845 1902 1900 si

243 1944 378 2011 hoc,
406 1940 660 2014 qualiter
705 1938 767 1993 in
810 1953 1020 1993 earum
1069 1940 1266 1992 mente
1308 1936 1522 2005 agitur,
1552 1935 1898 1990 sentiamus.

244 2028 583 2102 Multiplicat
608 2027 771 2084 enim
817 2031 1021 2095 gentes
1069 2030 1125 2080 et
1153 2025 1366 2096 perdit,
1398 2024 1542 2096 quia
1573 2039 1675 2079 eas
1702 2028 1760 2078 et
1799 2037 1905 2094 per

245 2117 667 2174 fecunditatem
699 2113 922 2171 sobolis
953 2111 1235 2180 extendit,
1265 2115 1321 2166 et
1347 2115 1548 2166 tamen
1573 2110 1630 2165 in
1661 2109 1906 2182 propria

243 2207 592 2264 inﬁdelitate
620 2202 1000 2274 derelinquit.
1028 2202 1139 2257 Sed
1165 2201 1476 2257 subversas
1505 2217 1568 2255 ιη
1605 2201 1904 2269 integrum

245 2299 534 2364 restituet,
566 2295 709 2368 quia
749 2309 902 2366 quas
931 2292 993 2347 in
1022 2290 1385 2346 inﬁdelitatis
1412 2306 1557 2346 casu
1589 2289 1908 2360 reliquerat

244 2386 614 2460 quandoque
645 2383 724 2439 ad
753 2382 893 2438 ﬁdei
919 2385 1139 2436 statum
1170 2379 1429 2436 reducet.
1464 2378 1777 2452 Sequitur:

321 2479 487 2531 Vens.
521 2477 610 2529 24.
665 2472 781 2539 Qui
823 2473 1100 2525 immutat
1153 2484 1256 2524 cor
1309 2469 1654 2538 principum
1695 2467 1911 2536 populi

247 2579 443 2632 terrce,
473 2570 528 2620 et
567 2563 794 2631 decepit
824 2576 916 2616 eos
950 2566 1013 2615 ut
1045 2560 1282 2629 frustra
1313 2559 1597 2614 incedant
1620 2573 1734 2626 per
1761 2557 1904 2612 invi-

251 2673 392 2713 cem.
420 2687 488 2694 ——
515 2656 626 2710 Cor
646 2651 805 2707 enim
831 2648 1173 2722 principum
1195 2653 1364 2704 terrm
1390 2647 1774 2703 immutatum
1796 2649 1906 2714 est,

251 2761 389 2800 cum
419 2743 482 2798 in
512 2740 718 2796 Judaaa
753 2737 972 2793 summi
1021 2736 1359 2792 sacerdotes
1406 2741 1465 2791 et
1507 2735 1769 2790 seniores
1806 2749 1911 2805 po-

250 2833 377 2907 puli
407 2831 489 2887 illi
543 2845 653 2885 suo
701 2827 946 2884 consilio
978 2826 1358 2882 conabantur
1387 2824 1695 2891 obsistere,
1727 2839 1912 2895 quem

1085 120 1382 176 EPITOME
1419 112 1786 175 MORALIUM
1827 114 1882 169 S.
1925 110 2129 169 GREG.
2173 113 2239 169 IN
2278 115 2422 170 JOB.
2465 145 2532 154 —-
2571 113 2700 172 LIB.
2742 118 2828 173 XI.

3556 124 3661 178 226

2633 241 2862 295 CAPUT
2899 241 3034 296 XIII.

2077 379 2248 433 Vens.
2283 384 2328 434 l.
2370 379 2525 436 Ecce
2553 381 2754 435 omnia
2791 380 2914 437 hac
2957 383 3103 438 vidit
3135 386 3342 440 oculns
3391 401 3574 454 meus,
3607 394 3662 444 et

2007 467 2240 523 audivit
2265 471 2432 524 auris
2459 485 2607 525 mea.
2631 499 2693 509 —-
2725 470 2790 524 In
2817 469 2916 525 illo
2943 471 3101 526 enim
3132 488 3203 529 ea
3229 490 3365 545 quae
3388 480 3665 532 secutura

2009 560 2177 610 erant
2219 556 2457 614 videbat
2499 557 2854 627 assistentia,
2883 559 2977 614 cui
3007 575 3116 614 nec
3158 561 3354 618 futura
3392 567 3660 634 veniunt,

2007 659 2116 700 nec
2175 647 2467 717 praeterita
2509 647 2843 716 discedunt,
2891 648 2995 703 sed
3044 655 3257 705 cuncta
3304 651 3481 708 simul
3527 658 3662 710 ante

2008 733 2214 788 oculos
2245 735 2374 804 ejus
2405 734 2710 791 assistunt.
2747 737 2859 792 Sed
2891 736 3202 792 utilitatem
3232 737 3390 796 dicta
3414 756 3537 797 non
3560 743 3666 797 ha-

2010 822 2169 884 bent,
2202 825 2245 878 si
2291 825 2588 881 intellectu
2632 832 2852 882 carent.
2901 827 3208 900 Sequitur:
3265 829 3342 882 Et
3391 831 3668 887 intellexi

2004 927 2118 981 per
2154 914 2416 982 singula.
2448 946 2515 953 —
2546 917 2693 971 Cum
2739 915 2896 970 enim
2939 915 3166 988 aliquid
3214 917 3545 973 ostenditur
3573 919 3669 974 vel

2009 1000 2268 1069 auditur,
2303 1001 2353 1055 si
2378 1001 2709 1058 intellectus
2740 1019 2863 1059 non
2890 1003 3186 1076 tribuitur,
3209 1006 3524 1078 prophetia
3554 1007 3667 1062 mi—

2009 1089 2168 1144 nime
2200 1094 2306 1145 est.
2332 1090 2483 1145 Vidit
2512 1107 2776 1163 namque
2811 1093 3038 1148 Pharao
3059 1109 3166 1164 per
3197 1094 3501 1150 somnium
3532 1112 3666 1168 quae

2007 1183 2177 1233 erant
2205 1182 2457 1252 Egypto
2484 1185 2735 1236 ventura
2760 1182 2925 1250 (Gen.
2961 1198 3067 1250 xu,
3106 1183 3207 1243 l7).
3247 1183 3358 1239 Sed
3390 1184 3534 1256 quia
3569 1199 3671 1239 ne-

2007 1266 2193 1338 quivit
2241 1266 2565 1337 intelligere
2630 1269 2794 1340 quod
2856 1268 3018 1334 vidit,
3074 1271 3369 1341 propheta
3446 1271 3670 1327 scilicet

2007 1370 2130 1408 non
2188 1354 2316 1409 fuit.
2365 1355 2606 1427 Aspexit
2662 1356 2966 1412 Balthazar
3017 1373 3118 1412 rex
3173 1358 3489 1414 articulum
3536 1377 3668 1415 ma-

2008 1459 2122 1497 nus
2175 1443 2483 1498 scribentis
2537 1443 2599 1498 in
2644 1443 2865 1516 pariete
2920 1448 3098 1511 (Dan.
3132 1450 3326 1516 v.25),
3379 1447 3485 1502 sed
3533 1463 3669 1520 pro-

2007 1531 2190 1603 pheta
2217 1547 2340 1586 non
2382 1531 2510 1600 fuit,
2543 1532 2688 1605 quia
2712 1532 3074 1588 intellectum
3105 1534 3186 1590 rei
3217 1551 3402 1606 quam
3442 1536 3671 1592 viderat

2009 1635 2131 1674 non
2208 1621 2454 1692 accepit.
2513 1623 2581 1676 Ut
2650 1621 2828 1692 igitur
2884 1621 3096 1678 beatus
3156 1622 3266 1678 Job
3341 1625 3670 1696 prophetiae

2011 1706 2281 1779 spiritum
2340 1723 2401 1762 se
2451 1707 2673 1764 habere
2721 1712 2980 1776 testetur,
3026 1725 3150 1765 non
3196 1710 3390 1766 solum
3431 1711 3670 1765 audisse

2009 1801 2065 1851 et
2095 1796 2333 1863 vidisse,
2365 1797 2472 1851 sed
2502 1797 2682 1853 etiam
2712 1798 3070 1854 intellexisse
3112 1815 3174 1854 se
3205 1798 3410 1855 omnia
3441 1799 3668 1855 asserit.

2014 1885 2289 1956 Sequitur
2313 1902 2325 1938 :

2083 2011 2248 2063 Vsas.
2283 2013 2334 2062 2.
2369 2011 2709 2066 Secundum
2742 2013 3049 2066 scientiam
3074 2018 3331 2068 vestram
3361 2019 3417 2069 et
3441 2029 3546 2084 ego
3573 2031 3674 2070 no-

2013 2099 2090 2163 vi,
2125 2113 2231 2152 nec
2261 2099 2518 2166 inferior
2547 2100 2728 2154 vestri
2753 2116 2904 2155 sum.
2930 2132 2996 2140 ——
3030 2100 3258 2164 Quibus
3291 2101 3556 2158 videlicet
3583 2103 3674 2158 di-

2012 2186 2118 2242 ctis
2147 2186 2406 2242 innotuit
2442 2194 2682 2260 quantae
2711 2189 3063 2245 humilitatis
3095 2190 3220 2258 fuit,
3255 2192 3360 2263 qui
3388 2209 3448 2246 se
3478 2193 3562 2248 eis
3591 2193 3676 2248 in-

2013 2275 2288 2331 feriorem
2339 2281 2538 2347 negat,
2597 2294 2860 2349 quorum
2911 2279 3098 2334 vitam
3159 2284 3360 2335 sancte
3421 2280 3677 2337 vivendo

2013 2363 2192 2433 longe
2249 2365 2716 2421 transcenderat.
2773 2370 2921 2422 Nam
2975 2372 3031 2422 et
3081 2368 3416 2424 secundum
3468 2385 3680 2427 eorum

2016 2454 2326 2510 scientiam
2360 2471 2422 2510 se
2453 2471 2631 2510 nosse
2658 2456 2994 2521 conﬁrmat,
3020 2457 3123 2528 qui
3155 2457 3399 2513 sciendo
3419 2459 3681 2514 coelestia

2015 2559 2227 2599 eorum
2268 2547 2530 2600 terrenas
2580 2544 2972 2615 cogitationes
3003 2561 3110 2617 per
3139 2546 3466 2618 prophetia
3509 2547 3681 2618 spiri-

2017 2637 2145 2689 tum
2178 2633 2485 2689 transibat.
2522 2634 2799 2706 Sequitur
2827 2653 2838 2690 :

2090 2761 2237 2812 Vens
2269 2763 2321 2813 3.
2353 2759 2470 2814 Sed
2499 2764 2696 2814 tamen
2734 2776 2867 2815 cum
2913 2762 3326 2830 Omnipotente
3364 2763 3600 2833 loquar,
3629 2768 3685 2818 et

2021 2849 2334 2916 disputare
2365 2863 2496 2903 cum
2527 2849 2648 2903 Deo
2671 2851 2862 2917 cupio.
2885 2881 2952 2888 —-
2977 2852 3124 2905 Cum
3156 2850 3574 2922 Omnipotente
3600 2850 3686 2906 lo-

250 2923 419 2998 Prius
465 2924 784 3006 Yenmmm
835 2932 965 3010 e§59
1008 2914 1440 3010 Prifdici‘bant-
1475 2915 1745 3010 Ciumque
1785 2912 1912 3010 eius
1945 2941 1984 2994 ρ
2021 2935 2284 3006 quimur,
2337 2935 2486 2990 dum
2552 2936 2681 3005 ejus
2737 2936 3212 2992 misericordiam
3266 2912 3684 3010 deprecamur.

251 2995 480 3069 nomen
520 3005 938 3081 persequendo
989 3003 1339 3060 molirentur
1388 3002 1786 3072 exstinguere,
1817 3001 1914 3056 de-

254 3101 414 3174 cepti
441 3115 549 3154 sua
579 3096 806 3152 malitia
836 3093 1110 3150 incedere
1141 3108 1247 3165 per
1289 3093 1545 3148 invicem
1575 3091 1794 3147 frustra
1821 3105 1915 3146 co-

257 3190 581 3247 nabantur.
616 3184 891 3257 Sequitur
913 3202 925 3237 :

329 3281 496 3332 Vens.
520 3280 608 3331 25.
643 3273 992 3343 Palpabunt
1025 3272 1200 3343 quasi
1226 3287 1288 3326 in
1321 3271 1596 3339 tenebris,
1621 3277 1675 3325 et
1705 3286 1824 3325 non
1854 3270 1916 3324 in

262 3371 421 3424 luce.
448 3399 513 3407 —
543 3365 653 3431 Qui
681 3363 841 3419 enim
871 3362 1021 3418 inter
1051 3365 1134 3416 tot
1176 3359 1467 3416 miracula
1513 3365 1718 3432 aperta
1748 3358 1920 3430 trepi-

257 3458 388 3522 dat,
416 3455 586 3528 quasi
610 3453 672 3508 in
697 3451 951 3507 tenebris
979 3449 1206 3523 palpat,
1232 3449 1376 3521 quia
1400 3447 1568 3521 quod
1597 3447 1782 3518 tangit
1797 3462 1919 3503 non

257 3545 442 3602 videt.
477 3542 680 3600 Omnis
710 3556 852 3597 vero
880 3540 985 3612 qui
1014 3543 1190 3609 errat,
1222 3554 1383 3594 nunc
1413 3538 1551 3605 huc,
1583 3553 1744 3592 nunc
1782 3535 1921 3591 illuc

258 3634 534 3691 ducitur:
590 3636 644 3688 et
691 3630 835 3703 quia
880 3628 1208 3700 aliquando
1253 3626 1654 3683 ostendebant
1683 3625 1922 3681 credere

259 3740 406 3781 cum
433 3722 731 3778 dicerent:
785 3740 802 3769 ι
835 3719 955 3775 Nisi
985 3719 1081 3773 hic
1111 3722 1268 3773 esset
1298 3732 1334 3771 a
1368 3720 1506 3782 Deo,
1540 3731 1663 3771 non
1694 3718 1925 3787 poterat

258 3813 458 3869 facere
487 3811 826 3884 quidquam
877 3809 1077 3878 (Joan.
1104 3823 1182 3876 ιχ,
1213 3807 1324 3874 23).
1350 3827 1377 3853 ››
1413 3803 1753 3876 Aliquando
1783 3817 1925 3858 vero

259 3903 424 3957 hanc
475 3916 511 3955 a
560 3903 682 3955 Deo
725 3914 852 3952 esse
897 3893 1299 3963 denegabant,
1352 3909 1490 3948 cum
1534 3891 1926 3963 despicientes

259 3989 568 4044 dicerent:
623 4007 649 4033 «
674 3989 882 4039 Nonne
911 3982 1006 4037 hic
1037 3986 1129 4036 est
1158 3979 1311 4035 fabri
1339 3979 1543 4034 ﬁlius?
1573 3983 1780 4034 Nonne
1806 3993 1930 4032 ma-

262 4083 354 4134 ter
405 4076 538 4145 ejus
587 4072 801 4128 dicitur
842 4071 1039 4136 Maria,
1073 4074 1127 4124 et
1179 4069 1389 4124 fratres
1418 4068 1548 4136 ejus
1571 4065 1828 4121 Jacobus
1875 4071 1931 4121 et

261 4164 516 4237 Joseph,
544 4167 602 4218 et
632 4161 834 4218 Simon
880 4163 936 4216 et
971 4158 1174 4226 Judas,
1209 4162 1266 4213 et
1297 4171 1528 4212 sorores
1571 4156 1702 4227 ejus
1729 4169 1928 4210 nonne

2025 3025 2173 3078 Cum
2205 3039 2276 3078 eo
2305 3039 2444 3078 vero
2474 3023 2880 3096 disputamus,
2910 3025 3058 3080 dum
3107 3042 3218 3080 nos
3247 3026 3406 3081 illius
3440 3027 3690 3096 conjun-

2026 3117 2231 3184 gentes
2257 3111 2523 3183 justitiae,
2552 3112 2706 3168 facta
2738 3119 2942 3169 nostra
2967 3113 3167 3168 subtili
3197 3113 3582 3185 indagatione
3607 3114 3694 3169 di-

2025 3201 2333 3257 scutimus.
2367 3200 2465 3256 Vel
2495 3206 2650 3256 certe
2703 3218 2841 3257 cum
2889 3203 3007 3257 Deo
3060 3201 3370 3274 disputare
3419 3208 3508 3258 est
3551 3219 3692 3259 eum

2025 3291 2129 3362 qui
2159 3290 2253 3344 hic
2280 3290 2409 3360 ejus
2429 3290 2741 3362 praeceptis
2767 3291 2984 3362 paruit,
3014 3307 3154 3346 cum
3177 3291 3276 3346 illo
3299 3289 3693 3364 postmodum

2029 3379 2108 3434 ad
2132 3378 2496 3449 judicandos
2526 3379 2785 3452 populos
2811 3379 3080 3450 judicem
3118 3381 3343 3447 venire,
3378 3381 3528 3436 sicut
3554 3396 3696 3436 cun-

2028 3471 2122 3523 cta
2160 3466 2637 3539 relinquentibus
2668 3467 3166 3539 praedicatoribus
3220 3467 3472 3524 dicitur:
3527 3471 3694 3523 «Vos

2029 3556 2133 3630 qui
2179 3555 2362 3612 secuti
2407 3556 2546 3612 estis
2591 3572 2710 3624 me,
2737 3556 2797 3612 in
2827 3556 3277 3627 regeneratione
3309 3573 3450 3612 cum
3483 3557 3700 3612 sederit

2031 3645 2191 3700 ﬁlius
2215 3645 2477 3701 hominis
2507 3645 2570 3700 in
2601 3645 2739 3701 sede
2790 3646 3119 3716 majestatis
3151 3663 3296 3716 suae,
3331 3646 3612 3702 sedebitis
3644 3649 3700 3700 et

2031 3751 2137 3790 vos
2182 3750 2362 3806 super
2417 3733 2738 3790 duodecim
2778 3736 3046 3801 thronos,
3089 3735 3430 3806 judicantes
3475 3735 3702 3790 duode-

2036 3824 2153 3878 cim
2186 3823 2375 3878 tribus
2407 3823 2584 3878 Israel
2617 3824 2851 3893 (Matth.
2890 3841 3009 3891 xxx,
3036 3827 3148 3891 28).
3177 3847 3204 3872 ››
3238 3825 3423 3896 Loqui
3453 3840 3596 3894 ergo
3622 3823 3703 3879 ad

2037 3912 2392 3980 orationem,
2439 3910 2744 3982 disputare
2805 3912 2881 3966 ad
2925 3911 3221 3981 judicium
3277 3913 3549 3983 pertinet.
3599 3911 3704 3966 Vir

2037 3998 2216 4067 igitur
2247 4002 2488 4053 sanctus
2537 3997 2720 4053 modo
2771 3999 2848 4052 ad
2902 3998 3386 4068 Omnipotentem
3415 3999 3702 4070 loquitur,

2039 4089 2106 4140 ut
2153 4100 2291 4138 cum
2338 4083 2753 4156 Omnipotente
2793 4083 3187 4155 postmodum
3236 4085 3519 4157 disputet.
3556 4086 3706 4152 Quia

2041 4173 2137 4229 ille
2187 4189 2326 4228 cum
2375 4175 2490 4228 Deo
2542 4172 2936 4245 postmodum
2983 4173 3171 4244 judex
3226 4175 3405 4242 venit,
3461 4175 3564 4248 qui
3610 4173 3707 4230 hic

265 4253 437 4327 apud
489 4267 600 4307 nos
653 4249 881 4306 sunt?»
924 4249 1159 4320 (Matth.
1193 4262 1310 4316 xm,
1510 4244 1817 4342 Sequitur:
1850 4245 1917 4299 Et

2045 4263 2098 4318 ei
2127 4261 2310 4318 modo
2337 4262 2397 4318 in
2422 4244 2598 4335 prece
2624 4262 2928 4320 familiaris
2950 4263 3250 4320 exstiterit.
3282 4244 3577 4336 Sequitur.

267 4357 481 4401 errare
523 4356 614 4397 eos
641 4340 828 4408 faciet
858 4338 1034 4410 quasi
1056 4337 1266 4393 ebrios.
1293 4367 1361 4374 —
1386 4333 1679 4389 Videbant
1705 4332 1931 4405 quippe

270 4448 416 4490 eum
458 4435 515 4486 et
561 4428 851 4484 suscitare
899 4431 1188 4493 mortuos,
1218 4430 1275 4480 et
1326 4429 1528 4480 tamen
1558 4438 1686 4478 esse
1717 4425 1934 4477 morta-

268 4521 416 4587 lem,
445 4519 591 4592 quia
639 4532 762 4574 non
813 4515 1122 4572 crederent
1151 4518 1360 4582 Deum,
1392 4528 1575 4584 quem
1606 4510 1934 4583 conspicie-

270 4611 425 4667 bant
453 4609 740 4664 suscitare
773 4611 1080 4662 mortuum
1099 4607 1126 4660 ‘I
1180 4604 1296 4661 Sed
1326 4619 1568 4658 rursum
1608 4617 1746 4657 cum
1776 4602 1937 4657 hunc

273 4699 593 4756 mortalem
626 4696 1056 4769 conspicerent,
1077 4693 1492 4767 despiciebant
1513 4692 1752 4748 credere
1779 4692 1939 4746 hunc

274 4787 681 4844 immortalem
709 4801 839 4842 esse
867 4789 1074 4840 Deum.
1103 4787 1210 4838 Per
1237 4783 1351 4838 hoc
1382 4797 1522 4850 ergo
1552 4781 1718 4852 quod
1745 4780 1939 4834 omni-

275 4883 495 4951 potens
529 4879 682 4932 Deus
711 4873 890 4930 talem
942 4890 1004 4928 se
1063 4888 1270 4928 eorum
1303 4869 1490 4926 oculis
1517 4869 1804 4936 exhibuit,
1837 4869 1942 4940 qui

276 4965 471 5039 possit
511 4969 569 5020 et
597 4963 801 5020 divina
833 4961 1146 5019 ostendere
1186 4963 1243 5015 et
1271 4960 1541 5014 humana
1570 4958 1714 5030 pati,
1748 4973 1942 5013 errare

278 5069 387 5109 eos
439 5052 613 5125 quasi
660 5051 858 5108 ebrios
912 5050 1069 5118 facit,
1103 5053 1169 5105 ut
1216 5063 1424 5104 eorum
1473 5046 1774 5118 superbia,
1806 5062 1942 5118 quae

276 5141 715 5199 incarnationis
771 5141 902 5212 ejus
963 5138 1315 5211 mysterium
1381 5134 1684 5206 despicere
1736 5135 1948 5190 maluit

276 5246 475 5303 quam
527 5229 716 5302 sequi,
749 5233 804 5284 et
853 5231 1060 5284 contra
1108 5224 1547 5282 humanitatem
1593 5223 1722 5293 ejus
1763 5240 1826 5277 se
1852 5239 1946 5278 ex-

276 5319 536 5387 tolleret,
566 5320 718 5375 inter
761 5319 1058 5374 lucentem
1106 5314 1428 5371 divinitatis
1457 5312 1588 5382 ejus
1619 5313 1947 5384 potentiam

279 5408 628 5464 miraretur.
665 5409 806 5473 Quae
859 5409 1075 5460 cuncta
1127 5404 1269 5474 quia
1329 5403 1539 5457 beatus
1595 5401 1706 5455 Joh
1763 5400 1949 5454 oculis

279 5497 590 5570 presentia
617 5512 724 5569 per
755 5492 1081 5567 prophetiae
1113 5491 1383 5563 spiritum
1417 5490 1572 5546 facta
1604 5493 1762 5554 sunt,
1795 5493 1949 5543 recte

284 5586 565 5659 sequitur
588 5604 602 5640 :

2117 4388 2267 4443 Vens
2296 4391 2349 4444 4.
2392 4389 2573 4444 Prius
2626 4404 2723 4444 vos
2770 4390 3079 4446 ostendens
3124 4390 3522 4459 fabricatores
3550 4407 3708 4448 men-

2043 4478 2224 4545 dacii,
2257 4483 2312 4534 et
2356 4479 2613 4534 cultores
2660 4493 3079 4547 perversorum
3117 4480 3461 4549 dogmatum
3515 4513 3585 4522 —
3626 4479 3710 4534 Li-

2044 4569 2189 4638 quet
2207 4565 2367 4621 enim
2394 4565 2538 4638 quia
2562 4565 2994 4622 catholicorum
3014 4566 3277 4635 ﬁguram
3298 4582 3422 4623 non
3451 4571 3707 4633 teneant,

2045 4654 2149 4727 qui
2199 4654 2454 4710 cultores
2503 4669 2924 4725 perversorum
2984 4655 3340 4724 dogmatum
3400 4659 3708 4710 vocantur.

2047 4745 2177 4808 Qua
2205 4742 2263 4797 in
2294 4758 2357 4797 re
2388 4743 2502 4797 hoc
2532 4757 2775 4812 quoque
2806 4747 3041 4814 oportet
3069 4742 3319 4808 intendi,
3353 4743 3520 4814 quod
3549 4757 3714 4798 men—

2047 4829 2203 4884 dacii
2230 4828 2619 4883 fabricatores
2647 4828 2945 4885 dicuntur.
2984 4830 3143 4885 Sicut
3167 4829 3329 4885 enim
3354 4831 3550 4903 paries
3577 4831 3715 4887 aadi-

2048 4917 2260 4973 ﬁcatur
2290 4915 2614 4988 lapidibus,
2645 4917 2728 4973 ita
2777 4917 3164 4975 mendacium
3212 4920 3594 4978 sermonibus
3629 4920 3714 4976 fa-

2050 5006 2330 5062 bricatur.
2361 5004 2639 5078 Sequitur
2662 5022 2674 5060 :

2123 5135 2298 5187 Vens.
2414 5133 2612 5203 Atque
2641 5134 2872 5190 utinam
2915 5139 3206 5204 taceretis,
3240 5144 3305 5192 ut
3344 5134 3719 5205 putaremini

2053 5237 2173 5278 esse
2200 5222 2513 5291 sapientes.
2540 5254 2608 5262 ——
2639 5222 2797 5278 Sicut
2827 5223 3034 5280 clausa
3061 5225 3252 5296 janua
3279 5225 3341 5278 in
3369 5223 3552 5277 domo
3578 5235 3715 5290 qua:

2054 5312 2214 5366 intus
2263 5311 2539 5366 membra
2588 5311 2829 5380 lateant,
2863 5314 3190 5383 ignoratur,
3232 5312 3311 5364 sic
3362 5308 3715 5382 plerumque

2057 5399 2268 5455 stultus
2300 5400 2346 5454 si
2392 5400 2659 5465 tacuerit,
2695 5406 2894 5456 utrum
2939 5401 3152 5456 stultus
3205 5411 3284 5450 an
3334 5396 3574 5468 sapiens
3623 5398 3714 5466 sit,

2057 5489 2466 5556 absconditur,
2499 5489 2547 5544 si
2577 5493 2777 5545 tamen
2808 5489 2972 5543 nulla
3025 5485 3141 5540 alia
3189 5499 3374 5557 opera
3406 5486 3713 5558 prodeant,

2068 5594 2205 5650 quae
2234 5595 2478 5635 sensum
2525 5579 2703 5635 etiam
2747 5576 2993 5632 tacentis
3041 5573 3384 5645 loquantur.
3419 5574 3585 5630 Unde
3614 5589 3720 5644 per
