4128 6158
469 97 574 154 227

470 223 851 280 Salomonem
880 214 1126 272 dicitur:
1169 233 1199 262 «
1225 208 1465 276 Stultus,
1499 209 1550 265 si
1579 207 1844 276 tacuerit,
1877 204 2120 277 sapiens

469 310 776 388 putabitur
798 309 1004 379 (Prov.
1035 319 1176 372 xvii,
1205 301 1317 372 28).
1346 323 1374 349 »
1405 298 1716 372 Sequitur:

541 400 716 458 Vsus.
749 402 802 454 6.
832 394 1054 452 Audite
1071 408 1212 464 ergo
1242 390 1642 461 correptiones
1672 403 1852 450 meas,
1883 391 1936 440 et
1957 384 2126 454 judi-

469 493 625 549 cium
657 487 953 545 labiorum
984 497 1246 539 meorum
1277 479 1584 536 attendite.
1614 509 1682 516 —
1729 477 1877 531 Bene
1921 477 2121 528 autem

467 575 634 654 prius
659 573 1116 647 correptionem.
1151 573 1206 626 et
1229 565 1621 654 postmodum
1652 561 1946 636 judicium
1973 560 2126 654 intu:

468 647 551 736 lit,
582 662 728 742 quia
757 663 870 720 nisi
899 677 1006 735 per
1050 657 1484 731 correptionem
1521 651 1686 742 prius
1718 656 1916 742 tumor
1964 647 2123 742 stulti

467 736 858 830 deprimatur,
886 761 1272 822 nequaquam
1304 740 1691 810 intelligentia
1713 736 2008 810 judicium
2024 736 2120 808 ju-

467 845 537 902 sti
565 837 961 914 cognoscitur.
997 835 1303 909 Sequitur:

536 937 700 990 Vsas.
731 937 785 986 7.
815 927 1107 1000 Nunquid
1142 925 1298 980 Deus
1320 921 1548 992 indiget
1565 923 1758 974 vestro
1789 915 2118 983 mendacio,

466 1029 533 1080 ut
567 1037 680 1093 pro
728 1019 834 1075 illo
881 1014 1210 1087 loquamini
1255 1010 1420 1066 dolos
1449 1011 1477 1062 ?
1505 1039 1573 1047 —
1604 1007 1758 1062 Deus
1799 1003 2120 1093 mendacio

464 1092 590 1168 non
613 1111 764 1178 eget,
797 1103 940 1178 quia
967 1102 1181 1160 veritas
1232 1098 1423 1155 fulciri
1469 1112 1592 1152 non
1641 1095 1854 1168 (IlltBI‘lt
1899 1092 2120 1151 auxilio

464 1195 756 1252 falsitatis.
786 1189 1049 1248 Haeretici
1081 1193 1281 1244 autem
1311 1185 1453 1258 quia
1499 1199 1634 1256 quae
1661 1198 1846 1255 prave
1887 1179 1962 1238 de
1999 1179 2034 1231 L1
2049 1195 2120 1235 eo

463 1282 816 1352 intelligunt,
849 1295 921 1336 ex
969 1277 1212 1332 veritate
1257 1274 1407 1332 tueri
1445 1289 1568 1329 non
1621 1275 1892 1344 possunt,
1943 1267 2122 1344 quasi

463 1370 542 1428 ad
594 1366 981 1445 probandum
1025 1363 1267 1421 radium
1316 1361 1560 1418 luminis
1607 1359 1878 1416 falsitatis
1929 1355 2124 1431 requi-

461 1461 620 1516 runt.
655 1455 959 1530 Sequitur:

1517 83 1574 140 S.
1615 78 1872 138 ODONIS
1909 77 2198 134 ABBATIS
2237 77 2732 136 CLUNIACENSIS
2771 77 2836 134 ll.

3787 81 3898 136 228

2230 202 2446 259 dicitur
2463 204 2598 276 ipsa
2627 203 2996 261 rectitudinis
3028 203 3160 272 ejus
3190 201 3498 274 districtio,
3522 220 3647 277 qua
3675 205 3900 264 huma-

2232 309 2312 349 na
2358 295 2622 366 pravitas
2669 295 2894 352 feritur.
2922 293 3070 351 iusti
3117 298 3316 351 autem
3363 292 3472 350 viri
3518 299 3656 352 ante
3705 298 3902 355 Deum

2185 397 2190 400 ·
2231 387 2524 448 metuunt,
2555 400 2739 456 quam
2783 385 2914 454 ejus
2953 383 3042 440 ira
3083 386 3292 440 contra
3339 397 3444 439 eos
3471 388 3810 452 moveatur,
3843 390 3906 444 et

2229 488 2304 528 ne
2345 477 2718 528 commotum
2775 472 3054 542 sentiant,
3113 471 3503 546 tranquillum
3550 473 3782 532 timent.
3826 479 3908 532 At

2230 565 2440 616 contra
2477 561 2746 633 perversi
2770 567 2911 618 tunc
2932 562 3062 632 jam
3088 562 3246 618 feriri
3272 561 3725 635 pertimescunt,
3754 580 3903 622 cum

2231 649 2538 721 feriuntur,
2573 667 2800 723 eosque
2851 655 2993 707 tunc
3039 657 3229 708 terror
3278 651 3408 723 ejus
3455 667 3492 708 a
3531 669 3750 710 somno
3803 654 3906 712 sui

2231 739 2517 812 temporis
2564 740 2906 810 exsuscitat,
2934 757 3076 797 cum
3105 741 3368 797 vindicta
3415 742 3743 812 perturbat.
3773 745 3901 801 Un-

2230 829 2305 883 de
2335 844 2442 900 per
2481 831 2843 902 prophetam
2889 828 3136 886 dicitur:
3193 851 3220 880 (ί
3240 833 3307 886 Et
3333 832 3499 887 tanto
3535 830 3668 888 sola
3713 848 3901 890 vexa.-

2233 917 2312 973 tio
2363 916 2724 973 intellectum
2784 917 2954 975 dabit
3009 917 3239 975 auditui
3291 919 3432 990 (Isa.
3481 934 3674 987 xxviii,
3723 922 3840 988 19).
3871 943 3901 972 η

2234 1006 2512 1078 Sequitur
2543 1025 2556 1062 :

2304 1097 2474 1151 Vsus.
2502 1095 2659 1150 l2.—
2677 1096 2968 1152 Memoria
2987 1103 3186 1152 vestra
3211 1097 3662 1166 comparabitur
3681 1099 3901 1156 cineri.

2231 1214 2299 1223 -—
2320 1185 2541 1240 Omnes
2570 1185 2676 1256 qui
2700 1184 3056 1253 cogitatione
3079 1189 3312 1242 terrena
3336 1185 3475 1242 huic
3506 1185 3725 1243 saeculo
3753 1202 3904 1245 con-

2233 1271 2588 1339 formantur,
2617 1286 2723 1343 per
2750 1287 2930 1328 omne
2959 1273 3125 1345 quod
3155 1277 3364 1343 agunt,
3384 1272 3522 1330 huic
3553 1272 3786 1332 mundo
3807 1289 3902 1334 re-

2231 1361 2502 1433 linquere
2529 1361 2618 1416 sui
2644 1361 3002 1419 memoriam
3026 1367 3344 1419 conantur.
3365 1361 3474 1420 Alii
3493 1362 3796 1421 bellorum
3827 1364 3902 1420 ti-

2234 1450 2390 1515 tulis,
2421 1449 2520 1506 alii
2570 1450 2702 1507 altis
2746 1450 3139 1508 aediﬁciorum
3185 1451 3508 1508 manibus.
3541 1457 3697 1510 Aura
3729 1453 3904 1512 enim

533 1551 701 1605 Vsus.
733 1550 783 1602 8.
824 1542 1120 1614 Nunquid
1159 1541 1373 1612 faciem
1415 1539 1542 1608 ejus
1589 1537 1879 1607 accipitis,
1915 1539 1970 1592 et
2005 1549 2119 1604 pro
2147 1561 2194 1618 Β
2233 1539 2494 1594 cinerem
2527 1539 2776 1612 spargit,
2809 1540 2960 1596 sicut
3002 1539 3288 1614 scriptum
3317 1543 3436 1596 est:
3468 1563 3498 1590 ‹‹
3517 1543 3646 1598 Non
3673 1540 3759 1600 sic
3789 1541 3907 1598 im-

461 1639 583 1694 Deo
601 1635 886 1708 judicare
915 1631 1181 1688 nitimini
1199 1633 1227 1685 7
1263 1662 1331 1670 —
1364 1628 1530 1686 Stulti
1562 1644 1700 1682 cum
1732 1625 2115 1700 prudentium

461 1725 619 1784 facta
643 1721 1040 1797 conspiciunt,
1067 1721 1196 1776 haec
1221 1717 1306 1774 eis
1335 1715 1540 1773 omnia
1569 1732 1700 1772 esse
1745 1713 2118 1786 reprehensi-

460 1813 605 1872 bilia
633 1813 930 1880 videntur,
963 1825 1207 1882 sumque
1236 1806 1548 1880 imperitiae
1597 1809 1774 1876 atque
1806 1801 2117 1858 inﬁrmita-

461 1904 535 1962 tis
563 1902 747 1970 obliti,
769 1906 936 1958 tanto
966 1897 1248 1954 intentius
1273 1896 1348 1952 de
1374 1894 1584 1950 alienis
1609 1892 1904 1964 judicant,
1928 1905 2119 1963 quan-

459 1997 521 2049 to
545 1990 903 2066 profundius
929 2003 1039 2044 sua
1062 1988 1360 2057 ignorant.
1393 1988 1463 2040 At
1487 1987 1696 2039 contra
1714 1980 1878 2050 justi,
1896 1985 1954 2036 et
1978 1995 2119 2036 cum

460 2094 786 2154 pravorum
826 2079 984 2136 facto
1027 2075 1418 2144 redarguunt,
1447 2087 1684 2144 semper
1715 2083 1838 2126 sum
1866 2067 2116 2126 inﬁrmi-

459 2170 594 2227 tatis
646 2169 892 2239 conscii,
933 2181 1060 2231 eos,
1109 2163 1217 2222 etsi
1267 2161 1526 2220 exterius
1573 2159 1867 2217 saeviendo
1918 2164 2118 2216 tamen

458 2257 706 2315 interius
746 2253 1190 2328 compatiendo,
1233 2249 1720 2324 reprehendunt;
1769 2249 1914 2320 quia
1959 2247 2118 2303 illius

461 2347 645 2404 solius
675 2349 762 2402 est
786 2347 1037 2418 peccata
1064 2341 1383 2397 hominum
1413 2339 1538 2394 sine
1560 2337 1982 2409 compassione
2001 2335 2120 2392 dis-

461 2439 680 2504 cutere,
709 2433 816 2507 qui
843 2447 916 2489 ex
961 2435 1192 2486 naturae
1240 2443 1366 2484 suae
1411 2426 1846 2499 omnipotentis
1881 2425 2120 2494 ignorat

460 2539 728 2597 peccare.
761 2521 913 2588 Quia
941 2519 1120 2590 igitur
1147 2517 1325 2574 amici
1351 2516 1512 2572 beati
1552 2515 1662 2571 Job
1697 2515 1777 2571 ita
1802 2516 1933 2586 ejus
1961 2514 2119 2570 facta

461 2611 992 2686 reprehenderant,
1007 2624 1077 2664 ac
1107 2608 1235 2664 siin
1258 2622 1321 2662 se
1341 2605 1454 2678 ipsi
1478 2603 1945 2678 reprehensibile
1974 2603 2120 2660 nihil

461 2702 770 2759 haberent.
803 2697 1079 2773 Sequitur
1101 2715 1115 2752 :

533 2793 697 2847 Vsus.
725 2793 777 2846 9.
819 2789 942 2844 Aut
959 2786 1304 2857 placebitei
1329 2800 1500 2856 quem
1523 2785 1720 2840 celare
1757 2785 1849 2839 nil
1881 2789 2068 2854 potest
2092 2787 2121 2838 ?

463 2886 570 2938 aut
615 2877 946 2949 decipietur
989 2881 1054 2930 ut
1099 2875 1272 2931 homo
1307 2874 1516 2931 vestris
1543 2873 2026 2943 fraudulentiis?
2050 2905 2118 2912 —-

462 2969 754 3027 Fraudem
798 2970 918 3024 Deo
962 2962 1221 3020 haeretici
1253 2961 1557 3030 exhibent,
1585 2964 1688 3036 qui
1721 2978 1793 3018 ea
1821 2965 2116 3030 astruunt,

462 3075 601 3133 qusi
627 3071 1021 3131 nequaquam
1049 3053 1166 3127 ipsi
1194 3069 1305 3126 pro
1327 3067 1450 3125 quo
1481 3051 1826 3124 loquuntur,
1849 3051 2116 3124 placent;

460 3161 721 3220 eumque
746 3143 896 3202 dum
924 3141 1100 3216 quasi
1128 3139 1447 3197 defendere
1485 3139 1772 3206 nituntur,
1805 3137 2120 3198 offendunt

459 3235 610 3292 dum
636 3234 700 3290 in
729 3230 1085 3290 adversitate
1113 3229 1244 3299 ejus
1294 3231 1600 3296 corruunt,
1627 3227 1723 3282 cui
1749 3226 2021 3283 videntur
2045 3245 2118 3284 ex

459 3321 882 3397 pradicatione
934 3315 1232 3374 famulari.
1268 3315 1433 3372 Unde
1477 3319 1534 3372 et
1582 3331 1691 3388 per
1741 3315 2115 3372 Psalmistam

459 3413 708 3470 dicitur:
741 3433 769 3460 «
797 3412 868 3466 Ut
892 3407 1168 3464 destruas
1196 3405 1506 3462 inimicum
1560 3407 1616 3461 et
1645 3404 1898 3462 ultorem
1927 3406 2112 3477 (Psal.

457 3519 582 3571 vui,
612 3501 740 3573 3).»
770 3497 920 3562 Quia
949 3499 1150 3554 autem
1189 3495 1372 3553 latere
1421 3499 1608 3552 Deum
1635 3494 1719 3552 nil
1755 3499 1969 3568 potest,
2000 3495 2115 3552 hoc

457 3590 519 3648 in
548 3588 632 3646 eis
654 3586 910 3661 iudicat,
937 3585 1104 3660 quod
1150 3584 1311 3641 intus
1351 3584 1631 3656 sentiunt,
1663 3599 1788 3640 non
1815 3583 1982 3657 quod
2028 3584 2114 3642 fa-

458 3677 678 3736 mulari
703 3675 846 3734 foris
873 3675 1172 3732 videntur.
1205 3673 1515 3748 Sequitur:

529 3769 694 3824 Vsus.
731 3769 816 3822 t0.
848 3767 984 3836 Ipse
1007 3780 1106 3824 vos
1137 3769 1372 3836 arguet,
1405 3763 1689 3836 quoniam
1715 3764 1778 3820 in
1808 3763 2116 3821 abscondi-

455 3863 517 3914 to
542 3857 762 3928 faciem
795 3858 924 3926 eius
951 3855 1246 3926 accipitis.
1271 3886 1338 3895 —
1372 3855 1520 3911 Sunt
1548 3869 1812 3926 namque
1842 3853 2116 3912 nonnulli

455 3945 560 4020 qui
606 3951 666 4002 et
691 3945 999 4002 veritatem
1028 3943 1092 4000 in
1139 3943 1319 4000 corde
1351 3942 1633 4013 sentiunt,
1666 3945 1724 3998 et
1750 3947 1953 3999 tamen
1977 3959 2114 4016 quas

455 4035 613 4093 falsa
641 4039 780 4092 sunt
819 4033 896 4092 de
939 4037 1059 4090 Deo
1088 4032 1232 4090 foris
1275 4033 1624 4106 loquuntur.
1659 4035 1738 4088 Ne
1769 4033 1929 4088 enim
1969 4031 2116 4090 vinci

452 4123 788 4192 videantur,
841 4125 898 4180 et
953 4125 1328 4194 cognoscunt
1377 4121 1686 4178 veritatem
1737 4120 2006 4186 interius,
2055 4125 2116 4178 et

455 4216 658 4270 tamen
697 4213 860 4269 hanc
905 4211 1152 4268 interius
1191 4208 1492 4283 [exterius]
1544 4209 1925 4282 impugnant.
1951 4215 2034 4266 Ac
2064 4209 2112 4266 si

456 4317 598 4374 ergo
629 4301 884 4358 diceret:
929 4303 1117 4357 Tanto
1146 4299 1340 4368 magis
1371 4299 1446 4354 de
1477 4297 1727 4354 falsitate
1772 4298 1938 4371 apud
1972 4314 2113 4355 eum

455 4390 594 4448 estis
621 4387 1138 4464 reprehensibiles,
1170 4390 1398 4460 quanto
1427 4391 1485 4444 et
1510 4385 1675 4460 apud
1715 4387 2114 4462 vosmetipsos

455 4480 623 4556 quod
673 4493 885 4537 verum
932 4481 1042 4546 est,
1096 4475 1329 4532 videtis.
1379 4479 1444 4533 Et
1499 4481 1640 4534 sunt
1681 4478 1955 4534 nonnulli
2009 4477 2114 4552 qui

422 4578 431 4586 ‘
453 4563 702 4644 quando
731 4567 810 4624 ad
831 4570 1095 4624 mentem
1122 4565 1392 4635 redeunt,
1418 4565 1518 4623 Dei
1543 4565 1838 4638 justitiam
1863 4572 1920 4624 et
1949 4567 2116 4624 recti-

454 4657 726 4714 tudinem
773 4653 1276 4728 contemplantur,
1309 4657 1365 4712 et
1393 4653 1625 4712 orando
1659 4657 1716 4711 et
1743 4655 1946 4712 ﬂendo
1975 4669 2116 4713 con-

454 4745 842 4802 tremiscunt:
897 4741 1001 4800 sed
1063 4747 1392 4818 postquam
1473 4745 1898 4818 contemplatio
1957 4751 2114 4803 tran-

455 4833 636 4904 sierit,
687 4831 770 4891 sic
819 4831 1082 4892 audaces
1147 4833 1226 4890 ad
1284 4833 1654 4909 iniquitatem
1711 4833 1984 4906 redeunt,
2038 4851 2110 4892 ac

457 4923 504 4980 si
557 4927 695 4997 post
749 4921 999 4981 dorsum
1047 4924 1177 4996 ejus
1249 4925 1449 4998 positi,
1501 4923 1581 4981 ad
1631 4923 1923 4997 justitiam
1981 4926 2110 4997 ejus

454 5011 680 5070 lumine
708 5013 1044 5072 videantur.
1075 5013 1144 5069 Hi
1173 5013 1373 5088 itaque
1402 5013 1569 5088 apud
1598 5031 1660 5071 se
1701 5015 1764 5071 in
1792 5013 2109 5070 abscondi-

453 5105 514 5160 to
555 5103 736 5177 quasi
779 5103 1166 5178 corporaliter
1206 5104 1511 5162 videntem
1553 5103 1857 5177 accipiunt
1891 5102 2104 5160 faciem

453 5193 576 5251 Dei.
609 5195 885 5268 Sequitur
906 5211 922 5250 :

523 5285 692 5340 Vens.
725 5289 810 5341 Η.
843 5283 1061 5342 Statim
1087 5290 1158 5339 ut
1184 5299 1246 5342 se
1271 5286 1650 5342 commoverit
1681 5283 1946 5341 turbavit
1983 5297 2102 5351 vos,

453 5378 507 5428 et
538 5377 735 5429 terror
761 5377 891 5444 ejus
915 5375 1106 5430 irruat
1133 5387 1315 5442 super
1344 5389 1463 5431 vos.
1489 5376 1636 5430 Cum
1663 5373 1740 5428 sit
1765 5374 1996 5427 naturae
2020 5371 2106 5426 in-

451 5462 898 5521 commutabilis
923 5462 1338 5538 Omnipotens,
1365 5463 1428 5520 in
1463 5463 1552 5520 ira
1577 5461 1784 5534 judicii
1821 5459 2103 5534 partubu-

449 5549 590 5608 bilis
659 5561 784 5609 non
822 5556 952 5610 est.
1012 5551 1130 5610 Sed
1174 5551 1446 5609 humano
1509 5549 1694 5608 verbo
1752 5553 1952 5608 motus
2004 5549 2106 5608 Dei

2231 1628 2332 1700 pii,
2366 1643 2488 1684 non
2538 1628 2642 1694 sic,
2676 1627 2783 1684 sed
2834 1633 3126 1702 tanquam
3180 1627 3376 1702 pulvis
3426 1645 3608 1702 quem
3655 1629 3908 1702 projicit

2230 1721 2446 1772 ventus
2473 1733 2510 1772 a
2537 1716 2687 1772 facie
2717 1720 2886 1772 terrae
2918 1717 3100 1788 (Psal.
3125 1735 3163 1784 ι,
3188 1721 3267 1785 4).
3291 1740 3322 1767 ››
3373 1720 3546 1775 Recte
3581 1732 3722 1788 ergo
3751 1717 3908 1774 stu]-

2231 1811 2430 1862 torum
2459 1806 2816 1862 memoriam
2845 1806 3026 1862 cineri
3054 1811 3387 1880 comparat,
3407 1806 3549 1880 quia
3578 1806 3692 1864 illic
3723 1807 3908 1880 poni-

2229 1898 2346 1962 tur,
2379 1893 2480 1950 ubi
2513 1893 2591 1950 ab
2613 1910 2760 1951 aura
2783 1895 3031 1968 rapitur.
3068 1895 3346 1968 Sequitur
3379 1913 3393 1951 :
3433 1895 3515 1951 Et
3543 1895 3908 1966 redigentur

2229 1985 2292 2039 in
2325 1985 2518 2040 tutum
2549 1984 2801 2042 cervices
2831 1989 3062 2040 vestras.
3094 2015 3165 2024 --
3195 1983 3356 2042 Sicut
3403 1998 3510 2056 per
3537 1983 3786 2040 oculum
3819 1983 3908 2040 vi-

2231 2088 2354 2141 sus,
2382 2071 2467 2127 sic
2496 2087 2604 2144 per
2619 2072 2912 2127 cervicem
2934 2071 3085 2128 solet
3109 2071 3394 2144 superbia
3417 2070 3746 2142 designari.
3767 2074 3907 2130 Cer-

2229 2161 2329 2218 vix
2357 2161 2558 2234 itaque
2581 2161 2643 2216 in
2672 2160 2865 2217 lutum
2894 2160 3201 2232 redigitur,
3223 2177 3365 2219 cum
3395 2160 3696 2235 superbus
3727 2160 3904 2233 quis-

2228 2266 2346 2323 que
2377 2250 2725 2307 humiliatur
2751 2250 2814 2306 in
2843 2254 3054 2318 morte,
3087 2256 3146 2306 et
3171 2249 3328 2308 elata
3374 2265 3514 2308 caro
3553 2249 3808 2308 tabescit
3836 2251 3905 2307 in

2228 2339 2561 2414 putredine.
2595 2342 2942 2397 Intueamur
2971 2341 3132 2397 enim
3160 2339 3368 2414 qualia
3392 2339 3454 2396 in
3485 2339 3780 2414 sepulcris
3807 2340 3908 2411 ja-

2230 2433 2364 2486 cent
2390 2429 2644 2486 divitum
2673 2429 2990 2486 cadavera.
3017 2429 3328 2502 Sequitur:

2301 2521 2473 2576 Vsus.
2512 2519 2594 2576 13.
2635 2521 2844 2576 Tacete
2869 2521 3202 2590 paulisper,
3235 2525 3300 2576 ut
3337 2520 3555 2592 loquar
3577 2519 3902 2590 quodcun-

2227 2624 2341 2680 que
2367 2609 2517 2666 mihi
2533 2624 2696 2666 mens
2725 2611 3106 2680 suggesserit.
3129 2639 3198 2649 -
3222 2610 3478 2666 Sensum
3503 2608 3703 2666 carnis
3735 2607 3906 2668 locu-

2229 2701 2320 2754 tos
2365 2697 2608 2754 indicat.
2643 2699 2807 2764 Quos
2845 2697 3066 2754 idcirco
3121 2697 3425 2754 silentium
3471 2696 3804 2768 restringit,
3835 2700 3908 2754 ut

2229 2802 2303 2843 ea
2344 2803 2482 2860 quas
2527 2785 2610 2843 illi
2639 2802 2812 2843 mens
2847 2786 3212 2856 suggesserit
3237 2785 3417 2843 dicat.
3451 2787 3534 2842 Ac
3585 2785 3640 2841 si
3690 2789 3908 2858 aperte

2229 2875 2405 2932 dicat.
2436 2879 2561 2932 Non
2590 2891 2734 2946 ergo
2762 2874 3096 2944 carnaliter,
3125 2875 3233 2932 sed
3252 2874 3634 2948 spiritualiter
3652 2875 3904 2948 loquor,

2228 2965 2374 3038 quia
2403 2980 2512 3038 per
2539 2981 2790 3022 sensum
2818 2965 3059 3037 spiritus
3083 2965 3288 3033 audio,
3319 2981 3457 3038 qua
3486 2980 3595 3038 per
3623 2963 3905 3022 ministe-

2227 3053 2386 3110 rium
2410 3054 2678 3128 corporis
2705 3053 2964 3127 profero.
2999 3053 3276 3127 Sequitur
3301 3070 3315 3110 :

2301 3143 2475 3200 Vnus.
2512 3146 2596 3199 14.
2654 3143 2850 3210 Quare
2897 3144 3094 3200 lacero
3143 3157 3354 3201 carnes
3401 3157 3562 3200 meas
3612 3142 3904 3200 dentibus

2227 3233 2372 3288 meis
2388 3235 2417 3286 ?
2452 3261 2514 3272 -ο
2546 3233 2611 3287 In
2635 3231 2930 3304 scriptura
2956 3247 3129 3288 sacra
3154 3231 3364 3288 dentes
3389 3229 3724 3304 aliquando
3750 3246 3902 3290 san-

2228 3321 2308 3378 cti
2351 3321 2770 3394 praedicatores
2821 3321 3010 3394 accipi
3059 3320 3271 3390 solent,
3301 3325 3368 3379 ut
3394 3320 3578 3378 illud:
3620 3340 3653 3375 ‹
3677 3322 3904 3382 Dentes

2230 3409 2334 3477 tui,
2366 3410 2517 3466 sicut
2535 3425 2745 3481 greges
2765 3413 3101 3478 tonsarum,
3119 3427 3258 3484 qua:
3287 3409 3689 3468 ascenderunt
3705 3409 3788 3466 de
3810 3409 3903 3468 la-

2228 3515 2409 3557 vacro
2437 3501 2636 3572 (Cant.
2661 3517 2739 3568 vr,
2771 3505 2888 3567 5).»
2929 3499 3267 3574 Aliquando
3297 3499 3512 3557 interni
3537 3500 3732 3574 accipi
3763 3514 3906 3558 sen-

2228 3604 2333 3644 sus
2355 3587 2564 3655 solent,
2598 3591 2664 3644 ut
2685 3587 2834 3644 illud
2855 3588 3154 3645 Jeremiaa:
3197 3610 3225 3638 ‹‹
3244 3587 3434 3660 Fregit
3461 3587 3539 3645 ad
3563 3603 3904 3648 numerum

2227 3677 2438 3734 dentes
2466 3693 2634 3734 meos
2657 3677 2896 3748 (Thren.
2922 3695 3003 3746 in,
3039 3678 3182 3749 16).»
3213 3680 3332 3735 Hoc
3357 3677 3539 3748 igitur
3560 3677 3719 3748 loco,
3745 3678 3904 3751 quia

2226 3765 2437 3823 dentes
2491 3765 2756 3824 internas
2811 3782 3026 3824 sensus
3076 3767 3434 3840 accipimus,
3490 3767 3595 3840 qui
3649 3767 3904 3838 singula

2226 3871 2367 3929 quas
2403 3857 2684 3928 cogitant,
2715 3857 2890 3930 quasi
2921 3857 3220 3914 mandunt
3246 3861 3305 3914 et
3331 3856 3778 3928 comminuunt,
3809 3861 3903 3918 at-

2227 3960 2346 4017 que
2369 3945 2448 4002 ad
2475 3949 2745 4002 ventrem
2769 3946 3074 4003 memoria!
3095 3945 3524 4018 transmittunt,
3551 3945 3904 4006 consider-ao

2225 4047 2290 4089 re
2319 4049 2688 4108 magnopere
2717 4035 2864 4108 quid
2891 4050 3070 4105 agere
3094 4035 3238 4106 justi
3269 4035 3521 4106 soleant,
3551 4034 3899 4104 debemus;

2225 4123 2334 4196 qui
2356 4123 2714 4196 plerumque
2740 4123 2789 4179 si
2817 4139 2941 4197 qua
2985 4124 3050 4180 in
3077 4140 3141 4180 se
3169 4123 3504 4198 quamlibet
3529 4123 3738 4182 leviter
3763 4139 3902 4184 oar.-

2226 4211 2388 4268 nalia
2433 4227 2564 4270 esse
2611 4212 3093 4286 deprehendunt,
3137 4213 3265 4270 hinc
3315 4213 3564 4270 internis
3608 4211 3902 4274 sensibus

2223 4304 2634 4372 retractantes,
2663 4302 3046 4359 vehementer
3088 4302 3152 4359 in
3189 4301 3525 4376 semetipsis
3554 4301 3902 4376 inaequum

2227 4393 2342 4456 tur,
2374 4389 2694 4447 afﬂictione
2741 4406 2804 4447 se
2842 4394 3176 4463 conterunt,
3206 4392 3566 4464 magnisque
3610 4391 3901 4450 cruciati-

2223 4479 2340 4536 bus
2363 4479 2456 4536 vel
2479 4479 2734 4536 minima
2761 4479 2824 4536 in
2850 4495 2912 4537 se
2949 4495 3139 4554 prava
3165 4479 3520 4552 diiudicant,
3553 4483 3735 4554 atque
3759 4481 3902 4540 hac

2223 4583 2330 4640 per
2376 4567 2788 4640 pmnitentiam
2836 4568 3149 4626 damnant.
3183 4568 3358 4634 Quod
3403 4568 3626 4626 idcirco
3675 4575 3900 4642 agunt,

2221 4660 2290 4713 ut
2333 4655 2396 4712 in
2441 4661 2771 4730 conspectu
2811 4656 3016 4714 etei-ni
3039 4657 3264 4729 judicis
3292 4661 3349 4713 et
3378 4655 3492 4730 ipsi
3521 4657 3797 4725 inveniri,
3831 4659 3901 4716 in

2219 4750 2517 4818 quantum
2547 4745 2838 4819 possibile
2885 4751 2994 4816 est,
3023 4745 3574 4820 irreprahensibiles
3600 4746 3898 4819 debeant.

2217 4840 2279 4892 et
2304 4835 2367 4891 hi
2395 4834 2500 4908 qui
2529 4847 2634 4890 eos
2662 4835 2749 4891 sic
2777 4851 2842 4892 se
2866 4834 3138 4906 judicare
3165 4834 3564 4908 conspiciunt,
3593 4837 3898 4894 emenda-

2217 4939 2281 4982 re
2323 4925 2678 4998 semetipsos
2717 4941 2757 4982 a
2803 4924 2997 4998 culpis
3051 4924 3432 4996 gravioribus
3481 4925 3896 4986 inardescunt.

2219 5015 2530 5088 Sequitur:
2587 5016 2665 5072 Et
2716 5017 2980 5073 animam
3026 5031 3217 5074 meam
3273 5021 3448 5086 porto
3491 5017 3556 5072 in
3611 5019 3900 5076 manibus

2213 5107 2377 5163 meis.
2412 5135 2480 5146 -ο
2509 5104 2792 5163 Animam
2843 5105 2904 5162 in
2953 5106 3239 5162 manibus
3282 5109 3524 5179 portare
3559 5110 3654 5163 est
3697 5107 3901 5190 tutan:

2214 5194 2439 5252 tionem
2497 5195 2696 5253 cordis
2770 5195 2831 5251 in
2901 5195 3253 5268 operatione
3299 5193 3634 5251 ostendere.
3691 5197 3777 5252 Ae
3841 5194 3905 5251 οι

2215 5283 2395 5354 igitur
2421 5288 2632 5342 contra
2663 5283 2893 5341 amicos
2927 5299 3070 5340 suos
3099 5284 3314 5342 beatus
3342 5282 3459 5340 Job
3488 5283 3688 5340 dicat:
3729 5285 3901 5352 Qua-

2211 5389 2277 5429 re
2307 5375 2506 5430 lacero
2547 5388 2961 5430 carnes~meas
3003 5373 3281 5430 dentibus
3325 5374 3489 5439 meis,
3521 5378 3578 5428 et
3616 5374 3900 5430 annnam

2207 5477 2401 5521 meum
2447 5469 2628 5534 porto
2683 5463 2746 5518 in
2789 5463 3067 5520 manibus
3121 5464 3262 5520 meis
3281 5463 3311 5518 ?
3371 5461 3438 5518 ld
3481 5465 3574 5519 est
3627 5477 3740 5518 cur
3794 5461 3902 5519 vel

2215 5565 2311 5607 me
2343 5550 2609 5608 districto
2659 5565 2865 5608 coram
2909 5551 3258 5608 hominibus
3289 5550 3576 5622 dijudico,
3610 5550 3711 5608 vel
3736 5549 3899 5623 quid
