4154 6160
521 43 618 97 231

1586 28 1642 84 8.
1685 28 1944 84 ODONIS
1982 28 2275 83 ABBATIS
2314 28 2820 89 CLUNIACENSIS
2858 36 2903 89 ll

3858 44 3973 97 232

517 176 701 235 pcena
729 163 926 216 autem
967 157 1045 212 ad
1089 168 1361 211 amorem
1389 149 1560 220 redit,
1591 150 1735 224 quia
1779 150 2054 223 quisquis
2097 150 2186 205 fu-
2218 151 2268 204 Α
2302 154 2448 210 Nam
2479 169 2585 227 pes
2607 155 2667 211 in
2696 171 2946 229 corpore
2985 160 3094 224 est,
3122 156 3445 227 vestigium
3483 157 3546 214 in
3574 158 3676 215 via
3707 177 3723 228 ;
3751 164 3811 216 et
3838 161 3971 234 ple-

522 251 690 322 gerit,
732 247 921 319 culpae
966 244 1193 301 fructus
1219 242 1487 310 .invenit,
1523 245 1702 314 atque
1750 240 1916 297 illam
1972 240 2187 296 faciem

521 354 707 412 quam
741 334 935 391 timuit
959 334 1021 390 in
1061 334 1259 408 culpa,
1289 332 1578 389 excitatus
1608 329 1857 402 requirit
1878 345 1952 385 ex
1981 345 2183 403 poena,

517 432 585 483 ut
621 427 752 496 jam
781 424 1099 494 caliginem
1147 422 1427 479 caecitatis
1457 436 1581 476 suae
1611 419 1819 490 fugiat,
1860 423 2039 491 atque
2070 418 2186 473 hoc

516 517 723 590 ipsum
758 513 922 588 quod
954 516 1259 569 auctorem
1298 527 1476 567 suum
1514 524 1647 565 non
1697 508 1878 578 videt,
1931 506 2186 577 graviter

515 605 951 678 perhorrescat.
984 601 1259 674 Sequitur
1282 620 1294 656 :

589 696 763 751 Vens.
807 698 896 749 25.
932 692 1158 748 Contra
1187 691 1403 760 folium
1437 689 1595 760 quod
1634 694 1803 743 vento
1835 687 2079 757 rapitur
2098 702 2183 743 os-

518 786 712 845 tendis
734 783 1065 853 potentiam
1079 785 1325 846 tuam,et
1343 779 1627 847 stipulam
1645 778 1859 832 siccam
1875 791 2180 847 perseque-

517 879 647 933 ris?
676 908 744 917 —
771 873 879 940 Qui
908 876 995 927 est
1020 872 1203 927 homo
1230 869 1341 924 nisi
1378 868 1586 923 folium
1608 867 1635 921 ‘I
1667 866 1778 932 Qui
1812 865 2079 921 videlicet
2118 865 2177 920 in

517 966 805 1041 paradiso
834 964 913 1020 ab
962 962 1174 1017 arbore
1222 959 1452 1027 cecidit,
1493 958 1640 1030 quid
1671 960 1760 1013 est
1788 956 1905 1011 nisi
1932 955 2179 1011 folium?

520 1057 631 1124 Qui
655 1051 994 1112 tentationis
1024 1053 1202 1105 vento
1231 1047 1479 1119 rapitur,
1500 1052 1557 1101 et
1580 1044 2012 1101 desideriorum
2030 1044 2176 1099 ﬂati-

515 1146 632 1201 bus
660 1144 904 1198 levatur.
937 1142 1095 1196 Mens
1125 1137 1348 1209 quippe
1395 1136 1666 1190 humana
1712 1137 1858 1205 quot
1902 1132 2175 1188 tentatio-

516 1249 623 1291 nes
652 1231 893 1305 patitur,
936 1226 1109 1299 quasi
1159 1229 1243 1282 tot
1278 1223 1539 1290 ﬂatibus,
1586 1222 1847 1278 motibus
1878 1226 2170 1276 movetur.

516 1326 669 1378 Bene
698 1323 898 1375 autem
929 1321 1069 1389 post
1106 1315 1334 1383 folium,
1362 1313 1538 1369 etiam
1580 1311 1798 1385 stipula
1839 1310 2174 1382 appellatur

513 1412 718 1467 homo.
748 1407 854 1472 Qui
886 1405 1046 1461 enim
1077 1404 1256 1459 arbor
1281 1402 1389 1457 fuit
1426 1401 1484 1456 in
1511 1398 1871 1467 conditione,
1902 1397 2109 1453 folium
2136 1414 2173 1454 a

2297 258 2553 315 rumque
2582 244 2728 299 dum
2759 244 3041 317 quaedam
3079 260 3266 317 prave
3303 244 3562 316 agimus,
3594 247 3970 307 intuentibus

2294 330 2408 387 hoc
2462 331 2742 388 fratribus
2795 333 3137 406 exemplum
3184 333 3416 390 malum
3474 334 3841 407 praebemus.
3899 342 3967 395 Et

2294 418 2436 489 quia
2452 418 2695 487 inﬂexu,
2712 427 2878 478 extra
2892 422 3053 477 viam
3073 420 3330 494 pedibus
3354 422 3768 494 sequentibus,
3783 426 3964 482 vesti-

2292 507 2390 576 gia
2418 508 2664 565 distorta
2695 510 3089 583 relinquimus
3121 509 3269 566 dum
3300 525 3409 583 per
3434 516 3644 568 nostra
3673 529 3860 587 opera
3884 515 3966 572 ad

2292 598 2647 655 scandalum
2676 600 2871 655 aliena
2896 614 3134 657 amaena
3158 599 3345 656 corda
3372 616 3801 673 provocamus.
3820 606 3962 670 Quae

2292 692 2491 744 tamen
2514 694 2729 744 cuncta
2746 689 3126 762 omnipotens
3148 691 3303 745 Deus
3326 689 3618 746 subtiliter
3630 692 3958 762 examinat,

2288 781 2467 850 atque
2497 779 2555 834 in
2582 780 2810 850 judicio
2841 780 3078 849 singula
3100 786 3538 853 recompensat.
3564 782 3679 838 Sed
3705 784 3959 855 quando

2288 865 2493 937 homo,
2513 869 2615 940 qui
2633 868 2826 924 carnis
2843 884 2967 924 suae
2981 867 3324 925 inﬁrmitate
3340 869 3789 941 constringitur,
3813 888 3961 927 con-

2286 958 2375 1011 tra
2403 961 2618 1013 cuncta
2647 957 2842 1014 valeat
2871 958 3163 1014 subtiliter
3190 974 3504 1029 assurgere
3534 964 3717 1032 atque
3746 960 3961 1017 incon-

2285 1058 2461 1099 cussa
2490 1045 2844 1116 cogitatione
2874 1045 3286 1102 rectitudinem
3330 1050 3529 1102 tenere
3555 1048 3585 1102 ‘i‘
3638 1048 3960 1121 Sequitur?

2356 1135 2517 1189 Vens.
2548 1138 2636 1190 28.
2673 1135 2977 1207 Quiquasi
2992 1136 3250 1205 putredo
3280 1137 3717 1192 consumendus
3745 1153 3882 1203 sum
3902 1145 3957 1195 et

2282 1224 2459 1292 quasi
2486 1225 2895 1280 vestimentum
2913 1225 3073 1296 quod
3102 1224 3434 1281 comeditur
3454 1240 3492 1281 a
3515 1226 3776 1282 tinea.—
3798 1227 3959 1284 Sicut

2281 1310 2440 1366 enim
2496 1311 2919 1367 vestimentum
2944 1311 3019 1367 de
3065 1328 3128 1368 se
3157 1316 3364 1368 exorta
3404 1312 3567 1369 tinea
3596 1315 3953 1386 comeditur,

2281 1398 2361 1454 ita
2385 1401 2571 1455 homo
2602 1400 2663 1456 in
2692 1401 3012 1474 semetipso
3043 1401 3421 1474 putredinem
3473 1402 3657 1458 habet
3706 1403 3782 1459 de
3831 1419 3956 1476 qua

514 1498 834 1570 semetipso
865 1495 1058 1551 factus
1088 1497 1175 1548 est
1197 1493 1257 1547 in
1289 1490 1632 1559 tentatione,
1656 1488 1761 1544 sed
1790 1491 1926 1560 post
1956 1486 2173 1559 stipula
2204 1500 2247 1555 Β
2290 1493 2699 1561 consumatur,
2748 1494 2925 1563 atque
2955 1490 3070 1545 hoc
3124 1493 3210 1545 est
3253 1490 3412 1545 unde
3465 1491 3859 1563 consumitur,
3892 1496 3958 1548 ut

514 1585 795 1661 apparuit
818 1585 881 1640 in
917 1581 1266 1654 dejectione.
1299 1578 1448 1641 Quia
1484 1577 1644 1633 enim
1674 1576 1748 1632 de
1784 1576 1903 1659 alto
1943 1575 2170 1641 cecidit,

513 1676 763 1743 folium;
808 1673 953 1747 quia
993 1687 1134 1727 vero
1190 1686 1297 1742 per
1347 1683 1588 1724 carnem
1643 1670 1813 1722 terra;
1863 1663 2174 1737 proximus

515 1764 642 1832 fuit,
707 1762 885 1819 etiam
954 1776 1092 1816 cum
1151 1763 1307 1813 stare
1370 1755 1709 1825 videbatur,
1767 1753 1987 1825 stipula
2039 1768 2173 1807 esse

511 1855 900 1911 memoratur.
965 1848 1079 1907 Sed
1118 1847 1262 1921 quia
1306 1844 1665 1901 viriditatem
1712 1842 1903 1899 intimi
1948 1840 2171 1898 amoris

512 1941 789 2017 perdidit,
817 1941 944 2012 jam
987 1937 1205 2009 stipula
1236 1936 1393 1992 sicca
1421 1938 1527 1990 est.
1551 1938 1631 1989 Ac
1657 1933 1703 1988 si
1734 1936 1936 2005 aperte
1966 1930 2173 2003 deplo-

511 2036 600 2088 ret
640 2031 881 2087 dicens:
933 2030 1048 2083 Cur
1096 2031 1261 2082 tanta
1305 2023 1655 2081 rectitudine
1716 2021 1954 2094 impetis
2010 2035 2170 2085 eum,

513 2136 695 2193 quem
726 2120 807 2174 sic
837 2117 1142 2175 inﬁrmum
1173 2130 1305 2172 esse
1342 2114 1402 2170 in
1446 2112 1767 2170 tentatione
1816 2109 2127 2180 cognoscis
2146 2109 2174 2163 ?

514 2209 788 2283 Sequitur
807 2226 819 2265 :

581 2302 747 2355 Vens.
774 2303 859 2354 26.
879 2298 1101 2354 Scribis
1119 2300 1332 2353 contra
1354 2310 1446 2349 me
1473 2291 2003 2349 amaritudines.—
2024 2286 2174 2353 Quia

510 2404 689 2444 omne
709 2386 874 2459 quod
890 2386 1196 2457 loquimur
1221 2382 1460 2449 transit;
1480 2380 1645 2453 quod
1666 2395 1808 2435 vero
1833 2377 2169 2444 scribimus,

509 2480 730 2531 manet.
766 2476 919 2529 Deus
958 2488 1082 2528 non
1109 2471 1295 2543 loqui,
1328 2470 1435 2526 sed
1464 2468 1721 2524 scribere
1744 2465 2173 2523 amaritudines

510 2561 743 2629 dicitur,
772 2578 910 2617 cum
937 2560 1042 2616 diu
1063 2574 1244 2632 super
1267 2574 1379 2614 nos
1400 2558 1531 2629 ejus
1555 2554 1796 2625 ﬂagella
1821 2553 2168 2627 perdurant.

511 2651 705 2708 Semel
742 2651 966 2724 quippe
992 2648 1265 2723 peccanti
1288 2646 1515 2703 homini
1543 2646 1770 2702 dictum
1795 2648 1914 2701 est:
1947 2665 1974 2693 «
1998 2646 2171 2699 Terra

508 2756 593 2809 es,
628 2745 684 2798 et
712 2740 773 2796 in
820 2745 1035 2796 terram
1075 2738 1189 2794 ibis
1237 2738 1403 2809 (Gen.
1435 2753 1517 2803 ιιι,
1565 2736 1663 2806 19).
1697 2737 1838 2800 Quae
1888 2734 1951 2789 in
1992 2748 2171 2805 para-

2279 1593 2402 1633 non
2433 1579 2525 1634 sit.
2559 1578 2769 1633 Aliter:
2809 1580 2997 1633 Homo
3046 1578 3208 1633 enim
3236 1578 3416 1651 quasi
3444 1580 3700 1651 putredo
3730 1597 3955 1637 consu-

2279 1668 2479 1732 mitur,
2511 1667 2660 1723 dum
2691 1667 2886 1723 carnis
2914 1684 3033 1722 suae
3086 1667 3468 1739 corruptione
3506 1669 3817 1740 contritus,
3852 1673 3951 1726 cui

2280 1756 2424 1830 quia
2452 1755 2769 1811 immunda
2800 1755 3064 1825 tentatio,
3096 1771 3221 1811 non
3247 1755 3508 1825 aliunde,
3537 1758 3641 1813 sed
3666 1773 3703 1814 a
3737 1763 3955 1815 semet-

2276 1842 2413 1914 ipso
2459 1843 2743 1913 nascitur,
2777 1859 2943 1899 more
2982 1843 3154 1899 tineae
3194 1860 3441 1900 carnem
3473 1846 3728 1914 tentatio,
3762 1850 3956 1919 quasi

2280 1935 2511 1987 vestem
2536 1930 2610 1986 de
2636 1947 2761 2003 qua
2788 1931 2925 2000 exit,
2957 1932 3277 1989 consumit.
3304 1934 3604 2005 Sequitur:
3678 1960 3685 1963 -

2925 2023 3149 2078 CAPUT
3176 2024 3308 2077 XIV.

2355 2112 2520 2165 Vens.
2558 2114 2605 2164 1.
2656 2111 2847 2166 Homo
2896 2115 3075 2167 natus
3122 2111 3194 2167 de
3235 2112 3484 2178 miliere,
3535 2112 3697 2168 brevi
3748 2113 3949 2168 vivens

2283 2204 2562 2268 tempore,
2594 2200 2864 2268 repletur
2888 2200 3093 2256 multis
3120 2201 3394 2256 miseriis.
3426 2232 3495 2241 -—
3524 2202 3588 2256 In
3628 2217 3801 2257 sacro
3832 2201 3947 2258 elo-

2279 2289 2423 2363 quio
2448 2288 2662 2345 mulier
2690 2293 2793 2344 aut
2821 2304 2930 2361 pro
2962 2305 3109 2344 sexu
3134 2290 3402 2363 ponitur,
3435 2295 3539 2347 aut
3562 2305 3671 2363 pro
3699 2291 3947 2346 inﬁrmi-

2282 2382 2417 2434 tate.
2446 2380 2554 2432 Pro
2594 2393 2743 2433 sexu
2793 2377 3019 2450 quippe
3047 2378 3199 2434 sicut
3237 2378 3526 2451 scriptum
3565 2382 3692 2435 est:
3740 2399 3769 2427 ι(
3800 2376 3948 2434 Misit

2280 2468 2436 2523 Deus
2468 2466 2677 2522 Filium
2709 2483 2888 2522 suum
2917 2472 3128 2524 natum
3172 2484 3246 2523 ex
3274 2468 3545 2538 muliere,
3576 2467 3801 2524 factum
3829 2466 3945 2521 sub

2279 2555 2409 2624 lege
2461 2555 2617 2625 (Gal.
2648 2570 2726 2624 1v,
2752 2556 2828 2626 4).
2865 2576 2892 2604 ››
2935 2558 3044 2612 Pro
3072 2554 3414 2612 inﬁrmitate
3460 2572 3624 2624 vero,
3656 2555 3810 2611 sicut
3837 2570 3949 2627 per

2282 2644 2611 2718 quemdam
2672 2644 3005 2717 sapientem
3059 2644 3305 2702 dicitur:
3365 2668 3392 2694 ‹‹
3425 2646 3621 2703 Melior
3661 2645 3946 2718 iniquitas

2280 2734 2409 2804 viri,
2435 2751 2621 2808 quam
2667 2733 3049 2790 benefaciens
3096 2736 3311 2791 mulier
3341 2736 3549 2808 (Eccli.
3584 2752 3739 2804 xxxv,
3780 2736 3885 2805 14).
3917 2758 3944 2783 ›ι

506 2829 658 2898 diso,
683 2829 824 2886 data
853 2830 927 2885 de
950 2832 1137 2885 morte
1154 2829 1352 2883 carnis
1379 2830 1598 2881 nostra:
1622 2821 2172 2895 sententia,ab.ipso
2202 2848 2246 2908 α
2280 2827 2399 2880 Hoc
2418 2823 2595 2893 igitur
2620 2823 2775 2891 loco,
2796 2823 3063 2879 mulieris
3092 2825 3355 2891 nomine,
3378 2824 3527 2897 quid
3551 2824 3666 2880 nisi
3691 2824 3945 2880 inﬁrmi-

502 2917 669 2975 initio
707 2918 939 2989 generis
967 2915 1218 2973 humani
1260 2930 1450 2987 usque
1493 2914 1556 2970 in
1591 2913 1776 2969 ﬁnem
1805 2910 2007 2967 saeculi
2047 2924 2173 2966 non

503 3012 788 3066 mutatur.
814 3007 991 3074 «Quis
1021 3010 1113 3063 est
1137 3005 1298 3062 enim
1318 3003 1504 3061 homo
1532 3002 1637 3075 qui
1660 3001 1827 3071 vivit,
1854 3006 1913 3057 et
1939 3016 2063 3056 non
2091 2998 2173 3054 vi-

503 3098 667 3155 debit
695 3103 946 3155 mortem
977 3098 1166 3169 (Psal.
1190 3096 1506 3166 Lxxxvm)?
1534 3116 1561 3144 »
1598 3092 1875 3165 Sequitur
1900 3110 1913 3147 :
1942 3093 2023 3147 Et
2039 3106 2175 3148 con.

502 3204 733 3244 sumere
760 3204 853 3244 me
880 3188 966 3244 vis
1003 3186 1265 3255 peccatis
1311 3183 1724 3240 adolescentiae
1753 3196 1989 3237 meae.—
2025 3183 2170 3236 Ecce

501 3277 592 3333 vir
625 3277 842 3348 justus,
874 3275 1018 3347 quia
1041 3273 1103 3329 in
1134 3274 1447 3344 juventute
1487 3286 1600 3326 sua
1642 3286 1703 3325 se
1746 3284 1994 3342 pecasse
2045 3285 2167 3326 non

500 3364 746 3437 invenit,
776 3361 1191 3420 adolescentiae
1239 3361 1396 3417 facta
1431 3358 1810 3433 pertimescit.
1866 3358 1965 3414 Ve]
2015 3363 2169 3416 certe

500 3453 644 3526 quia
658 3453 855 3526 prima
872 3456 1015 3507 aetas
1034 3456 1175 3523 apta
1188 3450 1365 3507 bonis
1388 3447 1620 3504 actibus
1637 3445 2044 3503 adolescentia
2058 3451 2165 3515 est,

500 3544 558 3596 et
589 3541 734 3612 justi
777 3540 886 3596 viri
915 3556 1055 3596 cum
1085 3553 1312 3608 magna
1339 3536 1557 3592 mentis
1600 3534 1941 3591 maturitate
1982 3535 2166 3607 proﬁ-

499 3628 682 3695 ciunt,
713 3643 1178 3701 nonnumquam
1199 3627 1277 3684 ad
1314 3624 1672 3682 memoriam
1694 3622 2001 3680 actionum
2033 3639 2169 3681 sua.

496 3736 633 3777 rum
677 3719 914 3775 initium
951 3716 1263 3785 reducant,
1295 3730 1476 3788 seque
1524 3717 1757 3770 tantum
1789 3712 1866 3769 de
1887 3713 2011 3769 suis
2044 3713 2165 3786 pri-

495 3810 745 3868 mordiis
765 3808 1227 3884 reprehendunt,
1242 3810 1538 3878 quantum
1554 3820 1628 3860 ex
1643 3803 1929 3875 gravitate
1946 3803 2164 3860 mentis

495 3900 670 3957 altius
714 3899 1124 3974 profecerunt:
1176 3896 1320 3971 quia
1371 3910 1441 3951 eo
1484 3893 1837 3950 indiscretos
1888 3908 1953 3949 se
1982 3892 2164 3949 fuisse

491 3989 819 4059 inveniunt,
849 4004 972 4063 quo
1001 3984 1374 4044 discretionis
1395 3998 1596 4040 arcem
1618 3981 1856 4055 plenius
1888 3986 2162 4063 postmo-_

2281 2918 2372 2970 tas
2400 2913 2771 2983 designatur,
2812 2929 2951 2969 cum
2998 2912 3230 2969 dicitur.
3263 2914 3454 2970 Homo
3498 2920 3678 2970 natus
3721 2914 3797 2970 de
3821 2930 3945 2970 mu-

2286 3003 2467 3058 liere?
2495 3004 2576 3056 Ac
2608 3000 2655 3056 si
2685 3001 2948 3074 apertius
2976 3000 3237 3057 dicatur:
3267 3001 3419 3065 Quid
3448 3001 3509 3057 in
3530 3017 3591 3057 se
3611 3002 3797 3058 habet
3825 3002 3945 3059 for-

2280 3089 2565 3157 titudinis,
2613 3089 2718 3162 qui
2746 3093 2924 3145 natus
2956 3093 3046 3145 est
3085 3088 3160 3148 de
3189 3089 3575 3146 inﬁrmitate?
3630 3093 3777 3146 Ecce
3833 3090 3945 3146 viri

2281 3178 2469 3235 sancti
2496 3177 2747 3234 vocibus
2767 3192 2949 3249 paena
2967 3177 3316 3234 hominibus
3330 3177 3588 3234 breviter
3602 3183 3691 3235 est
3702 3194 3945 3252 expres-

2280 3283 2368 3337 sa,
2399 3266 2504 3340 qui
2532 3272 2589 3323 et
2614 3270 2971 3336 angustatur
2998 3267 3078 3323 ad
3110 3267 3311 3335 vitam,
3335 3273 3393 3325 et
3421 3267 3703 3325 dilatatur
3731 3268 3813 3326 ad
3833 3268 3943 3325 mi-

2277 3356 2513 3413 seriam.
2546 3355 2603 3412 Si
2631 3355 2792 3412 enim
2823 3355 3114 3411 subtiliter
3142 3356 3549 3413 consideretur
3567 3373 3749 3413 omne
3772 3356 3941 3432 quod

2276 3446 2373 3501 hic
2402 3445 2617 3514 agitur,
2649 3459 2833 3516 poena
2880 3444 3130 3500 miseriae
3175 3450 3281 3502 est.
3315 3445 3438 3519 Ipsi
3480 3446 3642 3503 enim
3696 3463 3942 3521 corrup-

2276 3533 2421 3590 tioni
2446 3533 2641 3589 carnis
2690 3533 2908 3590 servire
2938 3534 3018 3591 ad
3044 3537 3382 3592 necessaria
3428 3540 3609 3609 atque
3646 3552 3942 3593 concessa

2276 3624 2519 3681 miseria
2546 3627 2651 3679 est.
2688 3623 2995 3697 Sequitur:

2344 3716 2510 3770 Vens.
2542 3717 2594 3769 2.
2630 3712 2745 3780 Qui
2768 3714 2945 3786 quasi
2982 3716 3093 3786 ﬂos
3122 3716 3446 3787 egreditur,
3483 3727 3535 3774 et
3579 3718 3936 3787 conteritur,

2274 3810 2327 3860 et
2370 3805 2532 3875 fugit
2561 3804 2723 3859 velut
2754 3803 2988 3873 umbra,
3021 3810 3077 3862 et
3115 3821 3425 3878 nunquam
3450 3807 3515 3862 in
3543 3807 3743 3863 eodem
3770 3813 3941 3864 statu

2269 3897 2599 3963 permanet.
2631 3924 2701 3932 —
2726 3893 2910 3959 Quasi
2938 3893 3052 3950 ﬂos
3077 3894 3239 3951 enim
3264 3894 3583 3966 egreditur,
3614 3895 3761 3969 quia
3789 3895 3939 3953 nitet

2270 3982 2333 4038 in
2358 3997 2556 4049 carne,
2585 3981 2691 4038 sed
2720 3983 3061 4051 conteritur,
3084 3984 3232 4056 quia
3260 3984 3547 4056 redigitur
3584 3985 3645 4041 in
3666 3985 3934 4059 putredi-

491 4079 639 4135 dum
693 4058 1175 4151 consequuntur:
1231 4079 1387 4131 recte
1438 4088 1601 4129 nunc
1657 4086 1764 4145 per
1817 4072 2008 4128 sancti
2052 4058 2164 4129 viri
2270 4089 2430 4129 nem.
2464 4071 2618 4138 Quid
2644 4072 2805 4129 enim
2826 4077 2963 4129 sunt
2991 4074 3115 4130 nati
3140 4073 3416 4131 homines
3443 4074 3507 4131 in
3536 4058 3789 4144 mundo,
3816 4075 3937 4131 nisi

489 4183 702 4224 vocem
718 4166 1133 4223 adolescentiae
1150 4168 1398 4237 peccata
1414 4160 1834 4257 formidantur.
1855 4161 2161 4238 Sequitur:
2196 4203 2238 4257 Β
2268 4161 2519 4257 quidam
2547 4161 2726 4218 ﬂores
2755 4161 2819 4217 in
2844 4177 3062 4235 campo
3082 4164 3110 4220 ‘I
3141 4163 3305 4257 Unde
3332 4164 3513 4221 Isaias
3541 4166 3657 4222 ait:
3688 4165 3934 4222 «Omnis

566 4260 728 4313 Vens.
762 4261 850 4313 27.
883 4255 1148 4311 Posuisti
1173 4254 1237 4309 in
1266 4267 1448 4309 nervo
1492 4250 1703 4321 pedem
1731 4265 1947 4316 meum,
1980 4256 2037 4308 et
2061 4253 2158 4307 ob-
2196 4250 2233 4257 ⁷
2267 4267 2407 4307 caro
2471 4250 2699 4315 fenum,
2754 4256 2811 4306 et
2876 4252 3074 4308 omnis
3142 4251 3332 4323 gloria
3399 4254 3550 4325 ejus,
3605 4254 3758 4311 sicut
3816 4255 3933 4311 ﬂos

491 4346 743 4403 servasti
782 4359 979 4401 omnes
1021 4343 1261 4399 semitas
1307 4355 1489 4410 meas,
1538 4345 1594 4396 et
1635 4340 1883 4410 vestigia
1932 4340 2153 4409 pedum
2262 4338 2392 4409 agri
2419 4339 2556 4409 (Isa.
2589 4354 2674 4405 xL,
2716 4339 2787 4410 6).
2822 4361 2849 4388 »
2882 4341 3072 4396 Homo
3124 4340 3344 4398 etenim
3373 4357 3540 4399 more
3586 4342 3755 4400 ﬂoris
3784 4358 3932 4416 pro:

489 4451 754 4494 meorum
811 4433 1223 4491 considerasti.
1270 4463 1338 4470 —
1378 4430 1442 4484 In
1488 4444 1674 4485 nervo
1725 4429 1880 4484 Deus
1933 4429 2150 4500 pedem
2260 4428 2417 4485 cedit
2443 4443 2517 4483 ex
2548 4426 2783 4484 occulto
2812 4433 2871 4486 et
2907 4429 3104 4487 subito
3135 4436 3385 4505 apparet
3411 4431 3472 4487 in
3500 4413 3938 4506 publico;_qui

487 4524 751 4584 hominis
781 4521 998 4597 posuit,
1022 4520 1165 4594 quia
1186 4519 1540 4593 pravitatem
1568 4515 1725 4573 illius
1758 4517 1899 4574 sorti
1927 4517 2151 4575 distric-

487 4615 665 4675 tionis
698 4630 820 4671 suae
865 4610 1155 4669 sententia
1195 4608 1417 4680 ligavit.
1453 4607 1634 4679 Cujus
1661 4623 1873 4663 omnes
1905 4607 2146 4664 semitas

487 4703 789 4771 observat,
822 4702 965 4776 quia
997 4699 1287 4755 subtiliter
1329 4697 1565 4769 singula
1610 4697 1739 4767 ejus
1773 4712 2025 4769 quaeque
2055 4697 2145 4752 di-

481 4791 730 4863 judicat.
761 4791 983 4849 Semita
1030 4788 1191 4844 enim
1245 4786 1557 4857 angustior
1605 4801 1736 4840 esse
1781 4784 1931 4841 solet
1958 4801 2146 4858 quam

483 4880 600 4937 via.
632 4881 782 4947 Quia
801 4884 1003 4937 autem
1034 4879 1160 4935 vias
1191 4877 1474 4947 actiones,
1500 4892 1623 4933 non
1647 4876 1944 4932 immerito
1977 4876 2148 4932 semi-

486 4974 576 5029 tas
605 4970 912 5027 actionum
943 4962 1334 5039 cogitatibnes
1365 4965 1726 5039 accipimus;
1763 4968 1915 5022 Deus
1942 4964 2146 5038 itaque

483 5075 698 5119 omnes
729 5058 971 5115 semitas
993 5055 1293 5124 observat,
1328 5055 1474 5129 quia
1503 5054 1563 5111 in
1621 5053 1872 5125 singulis
1900 5052 2147 5126 quibus-

481 5168 601 5226 que
658 5148 896 5211 nostris,
945 5151 1002 5204 et
1052 5146 1439 5219 cogitationes
1498 5149 1733 5218 pensat,
1792 5148 1849 5200 et
1902 5143 2147 5214 vestigia

481 5241 708 5312 pedum
732 5236 1091 5304 considerat,
1111 5236 1255 5310 quia
1269 5234 1624 5291 intentiones
1639 5237 1981 5290 nostrorum
2005 5248 2145 5305 ope-

481 5343 617 5382 rum
648 5345 834 5400 quam
854 5331 1011 5383 recte
1031 5330 1353 5399 ponantur,
1384 5340 1459 5379 ne
1486 5323 1679 5379 ethoc
1710 5322 1876 5395 quod
1912 5321 2144 5376 bonum

482 5416 699 5487 agitur,
711 5433 834 5472 non
862 5420 1023 5473 recto
1052 5414 1369 5483 desiderio,
1384 5416 1614 5484 agatur.
1628 5415 1882 5467 Possunt
1900 5425 2143 5483 quoque

480 5520 589 5578 per
615 5503 842 5577 pedum
865 5505 1132 5575 vestigia,
1165 5501 1449 5577 quaedam
1469 5500 1626 5561 male
1655 5504 1791 5558 acta
1818 5499 2140 5570 designari.

2259 4519 2460 4576 statim
2488 4533 2562 4574 ex
2590 4518 2833 4590 publico
2862 4536 2969 4592 per
2992 4526 3247 4577 mortem
3285 4521 3603 4577 retrahitur
3626 4522 3707 4580 ad
3731 4521 3930 4579 occul-

2256 4612 2405 4665 tum.
2439 4608 2633 4673 Quaeri
2682 4607 2843 4664 enim
2892 4613 3106 4681 potest,
3139 4625 3246 4665 cur
3296 4608 3432 4665 vitae
3477 4608 3742 4668 hominis
3796 4628 3931 4669 cur-

2258 4713 2393 4751 sum
2457 4695 2688 4751 umbraa
2760 4696 2959 4768 potius
3008 4712 3195 4768 quam
3266 4695 3375 4751 soli
3424 4707 3759 4772 comparat,
3808 4702 3928 4758 nisi

2253 4786 2398 4858 quia
2454 4787 2677 4840 amisso
2724 4799 2928 4840 amore
2995 4784 3342 4857 conditoris,
3400 4786 3663 4845 calorem
3719 4791 3923 4847 cordis

2258 4873 2537 4947 perdidit,
2567 4878 2623 4929 et
2658 4873 2718 4928 in
2749 4873 2876 4930 solo
2903 4874 3228 4947 iniquitatis
3269 4892 3393 4932 suae
3431 4875 3649 4948 frigore
3685 4896 3926 4938 reman-

2256 4964 2346 5019 sit.
2390 4962 2541 5028 Quia
2573 4962 2742 5034 juxta
2779 4962 3041 5019 Veritatis
3077 4980 3287 5022 vocem
3316 4983 3329 5021 :
3358 4984 3388 5019 ‹
3426 4966 3775 5025 Abundavit
3817 4970 3928 5027 ini-

2252 5051 2453 5125 quitas
2470 5055 2527 5107 et
2545 5050 2870 5122 refrigescit
2895 5051 3152 5109 charitas
3167 5053 3494 5113 multorum
3513 5057 3751 5127 (Matth.
3764 5075 3920 5129 xnv,

2258 5144 2365 5214 t2).
2402 5165 2430 5192 »
2454 5142 2564 5209 Qui
2592 5142 2769 5213 igitur
2798 5142 2859 5198 in
2899 5158 3103 5200 amore
3125 5145 3228 5202 Dei
3272 5147 3535 5204 calorem
3565 5148 3764 5204 cordis
3790 5166 3926 5208 non

2252 5231 2453 5300 habet,
2485 5247 2594 5288 nec
2618 5236 2815 5288 tamen
2840 5232 3028 5288 vitam
3046 5248 3237 5306 quam
3262 5234 3471 5307 diligit,
3495 5240 3670 5306 tenet,
3695 5238 3927 5296 scilicet

2254 5319 2414 5376 velut
2441 5320 2659 5376 umbra
2696 5320 2862 5389 fugit.
2898 5321 3064 5377 Unde
3091 5327 3246 5380 recte
3274 5340 3519 5397 quoque
3546 5325 3622 5382 de
3649 5325 3754 5382 illo
3775 5329 3925 5385 scri-

2251 5415 2424 5484 ptum
2454 5415 2577 5467 est:
2609 5409 2759 5477 Quia
2789 5416 3027 5468 secutus
3059 5418 3149 5469 est
3194 5413 3496 5471 umbram.
3528 5418 3679 5472 Bene
3706 5422 3922 5475 autem

2252 5499 2493 5557 dicitur:
2513 5502 2592 5557 Et
2612 5517 2921 5573 nunquam
2940 5503 3003 5559 in
3025 5502 3222 5561 eodem
3236 5509 3398 5562 statu
3410 5512 3743 5579 permanet,
3764 5508 3921 5581 quia
