4146 6156
303 106 412 160 233

1177 109 1472 166 EPITOME
1503 111 1865 168 MORALIUM
1896 111 1953 168 ὃ.
1984 109 2190 168 GREG.
2225 116 2291 168 ΙΝ
2321 114 2460 170 JOB.
2495 147 2563 156 ——
2591 117 2717 173 LIB.
2749 120 2856 173 ΧΠ.

302 223 453 280 dum
477 223 730 282 infantia
758 225 838 282 ad
865 227 1198 299 pueritiam,
1220 229 1471 301 pueritia
1510 230 1586 286 ad
1624 230 1966 287 adolescen-
1997 235 2045 288 Α
2079 235 2284 290 Deum.
2347 237 2413 290 Et
2461 239 2616 292 recte
2675 237 2756 292 ait

3623 124 3728 178 234

2812 254 2824 291 :
2883 237 2962 294 Et
3027 237 3276 310 (lignum
3330 239 3497 295 ducis
3555 257 3737 312 super

301 313 469 383 tiam,
524 313 927 370 adolescentia
972 315 1049 372 ad
1099 318 1496 388 juventutem.
1548 319 1833 390 juventus
1885 320 1962 376 ad
2076 320 2484 391 hujuscemodi
2513 339 2752 393 aperire
2782 327 2984 383 oculos
3014 331 3143 383 tuos
3174 327 3201 381 ?
3243 327 3517 399 Sequitur
3538 325 3560 384 ἐ

301 406 690 474 senectutem,
725 408 997 460 senectus
1027 405 1234 462 transit
1272 407 1350 463 ad
1379 412 1656 475 mortem,
1691 408 1752 464 in
1781 425 1962 464 cursu

299 491 438 547 vitae
476 492 789 564 praesentis
815 492 959 564 ipsis
999 494 1120 549 suis
1158 497 1496 565 augmentis
1536 497 1615 553 ad
1643 496 1960 554 detrimen-

301 584 362 636 ta
392 579 736 653 impellitur.
772 582 1045 654 Sequitur
1077 602 1090 638 :

373 671 549 726 Vens.
595 674 647 726 3.
701 670 780 725 Et
827 671 1074 742 dignum
1125 673 1293 729 ducis
1336 689 1516 744 super
1551 676 1964 744 hujuscemodi

295 759 538 828 aperire
578 760 778 814 oculos
822 766 974 828 tuos,
1020 767 1075 817 et
1115 762 1414 819 adducere
1453 770 1643 820 tecum
1691 766 1754 820 in
1791 765 1958 835 judi-

294 849 453 904 cium
497 849 524 903 ‘2
551 879 620 886 —
659 848 1065 906 Consideravit
1101 851 1327 924 quippe
1371 852 1644 925 superius
1683 859 1740 910 et
1767 855 1956 910 omni-

289 934 549 1008 potentis
609 936 710 991 Dei
762 939 1137 1010 potentiam,
1199 945 1255 996 et
1314 940 1722 998 inﬁrmitatem
1780 959 1954 999 suam

288 1023 540 1082 deduxit
576 1029 712 1082 ante
760 1028 986 1084 oculos.
1060 1033 1130 1087 Se
1180 1034 1234 1086 et
1279 1031 1601 1088 Dominum
1651 1033 1950 1106 pensavit,

291 1115 430 1188 quis
484 1131 624 1170 cum
674 1133 798 1189 quo
856 1117 936 1174 ad
984 1119 1280 1190 judicium
1334 1121 1550 1177 veniat.
1609 1122 1765 1178 Vidit
1814 1122 1952 1180 hinc

289 1203 623 1272 hominem,
656 1205 796 1262 inde
831 1207 1232 1275 Conditorem,
1264 1209 1323 1264 id
1355 1213 1444 1266 est
1472 1214 1528 1267 et
1562 1211 1870 1283 pulverem
1898 1215 1956 1268 et

2144 411 2313 468 Vens.
2347 414 2397 468 4.
2437 413 2550 481 Qui
2567 420 2759 483 potest
2783 415 2989 483 facere
3010 417 3298 474 mundum
3325 418 3397 473 de
3427 420 3732 476 immundo

2072 507 2416 570 conceptum
2439 503 2694 559 semine?
2713 503 2927 561 Nonne
2947 509 3013 559 tu
3033 507 3140 576 qui
3155 508 3315 561 solus
3337 513 3420 562 est
3436 508 3462 562 ?
3494 508 3647 581 Ipse,
3663 540 3731 550 -α

2069 590 2174 660 qui
2209 606 2314 662 per
2353 608 2415 647 se
2447 591 2608 647 solus
2648 596 2740 647 est
2775 593 3060 661 mundus,
3112 595 3407 652 mundare
3449 597 3732 669 praevalet

2066 678 2404 736 immunda.
2433 684 2621 737 Homo
2641 681 2801 738 enim
2823 682 2884 738 in
2906 682 3273 756 corruptibili
3301 701 3479 742 carne
3506 687 3726 755 vivens,

2065 767 2250 824 habet
2326 769 2720 826 tentationum
2785 770 3198 828 immunditias
3271 773 3594 846 impressas
3668 777 3730 831 in

2066 856 2404 929 semetipso,
2437 859 2539 931 qui
2569 859 2854 916 nimirum
2883 876 2985 917 eas
3018 860 3192 917 traxit
3213 861 3290 916 ab
3321 863 3567 932 origine.
3591 869 3728 937 Ipsa

2062 945 2287 1019 quippe
2318 952 2559 1020 propter
2579 948 3031 1006 delectationem
3054 950 3251 1006 carnis
3273 952 3400 1022 ejus
3418 953 3728 1024 conceptio

2063 1034 2444 1092 immunditia
2474 1040 2578 1092 est.
2617 1038 2779 1094 Unde
2809 1038 3130 1095 Psalmista
3159 1041 3242 1095 ait
3275 1059 3286 1095 :
3323 1059 3350 1092 «
3388 1043 3531 1097 Ecce
3568 1041 3727 1096 enim

2063 1122 2123 1178 in
2149 1122 2560 1195 iniquitatibus
2590 1129 2916 1198 conceptus
2943 1143 3098 1189 sum,
3129 1132 3186 1183 et
3206 1127 3267 1182 in
3296 1127 3525 1184 delictis
3552 1145 3728 1202 pepe-

2061 1211 2136 1268 rit
2165 1229 2260 1269 me
2284 1219 2474 1271 mater
2505 1231 2643 1271 mea
2673 1215 2860 1286 (Psal.
2896 1234 2948 1286 L,
2980 1218 3058 1289 7).
3092 1241 3120 1268 ››

1417 1625 1754 1714 LIBER
1848 1627 2414 1717 DUODECIM
2431 1630 2596 1720 US.

358 1916 534 1972 Vens.
703 1917 923 1973 Breves
973 1917 1096 1974 dies
1152 1918 1408 1975 hominis
1456 1925 1618 1992 sunt,
1664 1921 1946 1978 numerus
1986 1926 2026 1980 Β
2126 1926 2291 1981 Vsus.
2323 1931 2372 1980 7.
2406 1926 2665 1996 Lignum
2697 1925 2870 1984 habet
2899 1943 2935 1995 s_
2974 1940 3102 1999 cm;
3132 1928 3185 1984 si
3198 1931 3514 1998 praecisum
3535 1930 3724 2000 fuerit

285 2007 574 2062 mensium
617 2008 746 2076 ejus
785 2007 951 2076 apud
989 2012 1046 2063 te
1086 2013 1193 2064 est.
1239 2040 1308 2048 —
1348 2009 1471 2065 Hoc
1515 2009 1734 2065 etenim
1782 2011 1947 2083 apud

287 2111 402 2152 nos
437 2095 596 2152 velut
630 2111 756 2153 non
794 2112 924 2152 esse
970 2097 1330 2166 considerat,
1371 2104 1600 2171 quanta
1640 2099 1946 2157 velocitate

285 2185 652 2241 transcurrit.
716 2185 867 2252 Quia
927 2201 1069 2242 vero
1129 2187 1526 2260 omnipotenti
1589 2192 1709 2246 Deo
1765 2190 1945 2246 etiam

283 2272 549 2331 labentia
586 2274 831 2344 instant,
872 2275 1037 2348 apud
1076 2292 1216 2332 eum
1249 2293 1380 2333 esse
1414 2294 1737 2335 numerum
1776 2295 1944 2335 men-

291 2363 449 2418 sium
468 2367 814 2420 nostrorum
834 2363 1123 2437 perhibet.
1149 2365 1247 2421 Vel
1267 2370 1421 2422 certe
1447 2366 1725 2424 indiebus
1755 2368 1944 2424 brevi-

283 2455 375 2508 tas
401 2451 688 2525 temporis
729 2452 792 2508 in
832 2452 1142 2509 mensibus
1172 2469 1314 2511 vero
1347 2455 1521 2527 quasi
1552 2456 1946 2530 multiplicata

281 2541 517 2597 dierum
543 2541 736 2614 spatia
763 2541 1170 2613 designantur.
1204 2543 1384 2600 Nobis
1412 2560 1556 2601 vero
1582 2544 1709 2601 dies
1734 2545 1945 2602 breves

283 2635 440 2688 sunt.
487 2631 602 2687 Sed
631 2631 776 2704 quia
802 2631 925 2687 vita
953 2636 1164 2689 nostra
1191 2633 1520 2690 ostenditur
1552 2635 1718 2708 apud
1758 2639 1944 2692 Deum

281 2715 608 2777 numerum
647 2720 949 2777 mensium
991 2727 1337 2779 nostrorum
1377 2738 1513 2780 esse
1552 2729 1939 2781 memoratur.

284 2810 450 2868 Unde
505 2815 563 2867 et
612 2826 720 2883 per
774 2810 1158 2868 Salomonem
1209 2811 1471 2868 dicitur:
1526 2835 1553 2862 «
1613 2814 1944 2884 Longitudo

282 2898 518 2956 dierum
548 2898 611 2954 in
640 2899 849 2955 dextra
879 2898 1033 2955 illius
1061 2901 1260 2971 (Prov.
1293 2917 1374 2964 Ill,
1413 2901 1516 2972 16).
1553 2919 1583 2952 ›
1626 2903 1940 2974 Sequitur:

283 2989 666 3046 Constituisti
717 2990 1000 3046 terminos
1056 2991 1207 3058 ejus,
1274 2990 1379 3062 qui
1455 2992 1760 3059 praeteriri
1825 3008 1944 3048 non

276 3084 584 3148 poterunt.
616 3109 686 3120 -—
729 3077 902 3134 Nulla
930 3093 1066 3150 quae
1091 3077 1154 3132 in
1186 3077 1297 3134 hoc
1328 3078 1559 3134 mundo
1597 3078 1945 3136 hominibus

280 3167 455 3236 ﬁunt,
504 3166 735 3240 absque
781 3166 1208 3240 omnipotentis
1264 3167 1363 3222 Dei
1409 3167 1658 3224 consilio
1710 3169 1943 3226 occulto

280 3252 545 3308 veniunt.
598 3256 745 3308 Nam
795 3255 1012 3308 cuncta
1064 3254 1219 3307 Deus
1269 3256 1549 3309 secutura
1598 3253 1938 3326 praesciens,
1971 3279 2011 3335 ρ

282 3341 420 3393 ante
463 3335 682 3392 saecula
727 3336 1007 3406 decrevit,
1057 3335 1310 3408 qualiter
1351 3352 1458 3409 per
1497 3337 1715 3394 saecula
1742 3337 1942 3411 dispo-

279 3430 518 3483 nantur.
573 3428 870 3484 Statutum
916 3426 1141 3500 quippe
1173 3427 1303 3499 jam
1331 3427 1562 3484 homini
1592 3431 1698 3495 est,
1746 3444 1939 3502 quan-

281 3521 411 3574 tum
439 3517 599 3573 hunc
631 3517 842 3573 mundi
880 3517 1244 3590 prosperitas
1285 3521 1587 3590 sequatur,
1621 3518 1713 3574 vel
1743 3534 1938 3591 quan-

278 3611 411 3663 tum
440 3607 772 3664 adversitas
800 3607 989 3674 feriat,
1022 3623 1098 3663 ne
1125 3607 1343 3664 electos
1367 3611 1499 3678 ejus
1525 3611 1626 3664 aut
1651 3608 1940 3664 immode-

276 3699 409 3754 rata
426 3697 791 3770 prosperitas
807 3696 1014 3768 elevet,
1032 3700 1136 3753 aut
1154 3697 1340 3753 nimia
1360 3697 1692 3754 adversitas
1711 3701 1932 3768 gravet.

278 3785 455 3852 Quod
492 3790 692 3843 tamen
732 3786 979 3856 intelligi
1021 3786 1200 3842 etiam
1235 3786 1407 3857 juxta
1447 3786 1720 3859 spiritum
1756 3787 1934 3851 valet.

274 3874 423 3948 quia
440 3890 884 3947 nonnunquam
902 3874 966 3930 in
979 3873 1297 3930 virtutibus
1314 3874 1601 3947 proﬁcere
1622 3889 1933 3942 conamur,

274 3968 333 4020 et
364 3963 608 4037 quedam
653 3963 816 4019 dona
863 3962 1244 4035 percipimus,
1299 3979 1336 4020 a
1383 3963 1751 4035 quibusdam
1796 3977 1937 4018 vero

272 4052 508 4125 repulsi
546 4051 608 4105 in
638 4049 775 4104 imis
801 4050 1090 4119 jacemus.
1135 4053 1319 4105 Nemo
1349 4050 1510 4104 enim
1545 4053 1633 4105 est
1673 4050 1778 4122 qui
1807 4055 1938 4105 tan-

275 4147 407 4200 tum
465 4139 708 4195 virtutes
764 4136 1208 4211 apprehendat,
1262 4141 1561 4210 quantum
1617 4136 1942 4193 desiderat-

2055 2029 2299 2069 rursum
2348 2016 2602 2083 virescit,
2653 2023 2708 2072 et
2760 2017 2925 2074 rami
2967 2022 3101 2087 ejus
3143 2020 3483 2088 pullulant.
3533 2051 3605 2060 —
3660 2021 3724 2075 In

2053 2097 2355 2170 Scriptura
2406 2099 2624 2156 etenim
2672 2116 2846 2157 sacra
2879 2100 3041 2172 ligni
3085 2103 3328 2159 nomine
3386 2103 3724 2176 aliquando

2053 2202 2200 2242 crux
2240 2186 2602 2258 intelligitur,
2638 2194 2700 2245 ut
2749 2190 2898 2246 illud
2931 2207 2943 2245 :
2996 2212 3023 2241 ‹‹
3056 2192 3350 2248 Mittamus
3380 2193 3616 2264 lignum
3661 2193 3724 2248 in

2052 2292 2274 2348 panem
2316 2277 2444 2348 ejus
2489 2278 2633 2350 (Jer.
2667 2295 2744 2346 χι,
2785 2281 2891 2350 19).
2939 2301 2967 2329 ››
3006 2279 3344 2353 Aliquando
3386 2287 3587 2337 autem
3627 2282 3724 2336 vir

2047 2365 2244 2436 justus
2297 2370 2402 2423 aut
2455 2367 2634 2424 etiam
2680 2368 2966 2439 injustus,
3034 2373 3096 2426 ut
3145 2370 3292 2426 illud
3342 2372 3650 2443 prophetae
3707 2387 3720 2425 :

2056 2479 2082 2504 «
2111 2459 2231 2526 Ego
2259 2457 2547 2513 Dominus
2566 2452 2875 2514 humiliavi
2893 2457 3133 2529 lignum
3155 2459 3430 2526 sublime,
3461 2460 3725 2516 exaltavi

2050 2543 2281 2614 lignum
2314 2546 2540 2602 humile
2573 2547 2804 2617 (Ezech.
2856 2563 2900 2615 ι,
2931 2547 3046 2619 2i).
3081 2570 3108 2598 »
3141 2548 3481 2620 Aliquando
3514 2553 3718 2604 autem

2049 2631 2360 2692 incarnata
2436 2635 2536 2691 Dei
2597 2635 2895 2708 Sapientia
2950 2636 3244 2708 ﬁguratur
3275 2681 3288 2707 ,
3370 2642 3436 2692 ut
3484 2637 3631 2693 illud
3705 2655 3717 2692 :

2053 2744 2078 2770 ‹‹
2113 2723 2366 2794 Lignum
2414 2724 2548 2780 vitae
2594 2729 2685 2780 est
2731 2725 2824 2780 his
2872 2724 2979 2798 qui
3030 2725 3541 2798 apprehenderint
3588 2741 3723 2782 eam

2051 2811 2255 2882 (Prov.
2282 2816 2362 2881 ni,
2390 2813 2497 2884 18).
2527 2836 2555 2862 ››
2583 2813 2706 2869 Hoc
2729 2813 2810 2870 ita
2830 2813 2964 2871 loco
2986 2831 3126 2870 cum
3153 2815 3386 2885 lignum
3413 2815 3723 2887 praefertur

2050 2900 2300 2969 homini,
2323 2901 2469 2974 quid
2489 2902 2694 2972 homo,
2713 2902 2825 2958 nisi
2848 2903 3104 2959 carnalis
3124 2905 3379 2976 quisque
3402 2903 3722 2976 accipitur?

2053 2992 2118 3045 Et
2148 2989 2297 3062 quid
2320 2989 2463 3060 ligni
2490 2991 2754 3061 nomine,
2786 2991 2900 3046 nisi
2923 2992 3069 3063 justi
3101 2993 3574 3064 uniuscujusque
3602 2993 3723 3049 vita

2052 3078 2321 3148 signatur
2345 3081 2372 3134 ‘l
2402 3081 2663 3150 Dig-num
2687 3079 2906 3136 etenim
2928 3081 3107 3137 habet
3128 3097 3311 3150 spem,
3335 3083 3388 3136 si
3403 3083 3719 3150 prmcisum

2043 3168 2255 3237 fuerit,
2288 3184 2531 3224 rursum
2559 3170 2815 3225 virescit.
2843 3167 2994 3234 Quia
3020 3185 3160 3225 cum
3190 3168 3248 3223 in
3278 3173 3467 3224 morte
3495 3168 3722 3241 passio-

2049 3256 2142 3312 nis
2171 3273 2280 3329 pro
2323 3259 2566 3314 veritate
2598 3257 2871 3330 afﬁcitur,
2902 3257 2964 3314 in
2995 3261 3229 3314 internae
3264 3257 3393 3313 vitae
3422 3257 3720 3314 viriditate

2047 3353 2450 3420 recuperatur,
2481 3353 2538 3404 et
2564 3348 2668 3421 qui
2695 3348 2792 3404 hic
2814 3347 3048 3405 virebat
3070 3363 3178 3421 per
3198 3346 3402 3410 fidem,
3428 3345 3541 3402 illic
3568 3347 3689 3402 vire
3713 3379 3722 3386 -

2047 3435 2156 3492 scit
2198 3453 2303 3508 per
2343 3436 2627 3511 speciem.
2678 3439 2758 3493 Et
2814 3438 2973 3494 rami
3020 3439 3148 3506 eius
3195 3437 3531 3506 pullulant.
3570 3436 3720 3500 Quia

2045 3525 2402 3600 plerumque
2460 3544 2532 3584 ex
2591 3527 2871 3599 passione
2924 3525 3074 3598 justi
3110 3525 3317 3581 Iidelcs
3352 3541 3595 3596 quoque
3643 3524 3722 3580 ad

2045 3630 2315 3671 amorem
2357 3615 2586 3672 celestis
2630 3616 2838 3688 patriae
2879 3614 3375 3688 multiplicantur,
3424 3621 3480 3669 et
3517 3611 3714 3669 viridi-

2045 3707 2227 3760 tatem
2257 3705 2390 3760 vitaa
2418 3704 2700 3779 spiritalis
2731 3705 3052 3778 accipiunt,
3085 3704 3234 3760 dum
3263 3704 3427 3759 hunc
3459 3718 3570 3774 pro
3600 3705 3719 3758 Deo

2045 3784 2269 3850 fortiter
2295 3794 2486 3865 egisse
2517 3794 2891 3864 gratulantur
2917 3792 3196 3866 Sequitur
3227 3810 3239 3848 :

2115 3957 2283 4010 Vsus.
2318 3957 2370 4023 8,
2403 3960 2456 4010 9.
2487 3955 2560 4009 Si
2584 3956 2844 4010 senuerit
2876 3955 2940 4009 in
2980 3959 3145 4010 terra
3173 3954 3357 4009 radix
3387 3956 3534 4022 ejus,
3570 3960 3620 4009 et
3656 3955 3718 4008 in

2041 4043 2293 4111 pulvere
2321 4048 2592 4097 mortuus
2621 4044 2808 4111 fuerit
2838 4047 3110 4108 truncus,
3142 4041 3310 4095 illius
3333 4056 3356 4096 .·
3377 4041 3458 4096 ad
3483 4042 3721 4095 odorem

2051 4147 2221 4202 aquae
2279 4131 2660 4207 germinum,
2718 4136 2774 4186 et
2827 4131 3010 4201 faciet
3067 4144 3316 4194 comam,
3370 4130 3546 4200 quasi
3588 4145 3722 4184 cum

273 4221 426 4303 quia
471 4226 853 4300 omnipotens
905 4229 1058 4283 Deus
1103 4225 1388 4282 interiora
1428 4225 1775 4282 discernens
1804 4225 1939 4299 ipsi,
2049 4222 2310 4292 primum
2354 4221 2702 4315 plantatum
2751 4224 2855 4315 est.
2887 4249 2956 4315 —-:
2988 4216 3142 4315 Quid
3183 4217 3352 4315 radix
3393 4216 3560 4315 justi,
3594 4215 3724 4315 .nisi

275 4315 687 4392 spiritualibus
714 4314 1081 4388 profectibus
1109 4314 1364 4371 modum
1412 4315 1598 4388 ponit,
1631 4318 1694 4371 ut
1723 4331 1796 4371 ex
1825 4315 1941 4371 hoc
2052 4307 2686 4403 sancta-praedicatio,
2709 4307 2852 4380 quia
2899 4305 2976 4403 ab
3005 4305 3137 4403 ipsa
3162 4305 3366 4403 oritur,
3401 4309 3468 4403 et.
3500 4305 3561 4360 in
3590 4305 3724 4403 ipsa

274 4406 466 4462 homo
511 4403 680 4478 quod
726 4403 1176 4478 apprehendere
1225 4407 1494 4468 conatur,
1527 4407 1584 4459 et
1610 4419 1733 4460 non
1762 4403 1938 4470 valet,
2052 4396 2318 4454 subsistit
2345 4398 2372 4452 ?
2403 4398 2468 4452 Et
2496 4395 2643 4467 quid
2674 4399 2842 4451 terrae
2873 4393 2961 4452 vel
2994 4393 3258 4468 pulveris
3306 4393 3571 4461 nomine,
3606 4393 3722 4448 nisi

276 4495 343 4553 in
372 4494 504 4563 illis,
535 4510 596 4551 se
625 4509 749 4550 non
777 4493 963 4549 elevet
990 4509 1128 4565 quas
1156 4491 1327 4549 valet.
1365 4492 1642 4565 Sequitur
1674 4510 1686 4548 :
2051 4491 2330 4561 peccator
2384 4484 2672 4557 accipitur
2701 4487 2730 4542 ἶ)
2785 4483 2931 4540 Justi
2985 4482 3165 4554 igitur
3222 4483 3391 4539 radix
3447 4483 3509 4538 in
3570 4487 3720 4538 terra

353 4584 526 4638 Vens.
559 4586 611 4637 6.
645 4581 869 4639 Recede
906 4582 1231 4651 paululum
1269 4581 1345 4637 ab
1374 4595 1459 4650 eo,
1492 4586 1558 4636 ut
1589 4581 1938 4651 requiescat,
1980 4629 2026 4651 η
2055 4574 2325 4644 senescit,
2385 4579 2442 4630 et
2497 4573 2559 4629 in
2613 4572 2858 4646 pulvere
2911 4576 3158 4629 truncus
3215 4572 3519 4638 emoritur,
3577 4571 3722 4643 quia

279 4671 467 4728 donec
495 4676 702 4741 optata
726 4671 944 4738 veniat,
976 4672 1126 4726 sicin
1157 4670 1517 4728 mercenarii
1545 4669 1668 4726 dies
1695 4671 1846 4740 ejus.
1871 4700 1943 4711 —
1980 4661 2027 4683 “'
2055 4665 2239 4723 corda
2267 4681 2596 4739 pravorum
2627 4665 2755 4736 ejus
2781 4663 3126 4736 praedicatio
3157 4663 3459 4734 despecta,
3494 4661 3722 4717 cunctis

279 4763 405 4817 Hoc
431 4759 563 4816 loco
603 4761 804 4817 recede
844 4759 1080 4829 dicitur,
1107 4758 1232 4814 vim
1264 4757 1486 4829 ﬂagelli
1530 4773 1765 4815 amove.
1801 4758 1942 4824 Quis
2054 4755 2282 4810 viribus
2312 4753 2486 4810 effeta
2511 4752 2789 4808 creditur.
2823 4753 2890 4806 Et
2916 4751 2978 4807 in
3007 4751 3252 4824 pulvere
3288 4755 3532 4806 truncus
3562 4766 3722 4806 emo-

276 4848 441 4904 enim
489 4847 643 4905 valet
696 4849 818 4905 Deo
866 4847 1177 4904 recedente
1232 4848 1561 4920 quiescere,
1620 4863 1760 4903 cum
1816 4847 1942 4920 ipse
2052 4844 2220 4913 ritur,
2275 4842 2419 4914 quia
2473 4842 2624 4897 inter
2680 4856 2898 4896 manus
2956 4839 3446 4912 persequentium
3499 4857 3719 4913 corpus

281 4936 444 4993 solus
475 4936 547 4993 sit
571 4937 856 5010 requies?
898 4940 964 4994 Et
993 4952 1030 4993 a
1058 4951 1184 5009 quo
1213 4935 1469 5008 quisque
1509 4939 1739 5008 quanto
1767 4935 1943 5006 longe
2053 4931 2209 4987 illius
2265 4930 2661 4987 examinatur.
2719 4929 2808 4985 Ad
2869 4928 3118 4985 odorem
3172 4945 3346 5002 aquae
3401 4929 3719 5000 germinat,

280 5025 473 5093 fuerit,
504 5025 592 5082 ﬁit
628 5030 795 5084 tanto
830 5031 886 5083 et
921 5025 1244 5100 inquietus.
1279 5024 1484 5097 Itaque
1514 5025 1597 5080 sic
1633 5025 1838 5082 recede
1866 5024 1942 5082 ab

280 5130 348 5172 eo
394 5114 608 5172 dicitur
635 5159 650 5186 ,
709 5119 774 5172 ut
828 5115 1122 5186 intelligas
1195 5113 1480 5170 feriendo.
1551 5112 1942 5170 Merecnarius

280 5207 509 5276 quanto
551 5203 730 5275 longe
774 5207 862 5260 est
890 5220 927 5261 a
970 5204 1088 5260 ﬁne
1113 5202 1314 5276 operis
1350 5243 1364 5269 ,
1422 5204 1588 5258 tanto
1631 5205 1688 5257 et
1717 5217 1754 5259 a
1783 5201 1946 5258 retri-

279 5291 526 5349 butione
574 5293 891 5350 mercedis.
940 5297 1022 5349 Ita
1046 5292 1136 5348 vir
1173 5291 1429 5364 quisque
1462 5293 1709 5345 sanctus
1740 5289 1800 5345 in
1829 5291 1944 5346 hac

280 5381 403 5437 vita
431 5383 682 5454 positus,
713 5383 862 5439 dum
891 5382 1067 5452 longe
1099 5397 1160 5436 se
1190 5381 1268 5436 ab
1297 5380 1459 5436 exitu
1487 5379 1620 5435 vitae
1650 5379 1944 5452 presentis

283 5472 594 5544 conspicit,
625 5472 803 5544 longe
831 5488 891 5528 se
917 5487 1077 5526 essse
1106 5469 1185 5526 ab
1214 5470 1446 5526 internis
1479 5468 1714 5539 gaudiis
1741 5468 1941 5539 gemit.

287 5562 580 5636 Sequitur.

535 5654 780 5710 PumL.
823 5649 1091 5719 CXXXIII,

2053 5023 2199 5095 quia
2249 5037 2357 5094 per
2409 5020 2679 5076 afﬂatum
2737 5019 2928 5076 sancti
2979 5019 3227 5094 Spiritus
3287 5019 3347 5075 in
3399 5021 3722 5077 electorum

2053 5112 2334 5170 cordibus
2359 5111 2635 5184 exemplo
2667 5111 2759 5166 sui
2788 5109 2987 5184 operis
3026 5127 3272 5182 germen
3301 5111 3532 5168 virtutis
3560 5109 3721 5165 facit.

2056 5202 2326 5260 Succisor
2383 5206 2590 5259 trunco
2625 5243 2638 5269 ,
2706 5216 2945 5258 comam
3016 5199 3211 5257 facere
3271 5204 3398 5268 est,
3467 5197 3723 5252 extincto

2053 5290 2438 5364 corporaliter
2471 5291 2652 5361 justo,
2688 5289 2820 5363 ipso
2856 5305 2979 5346 suae
3037 5287 3378 5364 passionnis
3425 5281 3720 5354 exemplo,

2053 5379 2381 5435 multorum
2412 5380 2594 5434 corda
2624 5382 2903 5448 excitare,
2936 5381 2994 5434 et
3021 5393 3094 5432 ex
3119 5377 3236 5430 ﬁde
3269 5376 3428 5426 recta
3454 5371 3720 5426 viridita-

2057 5475 2174 5525 tem
2203 5469 2464 5525 veritatis
2487 5469 2820 5525 ostendere.
2848 5467 3004 5522 Benc
3031 5469 3232 5519 autem
3256 5458 3474 5515 dicitur
3499 5480 3510 5516 :
3543 5460 3727 5528 Quasi

2054 5574 2187 5615 cum
2234 5559 2496 5628 primum
2544 5558 2892 5628 plantatum
2938 5557 3044 5610 est.
3110 5551 3298 5606 Omne
3341 5549 3507 5622 quod
3554 5549 3648 5604 hic
3689 5563 3724 5602 a

3405 5644 3436 5693 8
