4154 6160
484 60 592 122 235
1560 61 1615 116 S.
1650 58 1910 117 ODONIS
1939 56 2230 114 ABBA'H‘S
2257 56 2762 116 CLUNIACENSIS
2796 56 2841 115 II
3803 70 3906 124 ως

478 187 653 259 justis
704 187 916 258 agitur,
967 181 1235 240 secunda
1280 168 1573 257 plantatio
1614 188 1726 251 est,
1781 183 1931 256 quia
1950 181 2149 255 prima
2178 178 2229 238 Ἀ
2266 180 2379 237 Sed
2424 198 2567 238 cum
2613 183 2795 239 homo
2842 183 3109 251 moritur,
3152 198 3327 257 aqua
3376 186 3557 241 maris
3605 187 3908 257 recedunt,

482 276 753 333 videlicet
779 272 1088 347 plantatio,
1131 282 1253 328 non
1285 272 1345 328 in
1375 282 1554 345 opere
1592 271 1920 343 justorum,
1954 269 2055 326 sed
2089 270 2153 360 in
2254 270 2402 342 quia
2428 272 2597 342 juxta
2622 272 2945 360 Psalmistee
2979 278 3211 344 vocem,
3245 298 3269 323 α
3298 278 3362 330 in
3383 275 3483 331 illa
3510 275 3607 331 die
3635 276 3912 348 peribunt

484 364 854 439 prtescientia
878 356 1213 419 Conditoris
1242 362 1346 419 est.
1374 360 1572 418 Potest
1600 363 1779 418 etiam
1809 361 1981 417 radix
2008 356 2155 429 justi
2259 372 2470 415 omnes
2498 359 2889 429 cogitationes
2919 377 3128 417 eorum
3159 362 3342 429 (PSuL
3362 378 3527 430 CXLV,
3552 366 3669 435 4).»
3703 367 3766 421 Et
3791 381 3910 421 rur-

476 436 613 527 ipsa
643 458 859 509 natura
886 448 1276 509 humanitatis
1306 447 1550 523 intelligi
1584 460 1656 507 ex
1704 462 1830 524 qua
1858 448 2148 506 subsistit.
2258 462 2392 503 sum
2416 448 2496 503 de
2524 448 2812 504 moriente
2844 451 3128 521 scriptum
3159 455 3249 505 est
3278 467 3291 504 :
3324 472 3352 498 «
3376 457 3558 507 Amor
3580 464 3833 526 quoque
3856 460 3911 511 et

484 544 625 609 Quae
672 541 944 599 videlicet
972 542 1143 599 radix
1174 542 1424 598 senescit
1452 542 1512 597 in
1558 546 1731 608 terra,
1767 555 1905 597 cum
1934 543 2150 595 natura
2254 536 2463 592 odium
2503 538 2685 593 simul
2721 539 3002 611 peribunt
3026 541 3243 609 (Eccte.
3268 556 3345 609 ix,
3373 544 3486 612 6).»
3519 544 3743 599 Arescit
3772 559 3908 614 ergo

482 631 678 689 carnis
705 628 923 699 deﬁcit,
948 630 1008 687 in
1029 631 1339 705 pulverem
1360 628 1623 687 redacta.
1646 629 1831 701 Cujus
1857 629 1917 684 in
1944 627 2147 701 pulve-

483 720 545 779 re
576 727 823 778 truncus
856 721 1160 788 emoritur,
1201 721 1345 794 quia
1382 720 1707 777 extinctum
1731 733 1950 791 corpus
1977 733 2013 775 a
2036 733 2147 774 sua

484 808 682 885 specie
709 810 1054 884 dissipatur.
1090 811 1203 868 Sed
1237 810 1317 867 ad
1347 810 1595 866 odorem
1622 825 1796 882 aquae
1826 809 2142 879 geminat,

484 902 628 975 quia
673 918 782 975 per
835 901 1159 958 adventum
1210 900 1398 957 sancti
1450 899 1696 973 Spiritus
1745 897 2017 967 resurgit.
2064 894 2143 952 Et

482 994 667 1062 faciet
697 1007 922 1049 comam
952 992 1128 1065 quasi
1168 1007 1301 1047 cum
1336 991 1603 1060 primum
1640 990 1993 1059 ptantatum
2033 992 2141 1058 est,

485 1080 628 1152 quia
659 1080 738 1136 ad
781 1079 944 1136 illam
976 1079 1234 1153 speciem
1264 1076 1434 1145 redit,
1478 1077 1556 1134 ad
1585 1091 1770 1150 quam
1815 1075 2144 1149 percipien-

484 1169 627 1226 dam
657 1173 890 1225 ereatus
919 1168 1129 1235 fuerat,
1164 1168 1209 1223 si
1239 1168 1300 1224 in
1330 1168 1614 1241 paradiso
1639 1166 1871 1239 positus
1892 1178 2142 1238 peccare

482 1258 787 1314 noluisset.
831 1258 1002 1323 Quod
1039 1256 1256 1314 fortass
1289 1257 1363 1313 de
1402 1256 1649 1313 domino
1682 1255 1837 1311 valet
1874 1253 2138 1325 intelligi,

481 1347 773 1421 quoniam
827 1352 883 1403 et
934 1345 982 1402 si
1039 1347 1230 1404 occidi
1281 1362 1388 1420 per
1416 1346 1759 1419 passionem
1792 1344 2003 1416 potuit,
2033 1360 2143 1416 per

480 1436 924 1492 resurrectionis
968 1436 1215 1507 gloriam
1252 1452 1461 1491 rursus
1490 1435 1568 1491 ad
1603 1433 1954 1489 viriditatem
2006 1432 2140 1488 vitae

2250 623 2471 681 ﬂuvius
2514 626 2921 695 vacuefactas,
2971 628 3137 699 quia,
3191 628 3488 686 subducta
3536 631 3760 699 anima,
3810 642 3906 688 Va-

2250 731 2431 771 cuum
2451 731 2672 789 corpus
2692 722 2980 774 remanet.
3010 719 3196 783 Quasi
3224 719 3383 775 enim
3415 719 3623 776 alveus
3646 721 3906 778 ﬂuminis

2249 820 2497 873 vacuus,
2531 823 2749 880 corpus
2779 808 3075 864 exanime.
3113 808 3225 864 Sed
3268 809 3328 865 in
3359 809 3452 865 his
3482 811 3659 867 valde
3688 811 3904 869 durum

2248 894 2481 951 videtur
2519 912 2654 953 esse
2708 897 2874 970 quod
2902 900 2986 954 sic
3026 900 3197 955 homo
3236 915 3375 955 cum
3423 901 3735 958 dormierit
3789 919 3905 959 non

2246 991 2535 1056 resurget.
2621 988 2740 1041 Cur
2818 986 3020 1058 itaque
3088 987 3439 1044 laboramus
3468 1033 3481 1057 ,
3544 989 3594 1044 si
3672 989 3735 1046 iu
3815 1006 3902 1048 rec

2247 1073 2627 1129 surrectionis
2675 1075 3062 1131 retributione
3092 1091 3215 1131 non
3249 1076 3547 1132 tendimus
3570 1078 3598 1132 1?
3649 1080 3905 1144 Quomo-

2242 1159 2326 1216 do
2383 1166 2584 1218 autem
2646 1163 2890 1232 dicitur,
2976 1179 3097 1219 non
3172 1171 3482 1237 resurget,
3542 1182 3681 1222 cum
3759 1169 3901 1224 scri-

2245 1254 2417 1322 ptum
2490 1251 2598 1307 sit:
2662 1254 2939 1308 «Omnes
3014 1253 3262 1325 quidem
3318 1270 3740 1329 resurgemus,
3802 1258 3904 1314 sed

2247 1354 2369 1394 non
2416 1355 2627 1395 omnes
2677 1340 3092 1397 immutabitur
3138 1342 3196 1411 (Ι
3230 1343 3368 1398 Cor.
3410 1360 3508 1408 xv,
3564 1344 3677 1410 51).
3707 1368 3734 1394 »
3795 1347 3904 1402 Sed

2246 1427 2515 1497 subjecta
2557 1428 2846 1484 sententia
2882 1429 3107 1486 indicat
3142 1446 3278 1502 qum
3330 1431 3606 1488 discretio
3655 1433 3717 1490 in
3761 1450 3905 1506 prse-

480 1526 659 1582 venit.
696 1526 887 1596 Hujus
926 1525 1078 1582 rami
1106 1524 1422 1598 pullulant,
1467 1524 1571 1597 qui
1600 1540 1673 1579 ex
1706 1522 2138 1579 resurrectione
2166 1533 2213 1587 Β
2244 1515 2433 1572 missa
2477 1515 2677 1573 lateat.
2756 1522 2903 1574 Nam
2958 1518 3233 1574 subditur
3271 1538 3283 1575 :
3343 1522 3540 1578 Donec
3606 1528 3906 1580 atteratur

400 1666 407 1669 _
478 1613 632 1669 illius
662 1613 1053 1687 multiplicati,
1085 1613 1263 1683 longe
1294 1613 1532 1685 lateque
1560 1611 1767 1668 ﬁdeles
1796 1616 2131 1667 creverunt.

481 1703 665 1773 Hujus
694 1702 866 1758 radix
894 1703 953 1758 in
980 1706 1136 1757 terra
1161 1701 1335 1774 quasi
1361 1700 1572 1767 senuit,
1599 1700 1742 1773 quia
1767 1700 1897 1770 ejus
1924 1698 2139 1777 praedi;

479 1792 633 1848 catio
663 1790 1007 1847 Judaeorum
1035 1790 1299 1863 perﬁdiis
1328 1790 1611 1862 despecta
1642 1788 1766 1844 fuit.
1808 1789 1885 1843 Et
1915 1790 1975 1843 in
2004 1789 2137 1857 put-

478 1895 612 1936 vere
630 1882 879 1935 truncus
891 1885 1192 1936 emortuus
1209 1885 1310 1934 est.
1326 1876 1475 1944 Quia
1498 1878 1558 1933 in
1580 1877 1758 1933 corde
1772 1890 2137 1950 persequen-

456 1967 625 2041 ltium
654 1960 819 2042 quod
847 1964 1112 2041 perﬁdiae
1138 1984 1261 2023 suae
1280 1966 1458 2023 vento
1476 1960 1805 2036 levabatur,
1828 1964 2136 2038 despecta-

473 2057 610 2114 bilis
647 2062 702 2114 et
736 2060 1112 2131 contemptus
1148 2061 1236 2113 est
1276 2051 1540 2127 habitus,
1572 2056 1717 2128 quia
1747 2053 1909 2111 carni
1942 2053 2135 2126 potuit

474 2145 683 2203 occidi.
716 2147 830 2203 Sed
865 2140 945 2203 ad
971 2146 1209 2203 odorem
1240 2152 1409 2219 aqua?
1436 2144 1815 2217 germinavit.
1850 2143 2001 2210 Quia
2024 2152 2135 2215 per

471 2237 750 2293 virtutem
793 2236 892 2293 Dei
930 2237 1213 2293 instincta
1247 2252 1387 2292 caro
1416 2230 1571 2290 illius
1611 2235 1685 2290 ad
1718 2233 1902 2290 vitam
1937 2230 2129 2301 rediit,

465 2318 637 2398 juxta
666 2324 833 2400 quod
857 2328 1089 2397 justum
1118 2331 1209 2382 est
1241 2345 1253 2382 :
1296 2347 1324 2374 «
1358 2326 1544 2391 Quem
1572 2326 1728 2379 Deus
1761 2320 2069 2377 suscitavit
2097 2334 2131 2376 a

424 2408 427 2411 ’
470 2417 722 2472 mortuis
751 2417 804 2487 (Ι
836 2414 1003 2472 Thes.
1032 2432 1070 2483 ι,
1108 2415 1211 2485 10).
1240 2436 1266 2464 ››
1295 2410 1373 2469 Et
1393 2408 1539 2483 fecit
1558 2424 1785 2469 comam
1807 2412 1981 2484 quasi
1997 2426 2131 2466 cum

454 2505 730 2572 primum
748 2504 1098 2571 plantatum
1120 2508 1225 2558 est.
1249 2502 1397 2568 Quia
1412 2494 1516 2556 illa
1536 2500 1945 2574 apostolorum
1969 2498 2132 2555 debi-

468 2586 628 2660 litas,
669 2607 805 2664 quae
846 2590 907 2647 in
953 2595 1141 2647 morte
1188 2590 1344 2646 illius
1391 2590 1625 2663 expavit
1671 2593 1727 2645 et
1769 2589 2023 2659 negavit,
2076 2593 2129 2645 et

470 2679 751 2750 negando
806 2680 978 2748 aruit,
1028 2693 1136 2752 per
1187 2678 1634 2735 resurrectionis
1682 2677 1815 2750 ejus
1870 2672 2129 2747 gloriam

468 2786 674 2826 rursus
705 2768 784 2826 ad
813 2767 996 2826 ﬁdem
1023 2769 1218 2825 viruit.
1255 2762 1419 2825 Unde
1449 2771 1505 2824 et
1533 2766 1848 2824 subditur:

2245 1607 2481 1674 caelum,
2501 1621 2623 1662 non
2642 1608 2952 1677 evigitabit
2977 1624 3082 1664 nec
3105 1617 3420 1680 consurget
3440 1611 3513 1667 de
3541 1627 3745 1669 somno
3772 1630 3899 1669 suo.

2244 1727 2310 1732 —
2337 1694 2541 1766 Liquet
2568 1695 2726 1751 enim
2776 1696 2921 1768 quia
2968 1712 3090 1752 non
3139 1703 3430 1768 resurget,
3464 1700 3570 1756 sed
3599 1701 3793 1758 donec
3824 1708 3905 1759 at-

2243 1787 2464 1859 teratur
2507 1785 2746 1852 caelum,
2797 1785 2941 1858 quia
2985 1786 3098 1842 nisi
3149 1787 3331 1859 hujus
3380 1789 3518 1844 ﬁnis
3575 1790 3900 1861 advenerit,

2239 1870 2577 1928 humanum
2626 1887 2818 1943 genus
2866 1888 2901 1929 a
2944 1888 3159 1931 somno
3206 1877 3416 1932 mortis
3458 1877 3539 1933 ad
3565 1880 3746 1935 vitam
3772 1895 3898 1936 non

2238 1961 2562 2032 evigilabit.
2591 1965 2719 2019 Non
2743 1978 2885 2033 ergo
2911 1964 3056 2037 quia
3074 1965 3436 2022 omnimodo
3451 1980 3577 2024 non
3601 1974 3897 2042 resurgat,

2241 2049 2369 2117 sed,
2393 2051 2539 2123 quia
2564 2056 2702 2108 ante
2726 2053 3150 2109 conti-itionem
3172 2054 3311 2110 cceli
3337 2055 3677 2113 humanum
3707 2070 3897 2129 genus

2237 2141 2486 2196 minime
2512 2147 2806 2211 resurgat,
2832 2143 3117 2200 insinuat.
3150 2145 3428 2217 Sequitur
3454 2165 3467 2202 :

2311 2230 2481 2286 Vens.
2520 2230 2601 2287 l3.
2634 2232 2776 2300 Quis
2817 2233 2969 2288 mihi
3008 2235 3120 2290 hoc
3146 2236 3401 2305 tribuat,
3438 2242 3512 2292 ut
3551 2238 3615 2293 in
3656 2239 3896 2309 inferno

2234 2324 2515 2389 protegas
2560 2324 2699 2377 me?
2726 2353 2793 2361 —
2819 2322 2969 2387 Quia
3017 2327 3153 2378 ante
3198 2324 3527 2382 adventum
3563 2327 3894 2383 Mediam-is

2234 2406 2520 2471 hominis,
2552 2410 2748 2464 omnis
2778 2410 2986 2479 homo,
3013 2412 3293 2483 quamvis
3319 2413 3564 2470 mundis
3602 2415 3898 2489 [embate-

2232 2504 2354 2567 que
2382 2496 2519 2551 vitae
2548 2497 2742 2569 fuerit,
2773 2497 2853 2554 ad
2880 2499 3094 2556 inferni
3119 2500 3384 2557 claustra
3425 2502 3756 2572 descendit,
3787 2504 3894 2560 du-

2235 2583 2406 2640 bium
2437 2600 2557 2641 non
2590 2591 2704 2642 est.
2739 2590 2852 2644 Nec
2876 2592 3076 2645 tamen
3114 2590 3198 2646 ita
3217 2591 3517 2662 justorum
3549 2594 3785 2651 animas
3814 2595 3893 2651 ad

2231 2671 2534 2729 infernum
2557 2673 2819 2730 dicimus
2847 2675 3252 2745 descendisse,
3284 2684 3349 2734 ut
3374 2679 3434 2735 in
3473 2679 3619 2737 locis
3646 2682 3895 2754 pinnati-

2234 2760 2349 2817 bus
2394 2766 2763 2820 tenerentur:
2818 2765 2923 2820 sed
2975 2780 3104 2822 esse
3148 2767 3457 2841 superiora
3500 2769 3719 2827 inferni
3758 2770 3894 2829 loca

539 2860 704 2915 Vens.
763 2857 848 2914 10.
907 2856 1098 2915 Homo
1146 2873 1285 2914 vero
1336 2873 1467 2913 cum
1518 2862 1789 2912 mortuus
1833 2857 2019 2927 fuerit
2069 2863 2123 2913 et
2155 2883 2197 2938 ο
2226 2851 2535 2908 crudanda
2582 2859 2739 2926 sunt,
2780 2858 2844 2909 ut
2891 2854 2950 2909 in
3000 2856 3408 2929 superioribus
3454 2859 3893 2932 requiescermt

465 2948 732 3003 nudatus
789 2953 970 3019 atque
1024 2950 1427 3016 consumptus,
1462 2944 1580 3013 ubi,
1627 2958 1844 3017 quaeso,
1892 2948 2029 3003 est?
2056 2979 2123 2986 —
2229 2940 2392 3011 justi,
2425 2947 2479 2998 et
2521 2941 2583 2998 in
2610 2942 2993 3000 inferioribus
3033 2946 3440 3003 cruciarentur
3466 2948 3691 3020 injusti.
3724 2949 3891 3008 Unde

464 3034 670 3093 Nullus
699 3035 885 3092 homo
917 3034 1044 3092 sine
1074 3038 1321 3109 peccato
1351 3035 1457 3102 est,
1485 3034 1598 3091 nisi
1625 3030 1718 3090 ille
1743 3035 1848 3108 qui
1872 3034 1937 3090 in
1960 3035 2123 3092 hunc

467 3124 766 3182 mundum
795 3141 916 3182 non
950 3126 1112 3182 venit
1143 3141 1215 3180 ex
1242 3129 1509 3199 peccato.
1552 3124 1619 3181 Et
1646 3125 1789 3197 quia
1820 3140 2031 3181 omnes
2058 3125 2122 3180 in

462 3213 642 3285 culpa
671 3213 955 3282 ligamur,
995 3213 1126 3286 ipsa
1167 3213 1494 3269 amissione
1528 3212 1769 3283 justitiae
1806 3215 2120 3270 morimur.

462 3301 757 3357 Concessa
785 3300 955 3373 prius
977 3300 1038 3355 in
1059 3300 1342 3372 paradiso
1374 3304 1530 3356 veste
1554 3299 1909 3356 innocentiae
1931 3300 2123 3357 nuda-

462 3405 618 3457 mur,
666 3388 902 3445 interitu
948 3388 1127 3445 etiam
1184 3389 1378 3445 carnis
1441 3389 1842 3462 subsequente
1899 3405 2118 3446 consu-

462 3478 703 3533 mimur.
778 3480 967 3533 Homo
1013 3478 1216 3550 itaque
1266 3481 1541 3550 peccator
1600 3478 1851 3534 moritur
1919 3478 2116 3551 culpa,

461 3562 725 3621 nudatur
773 3580 808 3621 a
842 3565 1093 3637 justitia,
1152 3565 1525 3621 cousumi‘tur
1573 3565 1634 3621 in
1690 3580 1891 3638 poena.
1952 3567 2119 3623 Hanc

460 3653 789 3710 nuditatem
821 3654 1150 3727 peccatoris
1174 3652 1277 3709 ﬁlii
1298 3658 1499 3725 tegere
1519 3653 1802 3726 dignatus
1822 3659 1909 3712 est
1926 3659 2115 3729 pater,

2226 3033 2289 3086 et
2326 3031 2637 3087 Psalmista
2682 3033 3148 3105 praevenientem
3190 3050 3253 3092 se
3295 3036 3395 3093 Dei
3424 3038 3679 3107 gratiam
3708 3040 3887 3097 dicit:

2230 3134 2263 3171 ‹
2286 3118 2564 3191 Ετὶριὶεῐὶ
2625 3119 2892 3176 animam
2946 3136 3148 3179 meam
3192 3139 3271 3180 ex
3334 3124 3569 3183 inferno
3626 3127 3892 3185 inferiori

2230 3206 2419 3278 (Psal.
2448 3222 2630 3273 Lxxxi,
2663 3210 2807 3279 13).»
2838 3211 3055 3267 Beatus
3079 3213 3261 3283 igitur
3288 3214 3418 3281 Job,
3446 3220 3584 3273 ante
3610 3217 3890 3275 Mediato-

2230 3296 2311 3350 ris
2343 3295 2667 3353 adventum
2701 3297 2778 3352 ad
2825 3298 3123 3355 infernum
3170 3318 3232 3357 se
3281 3301 3642 3361 descendere
3668 3306 3888 3379 sciens,

2226 3383 2562 3442 Conditoris
2590 3387 2682 3443 sui
2722 3386 2838 3443 illic
2867 3391 3299 3461 protectionem
3328 3393 3612 3465 postulat,
3647 3400 3712 3451 ut
3742 3410 3780 3452 a
3804 3397 3892 3454 lo-

2230 3473 2313 3528 cis
2362 3473 2704 3545 poenalibus
2752 3476 2984 3534 alienus
3026 3478 3259 3537 existat.
3295 3482 3605 3553 Sequitur:
3658 3484 3739 3541 Et
3787 3487 3891 3542 ab.

2226 3563 2479 3619 scondas
2499 3578 2592 3619 me
2619 3564 2803 3621 donec
2822 3573 3205 3635 pertranseat
3228 3571 3407 3627 furor
3436 3578 3592 3628 tuus.
3613 3604 3683 3623 -τ-
3700 3576 3890 3631 Furor

2218 3652 2444 3706 etenim
2466 3652 2902 3725 omnipotentis
2932 3655 3052 3725 Dei,
3081 3657 3142 3712 in
3164 3658 3283 3715 hoc
3312 3661 3579 3734 quotidie
3609 3663 3732 3719 vim
3759 3678 3887 3720 sum

460 3742 565 3815 qui
621 3758 691 3798 eo
743 3743 1027 3799 redeunte
1084 3741 1276 3799 dixit:
1335 3765 1363 3792 ‹‹
1400 3742 1533 3799 ‘Cito
1589 3742 1846 3817 proferte
1899 3742 2117 3802 stolam
2216 3736 2605 3797 districtionis
2652 3744 2901 3815 peragit,
2936 3746 3102 3819 quod
3150 3748 3417 3806 viventes
3462 3751 3710 3823 indigne
3742 3768 3889 3827 sup-

458 3831 719 3904 primam
752 3834 913 3903 (Luc.
951 3849 1086 3900 xxv,
1123 3833 1232 3904 22).
1268 3854 1297 3881 ››
1339 3831 1531 3887 Primo
1569 3832 1793 3905 quippe
1824 3832 1975 3889 stola
2031 3838 2119 3890 est
2222 3827 2414 3903 pliciis
2436 3829 2750 3902 demergit.
2782 3835 2897 3900 Qui
2921 3834 3091 3893 furor
3125 3850 3289 3895 nunc
3332 3840 3617 3913 equidem
3647 3843 3883 3915 transit,

456 3921 811 3979 innocentim
842 3924 1038 3995 vestis,
1063 3939 1249 3996 quam
1270 3921 1455 3978 homo
1481 3921 1635 3979 bene
1658 3917 1933 3978 conditus
1954 3939 2119 3980 acce-
2223 3918 2369 3992 Quia
2396 3919 2580 3977 modo
2612 3922 2824 3992 agitur,
2860 3924 2962 3981 sed
2988 3925 3047 3982 in
3077 3929 3291 3986 mundi
3322 3930 3577 3988 termino
3602 3942 3891 3990 consum-

457 4011 561 4084 pit,
581 4013 735 4068 male
753 4028 788 4068 a
806 4016 1075 4086 serpente
1092 4028 1416 4085 persuasus
1431 4008 1596 4085 perdi
1610 4010 1707 4067 flit.
1728 4013 1944 4069 Contra
1957 4011 2116 4070 hanc
2224 4014 2440 4066 matur.
2476 4010 2585 4077 Qui
2618 4015 2817 4069 tamen
2860 4013 2968 4071 iste
3021 4015 3206 4087 furor,
3235 4024 3541 4092 quantum
3568 4020 3647 4077 ad
3671 4021 3888 4079 electo-

458 4118 699 4156 rursum
730 4101 1060 4158 nuditatem
1088 4102 1302 4157 dicitur
1329 4120 1341 4156 :
1374 4124 1401 4150 «
1437 4094 1646 4158 Beatus
1670 4102 1771 4174 qui
1805 4101 2027 4173 vigilat,
2060 4107 2116 4160 et
2218 4108 2357 4154 Tum
2402 4098 2635 4156 animas
2678 4099 2742 4156 iu
2784 4102 3196 4177 Redemptoris
3226 4108 3412 4164 nostri
3442 4109 3700 4166 adventu
3748 4124 3887 4184 per-

457 4189 713 4245 custodit
741 4189 1091 4245 vestimenta
1114 4206 1241 4253 sua,
1275 4206 1349 4245 ne
1380 4190 1578 4245 nudus
1610 4190 1877 4246 ambulet
1902 4192 2110 4262 (Apoc.

456 4293 572 4346 xw,
612 4277 714 4347 15).
760 4302 786 4325 ››
842 4277 1199 4334 Vestimenta
1240 4278 1488 4350 quidem
1534 4279 1924 4345 custodimus,
1973 4296 2112 4337 cum

454 4368 754 4437 praecepta
783 4364 1136 4420 innocentite
1175 4380 1482 4421 servamus
1529 4366 1588 4421 in
1622 4371 1840 4435 mente,
1880 4371 1944 4423 ut
1972 4385 2111 4425 cum

456 4468 567 4509 nos
605 4452 791 4524 judici
839 4451 1016 4524 culpa
1066 4452 1275 4520 nudat,
1323 4453 1402 4509 ad
1450 4454 1741 4510 amissam
1796 4456 2111 4513 redeuntes

452 4540 857 4598 innocentiam
914 4541 1255 4614 ptenitentia
1311 4542 1556 4615 operiat.
1630 4543 1778 4605 Quia
1833 4549 2113 4618 peccator

453 4632 637 4689 homo
664 4632 777 4688 illic
804 4635 959 4688 stare
985 4629 1193 4699 noluit,
1225 4631 1329 4688 ubi
1359 4628 1635 4689 conditus
1663 4631 1774 4690 fuit
1799 4651 1812 4689 :
1840 4633 1936 4690 hic
1969 4651 2109 4692 vero

454 4722 557 4777 ubi
625 4721 880 4789 cecidit,
950 4720 1185 4778 diversa
1236 4720 1289 4778 ei
1344 4721 1780 4795 prohibentur,
1850 4724 2108 4796 patriam

452 4806 659 4863 volens
684 4809 958 4881 perdidit.
991 4811 1041 4865 A
1086 4811 1562 4884 peregrinatione
1590 4827 1734 4868 vero
1780 4828 1890 4868 sua
1918 4816 2108 4886 quam

453 4895 661 4969 diligit,
722 4898 943 4955 invitus
997 4900 1328 4973 expellitur.
1386 4900 1492 4957 Ubi
1550 4916 1693 4972 ergo
1748 4905 1854 4969 est,
1914 4903 2106 4977 quiin

452 4987 581 5059 ejus
606 5004 813 5044 amore
839 5005 961 5047 non
986 4994 1093 5058 est,
1124 4989 1229 5046 ubi
1250 5006 1459 5046 verum
1482 5006 1612 5047 esse
1632 4992 1748 5048 est?
1781 4992 2057 5065 Sequitur
2089 5010 2101 5048 :

523 5094 668 5133 vnns
694 5082 778 5141 11,
812 5082 894 5134 12.
929 5078 1227 5147 Quomodo
1251 5080 1305 5135 si
1326 5079 1606 5136 recedant
1629 5095 1799 5153 aqua
1827 5078 1899 5137 de
1924 5084 2104 5147 mari,

449 5175 503 5225 et
532 5170 754 5239 ﬂuvius
784 5168 1171 5238 vacuefactas
1200 5173 1475 5226 arescat:
1497 5170 1581 5226 sic
1604 5169 1775 5226 homo
1803 5186 1936 5227 cum
1963 5170 2102 5227 dor-

448 5258 666 5321 mierit,
679 5274 798 5314 non
815 5263 1181 5328 resurget.—-
1201 5259 1352 5315 Mare
1364 5272 1536 5313 mens
1549 5257 1832 5329 hominis,
1852 5262 1909 5314 et
1926 5259 2099 5332 quasi

450 5345 665 5400 tiuctus
701 5347 883 5404 maris
916 5351 1051 5403 sunt
1081 5346 1467 5418 cogitationes
1497 5347 1666 5419 [ejus]
1696 5348 1933 5417 mentis,
1964 5362 2101 5420 quae

449 5431 776 5505 aliquando
805 5451 913 5507 per
939 5436 1092 5492 iram
1137 5440 1494 5503 tumescunt,
1524 5451 1630 5508 per
1662 5434 1915 5505 gratiam
1948 5439 2099 5492 tran-

448 5520 645 5594 quille
666 5521 837 5593 ﬁunt,
861 5540 966 5595 per
989 5525 1198 5580 odium
1219 5540 1359 5581 cum
1384 5522 1782 5581 amaritudine
1802 5518 2092 5581 deﬂuunt.

2221 4187 2473 4256 transiit,
2502 4188 2646 4261 quia
2676 4205 2779 4246 eas
2812 4191 2891 4247 ab
2921 4191 3135 4250 inferni
3186 4195 3457 4254 claustris
3495 4198 3573 4255 ad
3615 4199 3887 4272 paradisi

2218 4272 2443 4346 gaudia
2485 4275 2768 4334 Mediator
2796 4279 2897 4335 Dei
2932 4285 2993 4336 et
3024 4282 3362 4358 hominum,
3395 4286 3544 4343 dum
3585 4287 3712 4360 ipse
3738 4287 3885 4345 illnc

2205 4364 2316 4437 ~pie
2345 4364 2752 4436 descenderet,
2782 4368 3037 4427 reduxit.
3081 4373 3394 4447 Sequitur:
3439 4374 3522 4432 Et
3546 4378 3885 4435 constituas

2219 4455 2367 4511 mihi
2414 4460 2641 4526 tempus
2690 4458 2752 4515 in
2800 4474 2916 4530 quo
2956 4464 3286 4522 recorderis
3324 4468 3484 4523 mei?
3511 4498 3578 4507 -—
3610 4490 3638 4517 ‹‹
3663 4469 3738 4524 At
3773 4467 3885 4524 ubi

2218 4545 2381 4602 venit
2401 4543 2712 4619 plenitudo
2733 4550 3039 4623 temporis,
3060 4554 3226 4611 misit
3252 4556 3405 4611 Deus
3432 4552 3644 4613 Filium
3674 4572 3878 4626 suum,

2213 4633 2444 4691 factum
2468 4648 2547 4692 ex
2568 4635 2840 4710 muliere,
2858 4637 3082 4697 factum
3103 4642 3217 4698 sub
3237 4641 3391 4714 lege,
3420 4648 3486 4701 ut
3502 4660 3611 4703 eos
3636 4649 3740 4721 qui
3761 4647 3880 4704 sub

2214 4722 2345 4811 lege
2370 4731 2546 4782 erant
2567 4726 2890 4784 redimeret
2918 4726 3075 4801 (Gal.
3106 4742 3187 4801 tv,
3218 4732 3327 4804 4).»
3358 4734 3523 4792 Hanc
3555 4736 3760 4811 itaque
3786 4754 3883 4796 re-

2215 4810 2624 4885 demptionem
2666 4816 2757 4871 vir
2803 4816 3034 4873 Domini
3082 4820 3425 4893 praesciens,
3460 4825 3521 4880 in
3552 4810 3677 4898 qua
3703 4833 3883 4885 erant

2216 4901 2386 4957 multi
2415 4917 2488 4957 ex
2517 4903 2838 4972 gentilitate
2884 4902 3203 4981 liberandi,
3238 4909 3389 4968 sicut
3412 4912 3546 4986 ipse
3575 4914 3693 4971 ait:
3736 4917 3882 4973 «Li-

2215 4992 2307 5044 cet
2349 4988 2478 5045 haec
2526 4991 2679 5048 celes
2708 4995 2773 5049 in
2821 4994 2999 5051 corde
3020 5000 3150 5069 tuo,
3180 5001 3384 5056 tamen
3414 5002 3542 5060 scio
3561 5004 3715 5076 'quia
3744 5004 3883 5062 uni-

2212 5094 2523 5169 versorum
2566 5083 2910 5141 memineris
2941 5087 3086 5158 (Job.
3115 5099 3173 5158 x,
3206 5090 3349 5161 13).»
3381 5092 3557 5165 Apud
3592 5095 3884 5169 omnipo-

2206 5170 2435 5224 tentem
2462 5164 2654 5227 Deum
2678 5175 2922 5246 tempus
2969 5175 3080 5233 sibi
3124 5180 3405 5238 constitui
3432 5164 3567 5239 simae
3595 5164 3883 5242 recorda-

2211 5256 2387 5318 tionis
2420 5260 2584 5332 petit.
2610 5259 2757 5317 Hinc
2778 5266 2876 5319 est
2903 5264 3064 5321 enim
3093 5268 3261 5340 quod
3301 5269 3363 5325 in
3403 5268 3724 5343 Evangelia
3753 5274 3880 5330 Do-

2208 5347 2410 5407 minus
2450 5349 2630 5406 dicit:
2675 5353 2788 5407 «Et
2812 5366 2944 5423 ego,
2974 5355 3026 5411 si
3072 5358 3363 5417 exaltatus
3392 5359 3559 5417 fuero
3608 5376 3644 5418 a
3687 5365 3873 5433 terra,

2208 5437 2414 5495 omnia
2437 5439 2677 5497 traham
2724 5438 2800 5498 ad
2836 5444 3141 5518 meipsum
3191 5449 3383 5520 (Joan.
3417 5464 3520 5520 xu,
3553 5449 3700 5523 32).»
3722 5450 3878 5509 0m-

2206 5526 2307 5584 nia
2336 5528 2607 5587 videlicet
2635 5529 2839 5589 electa.
2870 5535 3181 5608 Sequitur:
