  <div class='ocr_page' id='page_1' title='image "/cluster/home/n/w/nwhite01/storage/ocr_20150623/133/hvd.32044054759949/125.png"; bbox 0 0 4128 6158; ppageno 0'>
   <div class='ocr_carea' id='block_1_1' title="bbox 457 116 563 172">
    <p class='ocr_par' dir='ltr' id='par_1_1' title="bbox 457 116 563 172">
     <span class='ocr_line' id='line_1_1' title="bbox 457 116 563 172; baseline -0.019 0"><span class='ocrx_word' id='word_1_1' title='bbox 457 116 563 172; x_wconf 83' lang='grc'>239</span> 
     </span>
    </p>
   </div>
   <div class='ocr_carea' id='block_1_2' title="bbox 1518 85 2841 152">
    <p class='ocr_par' dir='ltr' id='par_1_2' title="bbox 1518 85 2841 152">
     <span class='ocr_line' id='line_1_2' title="bbox 1518 85 2841 152; baseline -0.01 0"><span class='ocrx_word' id='word_1_2' title='bbox 1518 97 1572 152; x_wconf 84' lang='grc'><strong>8.</strong></span> <span class='ocrx_word' id='word_1_3' title='bbox 1617 92 1870 150; x_wconf 87' lang='lat' dir='ltr'>ODONIS</span> <span class='ocrx_word' id='word_1_4' title='bbox 1909 87 2210 146; x_wconf 80' lang='lat' dir='ltr'>ABBATIS</span> <span class='ocrx_word' id='word_1_5' title='bbox 2253 87 2756 146; x_wconf 83' lang='lat' dir='ltr'>CLUNIACENSIS</span> <span class='ocrx_word' id='word_1_6' title='bbox 2795 85 2841 140; x_wconf 86' lang='lat' dir='ltr'>Il</span> 
     </span>
    </p>
   </div>
   <div class='ocr_carea' id='block_1_3' title="bbox 3783 83 3890 138">
    <p class='ocr_par' dir='ltr' id='par_1_3' title="bbox 3783 83 3890 138">
     <span class='ocr_line' id='line_1_3' title="bbox 3783 83 3890 138; baseline -0.009 0"><span class='ocrx_word' id='word_1_7' title='bbox 3783 83 3890 138; x_wconf 74' lang='grc'>240</span> 
     </span>
    </p>
   </div>
   <div class='ocr_carea' id='block_1_4' title="bbox 453 203 3892 292">
    <p class='ocr_par' dir='ltr' id='par_1_4' title="bbox 453 203 3892 292">
     <span class='ocr_line' id='line_1_4' title="bbox 453 203 3892 292; baseline -0.01 0"><span class='ocrx_word' id='word_1_8' title='bbox 453 241 622 292; x_wconf 86' lang='lat' dir='ltr'>tuum</span> <span class='ocrx_word' id='word_1_9' title='bbox 653 229 957 288; x_wconf 77' lang='lat' dir='ltr'>transiret.</span> <span class='ocrx_word' id='word_1_10' title='bbox 989 255 1060 264; x_wconf 91' lang='lat'>——</span> <span class='ocrx_word' id='word_1_11' title='bbox 1085 219 1400 278; x_wconf 90' lang='lat' dir='ltr'>Paululum</span> <span class='ocrx_word' id='word_1_12' title='bbox 1431 215 1751 273; x_wconf 83' lang='lat' dir='ltr'>roboratus</span> <span class='ocrx_word' id='word_1_13' title='bbox 1779 217 1868 270; x_wconf 88' lang='lat' dir='ltr'>est</span> <span class='ocrx_word' id='word_1_14' title='bbox 1895 213 2105 278; x_wconf 90' lang='lat' dir='ltr'>homo,</span> <span class='ocrx_word' id='word_1_15' title='bbox 2139 209 2189 264; x_wconf 79' lang='grc' dir='ltr'>Α</span> <span class='ocrx_word' id='word_1_16' title='bbox 2219 209 2532 267; x_wconf 79' lang='lat' dir='ltr'>abstulisti.</span> <span class='ocrx_word' id='word_1_17' title='bbox 2555 213 2635 266; x_wconf 80' lang='lat' dir='ltr'>Ac</span> <span class='ocrx_word' id='word_1_18' title='bbox 2659 210 2710 266; x_wconf 88' lang='lat' dir='ltr'>si</span> <span class='ocrx_word' id='word_1_19' title='bbox 2731 211 2933 281; x_wconf 89' lang='lat' dir='ltr'>aperte</span> <span class='ocrx_word' id='word_1_20' title='bbox 2957 206 3154 263; x_wconf 84' lang='lat' dir='ltr'>dicat:</span> <span class='ocrx_word' id='word_1_21' title='bbox 3185 208 3264 262; x_wconf 89' lang='lat' dir='ltr'>De</span> <span class='ocrx_word' id='word_1_22' title='bbox 3282 207 3390 292; x_wconf 85' lang='lat' dir='ltr'>tua</span> <span class='ocrx_word' id='word_1_23' title='bbox 3404 203 3636 292; x_wconf 83' lang='lat' dir='ltr'>justitia</span> <span class='ocrx_word' id='word_1_24' title='bbox 3657 219 3892 292; x_wconf 71' lang='lat' dir='ltr'>prtesu-</span> 
     </span>
    </p>
   </div>
   <div class='ocr_carea' id='block_1_5' title="bbox 451 303 2106 398">
    <p class='ocr_par' dir='ltr' id='par_1_5' title="bbox 451 303 2106 398">
     <span class='ocr_line' id='line_1_5' title="bbox 451 303 2106 398; baseline -0.015 -18"><span class='ocrx_word' id='word_1_25' title='bbox 451 325 595 398; x_wconf 89' lang='lat' dir='ltr'>quia</span> <span class='ocrx_word' id='word_1_26' title='bbox 619 317 861 376; x_wconf 84' lang='lat' dir='ltr'>vivendi</span> <span class='ocrx_word' id='word_1_27' title='bbox 885 315 1040 372; x_wconf 90' lang='lat' dir='ltr'>vires</span> <span class='ocrx_word' id='word_1_28' title='bbox 1067 313 1146 369; x_wconf 90' lang='lat' dir='ltr'>ad</span> <span class='ocrx_word' id='word_1_29' title='bbox 1171 310 1480 368; x_wconf 89' lang='lat' dir='ltr'>modicum</span> <span class='ocrx_word' id='word_1_30' title='bbox 1511 305 1760 379; x_wconf 88' lang='lat' dir='ltr'>accepit,</span> <span class='ocrx_word' id='word_1_31' title='bbox 1791 308 1858 360; x_wconf 89' lang='lat' dir='ltr'>ut</span> <span class='ocrx_word' id='word_1_32' title='bbox 1880 303 1942 358; x_wconf 91' lang='lat' dir='ltr'><strong>in</strong></span> <span class='ocrx_word' id='word_1_33' title='bbox 1971 315 2106 374; x_wconf 91' lang='lat' dir='ltr'>per-</span> 
     </span>
    </p>
   </div>
   <div class='ocr_carea' id='block_1_6' title="bbox 449 393 2111 488">
    <p class='ocr_par' dir='ltr' id='par_1_6' title="bbox 449 393 2111 488">
     <span class='ocr_line' id='line_1_6' title="bbox 449 393 2111 488; baseline -0.016 -19"><span class='ocrx_word' id='word_1_34' title='bbox 449 393 699 488; x_wconf 71' lang='lat' dir='ltr'>petuum</span> <span class='ocrx_word' id='word_1_35' title='bbox 748 407 1028 472; x_wconf 80' lang='lat' dir='ltr'>transeat,</span> <span class='ocrx_word' id='word_1_36' title='bbox 1079 401 1186 458; x_wconf 92' lang='lat' dir='ltr'>ubi</span> <span class='ocrx_word' id='word_1_37' title='bbox 1241 400 1372 472; x_wconf 88' lang='lat' dir='ltr'>ejus</span> <span class='ocrx_word' id='word_1_38' title='bbox 1421 397 1610 454; x_wconf 88' lang='lat' dir='ltr'>vitam</span> <span class='ocrx_word' id='word_1_39' title='bbox 1663 393 1951 452; x_wconf 82' lang='lat' dir='ltr'>terminus</span> <span class='ocrx_word' id='word_1_40' title='bbox 1985 404 2111 445; x_wconf 91' lang='lat' dir='ltr'>non</span> 
     </span>
    </p>
   </div>
   <div class='ocr_carea' id='block_1_7' title="bbox 451 482 2111 567">
    <p class='ocr_par' dir='ltr' id='par_1_7' title="bbox 451 482 2111 567">
     <span class='ocr_line' id='line_1_7' title="bbox 451 482 2111 567; baseline -0.015 -9"><span class='ocrx_word' id='word_1_41' title='bbox 451 482 789 558; x_wconf 75' lang='lat' dir='ltr'>concludat.</span> <span class='ocrx_word' id='word_1_42' title='bbox 837 493 1114 567; x_wconf 84' lang='lat' dir='ltr'>Sequitur</span> <span class='ocrx_word' id='word_1_43' title='bbox 1146 509 1158 546; x_wconf 92' lang='lat'>:</span> <span class='ocrx_word' id='word_1_44' title='bbox 1189 487 1543 546; x_wconf 89' lang='lat' dir='ltr'>Immutabis</span> <span class='ocrx_word' id='word_1_45' title='bbox 1594 485 1814 554; x_wconf 78' lang='lat' dir='ltr'>faciem</span> <span class='ocrx_word' id='word_1_46' title='bbox 1867 483 2016 552; x_wconf 88' lang='lat' dir='ltr'>ejus,</span> <span class='ocrx_word' id='word_1_47' title='bbox 2055 482 2111 534; x_wconf 84' lang='lat' dir='ltr'>et</span> 
     </span>
    </p>
   </div>
   <div class='ocr_carea' id='block_1_8' title="bbox 449 573 2110 647">
    <p class='ocr_par' dir='ltr' id='par_1_8' title="bbox 449 573 2110 647">
     <span class='ocr_line' id='line_1_8' title="bbox 449 573 2110 647; baseline -0.015 -1"><span class='ocrx_word' id='word_1_48' title='bbox 449 591 644 647; x_wconf 81' lang='lat' dir='ltr'>mittes</span> <span class='ocrx_word' id='word_1_49' title='bbox 694 602 848 643; x_wconf 89' lang='lat' dir='ltr'>eum.</span> <span class='ocrx_word' id='word_1_50' title='bbox 880 615 949 624; x_wconf 89' lang='lat'><strong>—</strong></span> <span class='ocrx_word' id='word_1_51' title='bbox 980 580 1178 638; x_wconf 84' lang='lat' dir='ltr'>Facies</span> <span class='ocrx_word' id='word_1_52' title='bbox 1232 573 1494 633; x_wconf 87' lang='lat' dir='ltr'>hominis</span> <span class='ocrx_word' id='word_1_53' title='bbox 1542 573 1913 637; x_wconf 90' lang='lat' dir='ltr'>immutatur,</span> <span class='ocrx_word' id='word_1_54' title='bbox 1970 581 2110 622; x_wconf 89' lang='lat' dir='ltr'>cum</span> 
     </span>
    </p>
   </div>
   <div class='ocr_carea' id='block_1_9' title="bbox 450 654 2111 752">
    <p class='ocr_par' dir='ltr' id='par_1_9' title="bbox 450 654 2111 752">
     <span class='ocr_line' id='line_1_9' title="bbox 450 654 2111 752; baseline -0.016 -15"><span class='ocrx_word' id='word_1_55' title='bbox 450 681 580 752; x_wconf 88' lang='lat' dir='ltr'><strong>ejus</strong></span> <span class='ocrx_word' id='word_1_56' title='bbox 607 677 838 750; x_wconf 83' lang='lat' dir='ltr'><strong>species</strong></span> <span class='ocrx_word' id='word_1_57' title='bbox 865 675 1055 730; x_wconf 88' lang='lat' dir='ltr'>morte</span> <span class='ocrx_word' id='word_1_58' title='bbox 1082 667 1368 727; x_wconf 84' lang='lat' dir='ltr'>atteritur.</span> <span class='ocrx_word' id='word_1_59' title='bbox 1399 663 1625 721; x_wconf 79' lang='lat' dir='ltr'>Omittit</span> <span class='ocrx_word' id='word_1_60' title='bbox 1661 677 1824 726; x_wconf 90' lang='lat' dir='ltr'>vero,</span> <span class='ocrx_word' id='word_1_61' title='bbox 1858 654 2111 752; x_wconf 53' lang='lat' dir='ltr'>quia__a.b</span> 
     </span>
    </p>
   </div>
   <div class='ocr_carea' id='block_1_10' title="bbox 449 746 2113 842">
    <p class='ocr_par' dir='ltr' id='par_1_10' title="bbox 449 746 2113 842">
     <span class='ocr_line' id='line_1_10' title="bbox 449 746 2113 842; baseline -0.016 -15"><span class='ocrx_word' id='word_1_62' title='bbox 449 746 543 826; x_wconf 73' lang='lat' dir='ltr'>his</span> <span class='ocrx_word' id='word_1_63' title='bbox 570 746 706 842; x_wconf 67' lang='lat' dir='ltr'>quae</span> <span class='ocrx_word' id='word_1_64' title='bbox 732 767 938 823; x_wconf 84' lang='lat' dir='ltr'>volens</span> <span class='ocrx_word' id='word_1_65' title='bbox 969 759 1178 830; x_wconf 86' lang='lat' dir='ltr'>tenuit,</span> <span class='ocrx_word' id='word_1_66' title='bbox 1223 755 1475 815; x_wconf 87' lang='lat' dir='ltr'>transire</span> <span class='ocrx_word' id='word_1_67' title='bbox 1501 753 1580 810; x_wconf 89' lang='lat' dir='ltr'>ad</span> <span class='ocrx_word' id='word_1_68' title='bbox 1631 755 1858 807; x_wconf 62' lang='lat' dir='ltr'>aeterna</span> <span class='ocrx_word' id='word_1_69' title='bbox 1882 746 2113 818; x_wconf 88' lang='lat' dir='ltr'>cogitur</span> 
     </span>
    </p>
   </div>
   <div class='ocr_carea' id='block_1_11' title="bbox 449 854 1029 926">
    <p class='ocr_par' dir='ltr' id='par_1_11' title="bbox 449 854 1029 926">
     <span class='ocr_line' id='line_1_11' title="bbox 449 854 1029 926; baseline -0.019 -10"><span class='ocrx_word' id='word_1_70' title='bbox 449 859 678 918; x_wconf 88' lang='lat' dir='ltr'>nolens.</span> <span class='ocrx_word' id='word_1_71' title='bbox 709 854 985 926; x_wconf 87' lang='lat' dir='ltr'>Sequitur</span> <span class='ocrx_word' id='word_1_72' title='bbox 1017 869 1029 905; x_wconf 93' lang='lat'>:</span> 
     </span>
    </p>
   </div>
   <div class='ocr_carea' id='block_1_12' title="bbox 521 943 2114 1021">
    <p class='ocr_par' dir='ltr' id='par_1_12' title="bbox 521 943 2114 1021">
     <span class='ocr_line' id='line_1_12' title="bbox 521 943 2114 1021; baseline -0.014 0"><span class='ocrx_word' id='word_1_73' title='bbox 521 961 804 1020; x_wconf 76' lang='lat' dir='ltr'>Vens.21.</span> <span class='ocrx_word' id='word_1_74' title='bbox 833 957 1060 1015; x_wconf 86' lang='lat' dir='ltr'>—Sive</span> <span class='ocrx_word' id='word_1_75' title='bbox 1083 954 1306 1011; x_wconf 82' lang='lat' dir='ltr'><strong>nobiles</strong></span> <span class='ocrx_word' id='word_1_76' title='bbox 1345 953 1598 1021; x_wconf 78' lang='lat' dir='ltr'>fuerunt</span> <span class='ocrx_word' id='word_1_77' title='bbox 1622 947 1742 1017; x_wconf 79' lang='lat' dir='ltr'>ﬁlii</span> <span class='ocrx_word' id='word_1_78' title='bbox 1791 946 1938 1014; x_wconf 86' lang='lat' dir='ltr'><strong>ejus,</strong></span> <span class='ocrx_word' id='word_1_79' title='bbox 1989 943 2114 998; x_wconf 74' lang='lat' dir='ltr'>sive</span> 
     </span>
    </p>
   </div>
   <div class='ocr_carea' id='block_1_13' title="bbox 450 1030 2110 1126">
    <p class='ocr_par' dir='ltr' id='par_1_13' title="bbox 450 1030 2110 1126">
     <span class='ocr_line' id='line_1_13' title="bbox 450 1030 2110 1126; baseline -0.016 -15"><span class='ocrx_word' id='word_1_80' title='bbox 450 1053 761 1126; x_wconf 80' lang='lat' dir='ltr'>ignobiles,</span> <span class='ocrx_word' id='word_1_81' title='bbox 795 1064 912 1104; x_wconf 86' lang='lat' dir='ltr'>non</span> <span class='ocrx_word' id='word_1_82' title='bbox 936 1043 1241 1114; x_wconf 78' lang='lat' dir='ltr'>intelligit.</span> <span class='ocrx_word' id='word_1_83' title='bbox 1275 1073 1344 1080; x_wconf 92' lang='lat'><strong>—</strong></span> <span class='ocrx_word' id='word_1_84' title='bbox 1377 1038 1537 1095; x_wconf 89' lang='lat' dir='ltr'>Sicut</span> <span class='ocrx_word' id='word_1_85' title='bbox 1587 1035 1747 1092; x_wconf 91' lang='lat' dir='ltr'>enim</span> <span class='ocrx_word' id='word_1_86' title='bbox 1777 1033 1836 1089; x_wconf 88' lang='lat' dir='ltr'>hi</span> <span class='ocrx_word' id='word_1_87' title='bbox 1874 1031 1979 1106; x_wconf 90' lang='lat' dir='ltr'>qui</span> <span class='ocrx_word' id='word_1_88' title='bbox 2009 1030 2110 1087; x_wconf 86' lang='lat' dir='ltr'>ad-</span> 
     </span>
    </p>
   </div>
   <div class='ocr_carea' id='block_1_14' title="bbox 451 1127 2112 1209">
    <p class='ocr_par' dir='ltr' id='par_1_14' title="bbox 451 1127 2112 1209">
     <span class='ocr_line' id='line_1_14' title="bbox 451 1127 2112 1209; baseline -0.016 -8"><span class='ocrx_word' id='word_1_89' title='bbox 451 1145 572 1202; x_wconf 91' lang='lat' dir='ltr'>huc</span> <span class='ocrx_word' id='word_1_90' title='bbox 600 1142 753 1197; x_wconf 85' lang='lat' dir='ltr'>vires</span> <span class='ocrx_word' id='word_1_91' title='bbox 783 1137 938 1209; x_wconf 87' lang='lat' dir='ltr'>[vivi,</span> <span class='ocrx_word' id='word_1_92' title='bbox 981 1149 1081 1191; x_wconf 90' lang='lat' dir='ltr'>seu</span> <span class='ocrx_word' id='word_1_93' title='bbox 1129 1133 1189 1188; x_wconf 93' lang='lat' dir='ltr'>in</span> <span class='ocrx_word' id='word_1_94' title='bbox 1233 1129 1385 1186; x_wconf 85' lang='lat' dir='ltr'><strong>vivis</strong></span> <span class='ocrx_word' id='word_1_95' title='bbox 1413 1129 1488 1199; x_wconf 70' lang='grc' dir='ltr'>[ἱ]</span> <span class='ocrx_word' id='word_1_96' title='bbox 1518 1130 1676 1192; x_wconf 91' lang='lat' dir='ltr'>sunt,</span> <span class='ocrx_word' id='word_1_97' title='bbox 1735 1127 2112 1180; x_wconf 89' lang='lat' dir='ltr'>mortuorum</span> 
     </span>
    </p>
   </div>
   <div class='ocr_carea' id='block_1_15' title="bbox 453 1209 2114 1300">
    <p class='ocr_par' dir='ltr' id='par_1_15' title="bbox 453 1209 2114 1300">
     <span class='ocr_line' id='line_1_15' title="bbox 453 1209 2114 1300; baseline -0.016 -9"><span class='ocrx_word' id='word_1_98' title='bbox 453 1233 688 1292; x_wconf 88' lang='lat' dir='ltr'>animas</span> <span class='ocrx_word' id='word_1_99' title='bbox 721 1243 843 1300; x_wconf 93' lang='lat' dir='ltr'>quo</span> <span class='ocrx_word' id='word_1_100' title='bbox 867 1225 1000 1280; x_wconf 93' lang='lat' dir='ltr'>loco</span> <span class='ocrx_word' id='word_1_101' title='bbox 1029 1221 1388 1286; x_wconf 84' lang='lat' dir='ltr'>habeantur,</span> <span class='ocrx_word' id='word_1_102' title='bbox 1417 1217 1718 1288; x_wconf 88' lang='lat' dir='ltr'>ignorant,</span> <span class='ocrx_word' id='word_1_103' title='bbox 1783 1212 1864 1269; x_wconf 89' lang='lat' dir='ltr'>ita</span> <span class='ocrx_word' id='word_1_104' title='bbox 1893 1209 2114 1267; x_wconf 87' lang='lat' dir='ltr'><strong>mortui</strong></span> 
     </span>
    </p>
   </div>
   <div class='ocr_carea' id='block_1_16' title="bbox 451 1299 2112 1379">
    <p class='ocr_par' dir='ltr' id='par_1_16' title="bbox 451 1299 2112 1379">
     <span class='ocr_line' id='line_1_16' title="bbox 451 1299 2112 1379; baseline -0.015 -1"><span class='ocrx_word' id='word_1_105' title='bbox 451 1322 638 1378; x_wconf 85' lang='lat' dir='ltr'>vitam</span> <span class='ocrx_word' id='word_1_106' title='bbox 661 1299 932 1373; x_wconf 69' lang='lat' dir='ltr'>incarne</span> <span class='ocrx_word' id='word_1_107' title='bbox 969 1309 1292 1366; x_wconf 89' lang='lat' dir='ltr'>viventium</span> <span class='ocrx_word' id='word_1_108' title='bbox 1324 1309 1460 1379; x_wconf 89' lang='lat' dir='ltr'>post</span> <span class='ocrx_word' id='word_1_109' title='bbox 1489 1319 1591 1360; x_wconf 88' lang='lat' dir='ltr'>eos</span> <span class='ocrx_word' id='word_1_110' title='bbox 1623 1301 1878 1376; x_wconf 83' lang='lat' dir='ltr'>qualiter</span> <span class='ocrx_word' id='word_1_111' title='bbox 1907 1299 2112 1371; x_wconf 91' lang='lat' dir='ltr'>dispo-</span> 
     </span>
    </p>
   </div>
   <div class='ocr_carea' id='block_1_17' title="bbox 451 1387 2111 1466">
    <p class='ocr_par' dir='ltr' id='par_1_17' title="bbox 451 1387 2111 1466">
     <span class='ocr_line' id='line_1_17' title="bbox 451 1387 2111 1466; baseline -0.014 0"><span class='ocrx_word' id='word_1_112' title='bbox 451 1415 628 1466; x_wconf 86' lang='lat' dir='ltr'>natur</span> <span class='ocrx_word' id='word_1_113' title='bbox 656 1405 947 1462; x_wconf 89' lang='lat' dir='ltr'>nesciunt.</span> <span class='ocrx_word' id='word_1_114' title='bbox 981 1399 1147 1466; x_wconf 90' lang='lat' dir='ltr'><strong>Quod</strong></span> <span class='ocrx_word' id='word_1_115' title='bbox 1183 1401 1384 1454; x_wconf 89' lang='lat' dir='ltr'>tamen</span> <span class='ocrx_word' id='word_1_116' title='bbox 1415 1395 1490 1450; x_wconf 92' lang='lat' dir='ltr'>de</span> <span class='ocrx_word' id='word_1_117' title='bbox 1521 1391 1842 1449; x_wconf 84' lang='lat' dir='ltr'>animabus</span> <span class='ocrx_word' id='word_1_118' title='bbox 1891 1387 2111 1445; x_wconf 84' lang='lat' dir='ltr'>sanctis</span> 
     </span>
    </p>
   </div>
   <div class='ocr_carea' id='block_1_18' title="bbox 453 1479 2114 1556">
    <p class='ocr_par' dir='ltr' id='par_1_18' title="bbox 453 1479 2114 1556">
     <span class='ocr_line' id='line_1_18' title="bbox 453 1479 2114 1556; baseline -0.015 0"><span class='ocrx_word' id='word_1_119' title='bbox 453 1495 830 1556; x_wconf 88' lang='lat' dir='ltr'>sentiendum</span> <span class='ocrx_word' id='word_1_120' title='bbox 859 1507 980 1546; x_wconf 90' lang='lat' dir='ltr'>non</span> <span class='ocrx_word' id='word_1_121' title='bbox 1004 1493 1109 1544; x_wconf 90' lang='lat' dir='ltr'>est.</span> <span class='ocrx_word' id='word_1_122' title='bbox 1141 1485 1291 1554; x_wconf 88' lang='lat' dir='ltr'>Quia</span> <span class='ocrx_word' id='word_1_123' title='bbox 1319 1484 1422 1556; x_wconf 90' lang='lat' dir='ltr'>qui</span> <span class='ocrx_word' id='word_1_124' title='bbox 1451 1483 1612 1538; x_wconf 89' lang='lat' dir='ltr'>intus</span> <span class='ocrx_word' id='word_1_125' title='bbox 1633 1479 1960 1536; x_wconf 86' lang='lat' dir='ltr'>claritatem</span> <span class='ocrx_word' id='word_1_126' title='bbox 1987 1492 2114 1533; x_wconf 90' lang='lat' dir='ltr'>om-</span> 
     </span>
    </p>
   </div>
   <div class='ocr_carea' id='block_1_19' title="bbox 2219 290 3894 366">
    <p class='ocr_par' dir='ltr' id='par_1_19' title="bbox 2219 290 3894 366">
     <span class='ocr_line' id='line_1_19' title="bbox 2219 290 3894 366; baseline -0.005 -12"><span class='ocrx_word' id='word_1_127' title='bbox 2219 311 2394 354; x_wconf 89' lang='lat' dir='ltr'>mens</span> <span class='ocrx_word' id='word_1_128' title='bbox 2425 296 2718 354; x_wconf 83' lang='lat' dir='ltr'>Creatoris</span> <span class='ocrx_word' id='word_1_129' title='bbox 2743 295 2830 354; x_wconf 87' lang='lat' dir='ltr'>tui</span> <span class='ocrx_word' id='word_1_130' title='bbox 2856 295 3112 366; x_wconf 82' lang='lat' dir='ltr'>gratiam</span> <span class='ocrx_word' id='word_1_131' title='bbox 3123 290 3381 364; x_wconf 88' lang='lat' dir='ltr'>despicis</span> <span class='ocrx_word' id='word_1_132' title='bbox 3397 290 3894 365; x_wconf 88' lang='lat' dir='ltr'>deprecari.Cum</span> 
     </span>
    </p>
   </div>
   <div class='ocr_carea' id='block_1_20' title="bbox 2219 379 3894 444">
    <p class='ocr_par' dir='ltr' id='par_1_20' title="bbox 2219 379 3894 444">
     <span class='ocr_line' id='line_1_20' title="bbox 2219 379 3894 444; baseline -0.005 0"><span class='ocrx_word' id='word_1_133' title='bbox 2219 387 2382 444; x_wconf 84' lang='lat' dir='ltr'>enim</span> <span class='ocrx_word' id='word_1_134' title='bbox 2404 401 2547 443; x_wconf 87' lang='lat' dir='ltr'>vera</span> <span class='ocrx_word' id='word_1_135' title='bbox 2575 387 2739 444; x_wconf 88' lang='lat' dir='ltr'>mala</span> <span class='ocrx_word' id='word_1_136' title='bbox 2777 383 3038 442; x_wconf 68' lang='lat' dir='ltr'>haeretici</span> <span class='ocrx_word' id='word_1_137' title='bbox 3066 385 3278 439; x_wconf 87' lang='lat' dir='ltr'>contra</span> <span class='ocrx_word' id='word_1_138' title='bbox 3321 380 3519 438; x_wconf 89' lang='lat' dir='ltr'>bonos</span> <span class='ocrx_word' id='word_1_139' title='bbox 3550 395 3676 437; x_wconf 91' lang='lat' dir='ltr'>non</span> <span class='ocrx_word' id='word_1_140' title='bbox 3725 379 3894 437; x_wconf 88' lang='lat' dir='ltr'>inve-</span> 
     </span>
    </p>
   </div>
   <div class='ocr_carea' id='block_1_21' title="bbox 2218 467 3890 548">
    <p class='ocr_par' dir='ltr' id='par_1_21' title="bbox 2218 467 3890 548">
     <span class='ocr_line' id='line_1_21' title="bbox 2218 467 3890 548; baseline -0.005 -16"><span class='ocrx_word' id='word_1_141' title='bbox 2218 475 2412 548; x_wconf 91' lang='lat' dir='ltr'>niunt,</span> <span class='ocrx_word' id='word_1_142' title='bbox 2463 475 2704 548; x_wconf 89' lang='lat' dir='ltr'>ﬁngunt</span> <span class='ocrx_word' id='word_1_143' title='bbox 2747 491 2882 548; x_wconf 79' lang='lat' dir='ltr'>quae</span> <span class='ocrx_word' id='word_1_144' title='bbox 2935 471 3329 542; x_wconf 83' lang='lat' dir='ltr'>redarguunt,</span> <span class='ocrx_word' id='word_1_145' title='bbox 3361 473 3426 526; x_wconf 90' lang='lat' dir='ltr'>ut</span> <span class='ocrx_word' id='word_1_146' title='bbox 3462 468 3608 540; x_wconf 87' lang='lat' dir='ltr'>justi</span> <span class='ocrx_word' id='word_1_147' title='bbox 3637 483 3772 526; x_wconf 85' lang='lat' dir='ltr'>esse</span> <span class='ocrx_word' id='word_1_148' title='bbox 3804 467 3890 525; x_wconf 91' lang='lat' dir='ltr'>vi-</span> 
     </span>
    </p>
   </div>
   <div class='ocr_carea' id='block_1_22' title="bbox 2221 559 3890 638">
    <p class='ocr_par' dir='ltr' id='par_1_22' title="bbox 2221 559 3890 638">
     <span class='ocr_line' id='line_1_22' title="bbox 2221 559 3890 638; baseline -0.004 -17"><span class='ocrx_word' id='word_1_149' title='bbox 2221 565 2495 622; x_wconf 87' lang='lat' dir='ltr'>deantur.</span> <span class='ocrx_word' id='word_1_150' title='bbox 2529 568 2596 622; x_wconf 88' lang='lat' dir='ltr'>Et</span> <span class='ocrx_word' id='word_1_151' title='bbox 2619 565 2685 622; x_wconf 86' lang='lat' dir='ltr'>ﬁt</span> <span class='ocrx_word' id='word_1_152' title='bbox 2705 565 3066 638; x_wconf 89' lang='lat' dir='ltr'>plerumque</span> <span class='ocrx_word' id='word_1_153' title='bbox 3089 565 3157 617; x_wconf 92' lang='lat' dir='ltr'>ut</span> <span class='ocrx_word' id='word_1_154' title='bbox 3195 559 3270 617; x_wconf 91' lang='lat' dir='ltr'>ad</span> <span class='ocrx_word' id='word_1_155' title='bbox 3327 563 3538 634; x_wconf 88' lang='lat' dir='ltr'>aperta</span> <span class='ocrx_word' id='word_1_156' title='bbox 3567 563 3890 616; x_wconf 85' lang='lat' dir='ltr'>contume-</span> 
     </span>
    </p>
   </div>
   <div class='ocr_carea' id='block_1_23' title="bbox 2219 648 3890 727">
    <p class='ocr_par' dir='ltr' id='par_1_23' title="bbox 2219 648 3890 727">
     <span class='ocr_line' id='line_1_23' title="bbox 2219 648 3890 727; baseline -0.003 -16"><span class='ocrx_word' id='word_1_157' title='bbox 2219 654 2439 712; x_wconf 90' lang='lat' dir='ltr'>liorum</span> <span class='ocrx_word' id='word_1_158' title='bbox 2467 653 2654 712; x_wconf 88' lang='lat' dir='ltr'>verba</span> <span class='ocrx_word' id='word_1_159' title='bbox 2681 652 3056 727; x_wconf 85' lang='lat' dir='ltr'>perveniant.</span> <span class='ocrx_word' id='word_1_160' title='bbox 3112 649 3278 708; x_wconf 89' lang='lat' dir='ltr'><strong>Unde</strong></span> <span class='ocrx_word' id='word_1_161' title='bbox 3307 649 3509 706; x_wconf 84' lang='lat' dir='ltr'>adhuc</span> <span class='ocrx_word' id='word_1_162' title='bbox 3561 648 3846 706; x_wconf 82' lang='lat' dir='ltr'>subditur</span> <span class='ocrx_word' id='word_1_163' title='bbox 3877 667 3890 706; x_wconf 93' lang='lat'>:</span> 
     </span>
    </p>
   </div>
   <div class='ocr_carea' id='block_1_24' title="bbox 2291 759 3896 830">
    <p class='ocr_par' dir='ltr' id='par_1_24' title="bbox 2291 759 3896 830">
     <span class='ocr_line' id='line_1_24' title="bbox 2291 759 3896 830; baseline -0.003 -12"><span class='ocrx_word' id='word_1_164' title='bbox 2291 764 2459 818; x_wconf 77' lang='lat' dir='ltr'>Vens.</span> <span class='ocrx_word' id='word_1_165' title='bbox 2489 767 2542 817; x_wconf 85' lang='lat'>5.</span> <span class='ocrx_word' id='word_1_166' title='bbox 2586 761 2803 818; x_wconf 89' lang='lat' dir='ltr'>Docuit</span> <span class='ocrx_word' id='word_1_167' title='bbox 2847 760 3002 816; x_wconf 86' lang='lat' dir='ltr'>enim</span> <span class='ocrx_word' id='word_1_168' title='bbox 3035 759 3324 830; x_wconf 78' lang='lat' dir='ltr'>iniquitas</span> <span class='ocrx_word' id='word_1_169' title='bbox 3375 762 3482 812; x_wconf 90' lang='lat' dir='ltr'>tua</span> <span class='ocrx_word' id='word_1_170' title='bbox 3511 771 3572 812; x_wconf 86' lang='lat' dir='ltr'>os</span> <span class='ocrx_word' id='word_1_171' title='bbox 3614 761 3812 826; x_wconf 87' lang='lat' dir='ltr'>tuum,</span> <span class='ocrx_word' id='word_1_172' title='bbox 3839 761 3896 813; x_wconf 90' lang='lat' dir='ltr'>et</span> 
     </span>
    </p>
   </div>
   <div class='ocr_carea' id='block_1_25' title="bbox 2220 845 3892 921">
    <p class='ocr_par' dir='ltr' id='par_1_25' title="bbox 2220 845 3892 921">
     <span class='ocr_line' id='line_1_25' title="bbox 2220 845 3892 921; baseline -0.004 -14"><span class='ocrx_word' id='word_1_173' title='bbox 2220 851 2478 907; x_wconf 82' lang='lat' dir='ltr'>imitaris</span> <span class='ocrx_word' id='word_1_174' title='bbox 2511 851 2781 921; x_wconf 81' lang='lat' dir='ltr'>linguam</span> <span class='ocrx_word' id='word_1_175' title='bbox 2814 847 3382 920; x_wconf 86' lang='lat' dir='ltr'>blasphemantium.</span> <span class='ocrx_word' id='word_1_176' title='bbox 3411 877 3479 885; x_wconf 92' lang='lat'><strong>—</strong></span> <span class='ocrx_word' id='word_1_177' title='bbox 3509 845 3802 919; x_wconf 88' lang='lat' dir='ltr'>Inlquitas</span> <span class='ocrx_word' id='word_1_178' title='bbox 3819 861 3892 902; x_wconf 88' lang='lat' dir='ltr'>os</span> 
     </span>
    </p>
   </div>
   <div class='ocr_carea' id='block_1_26' title="bbox 2220 933 3896 1011">
    <p class='ocr_par' dir='ltr' id='par_1_26' title="bbox 2220 933 3896 1011">
     <span class='ocr_line' id='line_1_26' title="bbox 2220 933 3896 1011; baseline -0.004 -16"><span class='ocrx_word' id='word_1_179' title='bbox 2220 938 2416 1010; x_wconf 89' lang='lat' dir='ltr'>docet,</span> <span class='ocrx_word' id='word_1_180' title='bbox 2441 937 2689 1011; x_wconf 89' lang='lat' dir='ltr'>quando</span> <span class='ocrx_word' id='word_1_181' title='bbox 2717 953 2790 994; x_wconf 90' lang='lat' dir='ltr'>ex</span> <span class='ocrx_word' id='word_1_182' title='bbox 2813 935 2978 993; x_wconf 89' lang='lat' dir='ltr'>mala</span> <span class='ocrx_word' id='word_1_183' title='bbox 2995 935 3116 993; x_wconf 90' lang='lat' dir='ltr'>vita</span> <span class='ocrx_word' id='word_1_184' title='bbox 3145 933 3498 1008; x_wconf 86' lang='lat' dir='ltr'>concipitur,</span> <span class='ocrx_word' id='word_1_185' title='bbox 3519 933 3688 1007; x_wconf 90' lang='lat' dir='ltr'>quod</span> <span class='ocrx_word' id='word_1_186' title='bbox 3712 934 3896 1008; x_wconf 85' lang='lat' dir='ltr'>pejus</span> 
     </span>
    </p>
   </div>
   <div class='ocr_carea' id='block_1_27' title="bbox 2221 1021 3892 1098">
    <p class='ocr_par' dir='ltr' id='par_1_27' title="bbox 2221 1021 3892 1098">
     <span class='ocr_line' id='line_1_27' title="bbox 2221 1021 3892 1098; baseline -0.003 -14"><span class='ocrx_word' id='word_1_187' title='bbox 2221 1027 2476 1084; x_wconf 84' lang='lat' dir='ltr'>dicatur.</span> <span class='ocrx_word' id='word_1_188' title='bbox 2505 1031 2585 1082; x_wconf 85' lang='lat' dir='ltr'>Ac</span> <span class='ocrx_word' id='word_1_189' title='bbox 2613 1027 2662 1082; x_wconf 89' lang='lat' dir='ltr'>si</span> <span class='ocrx_word' id='word_1_190' title='bbox 2692 1026 2746 1081; x_wconf 90' lang='lat' dir='ltr'>ei</span> <span class='ocrx_word' id='word_1_191' title='bbox 2773 1027 2974 1098; x_wconf 91' lang='lat' dir='ltr'>aperte</span> <span class='ocrx_word' id='word_1_192' title='bbox 3013 1023 3306 1082; x_wconf 85' lang='lat' dir='ltr'>diceretur</span> <span class='ocrx_word' id='word_1_193' title='bbox 3338 1041 3350 1079; x_wconf 91' lang='lat'>:</span> <span class='ocrx_word' id='word_1_194' title='bbox 3385 1021 3554 1088; x_wconf 87' lang='lat' dir='ltr'>Quod</span> <span class='ocrx_word' id='word_1_195' title='bbox 3603 1037 3892 1096; x_wconf 84' lang='lat' dir='ltr'>perverse</span> 
     </span>
    </p>
   </div>
   <div class='ocr_carea' id='block_1_28' title="bbox 2221 1109 3898 1188">
    <p class='ocr_par' dir='ltr' id='par_1_28' title="bbox 2221 1109 3898 1188">
     <span class='ocr_line' id='line_1_28' title="bbox 2221 1109 3898 1188; baseline -0.003 -16"><span class='ocrx_word' id='word_1_196' title='bbox 2221 1115 2504 1188; x_wconf 88' lang='lat' dir='ltr'>loqueris,</span> <span class='ocrx_word' id='word_1_197' title='bbox 2559 1131 2632 1172; x_wconf 84' lang='lat' dir='ltr'><strong>ex</strong></span> <span class='ocrx_word' id='word_1_198' title='bbox 2684 1112 3041 1188; x_wconf 88' lang='lat' dir='ltr'>perversiori</span> <span class='ocrx_word' id='word_1_199' title='bbox 3083 1111 3205 1168; x_wconf 88' lang='lat' dir='ltr'>vita</span> <span class='ocrx_word' id='word_1_200' title='bbox 3259 1109 3536 1168; x_wconf 87' lang='lat' dir='ltr'>didicisti.</span> <span class='ocrx_word' id='word_1_201' title='bbox 3591 1111 3708 1167; x_wconf 88' lang='lat' dir='ltr'>Sed</span> <span class='ocrx_word' id='word_1_202' title='bbox 3741 1125 3898 1184; x_wconf 88' lang='lat' dir='ltr'>quo-</span> 
     </span>
    </p>
   </div>
   <div class='ocr_carea' id='block_1_29' title="bbox 2223 1199 3898 1268">
    <p class='ocr_par' dir='ltr' id='par_1_29' title="bbox 2223 1199 3898 1268">
     <span class='ocr_line' id='line_1_29' title="bbox 2223 1199 3898 1268; baseline -0.003 -7"><span class='ocrx_word' id='word_1_203' title='bbox 2223 1205 2388 1261; x_wconf 88' lang='lat' dir='ltr'>niam</span> <span class='ocrx_word' id='word_1_204' title='bbox 2419 1208 2628 1260; x_wconf 89' lang='lat' dir='ltr'>sancta</span> <span class='ocrx_word' id='word_1_205' title='bbox 2659 1201 2921 1260; x_wconf 88' lang='lat' dir='ltr'>Ecclesia</span> <span class='ocrx_word' id='word_1_206' title='bbox 2975 1217 3182 1259; x_wconf 85' lang='lat' dir='ltr'>veram</span> <span class='ocrx_word' id='word_1_207' title='bbox 3231 1199 3467 1256; x_wconf 88' lang='lat' dir='ltr'>Domini</span> <span class='ocrx_word' id='word_1_208' title='bbox 3494 1215 3760 1268; x_wconf 89' lang='lat' dir='ltr'>carnem,</span> <span class='ocrx_word' id='word_1_209' title='bbox 3791 1215 3898 1256; x_wconf 87' lang='lat' dir='ltr'>ve-</span> 
     </span>
    </p>
   </div>
   <div class='ocr_carea' id='block_1_30' title="bbox 2223 1289 3900 1364">
    <p class='ocr_par' dir='ltr' id='par_1_30' title="bbox 2223 1289 3900 1364">
     <span class='ocr_line' id='line_1_30' title="bbox 2223 1289 3900 1364; baseline -0.002 -15"><span class='ocrx_word' id='word_1_210' title='bbox 2223 1310 2358 1350; x_wconf 88' lang='lat' dir='ltr'>ram</span> <span class='ocrx_word' id='word_1_211' title='bbox 2409 1293 2642 1350; x_wconf 89' lang='lat' dir='ltr'>Domini</span> <span class='ocrx_word' id='word_1_212' title='bbox 2697 1297 2952 1350; x_wconf 88' lang='lat' dir='ltr'>mortem</span> <span class='ocrx_word' id='word_1_213' title='bbox 3003 1290 3318 1356; x_wconf 85' lang='lat' dir='ltr'>conﬁtens,</span> <span class='ocrx_word' id='word_1_214' title='bbox 3359 1289 3438 1347; x_wconf 89' lang='lat' dir='ltr'>ab</span> <span class='ocrx_word' id='word_1_215' title='bbox 3467 1290 3758 1346; x_wconf 83' lang='lat' dir='ltr'>haereticis</span> <span class='ocrx_word' id='word_1_216' title='bbox 3783 1289 3900 1364; x_wconf 91' lang='lat' dir='ltr'>qui</span> 
     </span>
    </p>
   </div>
   <div class='ocr_carea' id='block_1_31' title="bbox 2223 1378 3896 1453">
    <p class='ocr_par' dir='ltr' id='par_1_31' title="bbox 2223 1378 3896 1453">
     <span class='ocr_line' id='line_1_31' title="bbox 2223 1378 3896 1453; baseline -0.002 -14"><span class='ocrx_word' id='word_1_217' title='bbox 2223 1383 2340 1439; x_wconf 92' lang='lat' dir='ltr'>hoc</span> <span class='ocrx_word' id='word_1_218' title='bbox 2363 1386 2606 1453; x_wconf 89' lang='lat' dir='ltr'>negant,</span> <span class='ocrx_word' id='word_1_219' title='bbox 2649 1382 2914 1452; x_wconf 89' lang='lat' dir='ltr'>irrogare</span> <span class='ocrx_word' id='word_1_220' title='bbox 2973 1384 3093 1437; x_wconf 90' lang='lat' dir='ltr'>Deo</span> <span class='ocrx_word' id='word_1_221' title='bbox 3139 1378 3567 1436; x_wconf 89' lang='lat' dir='ltr'>contumeliam</span> <span class='ocrx_word' id='word_1_222' title='bbox 3605 1378 3896 1436; x_wconf 85' lang='lat' dir='ltr'>creditur.</span> 
     </span>
    </p>
   </div>
   <div class='ocr_carea' id='block_1_32' title="bbox 2225 1469 3897 1541">
    <p class='ocr_par' dir='ltr' id='par_1_32' title="bbox 2225 1469 3897 1541">
     <span class='ocr_line' id='line_1_32' title="bbox 2225 1469 3897 1541; baseline -0.001 -13"><span class='ocrx_word' id='word_1_223' title='bbox 2225 1473 2396 1528; x_wconf 91' lang='lat' dir='ltr'>Unde</span> <span class='ocrx_word' id='word_1_224' title='bbox 2417 1488 2578 1528; x_wconf 93' lang='lat' dir='ltr'>nunc</span> <span class='ocrx_word' id='word_1_225' title='bbox 2603 1472 2821 1528; x_wconf 88' lang='lat' dir='ltr'>dicitur</span> <span class='ocrx_word' id='word_1_226' title='bbox 2847 1488 2860 1526; x_wconf 91' lang='lat'><strong>:</strong></span> <span class='ocrx_word' id='word_1_227' title='bbox 2894 1471 2974 1526; x_wconf 90' lang='lat' dir='ltr'>Et</span> <span class='ocrx_word' id='word_1_228' title='bbox 3002 1471 3262 1526; x_wconf 88' lang='lat' dir='ltr'>imitaris</span> <span class='ocrx_word' id='word_1_229' title='bbox 3291 1470 3565 1541; x_wconf 85' lang='lat' dir='ltr'>linguam</span> <span class='ocrx_word' id='word_1_230' title='bbox 3611 1469 3897 1540; x_wconf 82' lang='lat' dir='ltr'>blasphe-</span> 
     </span>
    </p>
   </div>
   <div class='ocr_carea' id='block_1_33' title="bbox 451 1561 2898 1661">
    <p class='ocr_par' dir='ltr' id='par_1_33' title="bbox 451 1561 2898 1661">
     <span class='ocr_line' id='line_1_33' title="bbox 451 1561 2898 1661; baseline -0.011 -17"><span class='ocrx_word' id='word_1_231' title='bbox 451 1584 773 1661; x_wconf 89' lang='lat' dir='ltr'>nipotentis</span> <span class='ocrx_word' id='word_1_232' title='bbox 803 1581 902 1637; x_wconf 93' lang='lat' dir='ltr'>Dei</span> <span class='ocrx_word' id='word_1_233' title='bbox 927 1578 1148 1648; x_wconf 88' lang='lat' dir='ltr'>vident,</span> <span class='ocrx_word' id='word_1_234' title='bbox 1177 1571 1531 1631; x_wconf 82' lang='lat' dir='ltr'>nullomodo</span> <span class='ocrx_word' id='word_1_235' title='bbox 1576 1569 1944 1626; x_wconf 89' lang='lat' dir='ltr'>credendum</span> <span class='ocrx_word' id='word_1_236' title='bbox 2000 1569 2109 1630; x_wconf 90' lang='lat' dir='ltr'>est,</span> <span class='ocrx_word' id='word_1_237' title='bbox 2149 1561 2196 1615; x_wconf 93' lang='lat' dir='ltr'>B</span> <span class='ocrx_word' id='word_1_238' title='bbox 2227 1563 2543 1620; x_wconf 88' lang='lat' dir='ltr'>mantium.</span> <span class='ocrx_word' id='word_1_239' title='bbox 2571 1561 2850 1634; x_wconf 90' lang='lat' dir='ltr'>Sequitur</span> <span class='ocrx_word' id='word_1_240' title='bbox 2885 1577 2898 1616; x_wconf 90' lang='lat'><strong>:</strong></span> 
     </span>
    </p>
   </div>
   <div class='ocr_carea' id='block_1_34' title="bbox 451 1655 2112 1749">
    <p class='ocr_par' dir='ltr' id='par_1_34' title="bbox 451 1655 2112 1749">
     <span class='ocr_line' id='line_1_34' title="bbox 451 1655 2112 1749; baseline -0.014 -17"><span class='ocrx_word' id='word_1_241' title='bbox 451 1655 595 1749; x_wconf 75' lang='lat' dir='ltr'>quia</span> <span class='ocrx_word' id='word_1_242' title='bbox 623 1671 766 1728; x_wconf 87' lang='lat' dir='ltr'>foris</span> <span class='ocrx_word' id='word_1_243' title='bbox 796 1669 868 1724; x_wconf 89' lang='lat' dir='ltr'>sit</span> <span class='ocrx_word' id='word_1_244' title='bbox 893 1663 1120 1738; x_wconf 90' lang='lat' dir='ltr'>aliquid</span> <span class='ocrx_word' id='word_1_245' title='bbox 1149 1661 1314 1736; x_wconf 91' lang='lat' dir='ltr'>quod</span> <span class='ocrx_word' id='word_1_246' title='bbox 1343 1661 1634 1749; x_wconf 77' lang='lat' dir='ltr'>ignorent.</span> <span class='ocrx_word' id='word_1_247' title='bbox 1693 1656 1807 1712; x_wconf 92' lang='lat' dir='ltr'>Sed</span> <span class='ocrx_word' id='word_1_248' title='bbox 1837 1655 2112 1749; x_wconf 78' lang='lat' dir='ltr'>carnales</span> 
     </span>
    </p>
   </div>
   <div class='ocr_carea' id='block_1_35' title="bbox 452 1743 2109 1836">
    <p class='ocr_par' dir='ltr' id='par_1_35' title="bbox 452 1743 2109 1836">
     <span class='ocr_line' id='line_1_35' title="bbox 452 1743 2109 1836; baseline -0.013 -17"><span class='ocrx_word' id='word_1_249' title='bbox 452 1743 675 1836; x_wconf 77' lang='lat' dir='ltr'>quique</span> <span class='ocrx_word' id='word_1_250' title='bbox 705 1758 810 1833; x_wconf 92' lang='lat' dir='ltr'>qui</span> <span class='ocrx_word' id='word_1_251' title='bbox 840 1769 1108 1813; x_wconf 88' lang='lat' dir='ltr'>amorem</span> <span class='ocrx_word' id='word_1_252' title='bbox 1135 1751 1509 1826; x_wconf 70' lang='lat' dir='ltr'>praecipuum</span> <span class='ocrx_word' id='word_1_253' title='bbox 1545 1747 1680 1802; x_wconf 89' lang='lat' dir='ltr'>ﬁliis</span> <span class='ocrx_word' id='word_1_254' title='bbox 1731 1743 2109 1818; x_wconf 90' lang='lat' dir='ltr'>impendunt,</span> 
     </span>
    </p>
   </div>
   <div class='ocr_carea' id='block_1_36' title="bbox 451 1830 2110 1910">
    <p class='ocr_par' dir='ltr' id='par_1_36' title="bbox 451 1830 2110 1910">
     <span class='ocr_line' id='line_1_36' title="bbox 451 1830 2110 1910; baseline -0.014 -1"><span class='ocrx_word' id='word_1_255' title='bbox 451 1830 699 1908; x_wconf 48' lang='lat' dir='ltr'>hoc—eos</span> <span class='ocrx_word' id='word_1_256' title='bbox 725 1830 967 1904; x_wconf 50' lang='lat' dir='ltr'>—beatus</span> <span class='ocrx_word' id='word_1_257' title='bbox 1016 1841 1126 1898; x_wconf 87' lang='lat' dir='ltr'>Job</span> <span class='ocrx_word' id='word_1_258' title='bbox 1188 1839 1416 1895; x_wconf 88' lang='lat' dir='ltr'>nescire</span> <span class='ocrx_word' id='word_1_259' title='bbox 1445 1835 1840 1910; x_wconf 86' lang='lat' dir='ltr'>postmodum</span> <span class='ocrx_word' id='word_1_260' title='bbox 1883 1830 2110 1899; x_wconf 57' lang='lat' dir='ltr'>asserit,</span> 
     </span>
    </p>
   </div>
   <div class='ocr_carea' id='block_1_37' title="bbox 452 1919 2114 2016">
    <p class='ocr_par' dir='ltr' id='par_1_37' title="bbox 452 1919 2114 2016">
     <span class='ocr_line' id='line_1_37' title="bbox 452 1919 2114 2016; baseline -0.014 -17"><span class='ocrx_word' id='word_1_261' title='bbox 452 1941 617 2016; x_wconf 92' lang='lat' dir='ltr'>quod</span> <span class='ocrx_word' id='word_1_262' title='bbox 637 1938 734 1994; x_wconf 84' lang='lat' dir='ltr'>hic</span> <span class='ocrx_word' id='word_1_263' title='bbox 759 1935 1142 1993; x_wconf 86' lang='lat' dir='ltr'>vehementer</span> <span class='ocrx_word' id='word_1_264' title='bbox 1189 1929 1561 1985; x_wconf 87' lang='lat' dir='ltr'>amaverunt.</span> <span class='ocrx_word' id='word_1_265' title='bbox 1615 1923 1788 1990; x_wconf 88' lang='lat' dir='ltr'>Quod</span> <span class='ocrx_word' id='word_1_266' title='bbox 1833 1925 2033 1978; x_wconf 87' lang='lat' dir='ltr'>tamen</span> <span class='ocrx_word' id='word_1_267' title='bbox 2063 1919 2114 1976; x_wconf 90' lang='lat' dir='ltr'>si</span> 
     </span>
    </p>
   </div>
   <div class='ocr_carea' id='block_1_38' title="bbox 449 2011 2110 2100">
    <p class='ocr_par' dir='ltr' id='par_1_38' title="bbox 449 2011 2110 2100">
     <span class='ocr_line' id='line_1_38' title="bbox 449 2011 2110 2100; baseline -0.014 -11"><span class='ocrx_word' id='word_1_268' title='bbox 449 2011 694 2100; x_wconf 77' lang='lat' dir='ltr'>intelligi</span> <span class='ocrx_word' id='word_1_269' title='bbox 719 2023 1054 2100; x_wconf 87' lang='lat' dir='ltr'>spiritaliter</span> <span class='ocrx_word' id='word_1_270' title='bbox 1099 2019 1297 2090; x_wconf 86' lang='lat' dir='ltr'>debet,</span> <span class='ocrx_word' id='word_1_271' title='bbox 1335 2033 1460 2074; x_wconf 92' lang='lat' dir='ltr'>non</span> <span class='ocrx_word' id='word_1_272' title='bbox 1491 2015 1820 2084; x_wconf 88' lang='lat' dir='ltr'>incongrue</span> <span class='ocrx_word' id='word_1_273' title='bbox 1845 2011 2110 2100; x_wconf 85' lang='lat' dir='ltr'>ﬁliorum</span> 
     </span>
    </p>
   </div>
   <div class='ocr_carea' id='block_1_39' title="bbox 451 2099 2112 2188">
    <p class='ocr_par' dir='ltr' id='par_1_39' title="bbox 451 2099 2112 2188">
     <span class='ocr_line' id='line_1_39' title="bbox 451 2099 2112 2188; baseline -0.014 -10"><span class='ocrx_word' id='word_1_274' title='bbox 451 2099 694 2178; x_wconf 82' lang='lat' dir='ltr'>nomine</span> <span class='ocrx_word' id='word_1_275' title='bbox 715 2099 900 2188; x_wconf 84' lang='lat' dir='ltr'>opera</span> <span class='ocrx_word' id='word_1_276' title='bbox 947 2111 1316 2181; x_wconf 86' lang='lat' dir='ltr'>designatus,</span> <span class='ocrx_word' id='word_1_277' title='bbox 1349 2105 1502 2161; x_wconf 88' lang='lat' dir='ltr'>sicut</span> <span class='ocrx_word' id='word_1_278' title='bbox 1528 2104 1602 2160; x_wconf 91' lang='lat' dir='ltr'>de</span> <span class='ocrx_word' id='word_1_279' title='bbox 1625 2101 1874 2159; x_wconf 89' lang='lat' dir='ltr'>muliere</span> <span class='ocrx_word' id='word_1_280' title='bbox 1895 2099 2112 2157; x_wconf 87' lang='lat' dir='ltr'>Paulus</span> 
     </span>
    </p>
   </div>
   <div class='ocr_carea' id='block_1_40' title="bbox 449 2189 2107 2280">
    <p class='ocr_par' dir='ltr' id='par_1_40' title="bbox 449 2189 2107 2280">
     <span class='ocr_line' id='line_1_40' title="bbox 449 2189 2107 2280; baseline -0.013 -14"><span class='ocrx_word' id='word_1_281' title='bbox 449 2209 608 2276; x_wconf 89' lang='lat' dir='ltr'>dicit,</span> <span class='ocrx_word' id='word_1_282' title='bbox 642 2205 786 2280; x_wconf 88' lang='lat' dir='ltr'>quia</span> <span class='ocrx_word' id='word_1_283' title='bbox 817 2203 978 2258; x_wconf 88' lang='lat' dir='ltr'>salva</span> <span class='ocrx_word' id='word_1_284' title='bbox 1018 2199 1126 2256; x_wconf 89' lang='lat' dir='ltr'>erit</span> <span class='ocrx_word' id='word_1_285' title='bbox 1171 2211 1278 2270; x_wconf 88' lang='lat' dir='ltr'>per</span> <span class='ocrx_word' id='word_1_286' title='bbox 1329 2193 1592 2250; x_wconf 85' lang='lat' dir='ltr'>ﬁliorum</span> <span class='ocrx_word' id='word_1_287' title='bbox 1637 2189 2107 2263; x_wconf 85' lang='lat' dir='ltr'>generationem.</span> 
     </span>
    </p>
   </div>
   <div class='ocr_carea' id='block_1_41' title="bbox 451 2277 2112 2364">
    <p class='ocr_par' dir='ltr' id='par_1_41' title="bbox 451 2277 2112 2364">
     <span class='ocr_line' id='line_1_41' title="bbox 451 2277 2112 2364; baseline -0.015 -9"><span class='ocrx_word' id='word_1_288' title='bbox 451 2277 688 2355; x_wconf 76' lang='lat' dir='ltr'>Nobiles</span> <span class='ocrx_word' id='word_1_289' title='bbox 717 2307 859 2364; x_wconf 89' lang='lat' dir='ltr'>ergo</span> <span class='ocrx_word' id='word_1_290' title='bbox 891 2293 1029 2346; x_wconf 91' lang='lat' dir='ltr'>sunt</span> <span class='ocrx_word' id='word_1_291' title='bbox 1047 2285 1152 2343; x_wconf 89' lang='lat' dir='ltr'>ﬁlii</span> <span class='ocrx_word' id='word_1_292' title='bbox 1179 2287 1343 2340; x_wconf 90' lang='lat' dir='ltr'>recta</span> <span class='ocrx_word' id='word_1_293' title='bbox 1371 2297 1556 2356; x_wconf 91' lang='lat' dir='ltr'>opera</span> <span class='ocrx_word' id='word_1_294' title='bbox 1585 2280 1890 2347; x_wconf 85' lang='lat' dir='ltr'>facientes,</span> <span class='ocrx_word' id='word_1_295' title='bbox 1939 2277 2112 2348; x_wconf 87' lang='lat' dir='ltr'>igno-</span> 
     </span>
    </p>
   </div>
   <div class='ocr_carea' id='block_1_42' title="bbox 449 2367 2112 2448">
    <p class='ocr_par' dir='ltr' id='par_1_42' title="bbox 449 2367 2112 2448">
     <span class='ocr_line' id='line_1_42' title="bbox 449 2367 2112 2448; baseline -0.013 -4"><span class='ocrx_word' id='word_1_296' title='bbox 449 2387 600 2444; x_wconf 91' lang='lat' dir='ltr'>biles</span> <span class='ocrx_word' id='word_1_297' title='bbox 632 2389 836 2441; x_wconf 90' lang='lat' dir='ltr'>autem</span> <span class='ocrx_word' id='word_1_298' title='bbox 859 2380 1016 2436; x_wconf 88' lang='lat' dir='ltr'>facta</span> <span class='ocrx_word' id='word_1_299' title='bbox 1061 2387 1363 2448; x_wconf 88' lang='lat' dir='ltr'>perversa.</span> <span class='ocrx_word' id='word_1_300' title='bbox 1417 2373 1485 2428; x_wconf 91' lang='lat' dir='ltr'>Et</span> <span class='ocrx_word' id='word_1_301' title='bbox 1533 2385 1691 2442; x_wconf 72' lang='lat' dir='ltr'>sz—epe</span> <span class='ocrx_word' id='word_1_302' title='bbox 1719 2367 1906 2424; x_wconf 92' lang='lat' dir='ltr'>homo</span> <span class='ocrx_word' id='word_1_303' title='bbox 1934 2381 2112 2436; x_wconf 89' lang='lat' dir='ltr'>agere</span> 
     </span>
    </p>
   </div>
   <div class='ocr_carea' id='block_1_43' title="bbox 448 2453 2115 2547">
    <p class='ocr_par' dir='ltr' id='par_1_43' title="bbox 448 2453 2115 2547">
     <span class='ocr_line' id='line_1_43' title="bbox 448 2453 2115 2547; baseline -0.014 -16"><span class='ocrx_word' id='word_1_304' title='bbox 448 2472 730 2547; x_wconf 84' lang='lat' dir='ltr'>quaelibet</span> <span class='ocrx_word' id='word_1_305' title='bbox 742 2469 906 2524; x_wconf 89' lang='lat' dir='ltr'>bona</span> <span class='ocrx_word' id='word_1_306' title='bbox 924 2467 1251 2522; x_wconf 84' lang='lat' dir='ltr'>intentione</span> <span class='ocrx_word' id='word_1_307' title='bbox 1267 2458 1602 2547; x_wconf 81' lang='lat' dir='ltr'>nititur,secl</span> <span class='ocrx_word' id='word_1_308' title='bbox 1613 2461 1818 2514; x_wconf 90' lang='lat' dir='ltr'>tamen</span> <span class='ocrx_word' id='word_1_309' title='bbox 1839 2470 1950 2528; x_wconf 92' lang='lat' dir='ltr'>pro</span> <span class='ocrx_word' id='word_1_310' title='bbox 1962 2453 2115 2510; x_wconf 90' lang='lat' dir='ltr'>mul-</span> 
     </span>
    </p>
   </div>
   <div class='ocr_carea' id='block_1_44' title="bbox 449 2544 2110 2632">
    <p class='ocr_par' dir='ltr' id='par_1_44' title="bbox 449 2544 2110 2632">
     <span class='ocr_line' id='line_1_44' title="bbox 449 2544 2110 2632; baseline -0.012 -15"><span class='ocrx_word' id='word_1_311' title='bbox 449 2544 523 2618; x_wconf 80' lang='lat' dir='ltr'>tis</span> <span class='ocrx_word' id='word_1_312' title='bbox 553 2575 689 2632; x_wconf 70' lang='lat' dir='ltr'>qute</span> <span class='ocrx_word' id='word_1_313' title='bbox 720 2555 1076 2627; x_wconf 90' lang='lat' dir='ltr'>subrepunt,</span> <span class='ocrx_word' id='word_1_314' title='bbox 1108 2551 1238 2620; x_wconf 88' lang='lat' dir='ltr'>ejus</span> <span class='ocrx_word' id='word_1_315' title='bbox 1273 2551 1408 2604; x_wconf 90' lang='lat' dir='ltr'>acta</span> <span class='ocrx_word' id='word_1_316' title='bbox 1439 2545 1605 2618; x_wconf 87' lang='lat' dir='ltr'>apud</span> <span class='ocrx_word' id='word_1_317' title='bbox 1634 2544 2110 2616; x_wconf 89' lang='lat' dir='ltr'>omnipotentem</span> 
     </span>
    </p>
   </div>
   <div class='ocr_carea' id='block_1_45' title="bbox 452 2633 2108 2718">
    <p class='ocr_par' dir='ltr' id='par_1_45' title="bbox 452 2633 2108 2718">
     <span class='ocr_line' id='line_1_45' title="bbox 452 2633 2108 2718; baseline -0.01 -14"><span class='ocrx_word' id='word_1_318' title='bbox 452 2650 642 2704; x_wconf 90' lang='lat' dir='ltr'>Deum</span> <span class='ocrx_word' id='word_1_319' title='bbox 669 2643 923 2718; x_wconf 88' lang='lat' dir='ltr'>qualiter</span> <span class='ocrx_word' id='word_1_320' title='bbox 951 2641 1293 2698; x_wconf 84' lang='lat' dir='ltr'>habeantur</span> <span class='ocrx_word' id='word_1_321' title='bbox 1317 2637 1608 2693; x_wconf 90' lang='lat' dir='ltr'>incertum</span> <span class='ocrx_word' id='word_1_322' title='bbox 1652 2637 1759 2690; x_wconf 89' lang='lat' dir='ltr'>est.</span> <span class='ocrx_word' id='word_1_323' title='bbox 1793 2633 2108 2706; x_wconf 86' lang='lat' dir='ltr'>Sequitur;</span> 
     </span>
    </p>
   </div>
   <div class='ocr_carea' id='block_1_46' title="bbox 521 2719 2104 2796">
    <p class='ocr_par' dir='ltr' id='par_1_46' title="bbox 521 2719 2104 2796">
     <span class='ocr_line' id='line_1_46' title="bbox 521 2719 2104 2796; baseline -0.01 -5"><span class='ocrx_word' id='word_1_324' title='bbox 521 2739 693 2791; x_wconf 71' lang='lat' dir='ltr'>Vens.</span> <span class='ocrx_word' id='word_1_325' title='bbox 726 2733 814 2788; x_wconf 81' lang='lat'>22.</span> <span class='ocrx_word' id='word_1_326' title='bbox 847 2733 924 2788; x_wconf 88' lang='lat' dir='ltr'>Et</span> <span class='ocrx_word' id='word_1_327' title='bbox 959 2737 1154 2787; x_wconf 87' lang='lat' dir='ltr'>tamen</span> <span class='ocrx_word' id='word_1_328' title='bbox 1181 2743 1322 2784; x_wconf 82' lang='lat' dir='ltr'>caro</span> <span class='ocrx_word' id='word_1_329' title='bbox 1339 2729 1467 2796; x_wconf 86' lang='lat' dir='ltr'>ejus</span> <span class='ocrx_word' id='word_1_330' title='bbox 1488 2725 1632 2781; x_wconf 88' lang='lat' dir='ltr'>dum</span> <span class='ocrx_word' id='word_1_331' title='bbox 1650 2723 1826 2789; x_wconf 86' lang='lat' dir='ltr'>vivet,</span> <span class='ocrx_word' id='word_1_332' title='bbox 1850 2719 2104 2777; x_wconf 83' lang='lat' dir='ltr'>dolebit:</span> 
     </span>
    </p>
   </div>
   <div class='ocr_carea' id='block_1_47' title="bbox 451 2812 2113 2893">
    <p class='ocr_par' dir='ltr' id='par_1_47' title="bbox 451 2812 2113 2893">
     <span class='ocr_line' id='line_1_47' title="bbox 451 2812 2113 2893; baseline -0.013 -9"><span class='ocrx_word' id='word_1_333' title='bbox 451 2833 504 2886; x_wconf 90' lang='lat' dir='ltr'>et</span> <span class='ocrx_word' id='word_1_334' title='bbox 527 2827 732 2884; x_wconf 91' lang='lat' dir='ltr'>anima</span> <span class='ocrx_word' id='word_1_335' title='bbox 763 2824 891 2893; x_wconf 85' lang='lat' dir='ltr'>ejus</span> <span class='ocrx_word' id='word_1_336' title='bbox 915 2833 1096 2890; x_wconf 84' lang='lat' dir='ltr'>super</span> <span class='ocrx_word' id='word_1_337' title='bbox 1115 2817 1491 2886; x_wconf 81' lang='lat' dir='ltr'>semetipsum</span> <span class='ocrx_word' id='word_1_338' title='bbox 1522 2812 1766 2884; x_wconf 86' lang='lat' dir='ltr'>lugebit.</span> <span class='ocrx_word' id='word_1_339' title='bbox 1783 2841 1852 2852; x_wconf 92' lang='lat'>——</span> <span class='ocrx_word' id='word_1_340' title='bbox 1873 2813 1952 2866; x_wconf 91' lang='lat' dir='ltr'>De</span> <span class='ocrx_word' id='word_1_341' title='bbox 1971 2823 2113 2865; x_wconf 92' lang='lat' dir='ltr'>con-</span> 
     </span>
    </p>
   </div>
   <div class='ocr_carea' id='block_1_48' title="bbox 443 2903 2188 2991">
    <p class='ocr_par' dir='ltr' id='par_1_48' title="bbox 443 2903 2188 2991">
     <span class='ocr_line' id='line_1_48' title="bbox 443 2903 2188 2991; baseline -0.014 -16"><span class='ocrx_word' id='word_1_342' title='bbox 443 2915 693 2991; x_wconf 90' lang='lat' dir='ltr'>jugibus</span> <span class='ocrx_word' id='word_1_343' title='bbox 721 2911 937 2969; x_wconf 87' lang='lat' dir='ltr'>Paulus</span> <span class='ocrx_word' id='word_1_344' title='bbox 966 2908 1108 2966; x_wconf 88' lang='lat' dir='ltr'>dicit</span> <span class='ocrx_word' id='word_1_345' title='bbox 1137 2925 1150 2963; x_wconf 91' lang='lat'>:</span> <span class='ocrx_word' id='word_1_346' title='bbox 1183 2927 1200 2958; x_wconf 80' lang='grc' dir='ltr'>ι</span> <span class='ocrx_word' id='word_1_347' title='bbox 1227 2903 1694 2962; x_wconf 88' lang='lat' dir='ltr'>Tribulationem</span> <span class='ocrx_word' id='word_1_348' title='bbox 1741 2903 1946 2991; x_wconf 86' lang='lat' dir='ltr'>tamen</span> <span class='ocrx_word' id='word_1_349' title='bbox 1977 2913 2110 2991; x_wconf 83' lang='lat' dir='ltr'>car-</span> <span class='ocrx_word' id='word_1_350' title='bbox 2143 2912 2188 2971; x_wconf 69' lang='grc' dir='ltr'><em>ε</em></span> 
     </span>
    </p>
   </div>
   <div class='ocr_carea' id='block_1_49' title="bbox 449 2988 2113 3070">
    <p class='ocr_par' dir='ltr' id='par_1_49' title="bbox 449 2988 2113 3070">
     <span class='ocr_line' id='line_1_49' title="bbox 449 2988 2113 3070; baseline -0.011 -7"><span class='ocrx_word' id='word_1_351' title='bbox 449 2988 542 3063; x_wconf 84' lang='lat' dir='ltr'>nis</span> <span class='ocrx_word' id='word_1_352' title='bbox 571 3003 885 3062; x_wconf 89' lang='lat' dir='ltr'>habebunt</span> <span class='ocrx_word' id='word_1_353' title='bbox 938 2995 1294 3070; x_wconf 89' lang='lat' dir='ltr'>hujusmodi</span> <span class='ocrx_word' id='word_1_354' title='bbox 1323 2997 1384 3066; x_wconf 92' lang='lat' dir='ltr'>(I</span> <span class='ocrx_word' id='word_1_355' title='bbox 1429 2997 1565 3051; x_wconf 73' lang='lat' dir='ltr'>Cor.</span> <span class='ocrx_word' id='word_1_356' title='bbox 1600 3008 1699 3059; x_wconf 83' lang='lat' dir='ltr'>vn,</span> <span class='ocrx_word' id='word_1_357' title='bbox 1731 2990 1846 3059; x_wconf 80' lang='lat'>28).</span> <span class='ocrx_word' id='word_1_358' title='bbox 1881 3011 1908 3040; x_wconf 82' lang='lat'><strong>»</strong></span> <span class='ocrx_word' id='word_1_359' title='bbox 1961 2988 2113 3055; x_wconf 85' lang='lat' dir='ltr'>Quia</span> 
     </span>
    </p>
   </div>
   <div class='ocr_carea' id='block_1_50' title="bbox 447 3077 2110 3170">
    <p class='ocr_par' dir='ltr' id='par_1_50' title="bbox 447 3077 2110 3170">
     <span class='ocr_line' id='line_1_50' title="bbox 447 3077 2110 3170; baseline -0.011 -18"><span class='ocrx_word' id='word_1_360' title='bbox 447 3093 724 3170; x_wconf 85' lang='lat' dir='ltr'>quisquis</span> <span class='ocrx_word' id='word_1_361' title='bbox 771 3091 833 3147; x_wconf 93' lang='lat' dir='ltr'><strong>in</strong></span> <span class='ocrx_word' id='word_1_362' title='bbox 891 3104 953 3144; x_wconf 89' lang='lat' dir='ltr'>se</span> <span class='ocrx_word' id='word_1_363' title='bbox 1012 3086 1274 3159; x_wconf 85' lang='lat' dir='ltr'>gaudere</span> <span class='ocrx_word' id='word_1_364' title='bbox 1332 3083 1680 3170; x_wconf 88' lang='lat' dir='ltr'>appetit,eo</span> <span class='ocrx_word' id='word_1_365' title='bbox 1715 3080 1852 3154; x_wconf 89' lang='lat' dir='ltr'>ipso</span> <span class='ocrx_word' id='word_1_366' title='bbox 1886 3078 2017 3170; x_wconf 86' lang='lat' dir='ltr'>jam</span> <span class='ocrx_word' id='word_1_367' title='bbox 2047 3077 2110 3134; x_wconf 93' lang='lat' dir='ltr'><strong>in</strong></span> 
     </span>
    </p>
   </div>
   <div class='ocr_carea' id='block_1_51' title="bbox 447 3166 2111 3251">
    <p class='ocr_par' dir='ltr' id='par_1_51' title="bbox 447 3166 2111 3251">
     <span class='ocr_line' id='line_1_51' title="bbox 447 3166 2111 3251; baseline -0.012 -10"><span class='ocrx_word' id='word_1_368' title='bbox 447 3166 738 3248; x_wconf 26' lang='lat' dir='ltr'>luctuvest,</span> <span class='ocrx_word' id='word_1_369' title='bbox 771 3194 894 3251; x_wconf 91' lang='lat' dir='ltr'>quo</span> <span class='ocrx_word' id='word_1_370' title='bbox 921 3193 958 3233; x_wconf 88' lang='lat' dir='ltr'>a</span> <span class='ocrx_word' id='word_1_371' title='bbox 984 3191 1130 3232; x_wconf 90' lang='lat' dir='ltr'>vera</span> <span class='ocrx_word' id='word_1_372' title='bbox 1157 3172 1358 3230; x_wconf 84' lang='lat' dir='ltr'>laetitia</span> <span class='ocrx_word' id='word_1_373' title='bbox 1385 3169 1646 3228; x_wconf 90' lang='lat' dir='ltr'>recessit.</span> <span class='ocrx_word' id='word_1_374' title='bbox 1679 3171 1832 3225; x_wconf 87' lang='lat' dir='ltr'>Vera</span> <span class='ocrx_word' id='word_1_375' title='bbox 1885 3166 2111 3240; x_wconf 90' lang='lat' dir='ltr'>quippe</span> 
     </span>
    </p>
   </div>
   <div class='ocr_carea' id='block_1_52' title="bbox 447 3261 1606 3334">
    <p class='ocr_par' dir='ltr' id='par_1_52' title="bbox 447 3261 1606 3334">
     <span class='ocr_line' id='line_1_52' title="bbox 447 3261 1606 3334; baseline -0.013 -5"><span class='ocrx_word' id='word_1_376' title='bbox 447 3271 650 3329; x_wconf 70' lang='lat' dir='ltr'>laetitia</span> <span class='ocrx_word' id='word_1_377' title='bbox 669 3267 852 3324; x_wconf 90' lang='lat' dir='ltr'>menti</span> <span class='ocrx_word' id='word_1_378' title='bbox 884 3269 1122 3322; x_wconf 88' lang='lat' dir='ltr'>Creator</span> <span class='ocrx_word' id='word_1_379' title='bbox 1141 3267 1247 3319; x_wconf 90' lang='lat' dir='ltr'>est.</span> <span class='ocrx_word' id='word_1_380' title='bbox 1284 3261 1560 3334; x_wconf 91' lang='lat' dir='ltr'>Sequitur</span> <span class='ocrx_word' id='word_1_381' title='bbox 1593 3277 1606 3314; x_wconf 88' lang='lat'>:</span> 
     </span>
    </p>
   </div>
   <div class='ocr_carea' id='block_1_53' title="bbox 1091 3422 1467 3478">
    <p class='ocr_par' dir='ltr' id='par_1_53' title="bbox 1091 3422 1467 3478">
     <span class='ocr_line' id='line_1_53' title="bbox 1091 3422 1467 3478; baseline -0.005 -2"><span class='ocrx_word' id='word_1_382' title='bbox 1091 3423 1314 3478; x_wconf 80' lang='lat' dir='ltr'>CAPUT</span> <span class='ocrx_word' id='word_1_383' title='bbox 1360 3422 1467 3476; x_wconf 82' lang='lat' dir='ltr'>XV.</span> 
     </span>
    </p>
   </div>
   <div class='ocr_carea' id='block_1_54' title="bbox 521 3557 2112 3638">
    <p class='ocr_par' dir='ltr' id='par_1_54' title="bbox 521 3557 2112 3638">
     <span class='ocr_line' id='line_1_54' title="bbox 521 3557 2112 3638; baseline -0.01 -10"><span class='ocrx_word' id='word_1_384' title='bbox 521 3576 688 3628; x_wconf 73' lang='lat' dir='ltr'>Vens.</span> <span class='ocrx_word' id='word_1_385' title='bbox 727 3570 774 3626; x_wconf 93' lang='lat' dir='ltr'>l.</span> <span class='ocrx_word' id='word_1_386' title='bbox 807 3566 1184 3638; x_wconf 75' lang='lat' dir='ltr'>Respondeas</span> <span class='ocrx_word' id='word_1_387' title='bbox 1215 3570 1412 3620; x_wconf 86' lang='lat' dir='ltr'>autem</span> <span class='ocrx_word' id='word_1_388' title='bbox 1439 3560 1699 3630; x_wconf 85' lang='lat' dir='ltr'>Eliphaz</span> <span class='ocrx_word' id='word_1_389' title='bbox 1737 3557 2112 3614; x_wconf 87' lang='lat' dir='ltr'>Themanites</span> 
     </span>
    </p>
   </div>
   <div class='ocr_carea' id='block_1_55' title="bbox 449 3646 2114 3726">
    <p class='ocr_par' dir='ltr' id='par_1_55' title="bbox 449 3646 2114 3726">
     <span class='ocr_line' id='line_1_55' title="bbox 449 3646 2114 3726; baseline -0.011 -8"><span class='ocrx_word' id='word_1_390' title='bbox 449 3663 626 3720; x_wconf 69' lang='lat' dir='ltr'>dixit.</span> <span class='ocrx_word' id='word_1_391' title='bbox 658 3693 726 3701; x_wconf 95' lang='lat'>—</span> <span class='ocrx_word' id='word_1_392' title='bbox 751 3657 968 3716; x_wconf 87' lang='lat' dir='ltr'>Crebro</span> <span class='ocrx_word' id='word_1_393' title='bbox 993 3657 1122 3726; x_wconf 90' lang='lat' dir='ltr'>jam</span> <span class='ocrx_word' id='word_1_394' title='bbox 1161 3651 1424 3710; x_wconf 81' lang='lat' dir='ltr'>diximus</span> <span class='ocrx_word' id='word_1_395' title='bbox 1453 3651 1701 3707; x_wconf 90' lang='lat' dir='ltr'>beatum</span> <span class='ocrx_word' id='word_1_396' title='bbox 1729 3646 1864 3715; x_wconf 88' lang='lat' dir='ltr'>Job,</span> <span class='ocrx_word' id='word_1_397' title='bbox 1897 3650 2114 3718; x_wconf 83' lang='lat' dir='ltr'>typum</span> 
     </span>
    </p>
   </div>
   <div class='ocr_carea' id='block_1_56' title="bbox 451 3734 2112 3810">
    <p class='ocr_par' dir='ltr' id='par_1_56' title="bbox 451 3734 2112 3810">
     <span class='ocr_line' id='line_1_56' title="bbox 451 3734 2112 3810; baseline -0.011 -2"><span class='ocrx_word' id='word_1_398' title='bbox 451 3755 670 3808; x_wconf 71' lang='lat' dir='ltr'>sanctas</span> <span class='ocrx_word' id='word_1_399' title='bbox 733 3745 1088 3804; x_wconf 89' lang='lat' dir='ltr'>universalis</span> <span class='ocrx_word' id='word_1_400' title='bbox 1139 3742 1432 3810; x_wconf 77' lang='lat' dir='ltr'>Ecclesiae,</span> <span class='ocrx_word' id='word_1_401' title='bbox 1487 3738 1715 3795; x_wconf 89' lang='lat' dir='ltr'>amicos</span> <span class='ocrx_word' id='word_1_402' title='bbox 1770 3752 1912 3793; x_wconf 89' lang='lat' dir='ltr'>vero</span> <span class='ocrx_word' id='word_1_403' title='bbox 1955 3734 2112 3790; x_wconf 91' lang='lat' dir='ltr'>illius</span> 
     </span>
    </p>
   </div>
   <div class='ocr_carea' id='block_1_57' title="bbox 447 3824 2114 3909">
    <p class='ocr_par' dir='ltr' id='par_1_57' title="bbox 447 3824 2114 3909">
     <span class='ocr_line' id='line_1_57' title="bbox 447 3824 2114 3909; baseline -0.011 -11"><span class='ocrx_word' id='word_1_404' title='bbox 447 3839 864 3898; x_wconf 66' lang='lat' dir='ltr'>haereticorum</span> <span class='ocrx_word' id='word_1_405' title='bbox 894 3835 1154 3909; x_wconf 89' lang='lat' dir='ltr'>speciem</span> <span class='ocrx_word' id='word_1_406' title='bbox 1193 3836 1412 3904; x_wconf 88' lang='lat' dir='ltr'>tenere,</span> <span class='ocrx_word' id='word_1_407' title='bbox 1441 3829 1545 3903; x_wconf 89' lang='lat' dir='ltr'>qui</span> <span class='ocrx_word' id='word_1_408' title='bbox 1597 3825 1773 3901; x_wconf 90' lang='lat' dir='ltr'>quasi</span> <span class='ocrx_word' id='word_1_409' title='bbox 1797 3842 1870 3882; x_wconf 82' lang='lat' dir='ltr'><strong>ex</strong></span> <span class='ocrx_word' id='word_1_410' title='bbox 1914 3824 2114 3882; x_wconf 84' lang='lat' dir='ltr'>defen-</span> 
     </span>
    </p>
   </div>
   <div class='ocr_carea' id='block_1_58' title="bbox 455 3914 2114 3997">
    <p class='ocr_par' dir='ltr' id='par_1_58' title="bbox 455 3914 2114 3997">
     <span class='ocr_line' id='line_1_58' title="bbox 455 3914 2114 3997; baseline -0.01 -11"><span class='ocrx_word' id='word_1_411' title='bbox 455 3931 622 3987; x_wconf 92' lang='lat' dir='ltr'>sione</span> <span class='ocrx_word' id='word_1_412' title='bbox 653 3926 909 3997; x_wconf 90' lang='lat' dir='ltr'>Domini,</span> <span class='ocrx_word' id='word_1_413' title='bbox 941 3922 1327 3982; x_wconf 89' lang='lat' dir='ltr'>occasionem</span> <span class='ocrx_word' id='word_1_414' title='bbox 1386 3918 1578 3976; x_wconf 81' lang='lat' dir='ltr'>stultee</span> <span class='ocrx_word' id='word_1_415' title='bbox 1607 3915 1923 3974; x_wconf 88' lang='lat' dir='ltr'>locutionis</span> <span class='ocrx_word' id='word_1_416' title='bbox 1951 3914 2114 3970; x_wconf 91' lang='lat' dir='ltr'>inve-</span> 
     </span>
    </p>
   </div>
   <div class='ocr_carea' id='block_1_59' title="bbox 447 3999 2116 4083">
    <p class='ocr_par' dir='ltr' id='par_1_59' title="bbox 447 3999 2116 4083">
     <span class='ocr_line' id='line_1_59' title="bbox 447 3999 2116 4083; baseline -0.011 -11"><span class='ocrx_word' id='word_1_417' title='bbox 447 4016 640 4083; x_wconf 88' lang='lat' dir='ltr'>niunt,</span> <span class='ocrx_word' id='word_1_418' title='bbox 669 4018 725 4070; x_wconf 92' lang='lat' dir='ltr'>et</span> <span class='ocrx_word' id='word_1_419' title='bbox 767 4009 1202 4069; x_wconf 88' lang='lat' dir='ltr'>contumeliosa</span> <span class='ocrx_word' id='word_1_420' title='bbox 1255 4009 1463 4062; x_wconf 90' lang='lat' dir='ltr'>contra</span> <span class='ocrx_word' id='word_1_421' title='bbox 1507 4003 1702 4059; x_wconf 91' lang='lat' dir='ltr'>bonos</span> <span class='ocrx_word' id='word_1_422' title='bbox 1733 4000 1918 4057; x_wconf 88' lang='lat' dir='ltr'>verba</span> <span class='ocrx_word' id='word_1_423' title='bbox 1945 3999 2116 4072; x_wconf 90' lang='lat' dir='ltr'>jacu-</span> 
     </span>
    </p>
   </div>
   <div class='ocr_carea' id='block_1_60' title="bbox 448 4088 2112 4168">
    <p class='ocr_par' dir='ltr' id='par_1_60' title="bbox 448 4088 2112 4168">
     <span class='ocr_line' id='line_1_60' title="bbox 448 4088 2112 4168; baseline -0.011 -6"><span class='ocrx_word' id='word_1_424' title='bbox 448 4105 666 4162; x_wconf 90' lang='lat' dir='ltr'>lantur.</span> <span class='ocrx_word' id='word_1_425' title='bbox 701 4101 928 4168; x_wconf 90' lang='lat' dir='ltr'>Quibus</span> <span class='ocrx_word' id='word_1_426' title='bbox 957 4103 1175 4156; x_wconf 90' lang='lat' dir='ltr'>cuncta</span> <span class='ocrx_word' id='word_1_427' title='bbox 1203 4112 1337 4168; x_wconf 81' lang='lat' dir='ltr'>quae</span> <span class='ocrx_word' id='word_1_428' title='bbox 1367 4110 1404 4151; x_wconf 90' lang='lat' dir='ltr'>a</span> <span class='ocrx_word' id='word_1_429' title='bbox 1445 4091 1725 4149; x_wconf 89' lang='lat' dir='ltr'>ﬁdelibus</span> <span class='ocrx_word' id='word_1_430' title='bbox 1758 4088 2112 4156; x_wconf 91' lang='lat' dir='ltr'>sentiuntur,</span> 
     </span>
    </p>
   </div>
   <div class='ocr_carea' id='block_1_61' title="bbox 451 4175 2114 4266">
    <p class='ocr_par' dir='ltr' id='par_1_61' title="bbox 451 4175 2114 4266">
     <span class='ocr_line' id='line_1_61' title="bbox 451 4175 2114 4266; baseline -0.011 -16"><span class='ocrx_word' id='word_1_431' title='bbox 451 4194 626 4266; x_wconf 89' lang='lat' dir='ltr'>quasi</span> <span class='ocrx_word' id='word_1_432' title='bbox 649 4193 713 4248; x_wconf 92' lang='lat' dir='ltr'>in</span> <span class='ocrx_word' id='word_1_433' title='bbox 737 4194 918 4246; x_wconf 89' lang='lat' dir='ltr'>vento</span> <span class='ocrx_word' id='word_1_434' title='bbox 948 4187 1184 4261; x_wconf 89' lang='lat' dir='ltr'>prolata</span> <span class='ocrx_word' id='word_1_435' title='bbox 1233 4183 1570 4256; x_wconf 88' lang='lat' dir='ltr'>displicent.</span> <span class='ocrx_word' id='word_1_436' title='bbox 1627 4177 1792 4236; x_wconf 91' lang='lat' dir='ltr'>Unde</span> <span class='ocrx_word' id='word_1_437' title='bbox 1830 4193 1992 4234; x_wconf 91' lang='lat' dir='ltr'>nunc</span> <span class='ocrx_word' id='word_1_438' title='bbox 2022 4175 2114 4232; x_wconf 92' lang='lat' dir='ltr'>di-</span> 
     </span>
    </p>
   </div>
   <div class='ocr_carea' id='block_1_62' title="bbox 453 4283 650 4338">
    <p class='ocr_par' dir='ltr' id='par_1_62' title="bbox 453 4283 650 4338">
     <span class='ocr_line' id='line_1_62' title="bbox 453 4283 650 4338; baseline -0.01 0"><span class='ocrx_word' id='word_1_439' title='bbox 453 4283 605 4338; x_wconf 89' lang='lat' dir='ltr'>citur</span> <span class='ocrx_word' id='word_1_440' title='bbox 637 4299 650 4336; x_wconf 92' lang='lat'>:</span> 
     </span>
    </p>
   </div>
   <div class='ocr_carea' id='block_1_63' title="bbox 523 4373 2116 4454">
    <p class='ocr_par' dir='ltr' id='par_1_63' title="bbox 523 4373 2116 4454">
     <span class='ocr_line' id='line_1_63' title="bbox 523 4373 2116 4454; baseline -0.009 -12"><span class='ocrx_word' id='word_1_441' title='bbox 523 4389 698 4444; x_wconf 73' lang='lat' dir='ltr'>Vens.</span> <span class='ocrx_word' id='word_1_442' title='bbox 729 4389 782 4441; x_wconf 82' lang='lat'>2.</span> <span class='ocrx_word' id='word_1_443' title='bbox 814 4381 1105 4454; x_wconf 82' lang='lat' dir='ltr'>Nunquid</span> <span class='ocrx_word' id='word_1_444' title='bbox 1130 4380 1368 4450; x_wconf 84' lang='lat' dir='ltr'>sapiens</span> <span class='ocrx_word' id='word_1_445' title='bbox 1415 4375 1817 4446; x_wconf 82' lang='lat' dir='ltr'>respondebit,</span> <span class='ocrx_word' id='word_1_446' title='bbox 1847 4374 2024 4446; x_wconf 88' lang='lat' dir='ltr'>quasi</span> <span class='ocrx_word' id='word_1_447' title='bbox 2052 4373 2116 4428; x_wconf 89' lang='lat' dir='ltr'>in</span> 
     </span>
    </p>
   </div>
   <div class='ocr_carea' id='block_1_64' title="bbox 455 4461 2121 4547">
    <p class='ocr_par' dir='ltr' id='par_1_64' title="bbox 455 4461 2121 4547">
     <span class='ocr_line' id='line_1_64' title="bbox 455 4461 2121 4547; baseline -0.011 -12"><span class='ocrx_word' id='word_1_448' title='bbox 455 4484 694 4536; x_wconf 88' lang='lat' dir='ltr'>ventum</span> <span class='ocrx_word' id='word_1_449' title='bbox 720 4476 962 4547; x_wconf 87' lang='lat' dir='ltr'>loquens</span> <span class='ocrx_word' id='word_1_450' title='bbox 989 4476 1106 4527; x_wconf 83' lang='lat'>?—</span> <span class='ocrx_word' id='word_1_451' title='bbox 1129 4471 1243 4524; x_wconf 90' lang='lat' dir='ltr'>Nec</span> <span class='ocrx_word' id='word_1_452' title='bbox 1269 4467 1571 4523; x_wconf 91' lang='lat' dir='ltr'>bonorum</span> <span class='ocrx_word' id='word_1_453' title='bbox 1603 4463 1808 4532; x_wconf 86' lang='lat' dir='ltr'>verba,</span> <span class='ocrx_word' id='word_1_454' title='bbox 1837 4461 1996 4518; x_wconf 90' lang='lat' dir='ltr'>dicta</span> <span class='ocrx_word' id='word_1_455' title='bbox 2025 4477 2121 4518; x_wconf 90' lang='lat' dir='ltr'>ra-</span> 
     </span>
    </p>
   </div>
   <div class='ocr_carea' id='block_1_65' title="bbox 453 4548 2119 4627">
    <p class='ocr_par' dir='ltr' id='par_1_65' title="bbox 453 4548 2119 4627">
     <span class='ocr_line' id='line_1_65' title="bbox 453 4548 2119 4627; baseline -0.011 -5"><span class='ocrx_word' id='word_1_456' title='bbox 453 4564 630 4622; x_wconf 88' lang='lat' dir='ltr'>tionis</span> <span class='ocrx_word' id='word_1_457' title='bbox 675 4562 995 4627; x_wconf 73' lang='lat' dir='ltr'>aastimant,</span> <span class='ocrx_word' id='word_1_458' title='bbox 1053 4556 1158 4612; x_wconf 91' lang='lat' dir='ltr'>sed</span> <span class='ocrx_word' id='word_1_459' title='bbox 1213 4552 1488 4612; x_wconf 90' lang='lat' dir='ltr'>stimulos</span> <span class='ocrx_word' id='word_1_460' title='bbox 1541 4549 1780 4608; x_wconf 85' lang='lat' dir='ltr'>favoris.</span> <span class='ocrx_word' id='word_1_461' title='bbox 1837 4548 2004 4604; x_wconf 91' lang='lat' dir='ltr'>Unde</span> <span class='ocrx_word' id='word_1_462' title='bbox 2061 4551 2119 4604; x_wconf 91' lang='lat' dir='ltr'>et</span> 
     </span>
    </p>
   </div>
   <div class='ocr_carea' id='block_1_66' title="bbox 357 4639 2118 4718">
    <p class='ocr_par' dir='ltr' id='par_1_66' title="bbox 357 4639 2118 4718">
     <span class='ocr_line' id='line_1_66' title="bbox 357 4639 2118 4718; baseline -0.01 -10"><span class='ocrx_word' id='word_1_463' title='bbox 357 4702 372 4708; x_wconf 90' lang='lat'>-</span> <span class='ocrx_word' id='word_1_464' title='bbox 455 4653 747 4710; x_wconf 89' lang='lat' dir='ltr'>subditur.</span> <span class='ocrx_word' id='word_1_465' title='bbox 775 4653 854 4707; x_wconf 88' lang='lat' dir='ltr'>Et</span> <span class='ocrx_word' id='word_1_466' title='bbox 881 4645 1146 4718; x_wconf 86' lang='lat' dir='ltr'>implebit</span> <span class='ocrx_word' id='word_1_467' title='bbox 1175 4643 1396 4702; x_wconf 83' lang='lat' dir='ltr'>ardore</span> <span class='ocrx_word' id='word_1_468' title='bbox 1421 4639 1793 4698; x_wconf 83' lang='lat' dir='ltr'>stomachum</span> <span class='ocrx_word' id='word_1_469' title='bbox 1821 4653 2015 4694; x_wconf 88' lang='lat' dir='ltr'>suum.</span> <span class='ocrx_word' id='word_1_470' title='bbox 2045 4667 2118 4677; x_wconf 95' lang='lat'><strong><em>—</em></strong></span> 
     </span>
    </p>
   </div>
   <div class='ocr_carea' id='block_1_67' title="bbox 454 4726 2114 4812">
    <p class='ocr_par' dir='ltr' id='par_1_67' title="bbox 454 4726 2114 4812">
     <span class='ocr_line' id='line_1_67' title="bbox 454 4726 2114 4812; baseline -0.013 -10"><span class='ocrx_word' id='word_1_471' title='bbox 454 4745 565 4812; x_wconf 83' lang='lat' dir='ltr'>Qui</span> <span class='ocrx_word' id='word_1_472' title='bbox 619 4759 692 4800; x_wconf 90' lang='lat' dir='ltr'>ea</span> <span class='ocrx_word' id='word_1_473' title='bbox 739 4742 922 4798; x_wconf 89' lang='lat' dir='ltr'>etiam</span> <span class='ocrx_word' id='word_1_474' title='bbox 970 4753 1108 4812; x_wconf 83' lang='lat' dir='ltr'>quae</span> <span class='ocrx_word' id='word_1_475' title='bbox 1163 4734 1362 4790; x_wconf 91' lang='lat' dir='ltr'>sciunt</span> <span class='ocrx_word' id='word_1_476' title='bbox 1406 4727 1842 4788; x_wconf 90' lang='lat' dir='ltr'>contumeliose</span> <span class='ocrx_word' id='word_1_477' title='bbox 1897 4726 2114 4796; x_wconf 91' lang='lat' dir='ltr'>dicere,</span> 
     </span>
    </p>
   </div>
   <div class='ocr_carea' id='block_1_68' title="bbox 456 4815 2118 4902">
    <p class='ocr_par' dir='ltr' id='par_1_68' title="bbox 456 4815 2118 4902">
     <span class='ocr_line' id='line_1_68' title="bbox 456 4815 2118 4902; baseline -0.011 -13"><span class='ocrx_word' id='word_1_478' title='bbox 456 4832 698 4889; x_wconf 87' lang='lat' dir='ltr'>student</span> <span class='ocrx_word' id='word_1_479' title='bbox 723 4845 982 4902; x_wconf 89' lang='lat' dir='ltr'>semper,</span> <span class='ocrx_word' id='word_1_480' title='bbox 1013 4830 1077 4881; x_wconf 89' lang='lat' dir='ltr'>ut</span> <span class='ocrx_word' id='word_1_481' title='bbox 1099 4824 1329 4880; x_wconf 90' lang='lat' dir='ltr'>dictum</span> <span class='ocrx_word' id='word_1_482' title='bbox 1358 4825 1468 4889; x_wconf 88' lang='lat' dir='ltr'>est,</span> <span class='ocrx_word' id='word_1_483' title='bbox 1502 4837 1576 4876; x_wconf 86' lang='lat' dir='ltr'>ex</span> <span class='ocrx_word' id='word_1_484' title='bbox 1627 4816 1864 4875; x_wconf 89' lang='lat' dir='ltr'>Domini</span> <span class='ocrx_word' id='word_1_485' title='bbox 1915 4815 2118 4872; x_wconf 89' lang='lat' dir='ltr'>defen-</span> 
     </span>
    </p>
   </div>
   <div class='ocr_carea' id='block_1_69' title="bbox 456 4915 1264 4994">
    <p class='ocr_par' dir='ltr' id='par_1_69' title="bbox 456 4915 1264 4994">
     <span class='ocr_line' id='line_1_69' title="bbox 456 4915 1264 4994; baseline -0.011 -17"><span class='ocrx_word' id='word_1_486' title='bbox 456 4922 622 4979; x_wconf 92' lang='lat' dir='ltr'>sione</span> <span class='ocrx_word' id='word_1_487' title='bbox 647 4919 912 4994; x_wconf 88' lang='lat' dir='ltr'>palliare.</span> <span class='ocrx_word' id='word_1_488' title='bbox 949 4915 1224 4988; x_wconf 90' lang='lat' dir='ltr'>Sequitur</span> <span class='ocrx_word' id='word_1_489' title='bbox 1251 4932 1264 4968; x_wconf 91' lang='lat'>:</span> 
     </span>
    </p>
   </div>
   <div class='ocr_carea' id='block_1_70' title="bbox 525 5013 2114 5096">
    <p class='ocr_par' dir='ltr' id='par_1_70' title="bbox 525 5013 2114 5096">
     <span class='ocr_line' id='line_1_70' title="bbox 525 5013 2114 5096; baseline -0.01 -12"><span class='ocrx_word' id='word_1_490' title='bbox 525 5032 690 5084; x_wconf 73' lang='lat' dir='ltr'>Vens.</span> <span class='ocrx_word' id='word_1_491' title='bbox 722 5030 775 5084; x_wconf 91' lang='lat'>3.</span> <span class='ocrx_word' id='word_1_492' title='bbox 810 5025 1033 5096; x_wconf 86' lang='lat' dir='ltr'>Arguis</span> <span class='ocrx_word' id='word_1_493' title='bbox 1061 5021 1254 5078; x_wconf 85' lang='lat' dir='ltr'>verbis</span> <span class='ocrx_word' id='word_1_494' title='bbox 1280 5035 1412 5076; x_wconf 85' lang='lat' dir='ltr'>eum</span> <span class='ocrx_word' id='word_1_495' title='bbox 1442 5017 1548 5090; x_wconf 86' lang='lat' dir='ltr'>qui</span> <span class='ocrx_word' id='word_1_496' title='bbox 1575 5031 1695 5073; x_wconf 90' lang='lat' dir='ltr'>non</span> <span class='ocrx_word' id='word_1_497' title='bbox 1739 5019 1822 5072; x_wconf 89' lang='lat' dir='ltr'>est</span> <span class='ocrx_word' id='word_1_498' title='bbox 1865 5013 2114 5083; x_wconf 65' lang='lat' dir='ltr'>aequalis</span> 
     </span>
    </p>
   </div>
   <div class='ocr_carea' id='block_1_71' title="bbox 454 5101 2114 5189">
    <p class='ocr_par' dir='ltr' id='par_1_71' title="bbox 454 5101 2114 5189">
     <span class='ocr_line' id='line_1_71' title="bbox 454 5101 2114 5189; baseline -0.012 -12"><span class='ocrx_word' id='word_1_499' title='bbox 454 5121 580 5189; x_wconf 88' lang='lat' dir='ltr'>tibi,</span> <span class='ocrx_word' id='word_1_500' title='bbox 628 5123 682 5176; x_wconf 91' lang='lat' dir='ltr'>et</span> <span class='ocrx_word' id='word_1_501' title='bbox 738 5113 995 5188; x_wconf 90' lang='lat' dir='ltr'>loqueris</span> <span class='ocrx_word' id='word_1_502' title='bbox 1025 5125 1154 5184; x_wconf 66' lang='lat' dir='ltr'>quas</span> <span class='ocrx_word' id='word_1_503' title='bbox 1185 5110 1296 5166; x_wconf 87' lang='lat' dir='ltr'>tibi</span> <span class='ocrx_word' id='word_1_504' title='bbox 1347 5123 1466 5164; x_wconf 88' lang='lat' dir='ltr'>non</span> <span class='ocrx_word' id='word_1_505' title='bbox 1495 5105 1842 5178; x_wconf 76' lang='lat' dir='ltr'>ea&#39;pediunt.</span> <span class='ocrx_word' id='word_1_506' title='bbox 1876 5133 1946 5144; x_wconf 90' lang='lat'>-—</span> <span class='ocrx_word' id='word_1_507' title='bbox 1975 5101 2114 5158; x_wconf 89' lang='lat' dir='ltr'>Nul-</span> 
     </span>
    </p>
   </div>
   <div class='ocr_carea' id='block_1_72' title="bbox 450 5191 2110 5268">
    <p class='ocr_par' dir='ltr' id='par_1_72' title="bbox 450 5191 2110 5268">
     <span class='ocr_line' id='line_1_72' title="bbox 450 5191 2110 5268; baseline -0.011 -2"><span class='ocrx_word' id='word_1_508' title='bbox 450 5210 577 5268; x_wconf 90' lang='lat' dir='ltr'>lum</span> <span class='ocrx_word' id='word_1_509' title='bbox 629 5223 772 5266; x_wconf 89' lang='lat' dir='ltr'>vero</span> <span class='ocrx_word' id='word_1_510' title='bbox 833 5203 1176 5261; x_wconf 85' lang='lat' dir='ltr'>existimant</span> <span class='ocrx_word' id='word_1_511' title='bbox 1245 5199 1522 5255; x_wconf 90' lang='lat' dir='ltr'>timorem</span> <span class='ocrx_word' id='word_1_512' title='bbox 1577 5193 1814 5251; x_wconf 88' lang='lat' dir='ltr'>Domini</span> <span class='ocrx_word' id='word_1_513' title='bbox 1865 5191 2110 5259; x_wconf 88' lang='lat' dir='ltr'>habere,</span> 
     </span>
    </p>
   </div>
   <div class='ocr_carea' id='block_1_73' title="bbox 451 5279 2110 5368">
    <p class='ocr_par' dir='ltr' id='par_1_73' title="bbox 451 5279 2110 5368">
     <span class='ocr_line' id='line_1_73' title="bbox 451 5279 2110 5368; baseline -0.013 -12"><span class='ocrx_word' id='word_1_514' title='bbox 451 5301 564 5356; x_wconf 90' lang='lat' dir='ltr'>nisi</span> <span class='ocrx_word' id='word_1_515' title='bbox 612 5315 752 5356; x_wconf 92' lang='lat' dir='ltr'>eum</span> <span class='ocrx_word' id='word_1_516' title='bbox 809 5311 992 5368; x_wconf 90' lang='lat' dir='ltr'>quem</span> <span class='ocrx_word' id='word_1_517' title='bbox 1049 5291 1374 5365; x_wconf 88' lang='lat' dir='ltr'>potuerunt</span> <span class='ocrx_word' id='word_1_518' title='bbox 1425 5286 1502 5343; x_wconf 88' lang='lat' dir='ltr'>ad</span> <span class='ocrx_word' id='word_1_519' title='bbox 1546 5300 1670 5341; x_wconf 78' lang='lat' dir='ltr'>suae</span> <span class='ocrx_word' id='word_1_520' title='bbox 1717 5279 2110 5340; x_wconf 88' lang='lat' dir='ltr'>confessionis</span> 
     </span>
    </p>
   </div>
   <div class='ocr_carea' id='block_1_74' title="bbox 453 5375 1958 5448">
    <p class='ocr_par' dir='ltr' id='par_1_74' title="bbox 453 5375 1958 5448">
     <span class='ocr_line' id='line_1_74' title="bbox 453 5375 1958 5448; baseline -0.012 -5"><span class='ocrx_word' id='word_1_521' title='bbox 453 5387 760 5445; x_wconf 83' lang='lat' dir='ltr'>stultitiam</span> <span class='ocrx_word' id='word_1_522' title='bbox 790 5385 1046 5442; x_wconf 88' lang='lat' dir='ltr'>trahere.</span> <span class='ocrx_word' id='word_1_523' title='bbox 1081 5379 1248 5437; x_wconf 91' lang='lat' dir='ltr'>Unde</span> <span class='ocrx_word' id='word_1_524' title='bbox 1281 5375 1559 5448; x_wconf 86' lang='lat' dir='ltr'>adjungit</span> <span class='ocrx_word' id='word_1_525' title='bbox 1586 5391 1598 5430; x_wconf 90' lang='lat'><strong>:</strong></span> <span class='ocrx_word' id='word_1_526' title='bbox 1955 5397 1958 5400; x_wconf 82' lang='lat'><strong><em>~</em></strong></span> 
     </span>
    </p>
   </div>
   <div class='ocr_carea' id='block_1_75' title="bbox 521 5477 2108 5558">
    <p class='ocr_par' dir='ltr' id='par_1_75' title="bbox 521 5477 2108 5558">
     <span class='ocr_line' id='line_1_75' title="bbox 521 5477 2108 5558; baseline -0.009 -12"><span class='ocrx_word' id='word_1_527' title='bbox 521 5494 694 5549; x_wconf 77' lang='lat' dir='ltr'>Vens.</span> <span class='ocrx_word' id='word_1_528' title='bbox 728 5495 780 5547; x_wconf 71' lang='grc'>4.</span> <span class='ocrx_word' id='word_1_529' title='bbox 812 5491 1112 5558; x_wconf 87' lang='lat' dir='ltr'>Quantum</span> <span class='ocrx_word' id='word_1_530' title='bbox 1141 5489 1204 5542; x_wconf 88' lang='lat' dir='ltr'>in</span> <span class='ocrx_word' id='word_1_531' title='bbox 1249 5491 1304 5542; x_wconf 85' lang='lat' dir='ltr'>te</span> <span class='ocrx_word' id='word_1_532' title='bbox 1347 5489 1452 5554; x_wconf 89' lang='lat' dir='ltr'>est,</span> <span class='ocrx_word' id='word_1_533' title='bbox 1483 5479 1790 5539; x_wconf 88' lang='lat' dir='ltr'>evacuasti</span> <span class='ocrx_word' id='word_1_534' title='bbox 1817 5477 2108 5544; x_wconf 86' lang='lat' dir='ltr'>timorem,</span> 
     </span>
    </p>
   </div>
   <div class='ocr_carea' id='block_1_76' title="bbox 448 5563 2111 5650">
    <p class='ocr_par' dir='ltr' id='par_1_76' title="bbox 448 5563 2111 5650">
     <span class='ocr_line' id='line_1_76' title="bbox 448 5563 2111 5650; baseline -0.015 -7"><span class='ocrx_word' id='word_1_535' title='bbox 448 5593 502 5643; x_wconf 87' lang='lat' dir='ltr'>et</span> <span class='ocrx_word' id='word_1_536' title='bbox 535 5583 728 5640; x_wconf 85' lang='lat' dir='ltr'>tulisti</span> <span class='ocrx_word' id='word_1_537' title='bbox 754 5596 952 5650; x_wconf 79' lang='lat' dir='ltr'>preces</span> <span class='ocrx_word' id='word_1_538' title='bbox 982 5595 1185 5636; x_wconf 86' lang='lat' dir='ltr'>coram.</span> <span class='ocrx_word' id='word_1_539' title='bbox 1209 5575 1482 5632; x_wconf 86' lang='lat' dir='ltr'>Domino.</span> <span class='ocrx_word' id='word_1_540' title='bbox 1515 5603 1581 5612; x_wconf 91' lang='lat'><strong><em>—</em></strong></span> <span class='ocrx_word' id='word_1_541' title='bbox 1611 5565 1836 5636; x_wconf 87' lang='lat' dir='ltr'>Tulisti,</span> <span class='ocrx_word' id='word_1_542' title='bbox 1895 5563 2111 5621; x_wconf 90' lang='lat' dir='ltr'>dicitur</span> 
     </span>
    </p>
   </div>
   <div class='ocr_carea' id='block_1_77' title="bbox 2297 1667 3898 1736">
    <p class='ocr_par' dir='ltr' id='par_1_77' title="bbox 2297 1667 3898 1736">
     <span class='ocr_line' id='line_1_77' title="bbox 2297 1667 3898 1736; baseline -0.004 -10"><span class='ocrx_word' id='word_1_543' title='bbox 2297 1673 2469 1726; x_wconf 73' lang='lat' dir='ltr'>Vnus.</span> <span class='ocrx_word' id='word_1_544' title='bbox 2503 1673 2554 1725; x_wconf 89' lang='lat'>6.</span> <span class='ocrx_word' id='word_1_545' title='bbox 2588 1667 3018 1726; x_wconf 76' lang='lat' dir='ltr'>Condemnabit</span> <span class='ocrx_word' id='word_1_546' title='bbox 3043 1671 3099 1723; x_wconf 90' lang='lat' dir='ltr'><strong>te</strong></span> <span class='ocrx_word' id='word_1_547' title='bbox 3125 1681 3188 1722; x_wconf 88' lang='lat' dir='ltr'>os</span> <span class='ocrx_word' id='word_1_548' title='bbox 3210 1671 3400 1735; x_wconf 88' lang='lat' dir='ltr'>tuum,</span> <span class='ocrx_word' id='word_1_549' title='bbox 3423 1669 3478 1722; x_wconf 89' lang='lat' dir='ltr'>et</span> <span class='ocrx_word' id='word_1_550' title='bbox 3513 1681 3632 1721; x_wconf 86' lang='lat' dir='ltr'>non</span> <span class='ocrx_word' id='word_1_551' title='bbox 3662 1679 3789 1736; x_wconf 85' lang='lat' dir='ltr'>ego,</span> <span class='ocrx_word' id='word_1_552' title='bbox 3837 1670 3898 1722; x_wconf 89' lang='lat' dir='ltr'>et</span> 
     </span>
    </p>
   </div>
   <div class='ocr_carea' id='block_1_78' title="bbox 2227 1752 3899 1827">
    <p class='ocr_par' dir='ltr' id='par_1_78' title="bbox 2227 1752 3899 1827">
     <span class='ocr_line' id='line_1_78' title="bbox 2227 1752 3899 1827; baseline -0.004 -12"><span class='ocrx_word' id='word_1_553' title='bbox 2227 1759 2390 1816; x_wconf 86' lang='lat' dir='ltr'>labia</span> <span class='ocrx_word' id='word_1_554' title='bbox 2417 1764 2522 1814; x_wconf 89' lang='lat' dir='ltr'>tua</span> <span class='ocrx_word' id='word_1_555' title='bbox 2551 1756 2992 1827; x_wconf 87' lang='lat' dir='ltr'>respondebunt</span> <span class='ocrx_word' id='word_1_556' title='bbox 3013 1754 3138 1810; x_wconf 87' lang='lat' dir='ltr'>tibi.</span> <span class='ocrx_word' id='word_1_557' title='bbox 3160 1787 3227 1794; x_wconf 97' lang='lat'>—</span> <span class='ocrx_word' id='word_1_558' title='bbox 3251 1753 3403 1820; x_wconf 87' lang='lat' dir='ltr'>Quia</span> <span class='ocrx_word' id='word_1_559' title='bbox 3417 1752 3579 1810; x_wconf 90' lang='lat' dir='ltr'>enim</span> <span class='ocrx_word' id='word_1_560' title='bbox 3601 1767 3672 1810; x_wconf 80' lang='lat' dir='ltr'><strong>ex</strong></span> <span class='ocrx_word' id='word_1_561' title='bbox 3686 1768 3899 1809; x_wconf 88' lang='lat' dir='ltr'>errore</span> 
     </span>
    </p>
   </div>
   <div class='ocr_carea' id='block_1_79' title="bbox 2223 1841 3898 1904">
    <p class='ocr_par' dir='ltr' id='par_1_79' title="bbox 2223 1841 3898 1904">
     <span class='ocr_line' id='line_1_79' title="bbox 2223 1841 3898 1904; baseline -0.003 -1"><span class='ocrx_word' id='word_1_562' title='bbox 2223 1845 2620 1904; x_wconf 82' lang='lat' dir='ltr'>confessionis</span> <span class='ocrx_word' id='word_1_563' title='bbox 2655 1845 3000 1902; x_wconf 83' lang='lat' dir='ltr'>existimant</span> <span class='ocrx_word' id='word_1_564' title='bbox 3054 1843 3217 1900; x_wconf 86' lang='lat' dir='ltr'>mala</span> <span class='ocrx_word' id='word_1_565' title='bbox 3263 1841 3640 1899; x_wconf 86' lang='lat' dir='ltr'>adversitatis</span> <span class='ocrx_word' id='word_1_566' title='bbox 3687 1857 3898 1898; x_wconf 86' lang='lat' dir='ltr'>erum-</span> 
     </span>
    </p>
   </div>
   <div class='ocr_carea' id='block_1_80' title="bbox 2223 1931 3896 2010">
    <p class='ocr_par' dir='ltr' id='par_1_80' title="bbox 2223 1931 3896 2010">
     <span class='ocr_line' id='line_1_80' title="bbox 2223 1931 3896 2010; baseline -0.004 -16"><span class='ocrx_word' id='word_1_567' title='bbox 2223 1953 2386 2010; x_wconf 90' lang='lat' dir='ltr'>pere,</span> <span class='ocrx_word' id='word_1_568' title='bbox 2417 1935 2580 1992; x_wconf 87' lang='lat' dir='ltr'>labia</span> <span class='ocrx_word' id='word_1_569' title='bbox 2609 1951 2720 1992; x_wconf 88' lang='lat' dir='ltr'>sua</span> <span class='ocrx_word' id='word_1_570' title='bbox 2748 1935 2802 1991; x_wconf 92' lang='lat' dir='ltr'>ei</span> <span class='ocrx_word' id='word_1_571' title='bbox 2852 1937 3128 1990; x_wconf 87' lang='lat' dir='ltr'>asserunt</span> <span class='ocrx_word' id='word_1_572' title='bbox 3175 1931 3566 2008; x_wconf 88' lang='lat' dir='ltr'>respondere,</span> <span class='ocrx_word' id='word_1_573' title='bbox 3607 1935 3674 1988; x_wconf 91' lang='lat' dir='ltr'>ut</span> <span class='ocrx_word' id='word_1_574' title='bbox 3703 1931 3896 2004; x_wconf 87' lang='lat' dir='ltr'>culpa</span> 
     </span>
    </p>
   </div>
   <div class='ocr_carea' id='block_1_81' title="bbox 2223 2021 3384 2100">
    <p class='ocr_par' dir='ltr' id='par_1_81' title="bbox 2223 2021 3384 2100">
     <span class='ocr_line' id='line_1_81' title="bbox 2223 2021 3384 2100; baseline -0.005 -17"><span class='ocrx_word' id='word_1_575' title='bbox 2223 2025 2448 2100; x_wconf 90' lang='lat' dir='ltr'>eloquii</span> <span class='ocrx_word' id='word_1_576' title='bbox 2480 2025 2554 2081; x_wconf 90' lang='lat' dir='ltr'>sit</span> <span class='ocrx_word' id='word_1_577' title='bbox 2583 2040 2770 2081; x_wconf 87' lang='lat' dir='ltr'>causa</span> <span class='ocrx_word' id='word_1_578' title='bbox 2798 2022 3040 2094; x_wconf 87' lang='lat' dir='ltr'>ﬂagelli.</span> <span class='ocrx_word' id='word_1_579' title='bbox 3072 2021 3348 2096; x_wconf 90' lang='lat' dir='ltr'>Sequitur</span> <span class='ocrx_word' id='word_1_580' title='bbox 3372 2039 3384 2077; x_wconf 92' lang='lat'>:</span> 
     </span>
    </p>
   </div>
   <div class='ocr_carea' id='block_1_82' title="bbox 2295 2129 3898 2206">
    <p class='ocr_par' dir='ltr' id='par_1_82' title="bbox 2295 2129 3898 2206">
     <span class='ocr_line' id='line_1_82' title="bbox 2295 2129 3898 2206; baseline -0.004 -16"><span class='ocrx_word' id='word_1_581' title='bbox 2295 2137 2464 2190; x_wconf 76' lang='lat' dir='ltr'>Vens.</span> <span class='ocrx_word' id='word_1_582' title='bbox 2488 2138 2540 2206; x_wconf 90' lang='lat'>7,</span> <span class='ocrx_word' id='word_1_583' title='bbox 2569 2137 2622 2189; x_wconf 91' lang='lat'>8.</span> <span class='ocrx_word' id='word_1_584' title='bbox 2653 2131 2945 2203; x_wconf 81' lang='lat' dir='ltr'>Nunquid</span> <span class='ocrx_word' id='word_1_585' title='bbox 2959 2131 3194 2200; x_wconf 88' lang='lat' dir='ltr'>primus</span> <span class='ocrx_word' id='word_1_586' title='bbox 3227 2129 3399 2186; x_wconf 79' lang='lat' dir='ltr'>homo</span> <span class='ocrx_word' id='word_1_587' title='bbox 3430 2133 3495 2185; x_wconf 91' lang='lat' dir='ltr'>tu</span> <span class='ocrx_word' id='word_1_588' title='bbox 3520 2133 3699 2184; x_wconf 87' lang='lat' dir='ltr'>natus</span> <span class='ocrx_word' id='word_1_589' title='bbox 3731 2143 3814 2196; x_wconf 84' lang='lat' dir='ltr'>es,</span> <span class='ocrx_word' id='word_1_590' title='bbox 3843 2135 3898 2185; x_wconf 92' lang='lat' dir='ltr'>et</span> 
     </span>
    </p>
   </div>
   <div class='ocr_carea' id='block_1_83' title="bbox 2221 2217 3900 2292">
    <p class='ocr_par' dir='ltr' id='par_1_83' title="bbox 2221 2217 3900 2292">
     <span class='ocr_line' id='line_1_83' title="bbox 2221 2217 3900 2292; baseline -0.005 -12"><span class='ocrx_word' id='word_1_591' title='bbox 2221 2229 2363 2280; x_wconf 88' lang='lat' dir='ltr'>ante</span> <span class='ocrx_word' id='word_1_592' title='bbox 2393 2224 2570 2280; x_wconf 89' lang='lat' dir='ltr'>colles</span> <span class='ocrx_word' id='word_1_593' title='bbox 2599 2223 2899 2292; x_wconf 79' lang='lat' dir='ltr'>formatus</span> <span class='ocrx_word' id='word_1_594' title='bbox 2919 2224 2947 2276; x_wconf 88' lang='lat'><strong><em>?</em></strong></span> <span class='ocrx_word' id='word_1_595' title='bbox 2973 2219 3271 2291; x_wconf 87' lang='lat' dir='ltr'>Nunquid</span> <span class='ocrx_word' id='word_1_596' title='bbox 3311 2217 3624 2274; x_wconf 88' lang='lat' dir='ltr'>consilium</span> <span class='ocrx_word' id='word_1_597' title='bbox 3653 2217 3761 2274; x_wconf 86' lang='lat' dir='ltr'>Dei</span> <span class='ocrx_word' id='word_1_598' title='bbox 3789 2231 3900 2273; x_wconf 87' lang='lat' dir='ltr'>au-</span> 
     </span>
    </p>
   </div>
   <div class='ocr_carea' id='block_1_84' title="bbox 2221 2305 3899 2380">
    <p class='ocr_par' dir='ltr' id='par_1_84' title="bbox 2221 2305 3899 2380">
     <span class='ocr_line' id='line_1_84' title="bbox 2221 2305 3899 2380; baseline -0.003 -13"><span class='ocrx_word' id='word_1_599' title='bbox 2221 2311 2383 2379; x_wconf 87' lang='lat' dir='ltr'>disti,</span> <span class='ocrx_word' id='word_1_600' title='bbox 2415 2316 2468 2367; x_wconf 88' lang='lat' dir='ltr'>et</span> <span class='ocrx_word' id='word_1_601' title='bbox 2489 2310 2748 2380; x_wconf 83' lang='lat' dir='ltr'>inferior</span> <span class='ocrx_word' id='word_1_602' title='bbox 2769 2314 2823 2365; x_wconf 87' lang='lat' dir='ltr'>te</span> <span class='ocrx_word' id='word_1_603' title='bbox 2845 2309 2957 2365; x_wconf 85' lang='lat' dir='ltr'>erit</span> <span class='ocrx_word' id='word_1_604' title='bbox 2985 2308 3114 2378; x_wconf 86' lang='lat' dir='ltr'>ejus</span> <span class='ocrx_word' id='word_1_605' title='bbox 3133 2307 3432 2376; x_wconf 86' lang='lat' dir='ltr'>sapientia</span> <span class='ocrx_word' id='word_1_606' title='bbox 3449 2309 3478 2362; x_wconf 87' lang='lat'><strong><em>?</em></strong></span> <span class='ocrx_word' id='word_1_607' title='bbox 3499 2337 3567 2346; x_wconf 89' lang='lat'>-—</span> <span class='ocrx_word' id='word_1_608' title='bbox 3587 2308 3668 2361; x_wconf 83' lang='lat' dir='ltr'>Ac</span> <span class='ocrx_word' id='word_1_609' title='bbox 3687 2305 3740 2360; x_wconf 91' lang='lat' dir='ltr'><strong>si</strong></span> <span class='ocrx_word' id='word_1_610' title='bbox 3763 2321 3899 2362; x_wconf 90' lang='lat' dir='ltr'>ver-</span> 
     </span>
    </p>
   </div>
   <div class='ocr_carea' id='block_1_85' title="bbox 2220 2393 3893 2474">
    <p class='ocr_par' dir='ltr' id='par_1_85' title="bbox 2220 2393 3893 2474">
     <span class='ocr_line' id='line_1_85' title="bbox 2220 2393 3893 2474; baseline -0.004 -17"><span class='ocrx_word' id='word_1_611' title='bbox 2220 2399 2315 2458; x_wconf 90' lang='lat' dir='ltr'>bis</span> <span class='ocrx_word' id='word_1_612' title='bbox 2371 2397 2771 2474; x_wconf 86' lang='lat' dir='ltr'>apertioribus</span> <span class='ocrx_word' id='word_1_613' title='bbox 2828 2397 2990 2454; x_wconf 90' lang='lat' dir='ltr'>dicat</span> <span class='ocrx_word' id='word_1_614' title='bbox 3021 2414 3034 2453; x_wconf 91' lang='lat'><strong>:</strong></span> <span class='ocrx_word' id='word_1_615' title='bbox 3089 2396 3202 2463; x_wconf 88' lang='lat' dir='ltr'>Qui</span> <span class='ocrx_word' id='word_1_616' title='bbox 3231 2395 3304 2453; x_wconf 91' lang='lat' dir='ltr'>de</span> <span class='ocrx_word' id='word_1_617' title='bbox 3339 2401 3562 2454; x_wconf 58' lang='lat' dir='ltr'>aeterno</span> <span class='ocrx_word' id='word_1_618' title='bbox 3600 2393 3893 2468; x_wconf 88' lang='lat' dir='ltr'>loqueris,</span> 
     </span>
    </p>
   </div>
   <div class='ocr_carea' id='block_1_86' title="bbox 2223 2483 3897 2564">
    <p class='ocr_par' dir='ltr' id='par_1_86' title="bbox 2223 2483 3897 2564">
     <span class='ocr_line' id='line_1_86' title="bbox 2223 2483 3897 2564; baseline -0.002 -18"><span class='ocrx_word' id='word_1_619' title='bbox 2223 2505 2412 2564; x_wconf 88' lang='lat' dir='ltr'>pensa</span> <span class='ocrx_word' id='word_1_620' title='bbox 2463 2489 2608 2564; x_wconf 86' lang='lat' dir='ltr'>quia</span> <span class='ocrx_word' id='word_1_621' title='bbox 2636 2485 2984 2562; x_wconf 71' lang='lat' dir='ltr'>temporaLs</span> <span class='ocrx_word' id='word_1_622' title='bbox 3023 2501 3109 2542; x_wconf 92' lang='lat' dir='ltr'>es.</span> <span class='ocrx_word' id='word_1_623' title='bbox 3145 2485 3258 2553; x_wconf 91' lang='lat' dir='ltr'>Qui</span> <span class='ocrx_word' id='word_1_624' title='bbox 3303 2484 3379 2542; x_wconf 91' lang='lat' dir='ltr'>de</span> <span class='ocrx_word' id='word_1_625' title='bbox 3405 2486 3536 2558; x_wconf 88' lang='lat' dir='ltr'>ejus</span> <span class='ocrx_word' id='word_1_626' title='bbox 3590 2483 3897 2558; x_wconf 86' lang='lat' dir='ltr'>sapientia</span> 
     </span>
    </p>
   </div>
   <div class='ocr_carea' id='block_1_87' title="bbox 2219 2574 3894 2653">
    <p class='ocr_par' dir='ltr' id='par_1_87' title="bbox 2219 2574 3894 2653">
     <span class='ocr_line' id='line_1_87' title="bbox 2219 2574 3894 2653; baseline -0.001 -19"><span class='ocrx_word' id='word_1_627' title='bbox 2219 2579 2516 2653; x_wconf 90' lang='lat' dir='ltr'>disputas,</span> <span class='ocrx_word' id='word_1_628' title='bbox 2547 2593 2738 2652; x_wconf 89' lang='lat' dir='ltr'>pensa</span> <span class='ocrx_word' id='word_1_629' title='bbox 2765 2577 2912 2650; x_wconf 88' lang='lat' dir='ltr'>quia</span> <span class='ocrx_word' id='word_1_630' title='bbox 2935 2575 3258 2634; x_wconf 90' lang='lat' dir='ltr'>consilium</span> <span class='ocrx_word' id='word_1_631' title='bbox 3287 2575 3552 2646; x_wconf 86' lang='lat' dir='ltr'>ignoras.</span> <span class='ocrx_word' id='word_1_632' title='bbox 3573 2574 3894 2648; x_wconf 88' lang='lat' dir='ltr'>Sequitur:</span> 
     </span>
    </p>
   </div>
   <div class='ocr_carea' id='block_1_88' title="bbox 2293 2681 3899 2756">
    <p class='ocr_par' dir='ltr' id='par_1_88' title="bbox 2293 2681 3899 2756">
     <span class='ocr_line' id='line_1_88' title="bbox 2293 2681 3899 2756; baseline -0.002 -16"><span class='ocrx_word' id='word_1_633' title='bbox 2293 2688 2462 2742; x_wconf 76' lang='lat' dir='ltr'>Vens.</span> <span class='ocrx_word' id='word_1_634' title='bbox 2495 2688 2548 2742; x_wconf 86' lang='lat'>9.</span> <span class='ocrx_word' id='word_1_635' title='bbox 2577 2685 2733 2752; x_wconf 84' lang='lat' dir='ltr'>Quid</span> <span class='ocrx_word' id='word_1_636' title='bbox 2761 2685 2923 2742; x_wconf 86' lang='lat' dir='ltr'>nosti</span> <span class='ocrx_word' id='word_1_637' title='bbox 2945 2683 3102 2756; x_wconf 84' lang='lat' dir='ltr'>quod</span> <span class='ocrx_word' id='word_1_638' title='bbox 3152 2685 3492 2755; x_wconf 85' lang='lat' dir='ltr'>ignoremus</span> <span class='ocrx_word' id='word_1_639' title='bbox 3526 2685 3554 2737; x_wconf 80' lang='lat'><strong><em>?</em></strong></span> <span class='ocrx_word' id='word_1_640' title='bbox 3600 2681 3758 2750; x_wconf 85' lang='lat' dir='ltr'>Quid</span> <span class='ocrx_word' id='word_1_641' title='bbox 3803 2683 3899 2738; x_wconf 78' lang='lat' dir='ltr'>in-</span> 
     </span>
    </p>
   </div>
   <div class='ocr_carea' id='block_1_89' title="bbox 2221 2770 3897 2848">
    <p class='ocr_par' dir='ltr' id='par_1_89' title="bbox 2221 2770 3897 2848">
     <span class='ocr_line' id='line_1_89' title="bbox 2221 2770 3897 2848; baseline -0.002 -15"><span class='ocrx_word' id='word_1_642' title='bbox 2221 2777 2468 2847; x_wconf 84' lang='lat' dir='ltr'>telligis,</span> <span class='ocrx_word' id='word_1_643' title='bbox 2499 2775 2660 2848; x_wconf 87' lang='lat' dir='ltr'>quod</span> <span class='ocrx_word' id='word_1_644' title='bbox 2691 2775 3042 2832; x_wconf 83' lang='lat' dir='ltr'>nesciamus.</span> <span class='ocrx_word' id='word_1_645' title='bbox 3075 2803 3146 2814; x_wconf 88' lang='lat'>—-</span> <span class='ocrx_word' id='word_1_646' title='bbox 3204 2775 3344 2839; x_wconf 69' lang='lat' dir='ltr'>Quae</span> <span class='ocrx_word' id='word_1_647' title='bbox 3400 2770 3676 2829; x_wconf 88' lang='lat' dir='ltr'>videlicet</span> <span class='ocrx_word' id='word_1_648' title='bbox 3725 2770 3897 2830; x_wconf 82' lang='lat' dir='ltr'>dicta</span> 
     </span>
    </p>
   </div>
   <div class='ocr_carea' id='block_1_90' title="bbox 2220 2859 3896 2938">
    <p class='ocr_par' dir='ltr' id='par_1_90' title="bbox 2220 2859 3896 2938">
     <span class='ocr_line' id='line_1_90' title="bbox 2220 2859 3896 2938; baseline -0.002 -16"><span class='ocrx_word' id='word_1_649' title='bbox 2220 2868 2492 2938; x_wconf 88' lang='lat' dir='ltr'>patenter</span> <span class='ocrx_word' id='word_1_650' title='bbox 2517 2862 2864 2931; x_wconf 85' lang='lat' dir='ltr'>ostendunt,</span> <span class='ocrx_word' id='word_1_651' title='bbox 2903 2879 2978 2920; x_wconf 85' lang='lat' dir='ltr'><strong>ex</strong></span> <span class='ocrx_word' id='word_1_652' title='bbox 3028 2877 3154 2936; x_wconf 87' lang='lat' dir='ltr'>qua</span> <span class='ocrx_word' id='word_1_653' title='bbox 3195 2861 3412 2918; x_wconf 88' lang='lat' dir='ltr'>mentis</span> <span class='ocrx_word' id='word_1_654' title='bbox 3457 2859 3715 2918; x_wconf 86' lang='lat' dir='ltr'>elatione</span> <span class='ocrx_word' id='word_1_655' title='bbox 3743 2876 3896 2934; x_wconf 84' lang='lat' dir='ltr'>pro-</span> 
     </span>
    </p>
   </div>
   <div class='ocr_carea' id='block_1_91' title="bbox 2219 2949 3895 3026">
    <p class='ocr_par' dir='ltr' id='par_1_91' title="bbox 2219 2949 3895 3026">
     <span class='ocr_line' id='line_1_91' title="bbox 2219 2949 3895 3026; baseline -0.002 -16"><span class='ocrx_word' id='word_1_656' title='bbox 2219 2953 2380 3026; x_wconf 86' lang='lat' dir='ltr'>deat,</span> <span class='ocrx_word' id='word_1_657' title='bbox 2409 2951 2709 3026; x_wconf 90' lang='lat' dir='ltr'>quidquid</span> <span class='ocrx_word' id='word_1_658' title='bbox 2737 2950 2912 3025; x_wconf 89' lang='lat' dir='ltr'>quasi</span> <span class='ocrx_word' id='word_1_659' title='bbox 2935 2951 3016 3008; x_wconf 92' lang='lat' dir='ltr'>ad</span> <span class='ocrx_word' id='word_1_660' title='bbox 3045 2949 3421 3008; x_wconf 89' lang='lat' dir='ltr'>Dominicam</span> <span class='ocrx_word' id='word_1_661' title='bbox 3464 2949 3895 3007; x_wconf 85' lang='lat' dir='ltr'>defensionem</span> 
     </span>
    </p>
   </div>
   <div class='ocr_carea' id='block_1_92' title="bbox 2219 3041 2777 3115">
    <p class='ocr_par' dir='ltr' id='par_1_92' title="bbox 2219 3041 2777 3115">
     <span class='ocr_line' id='line_1_92' title="bbox 2219 3041 2777 3115; baseline -0.007 -15"><span class='ocrx_word' id='word_1_662' title='bbox 2219 3046 2416 3100; x_wconf 89' lang='lat' dir='ltr'>sonat.</span> <span class='ocrx_word' id='word_1_663' title='bbox 2451 3041 2726 3115; x_wconf 90' lang='lat' dir='ltr'>Sequitur</span> <span class='ocrx_word' id='word_1_664' title='bbox 2763 3058 2777 3096; x_wconf 76' lang='grc' dir='ltr'><strong>ε</strong></span> 
     </span>
    </p>
   </div>
   <div class='ocr_carea' id='block_1_93' title="bbox 2293 3147 3894 3220">
    <p class='ocr_par' dir='ltr' id='par_1_93' title="bbox 2293 3147 3894 3220">
     <span class='ocr_line' id='line_1_93' title="bbox 2293 3147 3894 3220; baseline -0.003 -12"><span class='ocrx_word' id='word_1_665' title='bbox 2293 3153 2462 3208; x_wconf 73' lang='lat' dir='ltr'>Vens.</span> <span class='ocrx_word' id='word_1_666' title='bbox 2497 3154 2583 3206; x_wconf 90' lang='grc'><strong>10.</strong></span> <span class='ocrx_word' id='word_1_667' title='bbox 2609 3151 2690 3206; x_wconf 84' lang='lat' dir='ltr'>Et</span> <span class='ocrx_word' id='word_1_668' title='bbox 2717 3163 2882 3206; x_wconf 85' lang='lat' dir='ltr'>senes</span> <span class='ocrx_word' id='word_1_669' title='bbox 2909 3153 2966 3205; x_wconf 86' lang='lat' dir='ltr'>et</span> <span class='ocrx_word' id='word_1_670' title='bbox 2995 3148 3236 3220; x_wconf 88' lang='lat' dir='ltr'>antiqui</span> <span class='ocrx_word' id='word_1_671' title='bbox 3246 3153 3388 3204; x_wconf 87' lang='lat' dir='ltr'>sunt</span> <span class='ocrx_word' id='word_1_672' title='bbox 3407 3147 3474 3204; x_wconf 87' lang='lat' dir='ltr'>in</span> <span class='ocrx_word' id='word_1_673' title='bbox 3501 3147 3673 3204; x_wconf 87' lang='lat' dir='ltr'>nobis</span> <span class='ocrx_word' id='word_1_674' title='bbox 3692 3147 3894 3203; x_wconf 88' lang='lat' dir='ltr'>multo</span> 
     </span>
    </p>
   </div>
   <div class='ocr_carea' id='block_1_94' title="bbox 2223 3235 3894 3312">
    <p class='ocr_par' dir='ltr' id='par_1_94' title="bbox 2223 3235 3894 3312">
     <span class='ocr_line' id='line_1_94' title="bbox 2223 3235 3894 3312; baseline -0.004 -14"><span class='ocrx_word' id='word_1_675' title='bbox 2223 3242 2568 3298; x_wconf 87' lang='lat' dir='ltr'>vetustiores</span> <span class='ocrx_word' id='word_1_676' title='bbox 2598 3253 2778 3312; x_wconf 88' lang='lat' dir='ltr'>quam</span> <span class='ocrx_word' id='word_1_677' title='bbox 2805 3243 3012 3308; x_wconf 87' lang='lat' dir='ltr'>patres</span> <span class='ocrx_word' id='word_1_678' title='bbox 3041 3238 3150 3293; x_wconf 90' lang='lat' dir='ltr'>tui.</span> <span class='ocrx_word' id='word_1_679' title='bbox 3183 3267 3255 3278; x_wconf 90' lang='lat'><strong>—</strong></span> <span class='ocrx_word' id='word_1_680' title='bbox 3281 3235 3431 3302; x_wconf 85' lang='lat' dir='ltr'>Quia</span> <span class='ocrx_word' id='word_1_681' title='bbox 3453 3251 3667 3294; x_wconf 88' lang='lat' dir='ltr'>omnes</span> <span class='ocrx_word' id='word_1_682' title='bbox 3693 3235 3894 3293; x_wconf 70' lang='lat' dir='ltr'>haere-</span> 
     </span>
    </p>
   </div>
   <div class='ocr_carea' id='block_1_95' title="bbox 2219 3325 3896 3397">
    <p class='ocr_par' dir='ltr' id='par_1_95' title="bbox 2219 3325 3896 3397">
     <span class='ocr_line' id='line_1_95' title="bbox 2219 3325 3896 3397; baseline -0.002 -11"><span class='ocrx_word' id='word_1_683' title='bbox 2219 3330 2317 3386; x_wconf 89' lang='lat' dir='ltr'>tici</span> <span class='ocrx_word' id='word_1_684' title='bbox 2348 3345 2385 3386; x_wconf 90' lang='lat' dir='ltr'>a</span> <span class='ocrx_word' id='word_1_685' title='bbox 2415 3332 2624 3386; x_wconf 86' lang='lat' dir='ltr'>sancta</span> <span class='ocrx_word' id='word_1_686' title='bbox 2649 3326 2972 3384; x_wconf 85' lang='lat' dir='ltr'>universali</span> <span class='ocrx_word' id='word_1_687' title='bbox 3003 3325 3262 3384; x_wconf 87' lang='lat' dir='ltr'>Ecclesia</span> <span class='ocrx_word' id='word_1_688' title='bbox 3291 3329 3432 3382; x_wconf 87' lang='lat' dir='ltr'>sunt</span> <span class='ocrx_word' id='word_1_689' title='bbox 3457 3325 3684 3397; x_wconf 87' lang='lat' dir='ltr'>egressi</span> <span class='ocrx_word' id='word_1_690' title='bbox 3713 3329 3896 3382; x_wconf 88' lang='lat' dir='ltr'>testa-</span> 
     </span>
    </p>
   </div>
   <div class='ocr_carea' id='block_1_96' title="bbox 2219 3413 3894 3489">
    <p class='ocr_par' dir='ltr' id='par_1_96' title="bbox 2219 3413 3894 3489">
     <span class='ocr_line' id='line_1_96' title="bbox 2219 3413 3894 3489; baseline -0.002 -15"><span class='ocrx_word' id='word_1_691' title='bbox 2219 3421 2316 3474; x_wconf 90' lang='lat' dir='ltr'>tur</span> <span class='ocrx_word' id='word_1_692' title='bbox 2339 3420 2618 3487; x_wconf 80' lang='lat' dir='ltr'>Joannes,</span> <span class='ocrx_word' id='word_1_693' title='bbox 2649 3417 2754 3489; x_wconf 88' lang='lat' dir='ltr'>qui</span> <span class='ocrx_word' id='word_1_694' title='bbox 2783 3414 2866 3472; x_wconf 89' lang='lat' dir='ltr'>ait</span> <span class='ocrx_word' id='word_1_695' title='bbox 2893 3431 2906 3470; x_wconf 89' lang='lat'><strong>:</strong></span> <span class='ocrx_word' id='word_1_696' title='bbox 2944 3437 2972 3464; x_wconf 88' lang='lat'><strong>«</strong></span> <span class='ocrx_word' id='word_1_697' title='bbox 3003 3416 3086 3470; x_wconf 85' lang='lat' dir='ltr'>Ex</span> <span class='ocrx_word' id='word_1_698' title='bbox 3120 3413 3297 3471; x_wconf 90' lang='lat' dir='ltr'>nobis</span> <span class='ocrx_word' id='word_1_699' title='bbox 3342 3413 3716 3487; x_wconf 89' lang='lat' dir='ltr'>prodierunt,</span> <span class='ocrx_word' id='word_1_700' title='bbox 3781 3413 3894 3470; x_wconf 85' lang='lat' dir='ltr'>sed</span> 
     </span>
    </p>
   </div>
   <div class='ocr_carea' id='block_1_97' title="bbox 2221 3502 3892 3575">
    <p class='ocr_par' dir='ltr' id='par_1_97' title="bbox 2221 3502 3892 3575">
     <span class='ocr_line' id='line_1_97' title="bbox 2221 3502 3892 3575; baseline -0.003 -12"><span class='ocrx_word' id='word_1_701' title='bbox 2221 3521 2345 3563; x_wconf 92' lang='lat' dir='ltr'>non</span> <span class='ocrx_word' id='word_1_702' title='bbox 2371 3509 2541 3564; x_wconf 89' lang='lat' dir='ltr'>erant</span> <span class='ocrx_word' id='word_1_703' title='bbox 2569 3521 2642 3561; x_wconf 82' lang='lat' dir='ltr'>ex</span> <span class='ocrx_word' id='word_1_704' title='bbox 2661 3503 2837 3561; x_wconf 87' lang='lat' dir='ltr'>nobis</span> <span class='ocrx_word' id='word_1_705' title='bbox 2867 3503 3062 3575; x_wconf 86' lang='lat' dir='ltr'>(Joan.</span> <span class='ocrx_word' id='word_1_706' title='bbox 3089 3519 3154 3574; x_wconf 80' lang='grc' dir='ltr'>ιι,</span> <span class='ocrx_word' id='word_1_707' title='bbox 3189 3505 3295 3575; x_wconf 87' lang='grc'><strong>19).</strong></span> <span class='ocrx_word' id='word_1_708' title='bbox 3331 3523 3359 3554; x_wconf 83' lang='grc'><strong>››</strong></span> <span class='ocrx_word' id='word_1_709' title='bbox 3393 3502 3510 3559; x_wconf 90' lang='lat' dir='ltr'>Sed</span> <span class='ocrx_word' id='word_1_710' title='bbox 3553 3505 3618 3559; x_wconf 91' lang='lat' dir='ltr'>ut</span> <span class='ocrx_word' id='word_1_711' title='bbox 3643 3517 3718 3559; x_wconf 88' lang='lat' dir='ltr'>ea</span> <span class='ocrx_word' id='word_1_712' title='bbox 3743 3518 3892 3575; x_wconf 69' lang='lat' dir='ltr'>quae</span> 
     </span>
    </p>
   </div>
   <div class='ocr_carea' id='block_1_98' title="bbox 2221 3589 3895 3653">
    <p class='ocr_par' dir='ltr' id='par_1_98' title="bbox 2221 3589 3895 3653">
     <span class='ocr_line' id='line_1_98' title="bbox 2221 3589 3895 3653; baseline -0.003 0"><span class='ocrx_word' id='word_1_713' title='bbox 2221 3599 2498 3653; x_wconf 88' lang='lat' dir='ltr'>asserunt</span> <span class='ocrx_word' id='word_1_714' title='bbox 2524 3592 2950 3652; x_wconf 88' lang='lat' dir='ltr'>commendare</span> <span class='ocrx_word' id='word_1_715' title='bbox 2977 3589 3171 3650; x_wconf 86' lang='lat' dir='ltr'>stultis</span> <span class='ocrx_word' id='word_1_716' title='bbox 3221 3591 3524 3650; x_wconf 89' lang='lat' dir='ltr'>mentibus</span> <span class='ocrx_word' id='word_1_717' title='bbox 3563 3591 3895 3649; x_wconf 89' lang='lat' dir='ltr'>hominum</span> 
     </span>
    </p>
   </div>
   <div class='ocr_carea' id='block_1_99' title="bbox 2221 3681 3894 3760">
    <p class='ocr_par' dir='ltr' id='par_1_99' title="bbox 2221 3681 3894 3760">
     <span class='ocr_line' id='line_1_99' title="bbox 2221 3681 3894 3760; baseline -0.003 -17"><span class='ocrx_word' id='word_1_718' title='bbox 2221 3686 2402 3760; x_wconf 88' lang='lat' dir='ltr'>quasi</span> <span class='ocrx_word' id='word_1_719' title='bbox 2428 3685 2504 3741; x_wconf 91' lang='lat' dir='ltr'>de</span> <span class='ocrx_word' id='word_1_720' title='bbox 2554 3683 2903 3757; x_wconf 87' lang='lat' dir='ltr'>antiquitate</span> <span class='ocrx_word' id='word_1_721' title='bbox 2956 3685 3225 3756; x_wconf 89' lang='lat' dir='ltr'>possent,</span> <span class='ocrx_word' id='word_1_722' title='bbox 3271 3681 3553 3755; x_wconf 89' lang='lat' dir='ltr'>antiquos</span> <span class='ocrx_word' id='word_1_723' title='bbox 3593 3683 3798 3738; x_wconf 86' lang='lat' dir='ltr'>Patres</span> <span class='ocrx_word' id='word_1_724' title='bbox 3831 3697 3894 3738; x_wconf 87' lang='lat' dir='ltr'>se</span> 
     </span>
    </p>
   </div>
   <div class='ocr_carea' id='block_1_100' title="bbox 2221 3769 3894 3844">
    <p class='ocr_par' dir='ltr' id='par_1_100' title="bbox 2221 3769 3894 3844">
     <span class='ocr_line' id='line_1_100' title="bbox 2221 3769 3894 3844; baseline -0.004 -12"><span class='ocrx_word' id='word_1_725' title='bbox 2221 3775 2444 3832; x_wconf 89' lang='lat' dir='ltr'>habere</span> <span class='ocrx_word' id='word_1_726' title='bbox 2497 3777 2807 3843; x_wconf 88' lang='lat' dir='ltr'>testantur,</span> <span class='ocrx_word' id='word_1_727' title='bbox 2861 3775 3040 3844; x_wconf 90' lang='lat' dir='ltr'>atque</span> <span class='ocrx_word' id='word_1_728' title='bbox 3087 3770 3252 3844; x_wconf 88' lang='lat' dir='ltr'>ipsos</span> <span class='ocrx_word' id='word_1_729' title='bbox 3300 3770 3574 3827; x_wconf 79' lang='lat' dir='ltr'>doctores</span> <span class='ocrx_word' id='word_1_730' title='bbox 3606 3769 3894 3826; x_wconf 61' lang='lat' dir='ltr'>Ecclesia</span> 
     </span>
    </p>
   </div>
   <div class='ocr_carea' id='block_1_101' title="bbox 2224 3859 3896 3938">
    <p class='ocr_par' dir='ltr' id='par_1_101' title="bbox 2224 3859 3896 3938">
     <span class='ocr_line' id='line_1_101' title="bbox 2224 3859 3896 3938; baseline -0.004 -18"><span class='ocrx_word' id='word_1_731' title='bbox 2224 3881 2350 3920; x_wconf 68' lang='lat' dir='ltr'>suaa</span> <span class='ocrx_word' id='word_1_732' title='bbox 2377 3861 2770 3938; x_wconf 88' lang='lat' dir='ltr'>professionis</span> <span class='ocrx_word' id='word_1_733' title='bbox 2799 3859 3124 3930; x_wconf 87' lang='lat' dir='ltr'>magistros</span> <span class='ocrx_word' id='word_1_734' title='bbox 3153 3859 3382 3916; x_wconf 87' lang='lat' dir='ltr'>dicunt.</span> <span class='ocrx_word' id='word_1_735' title='bbox 3437 3861 3708 3932; x_wconf 88' lang='lat' dir='ltr'>Cumque</span> <span class='ocrx_word' id='word_1_736' title='bbox 3733 3874 3896 3931; x_wconf 72' lang='lat' dir='ltr'>prae-</span> 
     </span>
    </p>
   </div>
   <div class='ocr_carea' id='block_1_102' title="bbox 2223 3947 3894 4026">
    <p class='ocr_par' dir='ltr' id='par_1_102' title="bbox 2223 3947 3894 4026">
     <span class='ocr_line' id='line_1_102' title="bbox 2223 3947 3894 4026; baseline -0.004 -15"><span class='ocrx_word' id='word_1_737' title='bbox 2223 3958 2418 4011; x_wconf 87' lang='lat' dir='ltr'>sentes</span> <span class='ocrx_word' id='word_1_738' title='bbox 2472 3951 2890 4026; x_wconf 80' lang='lat' dir='ltr'>praedicatores</span> <span class='ocrx_word' id='word_1_739' title='bbox 2937 3949 3301 4022; x_wconf 89' lang='lat' dir='ltr'>despiciunt,</span> <span class='ocrx_word' id='word_1_740' title='bbox 3359 3947 3436 4005; x_wconf 91' lang='lat' dir='ltr'>de</span> <span class='ocrx_word' id='word_1_741' title='bbox 3493 3947 3894 4022; x_wconf 81' lang='lat' dir='ltr'>antiquorum</span> 
     </span>
    </p>
   </div>
   <div class='ocr_carea' id='block_1_103' title="bbox 2221 4037 3890 4118">
    <p class='ocr_par' dir='ltr' id='par_1_103' title="bbox 2221 4037 3890 4118">
     <span class='ocr_line' id='line_1_103' title="bbox 2221 4037 3890 4118; baseline -0.002 -18"><span class='ocrx_word' id='word_1_742' title='bbox 2221 4046 2464 4100; x_wconf 88' lang='lat' dir='ltr'>Patrum</span> <span class='ocrx_word' id='word_1_743' title='bbox 2492 4041 2832 4118; x_wconf 85' lang='lat' dir='ltr'>magisterio</span> <span class='ocrx_word' id='word_1_744' title='bbox 2857 4039 3010 4097; x_wconf 85' lang='lat' dir='ltr'>falsa</span> <span class='ocrx_word' id='word_1_745' title='bbox 3039 4038 3508 4112; x_wconf 69' lang='lat' dir='ltr'>praesumptione</span> <span class='ocrx_word' id='word_1_746' title='bbox 3529 4037 3890 4110; x_wconf 85' lang='lat' dir='ltr'>gloriantur,</span> 
     </span>
    </p>
   </div>
   <div class='ocr_carea' id='block_1_104' title="bbox 2223 4127 3892 4206">
    <p class='ocr_par' dir='ltr' id='par_1_104' title="bbox 2223 4127 3892 4206">
     <span class='ocr_line' id='line_1_104' title="bbox 2223 4127 3892 4206; baseline -0.001 -16"><span class='ocrx_word' id='word_1_747' title='bbox 2223 4135 2288 4190; x_wconf 92' lang='lat' dir='ltr'>ut</span> <span class='ocrx_word' id='word_1_748' title='bbox 2333 4149 2406 4190; x_wconf 90' lang='lat' dir='ltr'>ea</span> <span class='ocrx_word' id='word_1_749' title='bbox 2433 4147 2568 4206; x_wconf 73' lang='lat' dir='ltr'>quae</span> <span class='ocrx_word' id='word_1_750' title='bbox 2615 4130 2730 4204; x_wconf 90' lang='lat' dir='ltr'>ipsi</span> <span class='ocrx_word' id='word_1_751' title='bbox 2771 4129 2980 4186; x_wconf 90' lang='lat' dir='ltr'>dicunt</span> <span class='ocrx_word' id='word_1_752' title='bbox 3019 4129 3201 4186; x_wconf 90' lang='lat' dir='ltr'>etiam</span> <span class='ocrx_word' id='word_1_753' title='bbox 3231 4127 3512 4202; x_wconf 86' lang='lat' dir='ltr'>antiquos</span> <span class='ocrx_word' id='word_1_754' title='bbox 3549 4129 3754 4184; x_wconf 83' lang='lat' dir='ltr'>Patres</span> <span class='ocrx_word' id='word_1_755' title='bbox 3803 4133 3892 4188; x_wconf 83' lang='lat' dir='ltr'>te—</span> 
     </span>
    </p>
   </div>
   <div class='ocr_carea' id='block_1_105' title="bbox 2221 4217 3860 4292">
    <p class='ocr_par' dir='ltr' id='par_1_105' title="bbox 2221 4217 3860 4292">
     <span class='ocr_line' id='line_1_105' title="bbox 2221 4217 3860 4292; baseline -0.002 -14"><span class='ocrx_word' id='word_1_756' title='bbox 2221 4223 2424 4279; x_wconf 89' lang='lat' dir='ltr'>nuisse</span> <span class='ocrx_word' id='word_1_757' title='bbox 2447 4221 2764 4279; x_wconf 85' lang='lat' dir='ltr'>fateantur.</span> <span class='ocrx_word' id='word_1_758' title='bbox 2799 4217 3076 4292; x_wconf 87' lang='lat' dir='ltr'>Sequitur</span> <span class='ocrx_word' id='word_1_759' title='bbox 3106 4235 3120 4276; x_wconf 90' lang='lat'><strong>:</strong></span> <span class='ocrx_word' id='word_1_760' title='bbox 3857 4243 3860 4245; x_wconf 86' lang='lat'><strong><em>-</em></strong></span> 
     </span>
    </p>
   </div>
   <div class='ocr_carea' id='block_1_106' title="bbox 2293 4305 3892 4380">
    <p class='ocr_par' dir='ltr' id='par_1_106' title="bbox 2293 4305 3892 4380">
     <span class='ocr_line' id='line_1_106' title="bbox 2293 4305 3892 4380; baseline -0.003 -14"><span class='ocrx_word' id='word_1_761' title='bbox 2293 4313 2461 4366; x_wconf 73' lang='lat' dir='ltr'>Vens.</span> <span class='ocrx_word' id='word_1_762' title='bbox 2500 4309 2584 4365; x_wconf 87' lang='grc'>11.</span> <span class='ocrx_word' id='word_1_763' title='bbox 2611 4307 2906 4380; x_wconf 87' lang='lat' dir='ltr'>Nunquid</span> <span class='ocrx_word' id='word_1_764' title='bbox 2940 4307 3172 4378; x_wconf 87' lang='lat' dir='ltr'>grande</span> <span class='ocrx_word' id='word_1_765' title='bbox 3196 4311 3303 4375; x_wconf 88' lang='lat' dir='ltr'>est,</span> <span class='ocrx_word' id='word_1_766' title='bbox 3351 4311 3420 4362; x_wconf 87' lang='lat' dir='ltr'>ut</span> <span class='ocrx_word' id='word_1_767' title='bbox 3452 4305 3799 4362; x_wconf 82' lang='lat' dir='ltr'>consoletur</span> <span class='ocrx_word' id='word_1_768' title='bbox 3835 4311 3892 4362; x_wconf 88' lang='lat' dir='ltr'>te</span> 
     </span>
    </p>
   </div>
   <div class='ocr_carea' id='block_1_107' title="bbox 2221 4393 3891 4467">
    <p class='ocr_par' dir='ltr' id='par_1_107' title="bbox 2221 4393 3891 4467">
     <span class='ocr_line' id='line_1_107' title="bbox 2221 4393 3891 4467; baseline -0.003 -12"><span class='ocrx_word' id='word_1_769' title='bbox 2221 4401 2402 4467; x_wconf 84' lang='lat' dir='ltr'>Deus,</span> <span class='ocrx_word' id='word_1_770' title='bbox 2425 4399 2528 4456; x_wconf 88' lang='lat' dir='ltr'>sed</span> <span class='ocrx_word' id='word_1_771' title='bbox 2550 4397 2732 4454; x_wconf 86' lang='lat' dir='ltr'>verba</span> <span class='ocrx_word' id='word_1_772' title='bbox 2761 4401 2866 4452; x_wconf 90' lang='lat' dir='ltr'>tua</span> <span class='ocrx_word' id='word_1_773' title='bbox 2899 4410 3096 4465; x_wconf 82' lang='lat' dir='ltr'>prava</span> <span class='ocrx_word' id='word_1_774' title='bbox 3119 4396 3232 4453; x_wconf 86' lang='lat' dir='ltr'>hoc</span> <span class='ocrx_word' id='word_1_775' title='bbox 3252 4393 3591 4466; x_wconf 76' lang='lat' dir='ltr'>prohibent.</span> <span class='ocrx_word' id='word_1_776' title='bbox 3621 4425 3688 4434; x_wconf 93' lang='lat'><strong><em>—</em></strong></span> <span class='ocrx_word' id='word_1_777' title='bbox 3717 4395 3808 4449; x_wconf 80' lang='lat' dir='ltr'>Ac</span> <span class='ocrx_word' id='word_1_778' title='bbox 3839 4393 3891 4450; x_wconf 87' lang='lat' dir='ltr'>si</span> 
     </span>
    </p>
   </div>
   <div class='ocr_carea' id='block_1_108' title="bbox 2222 4483 3888 4562">
    <p class='ocr_par' dir='ltr' id='par_1_108' title="bbox 2222 4483 3888 4562">
     <span class='ocr_line' id='line_1_108' title="bbox 2222 4483 3888 4562; baseline -0.004 -16"><span class='ocrx_word' id='word_1_779' title='bbox 2222 4489 2276 4546; x_wconf 91' lang='lat' dir='ltr'>ei</span> <span class='ocrx_word' id='word_1_780' title='bbox 2299 4491 2571 4562; x_wconf 88' lang='lat' dir='ltr'>patenter</span> <span class='ocrx_word' id='word_1_781' title='bbox 2619 4486 2780 4544; x_wconf 88' lang='lat' dir='ltr'>dicat</span> <span class='ocrx_word' id='word_1_782' title='bbox 2809 4504 2822 4542; x_wconf 90' lang='lat'><strong>:</strong></span> <span class='ocrx_word' id='word_1_783' title='bbox 2849 4485 2908 4544; x_wconf 91' lang='lat' dir='ltr'>Si</span> <span class='ocrx_word' id='word_1_784' title='bbox 2965 4485 3334 4558; x_wconf 85' lang='lat' dir='ltr'>professione</span> <span class='ocrx_word' id='word_1_785' title='bbox 3359 4483 3500 4542; x_wconf 88' lang='lat' dir='ltr'>ﬁdei</span> <span class='ocrx_word' id='word_1_786' title='bbox 3545 4483 3888 4556; x_wconf 86' lang='lat' dir='ltr'>corrigeris,</span> 
     </span>
    </p>
   </div>
   <div class='ocr_carea' id='block_1_109' title="bbox 2218 4572 3892 4651">
    <p class='ocr_par' dir='ltr' id='par_1_109' title="bbox 2218 4572 3892 4651">
     <span class='ocr_line' id='line_1_109' title="bbox 2218 4572 3892 4651; baseline -0.004 -15"><span class='ocrx_word' id='word_1_787' title='bbox 2218 4579 2348 4651; x_wconf 86' lang='lat' dir='ltr'>jam</span> <span class='ocrx_word' id='word_1_788' title='bbox 2377 4577 2614 4635; x_wconf 90' lang='lat' dir='ltr'>dudum</span> <span class='ocrx_word' id='word_1_789' title='bbox 2638 4573 3111 4634; x_wconf 89' lang='lat' dir='ltr'>consolationem</span> <span class='ocrx_word' id='word_1_790' title='bbox 3133 4573 3386 4646; x_wconf 88' lang='lat' dir='ltr'>ﬂagellis</span> <span class='ocrx_word' id='word_1_791' title='bbox 3408 4572 3635 4632; x_wconf 86' lang='lat' dir='ltr'>habere</span> <span class='ocrx_word' id='word_1_792' title='bbox 3658 4572 3892 4645; x_wconf 85' lang='lat' dir='ltr'>potuis-</span> 
     </span>
    </p>
   </div>
   <div class='ocr_carea' id='block_1_110' title="bbox 2225 4665 3782 4740">
    <p class='ocr_par' dir='ltr' id='par_1_110' title="bbox 2225 4665 3782 4740">
     <span class='ocr_line' id='line_1_110' title="bbox 2225 4665 3782 4740; baseline -0.008 -16"><span class='ocrx_word' id='word_1_793' title='bbox 2225 4684 2338 4725; x_wconf 91' lang='lat' dir='ltr'>ses.</span> <span class='ocrx_word' id='word_1_794' title='bbox 2373 4665 2650 4740; x_wconf 89' lang='lat' dir='ltr'>Sequitur</span> <span class='ocrx_word' id='word_1_795' title='bbox 2681 4681 2694 4720; x_wconf 93' lang='lat'>:</span> <span class='ocrx_word' id='word_1_796' title='bbox 3779 4687 3782 4690; x_wconf 55' lang='grc' dir='ltr'>λ</span> 
     </span>
    </p>
   </div>
   <div class='ocr_carea' id='block_1_111' title="bbox 2294 4751 3890 4822">
    <p class='ocr_par' dir='ltr' id='par_1_111' title="bbox 2294 4751 3890 4822">
     <span class='ocr_line' id='line_1_111' title="bbox 2294 4751 3890 4822; baseline -0.004 -10"><span class='ocrx_word' id='word_1_797' title='bbox 2294 4759 2462 4814; x_wconf 74' lang='lat' dir='ltr'>Vnus.</span> <span class='ocrx_word' id='word_1_798' title='bbox 2499 4755 2583 4811; x_wconf 82' lang='grc'><strong>12.</strong></span> <span class='ocrx_word' id='word_1_799' title='bbox 2617 4753 2734 4822; x_wconf 87' lang='lat' dir='ltr'>Qui</span> <span class='ocrx_word' id='word_1_800' title='bbox 2761 4759 2816 4810; x_wconf 90' lang='lat' dir='ltr'>te</span> <span class='ocrx_word' id='word_1_801' title='bbox 2833 4755 3026 4810; x_wconf 86' lang='lat' dir='ltr'>elevat</span> <span class='ocrx_word' id='word_1_802' title='bbox 3051 4767 3156 4809; x_wconf 85' lang='lat' dir='ltr'>cor</span> <span class='ocrx_word' id='word_1_803' title='bbox 3171 4757 3360 4820; x_wconf 88' lang='lat' dir='ltr'>tuum,</span> <span class='ocrx_word' id='word_1_804' title='bbox 3389 4756 3444 4808; x_wconf 87' lang='lat' dir='ltr'>et</span> <span class='ocrx_word' id='word_1_805' title='bbox 3464 4751 3639 4822; x_wconf 86' lang='lat' dir='ltr'>quasi</span> <span class='ocrx_word' id='word_1_806' title='bbox 3657 4763 3890 4820; x_wconf 77' lang='lat' dir='ltr'>magna</span> 
     </span>
    </p>
   </div>
   <div class='ocr_carea' id='block_1_112' title="bbox 2221 4837 3890 4918">
    <p class='ocr_par' dir='ltr' id='par_1_112' title="bbox 2221 4837 3890 4918">
     <span class='ocr_line' id='line_1_112' title="bbox 2221 4837 3890 4918; baseline -0.005 -15"><span class='ocrx_word' id='word_1_807' title='bbox 2221 4848 2512 4918; x_wconf 85' lang='lat' dir='ltr'>cegitans,</span> <span class='ocrx_word' id='word_1_808' title='bbox 2561 4843 2845 4900; x_wconf 88' lang='lat' dir='ltr'>attonitos</span> <span class='ocrx_word' id='word_1_809' title='bbox 2899 4841 3077 4900; x_wconf 84' lang='lat' dir='ltr'>habes</span> <span class='ocrx_word' id='word_1_810' title='bbox 3109 4841 3310 4898; x_wconf 87' lang='lat' dir='ltr'>oculos</span> <span class='ocrx_word' id='word_1_811' title='bbox 3339 4843 3368 4896; x_wconf 83' lang='lat'><strong><em>?</em></strong></span> <span class='ocrx_word' id='word_1_812' title='bbox 3395 4869 3466 4884; x_wconf 90' lang='lat'>-—</span> <span class='ocrx_word' id='word_1_813' title='bbox 3499 4841 3664 4911; x_wconf 77' lang='lat' dir='ltr'>Saepe</span> <span class='ocrx_word' id='word_1_814' title='bbox 3691 4837 3890 4910; x_wconf 89' lang='lat' dir='ltr'>justo-</span> 
     </span>
    </p>
   </div>
   <div class='ocr_carea' id='block_1_113' title="bbox 2219 4927 3888 5004">
    <p class='ocr_par' dir='ltr' id='par_1_113' title="bbox 2219 4927 3888 5004">
     <span class='ocr_line' id='line_1_113' title="bbox 2219 4927 3888 5004; baseline -0.007 -10"><span class='ocrx_word' id='word_1_815' title='bbox 2219 4953 2358 4994; x_wconf 91' lang='lat' dir='ltr'>rum</span> <span class='ocrx_word' id='word_1_816' title='bbox 2377 4949 2548 4992; x_wconf 91' lang='lat' dir='ltr'>mens</span> <span class='ocrx_word' id='word_1_817' title='bbox 2561 4933 2644 4990; x_wconf 89' lang='lat' dir='ltr'>ita</span> <span class='ocrx_word' id='word_1_818' title='bbox 2659 4933 2738 4991; x_wconf 86' lang='lat' dir='ltr'>ad</span> <span class='ocrx_word' id='word_1_819' title='bbox 2760 4932 2970 4990; x_wconf 88' lang='lat' dir='ltr'>altiora</span> <span class='ocrx_word' id='word_1_820' title='bbox 2985 4929 3454 5004; x_wconf 89' lang='lat' dir='ltr'>contemplanda</span> <span class='ocrx_word' id='word_1_821' title='bbox 3469 4927 3888 5002; x_wconf 85' lang='lat' dir='ltr'>suspenditur,</span> 
     </span>
    </p>
   </div>
   <div class='ocr_carea' id='block_1_114' title="bbox 2221 5015 3890 5092">
    <p class='ocr_par' dir='ltr' id='par_1_114' title="bbox 2221 5015 3890 5092">
     <span class='ocr_line' id='line_1_114' title="bbox 2221 5015 3890 5092; baseline -0.007 -8"><span class='ocrx_word' id='word_1_822' title='bbox 2221 5031 2284 5085; x_wconf 90' lang='lat' dir='ltr'>ut</span> <span class='ocrx_word' id='word_1_823' title='bbox 2313 5023 2570 5082; x_wconf 85' lang='lat' dir='ltr'>exterius</span> <span class='ocrx_word' id='word_1_824' title='bbox 2593 5037 2802 5079; x_wconf 89' lang='lat' dir='ltr'>eorum</span> <span class='ocrx_word' id='word_1_825' title='bbox 2823 5019 3008 5078; x_wconf 89' lang='lat' dir='ltr'>facies</span> <span class='ocrx_word' id='word_1_826' title='bbox 3030 5018 3410 5092; x_wconf 87' lang='lat' dir='ltr'>obstupuisse</span> <span class='ocrx_word' id='word_1_827' title='bbox 3441 5017 3732 5074; x_wconf 83' lang='lat' dir='ltr'>videatur.</span> <span class='ocrx_word' id='word_1_828' title='bbox 3767 5015 3890 5073; x_wconf 88' lang='lat' dir='ltr'>Sed</span> 
     </span>
    </p>
   </div>
   <div class='ocr_carea' id='block_1_115' title="bbox 2220 5105 3888 5188">
    <p class='ocr_par' dir='ltr' id='par_1_115' title="bbox 2220 5105 3888 5188">
     <span class='ocr_line' id='line_1_115' title="bbox 2220 5105 3888 5188; baseline -0.004 -19"><span class='ocrx_word' id='word_1_829' title='bbox 2220 5113 2366 5188; x_wconf 90' lang='lat' dir='ltr'>quia</span> <span class='ocrx_word' id='word_1_830' title='bbox 2406 5112 2565 5169; x_wconf 89' lang='lat' dir='ltr'>hanc</span> <span class='ocrx_word' id='word_1_831' title='bbox 2620 5109 3145 5183; x_wconf 90' lang='lat' dir='ltr'>contemplationis</span> <span class='ocrx_word' id='word_1_832' title='bbox 3173 5107 3298 5165; x_wconf 89' lang='lat' dir='ltr'>vim</span> <span class='ocrx_word' id='word_1_833' title='bbox 3345 5108 3408 5164; x_wconf 89' lang='lat' dir='ltr'><strong>in</strong></span> <span class='ocrx_word' id='word_1_834' title='bbox 3432 5105 3668 5164; x_wconf 90' lang='lat' dir='ltr'>occulto</span> <span class='ocrx_word' id='word_1_835' title='bbox 3701 5119 3888 5177; x_wconf 84' lang='lat' dir='ltr'>agere</span> 
     </span>
    </p>
   </div>
   <div class='ocr_carea' id='block_1_116' title="bbox 2217 5193 3888 5271">
    <p class='ocr_par' dir='ltr' id='par_1_116' title="bbox 2217 5193 3888 5271">
     <span class='ocr_line' id='line_1_116' title="bbox 2217 5193 3888 5271; baseline -0.006 -13"><span class='ocrx_word' id='word_1_836' title='bbox 2217 5201 2477 5258; x_wconf 61' lang='lat' dir='ltr'>heretici</span> <span class='ocrx_word' id='word_1_837' title='bbox 2503 5200 2804 5271; x_wconf 86' lang='lat' dir='ltr'>ignorant,</span> <span class='ocrx_word' id='word_1_838' title='bbox 2830 5199 2946 5256; x_wconf 92' lang='lat' dir='ltr'>hoc</span> <span class='ocrx_word' id='word_1_839' title='bbox 2971 5213 3008 5254; x_wconf 90' lang='lat' dir='ltr'>a</span> <span class='ocrx_word' id='word_1_840' title='bbox 3032 5197 3206 5269; x_wconf 88' lang='lat' dir='ltr'>justis</span> <span class='ocrx_word' id='word_1_841' title='bbox 3231 5200 3290 5253; x_wconf 90' lang='lat' dir='ltr'>et</span> <span class='ocrx_word' id='word_1_842' title='bbox 3316 5199 3479 5254; x_wconf 88' lang='lat' dir='ltr'>recta</span> <span class='ocrx_word' id='word_1_843' title='bbox 3509 5193 3888 5269; x_wconf 89' lang='lat' dir='ltr'>sapientibus</span> 
     </span>
    </p>
   </div>
   <div class='ocr_carea' id='block_1_117' title="bbox 2215 5285 3888 5364">
    <p class='ocr_par' dir='ltr' id='par_1_117' title="bbox 2215 5285 3888 5364">
     <span class='ocr_line' id='line_1_117' title="bbox 2215 5285 3888 5364; baseline -0.006 -16"><span class='ocrx_word' id='word_1_844' title='bbox 2215 5291 2345 5350; x_wconf 88' lang='lat' dir='ltr'>ﬁeri</span> <span class='ocrx_word' id='word_1_845' title='bbox 2373 5291 2568 5363; x_wconf 89' lang='lat' dir='ltr'>magis</span> <span class='ocrx_word' id='word_1_846' title='bbox 2597 5305 2704 5364; x_wconf 88' lang='lat' dir='ltr'>per</span> <span class='ocrx_word' id='word_1_847' title='bbox 2741 5287 3132 5362; x_wconf 81' lang='lat' dir='ltr'>hypocrisim,</span> <span class='ocrx_word' id='word_1_848' title='bbox 3165 5303 3353 5361; x_wconf 90' lang='lat' dir='ltr'>quam</span> <span class='ocrx_word' id='word_1_849' title='bbox 3409 5301 3518 5360; x_wconf 90' lang='lat' dir='ltr'>per</span> <span class='ocrx_word' id='word_1_850' title='bbox 3571 5285 3888 5342; x_wconf 85' lang='lat' dir='ltr'>veritatem</span> 
     </span>
    </p>
   </div>
   <div class='ocr_carea' id='block_1_118' title="bbox 2215 5379 2798 5454">
    <p class='ocr_par' dir='ltr' id='par_1_118' title="bbox 2215 5379 2798 5454">
     <span class='ocr_line' id='line_1_118' title="bbox 2215 5379 2798 5454; baseline -0.009 -17"><span class='ocrx_word' id='word_1_851' title='bbox 2215 5385 2449 5454; x_wconf 90' lang='lat' dir='ltr'>putant.</span> <span class='ocrx_word' id='word_1_852' title='bbox 2481 5379 2757 5452; x_wconf 88' lang='lat' dir='ltr'>Sequitur</span> <span class='ocrx_word' id='word_1_853' title='bbox 2785 5395 2798 5432; x_wconf 93' lang='lat'>:</span> 
     </span>
    </p>
   </div>
   <div class='ocr_carea' id='block_1_119' title="bbox 2287 5463 3888 5537">
    <p class='ocr_par' dir='ltr' id='par_1_119' title="bbox 2287 5463 3888 5537">
     <span class='ocr_line' id='line_1_119' title="bbox 2287 5463 3888 5537; baseline -0.007 -9"><span class='ocrx_word' id='word_1_854' title='bbox 2287 5473 2461 5528; x_wconf 76' lang='lat' dir='ltr'>Vens.</span> <span class='ocrx_word' id='word_1_855' title='bbox 2485 5473 2568 5525; x_wconf 85' lang='lat'>13.</span> <span class='ocrx_word' id='word_1_856' title='bbox 2593 5468 2748 5537; x_wconf 85' lang='lat' dir='ltr'>Quid</span> <span class='ocrx_word' id='word_1_857' title='bbox 2767 5473 2954 5524; x_wconf 89' lang='lat' dir='ltr'>tumet</span> <span class='ocrx_word' id='word_1_858' title='bbox 2987 5472 3200 5524; x_wconf 85' lang='lat' dir='ltr'>contra</span> <span class='ocrx_word' id='word_1_859' title='bbox 3226 5467 3416 5523; x_wconf 86' lang='lat' dir='ltr'>Deum</span> <span class='ocrx_word' id='word_1_860' title='bbox 3442 5463 3693 5534; x_wconf 81' lang='lat' dir='ltr'>spiritus</span> <span class='ocrx_word' id='word_1_861' title='bbox 3739 5466 3888 5517; x_wconf 80' lang='lat' dir='ltr'>tuus</span> 
     </span>
    </p>
   </div>
   <div class='ocr_carea' id='block_1_120' title="bbox 2219 5554 3888 5630">
    <p class='ocr_par' dir='ltr' id='par_1_120' title="bbox 2219 5554 3888 5630">
     <span class='ocr_line' id='line_1_120' title="bbox 2219 5554 3888 5630; baseline -0.006 -14"><span class='ocrx_word' id='word_1_862' title='bbox 2219 5566 2284 5616; x_wconf 88' lang='lat' dir='ltr'>ut</span> <span class='ocrx_word' id='word_1_863' title='bbox 2307 5561 2588 5630; x_wconf 83' lang='lat' dir='ltr'>proferas</span> <span class='ocrx_word' id='word_1_864' title='bbox 2619 5557 2693 5614; x_wconf 89' lang='lat' dir='ltr'>de</span> <span class='ocrx_word' id='word_1_865' title='bbox 2734 5573 2837 5614; x_wconf 87' lang='lat' dir='ltr'>ore</span> <span class='ocrx_word' id='word_1_866' title='bbox 2865 5563 2967 5614; x_wconf 91' lang='lat' dir='ltr'>tuo</span> <span class='ocrx_word' id='word_1_867' title='bbox 2995 5554 3408 5627; x_wconf 82' lang='lat' dir='ltr'>hujuscemodi</span> <span class='ocrx_word' id='word_1_868' title='bbox 3439 5567 3734 5611; x_wconf 80' lang='lat' dir='ltr'>sermones</span> <span class='ocrx_word' id='word_1_869' title='bbox 3751 5555 3779 5606; x_wconf 82' lang='lat'><strong><em>?</em></strong></span> <span class='ocrx_word' id='word_1_870' title='bbox 3805 5578 3888 5593; x_wconf 95' lang='lat'>—-</span> 
     </span>
    </p>
   </div>
  </div>
