4146 6156
281 127 372 182 241

1117 119 1410 176 EPITOME
1448 118 1594 176 non
1611 117 1814 174 suum
1854 118 1908 173 s.
1951 117 2156 173 anno.
2207 119 2274 175 IN
2313 121 2453 176 me.
2497 92 2564 158 +
2599 117 2737 185 LIB.
2776 116 2885 172 xu.

3601 109 3706 163 242

280 248 638 322 Plerumque
661 247 808 320 justi
865 245 1168 321 aliquibus
1218 243 1677 302 necessitatibus
1711 241 1933 309 afﬂicti,
1966 245 2013 298 Α
2123 241 2299 300 Vens.
2338 244 2422 314 18,
2460 243 2542 299 l9.
2572 243 2878 312 Sapientes
2905 241 3284 309 conﬁtentur,
3319 243 3371 292 et
3402 250 3521 291 non
3579 232 3708 288 abs-

282 355 393 397 sua
409 353 600 412 opera
629 340 925 408 coguntur
947 335 1134 392 fateri.
1161 334 1334 401 Quod
1359 335 1574 390 beatus
1631 332 1740 388 Job
1783 332 1937 388 fece-

280 432 390 497 rat,
421 443 606 501 quem
635 430 770 500 post
789 424 1084 497 justitiam
1113 423 1353 494 ﬂagella
1364 421 1802 496 deprimebant.
1827 419 1940 476 Sed

283 534 424 576 cum
444 532 651 575 eorum
682 515 840 573 dicta
860 514 1066 586 injusti
1095 513 1371 580 audiunt,
1401 512 1530 568 haec
1583 527 1690 585 per
1741 509 1942 566 elatio-

281 624 423 665 nem
450 607 648 681 potius
679 620 864 678 quam
896 619 1003 678 per
1054 603 1366 660 veritatem
1417 601 1763 662 existimant
1809 613 1943 673 pro-

280 697 421 754 lata.
455 700 538 753 Ex
559 695 682 752 suis
706 695 869 752 enim
898 693 1186 750 cordibus
1237 692 1419 749 verba
1462 693 1765 763 justorum
1793 705 1941 764 pen-

282 790 436 866 sant,
457 790 514 842 et
540 785 656 842 dici
676 783 980 841 humiliter
1006 786 1218 856 posset
1244 797 1388 839 vera
1413 782 1577 838 bona
1626 795 1749 836 non
1799 778 1945 834 testi-

279 879 466 933 mant.
496 874 774 948 Sequitur
805 892 819 929 :

349 967 528 1022 Vens.
563 966 646 1020 14.
679 963 835 1032 Quid
861 968 946 1020 est
972 964 1145 1020 homo
1173 967 1239 1018 ut
1267 961 1695 1019 immaculatus
1725 959 1852 1015 sit?
1873 988 1945 998 —

282 1057 363 1110 Eo
391 1053 553 1110 enim
578 1054 712 1128 ipso
736 1052 906 1125 quod
925 1051 1141 1108 dicitur
1181 1051 1390 1120 homo,
1433 1054 1702 1106 terrenus
1747 1046 1941 1119 expri-

281 1143 481 1210 mitur,
509 1145 567 1199 et
593 1141 893 1198 inﬁrmus.
927 1140 1120 1196 Homo
1140 1139 1302 1195 enim
1365 1138 1407 1194 b
1432 1139 1620 1194 humo
1677 1134 1943 1209 appella-

280 1238 376 1290 tus
410 1236 519 1308 est.
549 1234 618 1288 Et
647 1230 960 1304 quomodo
979 1229 1141 1286 valet
1166 1231 1322 1285 esset
1351 1228 1476 1284 sine
1527 1225 1792 1298 macula,
1838 1224 1943 1297 qui

281 1324 493 1394 sponte
522 1335 633 1378 sua
663 1319 739 1376 ad
750 1318 1157 1375 inﬁrmitatem
1182 1316 1442 1373 concidit
1457 1316 1647 1372 factus
1667 1315 1742 1371 de
1767 1318 1940 1370 terra.

282 1411 391 1468 Ubi
418 1414 476 1467 et
504 1409 763 1466 additur.
791 1409 871 1464 Et
891 1411 1099 1480 justus
1124 1412 1443 1477 appareat,
1472 1410 1651 1463 natus
1704 1404 1778 1460 de
1819 1418 1944 1459 mu-

283 1502 428 1558 liere
447 1499 475 1556 ‘I
501 1531 569 1540 —
597 1498 860 1556 Primam
890 1497 1117 1570 quippe
1169 1496 1298 1552 viro
1343 1494 1699 1566 injustitiam
1727 1492 1942 1549 mulier

280 1588 626 1665 pr0pinavit
643 1588 705 1645 in
733 1587 1041 1662 paradiso.
1070 1585 1385 1650 Quomodo
1415 1600 1558 1656 ergo
1590 1586 1781 1651 iustus
1840 1598 1942 1656 ap-
1970 1597 2014 1649 Β

283 1680 534 1754 parebit,
561 1679 667 1752 qui
697 1678 772 1735 de
801 1677 903 1734 illa
929 1680 1108 1733 natus
1137 1679 1251 1743 est,
1295 1691 1431 1748 quae
1479 1673 1778 1745 injustitite
1808 1687 1943 1745 pro-

283 1770 543 1845 pinatrix
573 1767 843 1826 exstitit?
877 1766 1152 1840 Sequitur
1186 1782 1198 1818 :

353 1860 530 1916 Vens.
564 1858 646 1915 15.
669 1859 825 1914 Ecce
857 1857 1017 1913 inter
1044 1861 1281 1912 sanctos
1307 1856 1436 1924 ejus
1465 1868 1634 1909 nemo
1661 1853 1945 1908 immuta-

286 1949 439 2011 bitis,
481 1954 536 2005 et
566 1949 706 2004 caeli
730 1962 849 2003 non
874 1950 1016 2002 sunt
1040 1945 1256 2000 mundi
1283 1946 1346 1999 in
1375 1948 1691 2012 conspectu
1723 1944 1946 2012 ejus.—

287 2042 408 2096 Hoc
435 2037 721 2096 caelorum
770 2034 1015 2092 nomine
1072 2032 1324 2106 repetiit,
1381 2030 1548 2103 quod
1599 2033 1947 2086 sanctorum

285 2127 455 2200 prius
483 2125 880 2200 appellatione
911 2121 1188 2193 signavit.
1218 2123 1368 2176 Nam
1394 2119 1469 2175 de
1499 2117 1730 2182 eisdem
1780 2132 1948 2173 sanc-

284 2216 358 2273 tis
382 2216 670 2288 scriptum
695 2219 788 2270 est
820 2231 885 2270 :¢
907 2211 1048 2268 Coeli
1070 2213 1352 2267 enarrant
1366 2207 1617 2281 gloriam
1640 2206 1943 2278 DeitPsat.

285 2317 450 2375 xvm,
491 2307 606 2377 2).»
639 2303 790 2371 Quia
818 2318 928 2377 per
953 2305 1236 2358 naturam
1262 2315 1476 2357 omnes
1510 2297 1573 2354 in
1612 2296 1946 2370 semetipsis

283 2395 595 2470 propriam
625 2391 1086 2451 mutabilitatem
1114 2390 1360 2447 habent.
1398 2387 1512 2446 Sed
1541 2387 1691 2444 dum
1721 2387 1944 2442 immu-

283 2484 451 2543 tabili
473 2483 705 2541 veritati
737 2497 974 2555 semper
1001 2481 1290 2537 inhaerere
1345 2477 1710 2545 desiderant,
1757 2476 1944 2532 inhae-

283 2572 474 2631 rendo
528 2575 717 2642 agunt
763 2574 828 2627 ut
872 2567 1278 2626 immutabiles
1330 2566 1498 2623 ﬁant.
1547 2568 1815 2637 Cumque
1867 2563 1946 2620 ad

283 2664 444 2721 hanc
470 2678 532 2718 se
560 2665 680 2718 loto
710 2659 928 2717 affectu
953 2661 1175 2728 tenent,
1226 2656 1594 2730 quandoque
1647 2654 1947 2726 accipiunt

283 2759 351 2810 ut
373 2767 556 2826 super
585 2749 937 2824 semetipsos
979 2747 1160 2814 ducti,
1217 2746 1464 2802 vincant
1511 2744 1628 2800 hoc
1675 2748 1841 2816 quod
1886 2743 1948 2799 in

287 2841 626 2914 semetipsis
663 2838 985 2896 mutabiles
1033 2836 1399 2893 exstiterunt.
1435 2834 1585 2891 Caeli
1636 2847 1756 2888 non
1808 2837 1948 2888 sunt

283 2931 505 2988 mundi
521 2931 583 2987 in
611 2933 928 3000 conspectu
959 2929 1108 2997 ejus,
1133 2925 1275 2998 quia
1307 2938 1412 2998 per
1438 2922 1789 2994 semetipsos
1810 2924 1947 2977 ante
1979 2946 2020 3002 ρ

284 3020 626 3078 districtum
655 3017 972 3090 judicium,
1007 3031 1116 3072 nec
1146 3013 1263 3088 ipsi
1304 3029 1436 3070 esse
1465 3011 1678 3068 mundi
1708 3010 1787 3068 ad
1811 3027 1946 3084 per-

285 3113 512 3170 fectum
535 3111 810 3183 possunt,
838 3106 943 3180 qui
972 3104 1282 3162 munditiae
1318 3101 1742 3177 pradicatores
1772 3099 1944 3168 ﬁunt,

283 3202 516 3256 Joanne
542 3200 873 3261 attestante,
902 3195 1009 3269 qui
1061 3194 1180 3251 ait:
1237 3217 1264 3242 ‹‹
1315 3193 1373 3250 Si
1401 3191 1751 3263 dixerimus,
1805 3190 1949 3264 quia

285 3293 603 3362 peccatum
652 3303 777 3343 non
831 3286 1127 3343 habemus
1157 3327 1170 3351 ,
1247 3282 1528 3355 nosipsos
1601 3281 1946 3338 seducimus

285 3381 468 3436 Joan.
503 3395 540 3448 ι,
570 3379 624 3449 8)
654 3398 680 3428 ι
714 3380 771 3433 et
800 3374 1051 3448 reliqua.
1089 3372 1400 3446 Sequitur:

361 3470 531 3525 Vens.
570 3457 922 3534 16.'Quanto
945 3464 1137 3534 magis
1167 3461 1584 3519 abominabilis
1605 3467 1657 3517 et
1716 3460 1948 3516 inutilis

291 3558 473 3614 homo
507 3559 526 3613 !
556 3587 624 3596 —
653 3551 1137 3611 Abominabilem
1170 3551 1392 3607 scilicet
1419 3554 1663 3624 propter
1688 3549 1948 3606 immun-

284 3645 499 3702 ditiam
527 3643 780 3702 maculae
809 3661 824 3712 ;
856 3641 1127 3699 inutilem
1155 3655 1300 3696 vero
1325 3643 1570 3712 propter
1597 3637 1948 3710 injustitiam

283 3733 646 3808 imperfectae
685 3732 836 3789 vita.
870 3731 982 3798 Qui
1011 3734 1212 3787 tamen
1243 3727 1666 3784 abominabilis
1724 3731 1779 3784 et
1821 3726 1950 3782 inu-

285 3823 404 3880 tilis
429 3823 676 3893 intelligi
703 3825 760 3878 et
779 3820 948 3877 aliter
973 3821 1192 3892 potest.
1229 3817 1571 3889 Aliquando
1619 3815 1783 3872 enim
1839 3815 1949 3871 ho-

282 3929 390 3970 mo
420 3926 740 3986 perversus
767 3909 1047 3976 quaedam
1064 3911 1219 3962 recte
1247 3921 1423 3974 agere
1443 3905 1694 3972 videtur,
1720 3903 1826 3960 sed
1845 3919 1953 3976 per

280 4017 357 4058 ea
387 4015 527 4072 qua:
554 3997 763 4068 iniqua
794 3998 952 4061 sunt,
981 3993 1161 4050 etiam
1183 4009 1254 4048 ea
1275 3993 1404 4063 ejus
1431 4008 1566 4063 quae
1591 3995 1755 4047 recta
1812 3995 1952 4047 sunt

282 4087 698 4144 destruuntur.
728 4085 794 4138 Et
817 4081 960 4154 quia
985 4080 1245 4136 multum
1274 4083 1392 4136 Deo
1422 4079 1738 4151 displicent
1769 4077 1950 4149 mala,

281 4189 488 4247 neque
507 4171 609 4228 illa
635 4170 874 4245 placent
902 4185 1038 4242 quin
1062 4168 1342 4224 videntur
1367 4166 1552 4224 bona.
1585 4167 1694 4231 Qui
1720 4181 1862 4237 ergo
1891 4164 1951 4221 in

2051 333 2315 389 condunt
2339 339 2548 403 patres
2579 347 2737 388 suos.
2773 330 2992 398 Quibus
3017 330 3157 385 solis
3187 328 3332 383 data
3377 330 3462 381 est
3517 329 3702 390 terra,

2049 428 2104 476 et
2135 436 2255 476 non
2282 422 2565 477 transivit
2587 435 2709 489 par
2740 434 2832 474 eos
2863 419 3113 473 alienus.
3143 447 3213 457 —
3236 414 3385 471 Solis
3436 411 3558 466 suis
3604 425 3708 482 pa-

2050 509 2241 566 tribus
2273 509 2479 566 datam
2512 508 2874 575 cxistimant,
2899 505 3043 578 quia
3065 503 3222 559 Solos
3275 517 3544 558 errorum
3574 513 3708 554 suo-

2049 614 2184 654 rum
2215 598 2532 669 magistros
2563 596 2784 652 rexisse
2811 593 3098 650 veraciter
3129 591 3448 648 Ecclesiam
3469 591 3702 662 putant.

2053 687 2195 754 Quis
2223 704 2364 743 vero
2389 690 2644 752 alienus,
2670 684 2783 740 nisi
2828 684 3106 756 apostata
3137 679 3386 749 angelus
3417 681 3660 734 vocatur
3678 676 3706 731 ?

2054 777 2219 832 Unde
2250 793 2358 849 per
2387 776 2767 832 Psalmistam
2821 773 2895 828 de
2928 770 3157 827 cunctis
3198 767 3375 823 simul
3425 764 3704 834 malignis

2051 864 2356 937 spiritibus
2382 865 2595 920 dicitur
2628 882 2640 919 :
2677 885 2703 912 ‹‹
2729 860 3044 929 Quomodo
3062 858 3239 915 alieni
3263 856 3710 912 insurrexerunt

2050 954 2112 1009 in
2138 970 2254 1021 me,
2289 957 2344 1009 et
2369 952 2548 1008 fortes
2573 951 2942 1024 quaesierunt
2970 948 3234 1004 animam
3268 959 3470 1001 meam
3515 941 3703 1013 (Psat.

2051 1045 2264 1112 Lm,5).
2299 1067 2326 1092 »
2359 1042 2620 1098 Haeretici
2652 1041 2848 1110 igitur,
2906 1038 3048 1112 quia
3093 1037 3410 1092 doctorum
3459 1045 3706 1086 suorum

2050 1133 2235 1189 corda
2261 1137 2544 1206 apostatae
2574 1130 2786 1201 angelo
2817 1128 3155 1184 existimant
3183 1139 3305 1179 non
3344 1121 3523 1176 fuisse
3569 1117 3708 1173 sub-

2047 1222 2226 1293 jecta,
2260 1205 2545 1277 transisse
2576 1235 2681 1293 per
2711 1234 2814 1274 eos
2845 1217 3107 1272 alienum
3129 1213 3446 1282 denegant.
3473 1207 3577 1262 Cui
3625 1205 3708 1260 vi-

2051 1310 2263 1367 delicet
2289 1311 2483 1366 alieno
2509 1325 2616 1383 per
2639 1319 3133 1378 unumquemque
3165 1300 3415 1358 transire
3446 1301 3553 1362 est,
3602 1294 3709 1350 ini-

2050 1400 2283 1472 quas-in
2297 1399 2475 1456 corde
2494 1400 2623 1470 ejus
2646 1395 3032 1466 cogitationes
3053 1387 3572 1458 immittere.Sequi
3582 1388 3672 1439 tur
3690 1399 3702 1436 :

2125 1545 2297 1601 Vens.
2332 1549 2421 1601 20.
2455 1544 2691 1600 Cunctis
2727 1540 2931 1597 diebus
2962 1538 3082 1594 suis
3104 1535 3321 1606 impius
3346 1529 3709 1601 superbit.—

2055 1633 2256 1691 Solent
2273 1633 2451 1690 etiam
2510 1631 2678 1688 electi
2723 1629 2784 1686 in
2833 1625 3203 1701 quibusdam
3249 1617 3708 1691 cogitationibus

2056 1724 2179 1780 suis
2205 1728 2387 1796 atque
2418 1721 2652 1779 actibus
2679 1716 3008 1793 superbire,
3032 1713 3137 1770 sed
3166 1711 3308 1785 quia
3334 1707 3502 1765 electi
3550 1708 3708 1775 sunt,

2056 1794 2531 1870 cunctis—diebus
2559 1811 2680 1867 suis
2734 1806 3040 1882 superbire
3078 1819 3201 1860 non
3249 1801 3524 1874 possunt,
3568 1794 3712 1868 quia

2053 1904 2407 1978 priusquam
2433 1901 2618 1959 vitam
2668 1898 2901 1968 ﬁniant,
2957 1895 3035 1952 ad
3081 1889 3429 1950 humilitatis
3480 1890 3710 1978 metum

2055 1975 2322 2064 [metam]
2376 1991 2455 2048 ab
2483 1990 2660 2047 elatio
2710 2005 2741 2045 e
2797 1986 2979 2043 corda
3033 1983 3425 2040 commutant.
3486 1975 3710 2048 Impius

2053 2099 2198 2140 vero
2219 2081 2433 2140 diebus
2466 2081 2588 2137 suis
2615 2078 2900 2136 omnibus
2926 2073 3211 2148 superbit,
3253 2069 3396 2142 quia
3424 2067 3507 2123 sic
3528 2067 3710 2120 vitam

2054 2173 2355 2237 terminat,
2417 2173 2484 2225 ut
2530 2168 2608 2224 ab
2660 2165 2913 2222 elatione
2955 2161 3202 2217 minime
3226 2157 3482 2214 recedat.
3544 2151 3709 2230 Unde

2051 2262 2207 2320 bene
2237 2259 2511 2316 subditur
2544 2275 2557 2313 :
2589 2258 2669 2312 Et
2689 2269 2972 2312 numerus
3001 2265 3297 2308 annorum
3328 2247 3590 2302 incertus
3626 2246 3710 2296 est

2056 2350 2402 2422 tyrannidis
2432 2350 2579 2418 ejus.
2625 2378 2695 2387 —
2720 2342 3036 2416 Superbire
3092 2337 3338 2394 minime
3381 2332 3707 2422 debuisset,

2053 2420 2284 2498 etiamsi
2317 2453 2618 2495 annorum
2650 2449 2900 2491 suorum
2931 2434 3158 2487 certum
3190 2439 3510 2498 numerum
3532 2420 3713 2476 habe-

2052 2547 2116 2587 re
2146 2529 2459 2603 potuisset,
2493 2531 2558 2582 ut
2587 2525 2780 2581 sciens
2805 2523 3102 2595 quantum
3120 2517 3362 2581 viveret,
3410 2508 3711 2584 praesciret

2054 2602 2305 2689 quando
2337 2631 2396 2671 se
2430 2615 2508 2671 ab
2561 2613 2814 2670 elatione
2852 2609 3202 2666 removeret.
3261 2605 3331 2659 At
3384 2602 3710 2689 postquam

2055 2686 2177 2762 vita
2199 2720 2436 2777 semper
2463 2703 2688 2759 incerta
2716 2704 2824 2772 est,
2855 2702 3020 2755 tanto
3047 2708 3283 2767 semper
3309 2705 3472 2746 mors
3505 2686 3710 2742 subre-

2056 2809 2206 2868 pens
2235 2773 2429 2849 timeri
2470 2790 2667 2857 debet,
2701 2792 2996 2862 quantum
3044 2797 3360 2854 nunquam
3402 2773 3712 2850 preevideri

2055 2864 2232 2940 valet.
2261 2886 2414 2938 Bene
2453 2884 2654 2939 autem
2708 2875 3054 2950 superbiam
3111 2871 3279 2944 impii
3331 2864 3711 2941 tyrannidem

2055 2977 2246 3029 vocat.
2277 2969 2518 3044 Proprie
2546 2969 2704 3024 enim
2727 2970 3022 3039 tyrannus
3055 2961 3268 3017 dicitur
3297 2957 3402 3030 qui
3430 2956 3491 3010 in
3544 2969 3709 3008 com-

2056 3061 2226 3118 muni
2264 3042 2572 3133 republica
2601 3073 2723 3112 non
2751 3055 2883 3126 jure
2936 3050 3326 3125 principatur.
3379 3043 3491 3100 Sed
3528 3042 3711 3096 scien-

2056 3152 2206 3208 dum
2232 3132 2486 3222 estquia
2516 3145 2714 3203 omnis
2747 3141 3031 3215 superbia
3055 3141 3226 3211 juxta
3287 3132 3537 3190 modum
3577 3145 3712 3202 pro-

2055 3241 2254 3316 prium
2286 3219 2668 3311 tyrannidem
2699 3237 2949 3299 exercet,
2981 3245 3092 3286 nec
3120 3227 3381 3282 intuetur
3423 3219 3712 3278 Dominus

2055 3310 2352 3404 quantum
2407 3327 2664 3400 quisque
2717 3321 2861 3379 mali
2917 3319 3110 3376 valeat
3146 3316 3370 3404 facere,
3394 3310 3500 3367 sed
3521 3323 3712 3404 quan-

2055 3397 2183 3477 tum
2213 3418 2402 3475 vellet.
2428 3397 2512 3472 Ἐι
2560 3397 2700 3470 cum
2749 3412 2914 3468 deest
2961 3410 3227 3483 potestas
3265 3401 3428 3466 foris,
3455 3397 3619 3471 apud
3648 3410 3710 3450 se

2054 3515 2351 3584 tyrannus
2377 3513 2484 3577 est,
2509 3505 2604 3562 cui
2654 3501 2936 3575 iniquitas
2993 3495 3339 3554 dominatur
3385 3491 3562 3546 intus.
3617 3488 3712 3543 Se-

2054 3600 2257 3674 quitur
2289 3618 2302 3654 :

2129 3728 2300 3780 Vens.
2334 3723 2423 3779 21.
2470 3722 2710 3778 Sonitus
2769 3718 3015 3775 terroris
3063 3727 3292 3781 semper
3341 3710 3405 3763 in
3463 3704 3710 3763 auribus

2057 3816 2247 3881 illius,
2275 3818 2329 3869 et
2358 3827 2490 3868 cum
2509 3825 2641 3879 pax
2669 3809 2766 3874 sit,
2794 3808 2925 3863 ille
2948 3803 3197 3860 insidias
3226 3799 3588 3868 suspicatur.
3644 3823 3713 3832 ——

2061 3902 2149 3959 Nil
2177 3905 2380 3958 autem
2411 3897 2666 3970 simplici
2688 3896 2865 3952 corde
2897 3892 3148 3959 felicius,
3186 3887 3328 3960 quia
3375 3900 3498 3956 quo
3546 3884 3714 3970 inno-

2061 3990 2320 4046 centiam
2349 4003 2493 4056 erga
2522 3968 2669 4042 alios
2691 3983 2950 4051 exhibet,
2981 3978 3065 4034 nil
3101 3981 3189 4033 est
3243 3973 3408 4046 quod
3461 3970 3583 4042 pati
3615 3968 3714 4056 ab

2061 4077 2192 4135 aliis
2222 4055 2516 4132 formidet.
2551 4076 2622 4128 At
2666 4073 2874 4126 contra
2925 4080 3096 4122 mens
3145 4076 3334 4135 prava
3378 4071 3616 4128 semper
3651 4055 3715 4110 in

2059 4164 2390 4232 laboribus,
2420 4160 2564 4235 quia
2593 4163 2698 4216 aut
2722 4157 2963 4214 molitur
2992 4153 3156 4210 mala
3183 4167 3316 4224 quae
3349 4147 3579 4211 inferat,
3613 4145 3717 4235 aut

284 4263 464 4322 malis
495 4261 617 4319 suis
644 4264 764 4318 Deo
794 4258 1221 4317 abominabilis
1249 4261 1358 4328 est,
1388 4257 1449 4313 in
1481 4257 1657 4313 bonis
1702 4254 1948 4312 inutilis.
1981 4297 2026 4353 Β
2062 4254 2274 4314 metuit
2312 4269 2387 4309 ne
2417 4231 2545 4308 haec
2577 4249 2694 4306 sibi
2725 4247 2802 4304 ab
2843 4245 2973 4304 aliis
3032 4241 3382 4306 inferantur,
3433 4238 3490 4292 et
3541 4231 3715 4307 quid-

458 4351 464 4353 .
658 4349 677 4353 -
746 4351 753 4353 μ
1169 4349 1179 4353 -
1473 4347 1483 4353 .
1541 4347 1551 4353 .
1646 4347 1677 4353 ..
1737 4351 1744 4353 .
2152 4344 2205 4353 ..
2359 4347 2368 4353 ,
2627 4339 2637 4350 .
3148 4332 3259 4353 L“
3297 4331 3492 4353 “MM
3528 4339 3588 4353 Μ
3620 4338 3712 4353 ML

288 4351 607 4426 Sequitur:
639 4349 754 4418 Qui
807 4349 950 4405 bibit
1005 4349 1179 4421 quasi
1214 4362 1433 4418 aquam
1460 4347 1857 4418 iniquitatem.
1883 4377 1950 4385 —

289 4441 482 4514 Culpa
506 4443 666 4497 enim
695 4455 833 4512 quae
866 4437 945 4494 ab
979 4437 1160 4494 stulto
1206 4436 1474 4506 homine,
1531 4436 1660 4492 sine
1696 4434 1821 4492 ulla
1866 4450 1954 4491 re-

288 4529 640 4588 tractatione
670 4530 1063 4602 perpetratur,
1097 4525 1270 4599 quasi
1292 4539 1454 4598 aqua
1481 4523 1764 4597 iniquitas
1796 4522 1952 4579 bibi-

291 4624 408 4677 tur.
444 4619 719 4691 Sequitur
751 4635 764 4672 :

362 4709 534 4763 Vens.
575 4706 656 4762 l7.
693 4705 1012 4762 Ostendam
1034 4705 1160 4772 tibi,
1193 4703 1342 4760 audi
1361 4717 1472 4770 me,
1487 4702 1647 4774 quod
1666 4701 1793 4758 vidi
1813 4716 1954 4758 nar-

293 4798 444 4855 rabo
475 4796 603 4852 tibi.
636 4827 706 4836 -
731 4793 962 4850 Habent
989 4793 1105 4850 hoc
1152 4808 1365 4849 omnes
1415 4794 1764 4861 arrogantes
1820 4805 1956 4864 pro-

293 4888 513 4965 prium,
545 4889 614 4943 ut
642 4900 781 4941 cum
809 4887 1039 4940 rectum
1065 4882 1214 4956 quid
1241 4882 1334 4938 vel
1364 4897 1586 4956 parum
1638 4879 1949 4948 senserint,

292 4975 354 5033 in
387 4990 568 5031 usum
604 4973 721 5029 hoc
760 4971 1030 5029 elationis
1084 4968 1407 5039 inﬂectant,
1439 4973 1617 5042 atque
1648 4968 1809 5026 unde
1845 4983 1955 5042 per

290 5062 659 5120 intellectum
707 5059 1092 5134 sibimetipsis
1147 5057 1385 5115 altiores
1431 5058 1606 5123 ﬁunt,
1654 5057 1794 5113 inde
1846 5072 1954 5130 per

293 5156 596 5209 tumorem
621 5148 892 5206 elationis
916 5149 979 5205 in
1010 5148 1248 5205 foveam
1277 5145 1516 5204 cadant.
1571 5149 1636 5202 Et
1663 5149 1725 5201 ut
1753 5145 1953 5202 fortio-

289 5256 422 5298 rem
449 5238 564 5296 sibi
608 5238 1021 5296 auctoritatem
1070 5241 1327 5308 arroget,
1379 5234 1562 5292 dicit:
1625 5233 1794 5303 Quod
1830 5234 1956 5290 vidi

289 5328 562 5386 narrabo
594 5327 719 5384 tibi.
752 5359 821 5368 --
852 5326 1002 5392 Quia
1027 5341 1172 5382 vero
1202 5338 1646 5397 nonnunquam
1695 5321 1954 5378 haeretici

288 5417 370 5477 de
392 5417 697 5475 damnatis
727 5417 853 5472 suis
877 5415 1148 5488 partibus
1167 5413 1636 5480 confunduntur,
1669 5415 1726 5467 et
1752 5415 1955 5468 tamen

289 5523 508 5566 eorum
529 5505 870 5576 sententias,
883 5504 1057 5578 quasi
1072 5519 1212 5559 cum
1233 5503 1577 5560 auctoritate
1597 5500 1675 5558 ad
1685 5498 1955 5558 medium

287 5595 628 5672 proferunt,
659 5611 733 5653 ex
757 5608 1019 5669 quorum
1073 5590 1314 5649 stultitia
1355 5591 1488 5662 jure
1522 5583 1950 5665 reprobantur.

294 5687 588 5745 Subditur
615 5704 630 5744 :

2061 4344 2211 4419 quid
2237 4347 2444 4400 contra
2468 4339 2778 4415 proximos
2803 4335 3116 4405 excogitat,
3148 4332 3262 4387 hoc
3292 4331 3499 4385 contra
3528 4339 3588 4380 se
3619 4338 3716 4378 ex-

2062 4433 2309 4505 cogitari
2334 4449 2370 4490 a
2399 4430 2691 4504 proximis
2723 4425 3024 4483 formidat.
3049 4422 3139 4478 Fit
3160 4419 3430 4490 undique
3474 4427 3716 4505 suspecf

2063 4503 2434 4595 ta,—undique
2465 4515 2930 4593 trepida.0mnis
2956 4512 3059 4586 qui
3073 4510 3153 4567 ad
3181 4503 3715 4595 memoriamvemt

2061 4591 2372 4686 exquirere
2399 4591 2697 4666 contraria
2722 4605 3000 4661 creditur.
3022 4600 3128 4655 Cui
3153 4613 3295 4667 ergo
3317 4591 3715 4664 tranquillitas

2063 4679 2391 4759 securitatis
2416 4699 2604 4763 deest,
2636 4693 2776 4750 huic
2798 4690 3007 4766 procul
3033 4687 3219 4744 dubio
3264 4683 3509 4740 terroris
3557 4679 3716 4735 soni-

2065 4797 2159 4846 tus
2191 4803 2428 4861 semper
2458 4787 2521 4841 in
2548 4783 2796 4842 auribus
2822 4787 2930 4848 est,
2971 4782 3028 4834 et
3082 4790 3240 4848 saepe
3297 4769 3601 4861 contingit,
3649 4770 3717 4824 ut

2063 4878 2163 4936 tali
2197 4860 2436 4934 cuilibet
2461 4872 2775 4948 proximus
2823 4885 2969 4925 suus
3014 4862 3357 4938 simpliciter
3410 4860 3712 4932 loquatur,

2061 4967 2145 5026 nil
2170 4967 2488 5025 adversum
2519 4962 2754 5034 cogitet.
2785 4958 2899 5014 Sed
2921 4973 3052 5013 cum
3081 4969 3208 5026 pax
3231 4955 3329 5020 sit,
3346 4953 3450 5008 ille
3467 4949 3715 5006 insidias

2061 5058 2424 5128 suspicatur,
2452 5053 2597 5127 quia
2617 5050 2722 5125 qui
2748 5062 2984 5121 semper
2999 5044 3204 5102 dolose
3226 5041 3348 5113 agit
3373 5038 3716 5112 simpliciter

2061 5127 2204 5217 erga
2233 5161 2294 5202 se
2325 5144 2421 5214 agi
2463 5158 2587 5199 non
2618 5140 2895 5196 aestimat.
2940 5139 3006 5192 Et
3051 5134 3196 5208 quia
3244 5131 3533 5202 scriptum
3579 5127 3710 5179 est:

2061 5258 2088 5285 «
2124 5233 2349 5308 Impius
2379 5247 2519 5288 cum
2545 5231 2605 5286 in
2625 5225 2997 5304 profundum
3035 5221 3261 5280 venerit
3305 5217 3712 5308 peccatorum,

2060 5300 2386 5381 contemnit
2439 5300 2648 5392 (Prov.—
2698 5333 2852 5386 xvui,
2880 5315 3015 5387 3).»
3048 5308 3354 5378 Involutus
3385 5300 3713 5392 iniquitatis

2060 5430 2183 5470 suae
2241 5391 2518 5478 tenebris,
2573 5409 2703 5480 jam
2753 5406 2828 5462 de
2886 5403 3020 5458 luce
3077 5395 3372 5466 desperat.
3434 5391 3600 5448 Unde
3659 5393 3716 5446 et

2062 5501 2327 5576 sequitur
2359 5519 2372 5556 :
3225 5573 3235 5576 _
3347 5523 3350 5526 -

2133 5568 2304 5645 tiens.
2336 5590 2426 5643 22.
2453 5587 2590 5643 Νοη
2619 5581 2807 5640 credit
2837 5576 2996 5650 quod
3016 5573 3235 5630 reverti
3248 5570 3438 5640 possit
3457 5568 3530 5623 de
3559 5571 3716 5622 tene-~

2067 5679 2208 5748 bris,
2231 5677 2732 5745 circumspectans
2753 5667 3014 5737 undique
3023 5660 3289 5734 gladium
3302 5689 3387 5714 .-—
3401 5655 3548 5722 Quia
3565 5653 3712 5708 dum
