4154 6160
452 145 558 204 243

451 268 610 328 feriri
638 287 698 327 se
727 268 994 340 undique
1021 265 1254 324 insidiis
1298 257 1504 337 credit,
1555 266 1746 323 salute
1793 256 2109 338 desperata

452 374 688 432 semper
711 357 784 414 ad
808 356 1135 430 nequitiam
1165 356 1466 413 excrescit.
1502 355 1778 429 Sequitur
1808 371 1820 411 :

454 541 458 546 _
521 483 695 540 Vens.
723 486 814 540 23.
839 483 988 540 Cum
1011 498 1071 542 se
1085 483 1335 539 moverit
1362 483 1443 538 ad
1457 481 1844 554 quaerendum
1865 494 2106 550 panem,

449 573 612 629 novit
642 573 803 644 quod
828 577 1088 641 paratus
1117 573 1193 628 sit
1221 571 1284 626 in
1315 585 1502 626 manu
1545 571 1672 640 ejus
1729 567 2106 626 tenebrarum

448 662 592 718 dies.
624 693 693 701 —
723 660 899 717 Panis
938 659 1158 718 etenim
1189 659 1560 734 stipendium
1589 659 1721 715 vitta
1771 657 2105 732 praesentis,

448 750 836 808 tenebrarum
865 765 1006 806 vero
1035 749 1164 806 dies
1219 753 1459 822 tempus
1501 747 1743 804 ultionis
1799 745 2104 820 accipitur.

450 843 517 897 In
543 840 660 897 hac
691 839 810 895 vita
835 855 1086 912 quae.....
1129 854 1239 894 suo
1265 835 1593 912 aliquando
1649 836 1759 892 istc
1790 852 2105 910 perversus

450 928 605 985 iram
631 927 876 1000 superni
899 927 1118 998 judicis
1148 925 1468 1000 perpendit
1510 929 1887 998 praesentem,
1918 922 2025 980 sed
2075 941 2107 979 e

449 1016 616 1073 malo
642 1032 764 1073 non
795 1015 1099 1086 avertitur,
1139 1020 1202 1072 ut
1229 1014 1410 1071 etiam
1442 1016 1576 1088 ipsa
1603 1031 1848 1088 quoque
1873 1013 1951 1070 ab
1978 1013 2107 1084 ejus

449 1104 692 1162 interitu
727 1104 926 1161 valeat
978 1103 1183 1161 averti.
1229 1108 1564 1160 Accusante
1613 1108 1812 1159 autem
1841 1120 1902 1158 se
1968 1118 2106 1158 con-

451 1193 698 1250 scientia
751 1193 909 1250 feriri
964 1192 1195 1262 metuit,
1250 1193 1356 1248 sed
1386 1197 1589 1248 tamen
1635 1208 1874 1266 semper
1931 1195 2110 1263 auget

449 1282 617 1356 quod
641 1281 904 1340 feriatur.
924 1283 1260 1340 Contemnit
1287 1282 1448 1338 enim
1470 1281 1728 1338 reditum
1758 1299 1956 1350 suum,
1980 1279 2110 1337 des-

448 1376 622 1444 perat
651 1371 908 1439 veniam,
939 1371 1209 1446 superbit
1231 1372 1294 1428 in
1324 1370 1522 1445 culpa.
1553 1370 1828 1444 Sequitur
1862 1389 1874 1426 :

1511 135 1567 200 ς.
1611 140 1869 200 ODONIS
1907 134 2202 202 ABBATIS
2236 135 2740 200 CLUNIACENSIS
2776 139 2822 199 ll

3766 145 3882 203 264

2221 261 2549 322 norabilior
2574 281 2718 340 pars
2750 273 2858 324 est.
2893 271 3016 324 Non
3046 281 3189 338 ergo
3209 267 3508 325 immerito
3530 270 3748 326 mentis
3786 272 3879 327 in-

2221 353 2400 410 tentio
2420 369 2527 428 per
2553 356 2764 412 faciem
2794 357 3160 428 designatur,
3193 373 3379 430 quam
3427 357 3700 430 quolibet
3748 373 3881 416 vei»

2221 441 2420 516 timus,
2452 445 2600 502 illud
2624 446 2916 502 videmus.
2952 447 3184 504 Faciem
3211 461 3358 517 ergo
3371 447 3708 504 crassitudo
3729 465 3876 522 ope-

2217 534 2316 601 ris,
2349 535 2494 607 quia
2509 536 2846 594 desiderata
2878 542 3248 593 terrenarum
3281 551 3481 594 rerum
3501 536 3880 595 abundantia

2217 625 2423 682 oculos
2453 627 2668 682 mentis
2697 627 2931 700 premit,
2964 627 3152 684 ethoc
3185 627 3352 700 quod
3379 627 3442 682 in
3471 627 3557 682 eis
3611 628 3876 686 honora-

2201 701 2334 770 bile
2363 731 2495 772 esse
2525 716 2749 785 debuit,
2783 721 2920 773 ante
2955 717 3054 774 Dei
3083 717 3290 774 oculos
3319 716 3527 789 foedat,
3579 717 3724 790 quia
3777 733 3882 775 cu-

2214 803 2294 859 ris
2323 804 2752 878 multiplicibus
2782 811 3090 878 aggravet.
3125 805 3404 879 Sequitur
3450 807 3530 862 Et
3561 807 3635 863 de
3668 808 3878 864 lateri-

2218 891 2323 946 bus
2351 896 2480 962 ejus
2511 895 2726 950 arvina
2757 896 3066 964 dependet.
3093 928 3160 934 ——
3193 895 3343 961 Quia
3371 895 3581 951 arvina
3625 896 3876 968 pingue-

2215 979 2296 1035 do
2321 987 2410 1038 est
2435 983 2650 1043 carnis.
2684 983 2866 1040 latera
2893 983 3088 1040 dicere
3119 983 3384 1040 solemus
3430 982 3706 1053 divitum,
3758 985 3870 1042 hos

2214 1083 2370 1142 quos
2397 1072 2481 1128 eis
2511 1075 2864 1145 conjunctos
2895 1074 3215 1130 cernimus.
3275 1073 3493 1129 Arvina
3549 1074 3624 1130 de
3679 1074 3876 1132 lateri-

2215 1161 2330 1217 bus
2357 1162 2486 1233 ejus
2517 1163 2756 1236 pendet,
2783 1163 2927 1236 quia
2957 1162 3232 1236 quisquis
3278 1162 3500 1235 potenti
3557 1167 3614 1220 et
3664 1163 3876 1237 iniquo

2217 1249 2500 1320 adhaeret,
2553 1250 2680 1323 ipse
2731 1265 2977 1323 quoque
3027 1249 3103 1305 de
3150 1251 3278 1321 ejus
3304 1250 3569 1323 potentia
3591 1250 3755 1307 velut
3801 1261 3876 1307 ex

2215 1338 2583 1412 pinguedine
2629 1353 2827 1394 rerum
2877 1343 3082 1394 tumet.
3149 1339 3258 1404 Qui
3324 1339 3562 1412 patroni
3611 1339 3877 1412 perversi

2216 1428 2589 1502 iniquitatem
2617 1443 2876 1500 sequens
2910 1428 3094 1484 Deum
3124 1441 3247 1484 non
3279 1428 3460 1496 timet,
3495 1443 3652 1501 quos
3697 1429 3874 1494 valet,

520 1497 818 1598 Y.Elt-S-.‘2-i».
851 1498 1113 1598 Terrebit
1141 1513 1272 1555 eum
1322 1499 1658 1598 tribulatio,
1715 1504 1768 1598 et
1827 1499 2108 1598 an’g_ustia
2144 1522 2274 1598 Bet
2301 1497 2560 1591 (inﬂatos
2607 1497 2765 1574 vafet
2811 1533 3106 1590 pauperes
3161 1517 3389 1589 amis“,
3447 1497 3632 1575 et'de
3687 1518 3878 1587 gloria

447 1587 704 1647 vattabit
733 1603 886 1657 eum,
920 1589 1071 1644 sicut
1093 1603 1287 1658 regem
1314 1588 1421 1659 qui
1445 1595 1840 1658 praparatur
1863 1587 1944 1644 ad
1957 1602 2113 1658 prae-

451 1677 618 1734 tium.
653 1710 720 1719 —
747 1679 811 1733 In
839 1675 1005 1733 omni
1037 1677 1201 1750 quod
1241 1675 1492 1750 iniquus
1555 1675 1697 1747 agit,
1727 1675 2108 1732 tribulatione

448 1763 506 1823 et
546 1763 826 1838 angustia
879 1761 1162 1836 vallatur,’
1221 1765 1364 1839 quia
1402 1779 1512 1821 cor
1549 1765 1678 1837 ejus
1709 1765 2002 1822 anxietate
2054 1769 2111 1822 et

449 1853 835 1930 suspectione
866 1853 1275 1912 confunditur.
1311 1853 1632 1911 Sciendum
1665 1871 1933 1929 quoque.
1964 1855 2108 1928 quia

447 1960 550 2001 rex
581 1945 686 2018 qui
711 1945 1088 2018 praeparatur
1112 1941 1191 2000 ad
1221 1943 1518 2016 praelium,
1553 1939 1636 2000 sic
1661 1943 1736 2001 de
1765 1943 1937 2000 hoste
1985 1961 2111 2000 sus-

445 2035 657 2109 pectus
689 2038 797 2104 est,
847 2037 910 2090 ut
963 2031 1245 2090 eumdem
1299 2046 1481 2106 quem
1541 2031 1723 2104 ducit,
1783 2033 2108 2091 exercitum

447 2126 677 2180 metuat
709 2138 784 2178 ne
837 2121 1248 2191 labefactetur,
1306 2135 1382 2178 ne
1427 2121 1806 2180 destitutione
1827 2121 2106 2196 militum,

441 2210 658 2284 jaculis
690 2215 891 2287 pateat
919 2212 1323 2268 inimicorum.
1351 2209 1600 2285 Iniquus
1629 2227 1772 2284 ergo
1830 2213 2109 2284 angustia

443 2301 704 2360 vallatur
751 2303 901 2359 sicut
953 2302 1055 2376 qui
1109 2303 1486 2376 praeparatur
1515 2301 1593 2356 ad
1623 2301 1917 2374 praelium,
1966 2301 2108 2375 quia

444 2388 720 2449 videlicet
747 2392 901 2448 falsa
919 2389 1194 2463 loquens,
1226 2390 1509 2446 formidat
1554 2405 1630 2446 ne
1683 2407 1826 2446 suos
1877 2391 2110 2448 amittat

451 2477 694 2545 milites,
726 2476 788 2532 id
817 2481 906 2532 est
931 2480 1288 2547 argumenta
1314 2475 1608 2542 falsitatis,
1638 2479 1696 2532 et
1723 2475 1988 2532 veritatis
2014 2475 2106 2545 ja-

449 2564 599 2622 culis
627 2567 847 2638 pateat,
879 2564 930 2620 si
958 2565 1012 2620 ei
1041 2565 1299 2620 fortasse
1331 2563 1583 2621 defuerit
1613 2563 1780 2637 quod
1817 2579 1889 2620 ex
1945 2562 2108 2622 falla-

451 2654 541 2712 cia
568 2657 858 2728 opponat.
892 2653 1168 2726 Sequitur
1200 2671 1214 2710 :

518 2764 683 2818 Vens.
714 2764 804 2816 25.
849 2757 1116 2824 Tetendit
1147 2761 1301 2818 enim
1334 2760 1620 2818 adversus
1645 2761 1832 2818 Deum
1863 2776 2106 2817 manum

447 2865 639 2914 suam,
673 2855 728 2907 et
751 2855 963 2907 contra
1010 2850 1481 2920 Omnipotentem
1538 2849 1853 2906 roboratus
1901 2855 2004 2906 est.
2038 2883 2107 2890 —

519 2939 658 2995 Haec
683 2938 758 2996 de
787 2937 919 3014 ipso
949 2937 1298 3012 iniquorum
1327 2939 1519 3014 capite
1547 2939 1770 2995 scilicet
1793 2939 2108 2996 Antichris-

447 3031 508 3085 to
538 3027 801 3102 apertius
831 3027 1186 3085 sentiuntur.
1222 3028 1334 3094 Qui
1388 3032 1598 3085 contra
1638 3031 1820 3084 Deum
1855 3043 2106 3085 manum

445 3117 704 3189 erigens,
736 3115 1008 3174 roborari
1035 3115 1270 3187 dicitur,
1298 3115 1442 3190 quia
1471 3133 1659 3191 parvo
1691 3121 1956 3192 tempore
1971 3133 2107 3192 per-

446 3207 697 3264 mittitur
720 3205 988 3276 exaltari,
1023 3210 1087 3262 ut
1117 3223 1255 3262 cum
1287 3206 1366 3263 ad
1388 3205 1698 3263 modicum
1738 3205 1975 3278 gloriari
2032 3207 2107 3263 si-

448 3294 630 3362 nitur,
662 3310 734 3350 eo
792 3295 852 3350 in
906 3299 1266 3368 perpetuum
1323 3293 1582 3350 atrocius
1627 3295 1930 3368 puniatur.
1992 3295 2108 3352 Sed

446 3383 592 3457 quia
617 3383 748 3456 ejus
777 3383 1054 3440 membra
1085 3389 1226 3440 sunt
1253 3400 1465 3440 omnes
1505 3383 1716 3458 iniqui,
1776 3385 1891 3442 hoc
1941 3385 2106 3458 quod

446 3471 510 3532 in
538 3471 657 3528 ﬁne
689 3472 901 3528 mundi
942 3469 1038 3528 ille
1091 3475 1235 3529 tunc
1287 3470 1668 3544 singulariter
1719 3477 1960 3530 acturus
2017 3479 2108 3532 est

445 3577 627 3632 unus,
657 3561 972 3617 videamus
1003 3561 1186 3618 modo
1212 3560 1466 3635 qualiter
1485 3579 1522 3620 a
1552 3562 1726 3618 malis
1757 3565 1971 3633 agatur
1989 3563 2106 3620 sin-

447 3649 622 3722 gulis.
656 3651 872 3707 Contra
901 3651 1089 3707 Deum
1123 3651 1350 3724 quippe
1380 3667 1634 3708 manum
1665 3651 1905 3709 tendere
1935 3654 2108 3710 estin

447 3735 792 3813 Operatione
817 3753 1008 3811 prava
1028 3738 1323 3812 despectis
1359 3739 1455 3797 Dei
1478 3739 1720 3812 judiciis
1763 3755 2108 3814 persevera-

446 3840 532 3895 re,
558 3831 614 3886 et
639 3828 782 3902 quia
810 3831 952 3886 tunc
992 3829 1185 3902 magis
1225 3829 1500 3888 irascitur
1527 3843 1666 3888 cum
1695 3833 1980 3904 permittit
1997 3831 2107 3889 im-

447 3913 616 3991 pleri,
644 3917 811 3991 quod
843 3916 1053 3975 saltem
1085 3915 1320 3992 concipi
1351 3919 1412 3976 in
1452 3917 1816 3992 cogitatione
1843 3935 1965 3977 non
2009 3920 2109 3978 de-

444 4001 598 4063 buit.
631 4007 849 4064 Contra
878 4006 1361 4081 Omnipotentem
1411 4008 1656 4083 iniquus
1704 4009 1813 4066 iste
1865 4009 2109 4067 robora-

444 4093 560 4165 tur,
593 4093 736 4169 quia
765 4097 1107 4169 prosperari
1132 4097 1193 4153 in
1225 4097 1389 4154 mala
1417 4113 1529 4155 sua
1560 4098 1795 4156 actione
1825 4096 2108 4172 permitti-

443 4183 560 4251 tur,
591 4187 888 4255 quatenus
919 4187 976 4240 et
1005 4197 1288 4256 perversa
1311 4185 1510 4255 faciat,
1545 4190 1604 4242 et
1631 4192 1835 4244 tamen
1864 4187 2108 4244 feliciter

444 4267 630 4338 vivat,
661 4269 736 4326 de
765 4285 889 4342 quo
919 4272 1118 4328 adhuc
1149 4272 1424 4329 subditur
1457 4291 1470 4328 :

518 4397 684 4452 Vens.
721 4398 810 4450 26.
847 4397 1134 4453 Cucurrit
1175 4397 1462 4455 adversus
1491 4399 1678 4455 Deum
1705 4401 1896 4457 erecto
1927 4401 2100 4460 collo.

443 4511 517 4528 ο·-
547 4483 751 4540 Erecto
783 4481 938 4540 collo
985 4481 1279 4542 adversus
1341 4489 1529 4543 Deum
1583 4503 1818 4545 currere
1870 4494 1978 4559 est,
2033 4507 2105 4548 ca

443 4589 584 4648 qua:
609 4573 870 4631 Creatori
896 4570 1212 4649 displicent
1238 4591 1378 4636 cum
1431 4575 1686 4634 audacia
1739 4583 2102 4652 perpetrare.

445 4663 526 4720 De
552 4678 678 4738 quo
701 4667 856 4720 recte
884 4661 1101 4720 dicitur
1125 4668 1417 4735 cucurrit,
1452 4661 1514 4722 id
1543 4667 1650 4734 est,
1684 4665 1746 4722 in
1776 4667 1939 4724 malo
1969 4683 2105 4742 ope-

444 4765 509 4808 re
537 4751 918 4809 obstaculum
957 4749 1033 4810 de
1063 4752 1420 4812 adversitate
1449 4769 1575 4810 non
1605 4751 1836 4826 habuit‘,
1877 4755 1952 4814 de
1981 4773 2104 4832 quo

445 4837 646 4899 adhuc
675 4840 932 4897 additur.
967 4840 1048 4899 Et
1071 4843 1291 4914 pingui
1318 4836 1544 4900 cervice
1583 4851 1856 4902 armatus
1883 4849 1985 4903 est.
2038 4879 2105 4888 —

443 4923 686 4999 Pinguis
713 4927 907 4986 cervix
937 4931 1024 4986 est
1051 4931 1337 5004 opulenta
1365 4927 1669 5005 superbia,
1721 4931 2104 4992 afﬂuentibus

441 5013 713 5074 videlicet
740 5016 920 5074 rebus
949 5017 1124 5092 quasi
1153 5019 1355 5076 multis
1385 5019 1672 5078 carnibus
1702 5019 1867 5081 fulta.
1892 5025 2104 5080 Potens

441 5103 622 5178 igitur
647 5103 894 5179 iniquus
923 5107 985 5164 in
1036 5105 1246 5182 pingui
1307 5110 1536 5168 cervice
1575 5116 1844 5168 armatur
1898 5115 2101 5169 contra

441 5191 788 5268 Dominum,
819 5197 965 5270 quia
993 5195 1174 5256 rebus
1193 5199 1625 5274 temporalibus
1654 5201 1912 5270 tumens,
1966 5215 2102 5258 con-

442 5280 534 5340 tra
561 5289 864 5358 praecepta
891 5285 1154 5344 veritatis
1181 5288 1358 5361 quasi
1409 5287 1485 5345 de
1537 5285 1954 5360 magnitudine
1979 5303 2102 5346 car-

438 5363 536 5430 nis
564 5371 826 5443 erigitur.
864 5375 1144 5448 Sequitur
1174 5394 1188 5432 :

512 5495 680 5550 Vens.
713 5499 802 5552 27.
839 5499 1087 5568 Operuit
1118 5502 1338 5572 faciem
1371 5504 1500 5572 ejus
1531 5500 1886 5557 crassitudo.
1917 5531 1986 5543 —
2007 5501 2104 5576 Vi-~

439 5595 556 5640 m
575 5583 802 5659 quippe
829 5585 892 5643 in
921 5587 1088 5658 lacte,
1121 5589 1182 5646 in
1211 5605 1338 5661 qua
1365 5588 1646 5663 etprima
1691 5589 1961 5666 corporis
1995 5591 2101 5650 ho-

2215 1606 2532 1681 temporali
2563 1621 2666 1662 cor
2689 1606 2895 1662 elevat.
2923 1607 3199 1680 Sequitur
3228 1623 3241 1662 :

2288 1736 2460 1790 Vens.
2488 1737 2576 1790 28.
2611 1733 2924 1790 Habitavit
2975 1735 3037 1788 in
3090 1733 3432 1790 civitatibus
3485 1733 3782 1798 desolatis,
3814 1735 3875 1789 et

2216 1827 2279 1880 in
2313 1823 2582 1879 domibus
2609 1824 2876 1884 desertis,
2896 1839 3029 1893 quae
3055 1822 3113 1878 in
3151 1825 3398 1897 tumulis
3418 1829 3557 1879 sunt
3587 1821 3872 1879 redactae.

2216 1949 2285 1956 —
2311 1914 2421 1980 Qui
2452 1913 2611 1969 enim
2642 1929 2677 1968 a
2707 1911 3164 1968 conversatione
3193 1911 3632 1969 conviventium
3663 1908 3872 1968 civitas

2216 2003 2570 2079 appellatur,
2605 2001 2869 2058 civitates
2901 2001 3182 2058 desolatas
3216 2006 3352 2057 sunt
3382 2001 3495 2074 ipsi
3539 2001 3873 2073 obsequen-

2215 2095 2363 2153 tium
2399 2092 2566 2149 cunei
2596 2107 3034 2166 perversorum,
3067 2107 3327 2163 quorum
3349 2087 3712 2146 clamoribus
3740 2105 3871 2163 per-

2216 2201 2424 2241 versus
2452 2183 2557 2238 iste
2582 2180 2884 2250 laudatur,
2915 2197 3050 2235 cum
3086 2180 3162 2236 ad
3193 2196 3380 2254 prava
3424 2195 3606 2253 opera
3638 2195 3745 2253 per
3771 2195 3872 2235 ηε-

2217 2273 2465 2347 quitiam
2492 2267 2741 2346 rapitur.
2779 2273 3000 2326 Domus
3033 2287 3172 2326 vero
3204 2269 3450 2326 desertae
3485 2273 3626 2325 sunt
3647 2267 3870 2339 cogita-

2219 2362 2408 2417 tiones
2439 2377 2641 2434 pravae
2665 2376 2819 2432 quas
2852 2359 3095 2431 iniquus
3125 2359 3231 2414 istc
3255 2356 3568 2426 inhabitat,
3601 2359 3743 2432 quia
3765 2373 3872 2430 per

2217 2462 2396 2502 omne
2426 2445 2590 2518 quod
2622 2445 2744 2512 agit
2777 2443 3117 2517 iniquorum
3168 2438 3441 2500 omnium
3499 2441 3872 2513 cogitationi-5

2215 2535 2330 2591 bus
2359 2535 2592 2608 placere
2624 2535 2852 2606 appetit
2911 2533 3020 2599 Qui
3045 2527 3262 2590 deserti
3291 2535 3346 2588 et
3376 2529 3624 2588 desolati
3663 2529 3870 2588 dicun-

2217 2627 2330 2692 tur,
2361 2623 2504 2696 quia
2534 2623 2914 2696 omnipotens
2945 2625 3098 2678 Deus
3151 2626 3208 2678 et
3255 2621 3758 2687 conversationes,
3814 2625 3873 2678 et

2217 2712 2606 2785 cogitationes
2636 2710 2840 2769 talium
2871 2708 3108 2768 deserit.
3153 2711 3399 2768 liuentia
3435 2726 3696 2785 namque
3761 2711 3872 2767 do-

2217 2821 2453 2861 morum
2481 2808 2660 2876 atque
2689 2802 2995 2858 civitatum
3027 2801 3278 2859 aedilicia
3334 2801 3595 2858 tumulos
3622 2798 3867 2858 faciunt.

2137 2893 2178 2949 C
2217 2887 2534 2958 Quomodo
2567 2889 2716 2945 dum
2745 2889 2910 2963 pravi
2943 2891 3167 2964 quique
3214 2889 3478 2947 confusis
3535 2885 3873 2946 actionibus

2217 2975 2602 3052 sibimetipsis
2633 2977 2710 3034 ad
2745 2994 3028 3052 perversa
3059 2994 3242 3052 opera
3261 2978 3618 3050 junguntur,
3673 2981 3873 3034 osten-

2215 3067 2368 3125 dunt
2395 3066 2606 3141 procul
2631 3063 2838 3137 dubio,
2871 3067 3016 3140 quia
3047 3067 3294 3123 aedificia
3325 3070 3452 3124 vitae
3508 3065 3868 3124 ceciderunt.

2219 3157 2496 3230 Sequitur
2521 3175 2534 3212 :

2287 3267 2438 3320 Vsus
2468 3267 2557 3320 29.
2589 3265 2725 3320 Non
2756 3264 3130 3320 habitabitur
3159 3264 3520 3336 [ditubitur],
3553 3281 3658 3322 nec
3671 3282 3869 3335 perse:

2216 3355 2444 3412 verabit
2471 3354 2807 3409 substantia
2835 3356 2983 3424 ejus,
3013 3369 3120 3409 nec
3148 3355 3362 3421 mittet,
3402 3355 3464 3410 in
3495 3363 3658 3416 terra
3703 3355 3871 3424 radis

2216 3460 2336 3502 cem
2376 3459 2566 3500 suam.
2617 3473 2684 3482 —
2739 3443 2911 3509 Quod
2960 3443 3054 3498 hic
3091 3459 3208 3500 non
3243 3443 3616 3501 habitabitur
3642 3423 3874 3500 dictum

2216 3537 2324 3599 est,
2354 3531 2415 3586 in
2445 3530 2810 3604 quibusdam
2843 3531 3150 3587 codicibus
3180 3531 3371 3605 reperi
3419 3549 3538 3589 non
3576 3531 3872 3588 ditabitur

2215 3621 2329 3677 Sed
2361 3637 2572 3676 sensus
2617 3637 2739 3677 non
2778 3621 3098 3694 discrepat,
3145 3623 3428 3695 quamvis
3480 3639 3516 3678 a
3558 3639 3620 3678 se
3667 3638 3869 3679 sermo

2215 3709 2534 3768 discordet.
2565 3709 2662 3766 Ille
2685 3711 2845 3767 enim
2872 3711 3189 3767 virtutibus
3209 3706 3492 3768 dilabitur
3507 3711 3680 3784 cujus
3707 3728 3870 3768 men-

2216 3807 2335 3856 tem
2365 3815 2489 3856 non
2511 3799 2741 3856 habitat
2768 3799 3151 3872 omnipotens
3203 3804 3375 3857 Deus.
3423 3801 3536 3857 Sed
3561 3802 3706 3875 quia
3766 3817 3866 3856 su-

2215 3889 2384 3964 perbi
2415 3889 2693 3962 cogitatio
2713 3890 2983 3946 Auctoris
3005 3889 3094 3945 sui
3117 3891 3373 3961 gratiam
3399 3906 3524 3949 non
3553 3889 3868 3958 inhabitat,

2215 3977 2482 4052 profecto
2512 3977 2826 4036 virtutibus
2843 3994 2969 4035 non
2997 3979 3236 4036 ditatur.
3270 3983 3512 4054 PrOpter
3555 3979 3671 4037 hoc
3725 3995 3868 4050 ergo

2214 4068 2382 4141 quod
2411 4068 2657 4126 interius
2681 4073 2771 4124 est
2795 4084 3021 4124 vacuus
3049 4068 3290 4138 ditatur,
3335 4086 3457 4126 non
3504 4069 3867 4126 inhabitabi-

2217 4162 2310 4213 tur
2342 4175 2356 4213 :
2385 4163 2628 4230 propter
2667 4157 2783 4214 hoc
2825 4173 2967 4214 vero
3006 4157 3170 4230 quod
3220 4159 3550 4216 transitoria
3599 4159 3741 4216 foris
3784 4165 3872 4232 tu-

2139 4244 2182 4298 D
2215 4251 2358 4316 met,
2389 4252 2544 4304 recte
2570 4245 2953 4320 subjungitur
2987 4264 3002 4302 :
3029 4249 3153 4304 Nec
3167 4251 3570 4319 perseverabit
3600 4252 3872 4308 substan-

2215 4337 2302 4394 tia
2327 4339 2476 4406 ejus.
2509 4366 2577 4376 -—
2607 4333 2918 4408 Superbus
2948 4336 3109 4392 enim
3150 4337 3408 4411 quisque
3457 4338 3607 4396 dum
3662 4345 3871 4396 contra

2215 4423 2537 4481 Dominum
2567 4424 2906 4492 roboratur,
2939 4424 3084 4481 dum
3134 4426 3316 4483 currit
3365 4434 3557 4484 erecto
3583 4430 3762 4500 collo,
3813 4435 3870 4486 et

2213 4513 2276 4570 in
2299 4515 2522 4585 pingui
2545 4515 2770 4571 cervice
2799 4520 3007 4571 contra
3049 4521 3366 4572 Auctorem
3390 4517 3654 4586 erigitur,
3713 4523 3869 4578 stare

2213 4603 2390 4676 quasi
2421 4603 2601 4659 arbor
2620 4603 2853 4661 videtur
2886 4624 2898 4661 :
2935 4605 3036 4660 sed
3071 4611 3257 4662 status
3305 4607 3436 4677 ejus
3484 4608 3610 4663 sine
3666 4609 3869 4665 radice

2214 4697 2324 4763 est,
2353 4692 2500 4765 quia
2526 4691 2690 4750 velut
2717 4693 2797 4750 ad
2824 4693 3018 4751 levem
3039 4694 3272 4766 ﬂatum,
3301 4695 3383 4752 sic
3402 4696 3476 4752 ad
3496 4697 3752 4754 modum
3771 4714 3868 4754 oc-

2213 4781 2386 4839 cultas
2416 4783 2722 4838 sententiae
2773 4782 2891 4838 vita
2917 4783 3046 4854 ejus
3103 4785 3344 4841 eruitur.
3406 4785 3506 4844 Sin
3563 4803 3702 4843 vero
3755 4788 3869 4852 hoc

2211 4865 2346 4922 loco
2395 4869 2640 4937 terram,
2691 4871 2924 4923 aeternae
2990 4867 3121 4924 vita:
3176 4869 3625 4928 retributionem
3655 4873 3870 4946 accipi-

2211 4971 2370 5022 mus,
2402 4952 2478 5010 de
2505 4970 2630 5026 qua
2651 4957 2944 5028 Propheta
2973 4955 3053 5012 ait
3085 4973 3097 5011 :
3133 4979 3160 5007 u
3192 4957 3383 5014 Portio
3415 4976 3551 5017 mea
3597 4960 3658 5018 in
3715 4967 3871 5018 terra

2211 5042 2540 5098 viventium
2573 5043 2758 5116 (Psat.
2789 5060 2936 5114 cm,
2967 5045 3046 5116 6).
3079 5069 3106 5094 »
3153 5045 3399 5119 Iniquus
3445 5049 3553 5106 iste
3597 5050 3661 5106 in
3713 5055 3870 5108 terra

2210 5129 2474 5187 radicem
2505 5147 2678 5188 suam
2703 5147 2825 5188 non
2855 5132 3048 5200 mittit,
3078 5133 3222 5208 quia
3249 5151 3566 5210 nunquam
3595 5138 3675 5196 ad
3703 5145 3872 5198 aeter-

2211 5234 2304 5276 na:
2330 5221 2466 5276 vitae
2489 5219 2853 5277 desiderium
2901 5221 3099 5280 cordis
3129 5224 3222 5280 sui
3253 5227 3675 5297 cogitationem
3700 5229 3871 5303 plan-

2211 5313 2316 5366 tat.
2347 5304 2522 5376 Quod
2551 5310 2712 5367 enim
2742 5310 2914 5368 radix
2944 5311 3169 5383 arbori,
3213 5314 3327 5372 ho‘c
3381 5317 3703 5393 unicuique
3756 5321 3867 5378 ho-

2210 5398 2446 5456 minum
2474 5399 2752 5470 cagitatio
2781 5417 2891 5458 sua
2919 5406 3025 5458 est.
3053 5403 3364 5477 Sequitur:

2281 5508 2448 5562 Vens.
2479 5510 2559 5570 30.
2589 5507 2724 5564 Non
2754 5509 2984 5566 recedet
3009 5511 3082 5567 de
3109 5513 3390 5570 tenebris.
3444 5545 3514 5556 —-
3565 5515 3624 5574 Si
3661 5531 3871 5589 super-

2207 5592 2326 5651 bus
2351 5593 2460 5652 iste
2488 5610 2529 5654 a
2544 5595 2726 5670 culpa
2751 5597 2826 5656 ad
2851 5599 3146 5670 justitiam
3183 5601 3376 5659 redire
3429 5602 3736 5673 voluisset,
3779 5605 3868 5662 de
