4146 6156
303 170 411 229 265

1128 160 1432 231 EPITOME
1469 172 1837 231 MORALIUM
1875 169 1935 229 s.
1973 169 2179 227 esse.
2227 170 2294 227 lN
2329 170 2479 229 JOB.
2515 203 2583 212 -—
2631 173 2756 228 ue.
2782 158 2910 229 ‘xn.

3624 175 3737 244 246,

300 289 562 351 tenebris
612 290 948 349 recederet:
998 292 1099 349 sed
1139 292 1284 365 quia
1330 293 1529 351 lucem
1567 294 1807 367 justitiae
1837 308 1963 368 non
1996 292 2043 346 A
2077 292 2245 363 (Hcec
2286 293 2565 349 videntur
2592 295 2709 365 tegi
2737 296 2945 355 debere
2982 312 3227 355 numero
3252 298 3529 369 plurali).
3564 297 3728 355 Unde

299 381 534 455 quaerit,
560 380 637 437 de
668 382 926 439 tenebris
976 397 1101 439 non
1134 384 1374 440 recedit.
1405 385 1715 457 Sequitur:
1744 386 1963 441 Ramos
2073 385 2210 455 apte
2241 381 2517 441 subditur
2542 401 2552 439 :
2600 384 2819 440 Manus
2849 387 2976 455 ejus
3005 387 3240 443 arescit.
3272 388 3421 454 Quia
3450 387 3598 447 dum
3626 404 3727 466 ex-

254 544 265 551 .
300 474 429 541 ejus
471 472 730 541 arefaeit
755 473 1019 541 ﬂamma.
1050 504 1118 512 —
1150 473 1301 538 Quia
1348 474 1463 547 ipsi
1502 490 1745 547 quoque
1774 473 1878 546 qui
1909 472 1964 533 ei
2072 469 2384 526 terioribus
2415 470 2647 528 actibus
2693 472 3102 547 intempestive
3131 475 3471 545 involvitur,
3500 476 3579 533 ab
3604 493 3730 533 om-

300 560 610 631 conjuncti
635 564 793 631 sunt,
817 560 1058 616 terrenis
1082 562 1395 619 desideriis
1423 568 1695 631 aestuant,
1728 568 1783 619 et
1812 562 1959 618 dum

298 648 734 705 desideriorum
746 648 996 706 ﬂamma
1015 649 1317 707 clientium
1340 652 1469 723 ejus
1491 652 1726 708 animos
1747 667 1961 708 accen-

297 737 407 806 dit,
453 737 671 794 scilicet
712 754 913 794 ramos
960 740 1092 810 ejus
1143 740 1406 810 arefacit,
1435 747 1500 797 ut
1528 741 1787 798 fructum
1814 741 1959 797 boni

296 826 496 898 operis
536 842 657 882 non
700 826 910 884 ferant.
943 830 1253 901 Sequitur:
1298 833 1369 887 Et
1401 832 1715 901 auferetur
1741 832 1958 901 spiritu

294 917 416 971 oris
446 917 558 971 sui.
591 947 661 956 —
694 916 1000 989 Superbus
1028 919 1248 975 etenim
1276 920 1555 997 quisque,
1583 936 1706 994 quo
1754 920 1814 975 in
1843 919 1959 976 hac

290 1004 415 1060 vita
445 1004 580 1077 plus
603 1005 783 1073 valet,
816 1022 888 1062 eo
935 1007 1048 1063 sibi
1088 1007 1308 1079 linguae
1355 1009 1522 1065 frena
1552 1009 1842 1065 audacius
1870 1025 1958 1064 re-

290 1092 477 1161 laxat,
512 1098 576 1149 ut
604 1093 890 1167 loquatur
916 1112 1199 1168 perversa
1228 1097 1530 1169 quaelibet,
1564 1104 1615 1154 et
1647 1099 1959 1167 auferetur

290 1183 513 1252 spiritu
542 1185 663 1238 oris
695 1183 847 1254 ejus,
875 1185 1019 1256 quia
1057 1201 1129 1242 eo
1151 1186 1555 1258 percussionis
1602 1187 1952 1243 sententiam

291 1271 531 1345 accipit,
560 1288 685 1345 quo
712 1273 839 1330 oris
881 1275 973 1330 sui
1006 1275 1279 1348 spiritum
1310 1276 1425 1332 sub
1461 1275 1667 1333 divina
1695 1276 1957 1333 formidi-

288 1376 369 1418 ne
398 1376 524 1417 non
552 1361 870 1423 restrinxit.
900 1364 1210 1437 Sequitur:

362 1453 529 1507 Vsus.
564 1453 657 1507 3t.
707 1452 843 1508 Non
891 1454 1077 1509 credit
1123 1455 1364 1525 frustra
1406 1469 1612 1511 errore
1654 1455 1954 1524 deceptus,

287 1539 452 1610 quod
478 1540 684 1611 aliquo
708 1542 902 1609 pretio
927 1542 1307 1599 redimendus
1332 1545 1426 1599 sit.
1452 1574 1521 1583 —-
1548 1543 1788 1609 Quoties
1818 1550 1956 1616 post

288 1627 537 1700 culpam
587 1626 1009 1701 eleemosynas
1060 1630 1313 1687 facimus
1362 1632 1539 1704 quasi
1592 1647 1702 1703 pro
1750 1631 1953 1705 pravis

288 1715 525 1779 actibus
566 1717 825 1789 pretium
853 1717 1096 1774 damus.
1132 1719 1296 1776 Unde
1349 1723 1407 1775 et
1461 1734 1569 1793 per
1600 1720 1953 1793 Prophetam

286 1804 364 1862 de
395 1820 469 1861 eo
496 1805 603 1878 qui
630 1806 757 1861 haec
796 1821 919 1862 non
951 1806 1093 1877 agit,
1124 1808 1339 1864 dicitur
1368 1826 1379 1863 :
1412 1828 1442 1862 «ι
1469 1812 1593 1865 Non
1623 1808 1791 1866 dabit
1820 1824 1953 1881 pro-

286 1895 661 1968 pitiationem
695 1911 889 1964 suam,
921 1912 1031 1953 nec
1069 1898 1328 1969 pretium
1356 1898 1787 1971 redemptionis
1831 1898 1955 1955 ani-

286 2000 402 2040 mae
425 1999 549 2039 suae
582 1985 768 2055 (Psal.
804 2002 1026 2056 LXXXIV,
1057 1986 1202 2058 89).»
1237 1990 1684 2059 Nonnunquam
1703 2003 1847 2043 vero
1868 1987 1953 2045 di-

288 2074 441 2129 vites
465 2072 599 2129 elati
636 2073 944 2131 inferiores
978 2075 1348 2148 opprimunt,
1380 2076 1575 2135 aliena
1601 2076 1861 2149 rapiunt,
1894 2082 1953 2134 et

290 2164 493 2218 tamen
542 2163 717 2236 quasi
768 2163 1055 2237 quaedam
1105 2162 1237 2220 aliis
1273 2163 1625 2235 largiuntur.
1676 2164 1789 2222 Sed
1826 2181 1951 2223 non

283 2250 506 2308 frustra
549 2251 755 2323 credit,
785 2253 951 2326 quod
995 2255 1190 2324 pretio
1237 2254 1615 2311 redimendus
1656 2256 1753 2326 sit,
1806 2255 1951 2328 quia

284 2340 671 2415 eleemosyna
702 2340 945 2416 superbi
975 2343 1171 2424 divitis
1205 2360 1347 2401 eum
1375 2344 1667 2401 redimere
1697 2360 1821 2401 non
1850 2361 1949 2403 va-

280 2429 383 2495 let,
415 2446 601 2503 quam
652 2436 990 2505 perpetrata
1016 2433 1197 2489 simul
1226 2433 1440 2506 rapina
1485 2433 1769 2507 pauperis
1808 2438 1947 2490 ante

285 2520 389 2577 Dei
413 2520 621 2577 oculos
651 2522 975 2578 ascendere
1009 2539 1129 2579 non
1161 2524 1460 2597 permittit.
1495 2523 1668 2590 Quod
1696 2523 1947 2583 fortasse

282 2608 535 2680 intelligi
562 2614 619 2666 et
643 2609 812 2667 aliter
830 2615 1043 2684 potest.
1079 2612 1226 2678 Quia
1253 2628 1408 2685 saepe
1440 2611 1685 2684 superbi
1714 2612 1947 2684 divites,

281 2714 425 2754 cum
454 2697 901 2772 eleemosynam
924 2699 1212 2771 tribuunt,
1234 2716 1358 2757 non
1387 2702 1544 2757 hanc
1570 2716 1681 2773 pro
1710 2706 1945 2758 aeternae

278 2786 420 2842 vitae
449 2787 767 2855 desiderio,
797 2788 903 2844 sed
933 2805 1042 2862 pro
1074 2790 1451 2847 extendenda
1479 2791 1602 2848 vita
1633 2790 1947 2863 temporali

277 2875 638 2946 largiuntur.
658 2880 900 2935 Mortem
921 2894 983 2934 se
1004 2895 1182 2951 pesse
1205 2878 1442 2941 differre
1463 2879 1809 2937 dationibus
1827 2895 1947 2935 cre-

2071 559 2133 617 ni
2158 559 2443 617 nimirum
2467 561 2630 618 bona
2658 561 3005 635 operatione
3035 563 3305 622 siccatur.
3339 565 3503 622 Unde
3527 566 3725 624 adhuc

2069 648 2224 704 bene
2253 649 2468 706 dicitur
2492 668 2504 705 :
2532 662 2551 665 “

2144 737 2317 795 Vens.
2350 743 2441 796 33.
2486 741 2775 797 Laedetur
2818 744 2994 813 quasi
3042 742 3213 798 vinea
3256 744 3319 799 in
3352 745 3551 814 primo
3578 747 3727 814 ﬂore

2071 826 2274 882 botrus
2297 830 2444 897 ejus.
2464 861 2533 868 —
2561 829 2618 886 Si
2641 828 2954 886 ﬂorentem
2971 830 3205 886 vineam
3224 847 3333 904 per
3356 832 3725 905 inaequalita-

2071 919 2191 972 tem
2234 912 2890 977 acris‘immoderatum
2931 918 3117 990 frigus
3149 920 3421 991 attigerit,
3452 922 3723 994 protinus

2068 1005 2148 1060 ab
2177 1005 2343 1061 omni
2391 1006 2644 1063 humore
2693 1007 2956 1064 viridatis
2999 1008 3261 1065 arefacit.
3296 1012 3362 1064 Et
3404 1014 3543 1065 sunt
3579 1025 3726 1066 non-

2066 1092 2215 1149 nulli
2239 1093 2342 1166 qui
2373 1099 2507 1166 post
2535 1111 2820 1167 perversa
2848 1096 3061 1152 itinera
3093 1101 3332 1153 sanctas
3354 1098 3482 1152 vias
3513 1098 3723 1154 sectari

2066 1187 2376 1255 appetunt,
2410 1183 2517 1239 sed
2546 1185 2902 1258 priusquam
2924 1185 2985 1241 in
3015 1186 3119 1255 eis,
3152 1191 3217 1241 ut
3244 1186 3526 1255 diximus,
3559 1187 3723 1243 bona

2065 1271 2358 1328 desideria
2382 1272 2759 1341 roborentur,
2791 1274 3077 1347 quaedam
3106 1275 3238 1331 illos
3270 1276 3578 1348 praesentis
3608 1293 3719 1332 sae-

2065 1360 2183 1417 culi
2207 1362 2573 1436 prosperitas
2601 1363 2834 1437 accipit,
2868 1380 3005 1437 quae
3051 1380 3153 1420 eos
3196 1365 3377 1421 rebus
3420 1365 3720 1423 exteriori-

2062 1450 2177 1505 bus
2204 1450 2490 1522 implicat,
2524 1457 2582 1508 et
2610 1468 2823 1511 eorum
2869 1459 3129 1510 mentem
3159 1453 3309 1512 dum
3348 1471 3385 1512 a
3413 1454 3609 1512 calore
3636 1456 3720 1525 in:

2065 1538 2192 1595 timi
2237 1540 2460 1597 amoris
2504 1541 2765 1607 retrahit,
2798 1542 2975 1616 quasi
3018 1558 3090 1598 ex
3128 1542 3347 1614 frigore
3377 1545 3718 1615 exstinguit,

1992 1648 2033 1702 Β
2062 1633 2119 1684 et
2146 1628 2445 1703 quidquid
2472 1629 2533 1685 in
2563 1630 2647 1687 eis
2672 1630 2747 1687 de
2766 1631 3051 1688 virtutum
3079 1631 3225 1688 ﬂore
3245 1648 3537 1706 apparere
3558 1633 3719 1690 vide-

2062 1715 2259 1787 batur,
2293 1717 2582 1776 interﬁcit.
2630 1722 3077 1794 Nonnunquam
3123 1736 3265 1777 vero
3308 1722 3549 1779 vineam
3596 1739 3719 1780 non

2060 1803 2269 1878 frigus,
2309 1807 2417 1864 sed
2470 1811 2650 1864 aestus
2697 1807 2957 1867 arefacit.
3006 1810 3276 1882 Cumque
3320 1809 3719 1872 immoderato

2063 1895 2259 1953 calore
2307 1896 2591 1969 tangitur,
2621 1896 2895 1955 discusso
2928 1898 3075 1954 ﬂore
3117 1897 3329 1955 botrus
3359 1899 3632 1970 tabescit,
3664 1906 3721 1959 et

2061 1983 2416 2058 plerumque
2446 1986 2717 2059 contigit,
2739 1991 2805 2045 ut
2828 1986 2889 2043 hi
2916 1986 3020 2059 qui
3050 1986 3130 2045 ad
3156 1987 3322 2046 bona
3350 2004 3535 2062 opera
3558 1995 3719 2048 recta

2060 2071 2387 2129 intentione
2417 2088 2539 2130 non
2569 2074 2835 2141 veniunt.
2860 2091 2999 2133 cum
3019 2075 3256 2149 placere
3284 2091 3347 2131 se
3372 2074 3719 2137 hominibus

2059 2158 2287 2231 vident,
2312 2160 2394 2217 ad
2422 2162 2757 2221 exercenda
2787 2163 2916 2220 ὶιωο
2940 2163 3154 2221 eadem
3192 2179 3377 2237 opera
3407 2163 3719 2221 vehemen-

2059 2248 2174 2305 tius
2202 2249 2630 2321 accendantur,
2659 2252 2944 2309 humanis
2972 2251 3265 2326 placitura
3310 2252 3499 2311 oculis
3541 2268 3717 2322 agere

2059 2338 2234 2396 anxie
2283 2339 2584 2409 studeant,
2614 2345 2670 2396 et
2711 2341 2889 2414 quasi
2936 2345 3143 2398 sancto
3192 2339 3487 2399 desiderio
3530 2342 3716 2399 ferve-

2057 2428 2415 2495 scant.Quid
2443 2428 2644 2503 itaque
2666 2429 2809 2486 istos
2838 2430 2950 2487 nisi
2969 2432 3033 2486 in
3062 2429 3208 2487 ﬂore
3237 2434 3418 2491 aestus
3442 2430 3718 2502 attingit?

2060 2517 2371 2590 Sequitur:
2402 2518 2481 2574 Et
2507 2520 2684 2590 quasi
2719 2520 2879 2576 oliva
2914 2520 3244 2591 projiciens
3282 2521 3491 2590 [torem
3521 2536 3715 2579 suum.

2056 2638 2124 2647 -——
2151 2605 2318 2665 Oliva
2346 2606 2571 2683 quippe
2614 2623 2751 2667 cum
2798 2607 2862 2667 in
2901 2608 3050 2667 ﬂore
3100 2612 3207 2675 est,
3240 2608 3290 2668 si
3318 2604 3719 2669 immoderata

2056 2694 2279 2753 nebula
2307 2696 2589 2767 tangitur,
2610 2712 2647 2752 a
2674 2695 3045 2772 plenitudine
3066 2697 3373 2757 fructuum
3401 2703 3713 2759 vacuatur.

2061 2787 2125 2841 Et
2150 2784 2384 2857 quoties
2413 2786 2639 2859 quippe
2666 2785 3018 2844 inchoantes
3045 2786 3211 2844 bona
3240 2802 3427 2860 opera
3452 2787 3534 2847 ab.
3562 2787 3719 2862 aspi-

2059 2873 2351 2930 cientibus
2379 2873 2614 2933 laudari
2644 2875 2944 2951 crepet-int,
2978 2880 3159 2950 atque
3190 2877 3251 2933 in
3277 2877 3405 2933 suis
3430 2877 3716 2937 laudibus

279 2964 455 3021 dunt.
516 2965 630 3023 Sed
686 2981 808 3022 non
860 2967 1068 3024 credat
1112 2968 1353 3037 fmtra
1395 2982 1600 3025 errore
1642 2968 1940 3037 deceptus,
1985 2997 2027 3051 ο
2060 2963 2363 3051 delectari,
2412 2965 2480 3019 tit
2530 2963 2723 3033 caligo
2773 2963 3172 3036 intelligentiae
3226 2966 3289 3025 in
3337 2966 3712 3037 cogitatione,

279 3054 446 3126 quod
492 3054 693 3127 aliquo
728 3057 927 3126 pretio
954 3056 1031 3112 sit
1060 3056 1463 3126 redimendus,
1493 3056 1636 3129 quia
1673 3056 1943 3114 obtinere

280 3158 359 3199 ex
387 3144 663 3219 impenso
704 3160 952 3203 munere
979 3161 1105 3202 non
1147 3145 1318 3214 valet,
1354 3151 1417 3202 ut
1459 3146 1642 3203 ﬁnem
1671 3145 1944 3203 debitum

278 3232 522 3301 evadat,
553 3235 727 3306 cujus
754 3235 935 3292 etiam
960 3235 1227 3308 nequitia
1265 3235 1559 3292 intercidit
1586 3236 1790 3294 vitam.
1824 3236 1946 3292 Un-

281 3322 362 3379 de
387 3322 694 3381 subditur:

359 3412 531 3470 Vens.
564 3418 651 3471 32.
682 3415 1021 3487 Antequam
1056 3415 1180 3473 dies
1212 3417 1340 3485 ejus
1364 3416 1753 3486 impleantur,
1779 3416 1943 3485 peri-

285 3503 392 3571 bit,
436 3509 490 3559 et
522 3514 735 3561 manus
774 3506 903 3574 ejus
944 3507 1181 3562 arescit.
1214 3537 1282 3546 ——
1314 3504 1537 3561 Praeﬁxi
1569 3505 1696 3561 dies
1727 3504 1945 3575 singuli

285 3592 388 3649 Dei
417 3594 788 3665 praescientia
814 3611 925 3652 nec
953 3596 1160 3667 augeri
1186 3599 1441 3668 possunt
1468 3611 1579 3652 nec
1607 3595 1820 3665 minui,
1850 3594 1942 3652 ni-

282 3680 332 3737 si
359 3682 665 3753 contingat
692 3687 756 3740 ut
779 3683 861 3740 ita
881 3685 1292 3757 praesciantur,
1311 3689 1374 3740 ut
1398 3688 1504 3740 aut
1527 3701 1668 3741 cum
1696 3684 1940 3757 optimis

278 3771 567 3843 operibus
592 3771 894 3843 longiores
938 3772 1073 3841 sint,
1105 3777 1211 3829 aut
1237 3789 1377 3830 cum
1407 3773 1684 3845 pessimis
1714 3772 1946 3830 brevio-

279 3875 401 3916 res.
429 3860 591 3918 Sicut
620 3862 901 3918 Ezechias
926 3867 1321 3933 augmentum
1343 3862 1559 3919 meruit
1572 3863 1809 3919 dierum
1829 3863 1943 3919 im-

252 3949 569 4022 pensione
633 3949 1064 4021 lacrymarum.
1145 3954 1208 4007 Et
1275 3951 1425 4006 sicut
1500 3950 1577 4006 de
1650 3951 1942 4023 perversis

255 4037 572 4108 scriptum
605 4042 732 4092 est:
785 4059 813 4086 α
848 4037 1315 4111 lndisciplinatis
1366 4037 1572 4095 obviat
1599 4055 1765 4094 mors
1796 4040 1937 4109 (Isa.

257 4141 521 4191 xxxvm,
552 4130 605 4183 5.
633 4146 661 4175 »
708 4126 821 4183 Sed
852 4140 1011 4198 saepe
1040 4126 1284 4197 iniquus
1307 4126 1588 4198 quamvis
1615 4127 1678 4183 in
1706 4127 1941 4185 occulta

261 4215 382 4275 Dei
407 4215 783 4289 praescientia
825 4214 1009 4287 longa
1039 4216 1170 4272 vitae
1200 4217 1331 4287 ejus
1361 4220 1633 4290 tempore
1669 4231 1793 4273 non
1824 4216 1942 4274 sint

2061 3058 2125 3110 ut
2147 3054 2277 3125 jam
2318 3050 2653 3110 discernere
2683 3069 2982 3128 nequeam
3028 3071 3154 3128 qua
3197 3055 3523 3115 intentione
3568 3057 3718 3129 quid

2059 3142 2299 3210 faciant,
2328 3146 2387 3198 et
2413 3142 2675 3200 fructum
2704 3143 2965 3215 perdunt
2988 3132 3207 3216 operis,
3234 3144 3395 3203 velut
3422 3160 3494 3202 ex
3523 3145 3714 3205 nebu-

2058 3233 2118 3290 la
2144 3232 2388 3290 favoris.
2416 3232 2724 3306 Sequitur:

2128 3324 2306 3380 Vsus.
2334 3326 2422 3380 34.
2459 3323 2857 3396 Congregatio
2885 3324 3042 3380 enim
3069 3324 3525 3395 hypocritarum
3547 3325 3714 3383 steri-

2057 3414 2149 3473 lis.
2182 3445 2251 3454 —
2281 3416 2488 3487 Coepta
2538 3412 2700 3469 enim
2739 3412 2905 3469 bona
2949 3428 3073 3470 non
3101 3412 3416 3484 amitteret,
3447 3414 3496 3471 si
3524 3413 3715 3487 hypo-

2054 3502 2201 3559 crita
2220 3516 2343 3558 non
2375 3500 2598 3558 fuisset.
2619 3504 2996 3573 Congregant
3015 3501 3175 3559 enim
3200 3502 3529 3574 hypocriten
3548 3502 3713 3561 bona

2055 3607 2263 3665 opera,
2312 3590 2420 3647 sed
2467 3606 2679 3647 eorum
2729 3590 2941 3649 sterilis
2983 3596 3071 3649 est
3122 3591 3257 3664 ipsa
3303 3591 3709 3663 congregatio,

2053 3681 2199 3754 quia
2247 3696 2355 3755 per
2399 3680 2515 3737 hoc
2564 3679 2732 3755 quod
2784 3684 2990 3750 agunt,
3031 3680 3292 3738 fructum
3339 3681 3601 3754 recipere
3647 3681 3710 3741 in

2051 3776 2274 3827 aeterna
2301 3770 2687 3827 retributione
2716 3786 2840 3827 non
2863 3774 3174 3844 appetunt,
3205 3770 3447 3828 fecundi
3470 3786 3542 3829 ac
3570 3770 3709 3839 viri-

2050 3859 2158 3915 des
2181 3859 2244 3916 in
2270 3858 2396 3916 suis
2419 3857 2706 3931 operibus
2731 3858 3015 3917 humanis
3052 3858 3243 3916 oculis
3270 3859 3568 3928 videntur,
3602 3859 3707 3919 sed

2050 3948 2112 4004 in
2138 3952 2464 4020 conspectu
2510 3946 2725 4002 occulti
2750 3946 2971 4017 judicis
3007 3946 3313 4003 infecundi
3341 3952 3399 4005 et
3426 3948 3577 4005 aridi
3605 3964 3709 4021 ap-

2049 4039 2281 4107 parent.
2317 4034 2629 4107 Sequitur:
2660 4034 2737 4093 Et
2768 4035 2926 4106 ignis
2975 4034 3283 4091 devorabit
3315 4036 3709 4095 tabernacula

2051 4137 2255 4180 eorum
2307 4123 2414 4193 qui
2457 4137 2711 4178 munera
2757 4123 3012 4181 libenter
3055 4123 3381 4192 accipiunt.
3427 4154 3496 4163 —
3551 4124 3711 4191 Sicut

2052 4210 2214 4268 enim
2245 4226 2463 4285 corpus
2491 4209 2554 4267 in
2582 4209 2988 4281 tabernaculo,
3008 4210 3091 4267 sic
3121 4215 3178 4268 et
3197 4227 3369 4269 mens
3396 4210 3627 4270 habitat
3645 4212 3707 4268 in

258 4303 721 4380 praedestinata,
736 4304 865 4378 ipse
886 4309 1088 4403 tamen
1108 4304 1253 4378 quia
1274 4304 1590 4403 carnaliter
1612 4305 1807 4403 vivere
1817 4322 1937 4403 _ap-
1976 4348 2022 4403 Β
2053 4301 2434 4403 (δοβίῐθλίοιιθἶ
2446 4299 2579 4403 Sed
2628 4300 2791 4403 ignis
2803 4390 2814 4401 ο
2831 4300 3225 4403 ιειιὶκιβιτιρθιιΙιπι⁸
3263 4301 3706 4403 devastati-cum

260 4393 444 4468 petit,
473 4393 688 4465 longos
729 4394 859 4451 dies
916 4394 1122 4452 animo
1167 4393 1468 4467 proponit,
1499 4397 1558 4450 et
1583 4395 1728 4468 quia
1758 4394 1838 4453 ad
1868 4395 1936 4452 il-

262 4480 384 4540 lud
427 4485 663 4554 tempus
710 4483 1019 4556 pervenire
1067 4499 1191 4540 non
1225 4483 1379 4540 valet
1413 4481 1582 4557 quod
1608 4489 1933 4557 exspectat,

264 4570 453 4645 quasi
480 4574 807 4644 antequam
845 4572 972 4628 dies
1011 4571 1168 4628 illius
1208 4572 1591 4646 impleantur,
1617 4573 1789 4646 perit.
1819 4572 1937 4630 Ali-

268 4666 385 4716 ter.
416 4661 562 4717 Sunt
586 4677 851 4735 namque
895 4661 1191 4730 nonnulli,
1223 4661 1328 4734 qui
1352 4665 1494 4734 post
1520 4660 1707 4719 vitam
1735 4662 1934 4734 perdi-

270 4756 404 4806 tam
433 4749 514 4805 ad
560 4750 915 4823 semetipsos
963 4751 1234 4819 redeunt,
1267 4756 1325 4807 et
1351 4755 1677 4808 accusante
1706 4767 1769 4807 se
1799 4768 1938 4809 con-

272 4838 547 4910 scientia,
580 4854 861 4912 perversa
906 4839 1118 4903 itinera
1162 4839 1526 4913 relinquunt,
1560 4844 1937 4899 commutant

271 4943 484 5000 opera,
513 4928 772 5001 antiquae
803 4944 927 4985 suae
980 4929 1256 5002 pravitati
1283 4930 1720 5001 contradicunt,
1752 4935 1933 4989 terre-

273 5032 390 5072 nas
420 5017 682 5073 actiones
706 5017 963 5088 fugiunt,
993 5017 1292 5076 desideria
1323 5034 1587 5091 superna
1611 5024 1931 5078 sectantur.

279 5105 394 5162 Sed
425 5106 779 5180 priusquam
831 5108 893 5163 in
940 5108 1168 5165 eisdem
1217 5108 1435 5164 sanctis
1464 5107 1773 5165 desideriis
1800 5110 1937 5167 soli-

273 5194 511 5262 dentur,
528 5212 636 5269 per
660 5202 963 5269 torporem
985 5197 1203 5255 mentis
1233 5198 1313 5256 ad
1342 5213 1415 5254 ea
1443 5214 1581 5271 quae
1600 5198 1933 5270 diiudicare

277 5289 583 5357 coeperant
610 5284 883 5355 redeunt,
914 5290 1094 5359 atque
1137 5285 1216 5343 ad
1262 5286 1426 5343 mala
1449 5302 1587 5360 quae
1616 5286 1821 5357 fugere
1849 5287 1936 5346 di-

277 5376 635 5446 sposuerant
659 5379 1004 5431 recurrunt:
1030 5374 1176 5447 quia
1194 5375 1316 5431 etsi
1346 5374 1492 5448 quid
1516 5374 1658 5431 boni
1683 5373 1933 5434 fortasse

279 5474 453 5530 agere
484 5462 746 5535 cmperit,
778 5462 1137 5535 priusquam
1166 5462 1228 5518 in
1257 5478 1329 5518 eo
1358 5478 1465 5536 per
1492 5462 1932 5533 longitudinem

276 5550 562 5624 temporis
610 5549 1009 5615 convalescat.
1055 5550 1135 5607 ad
1184 5552 1476 5609 exteriora
1527 5552 1826 5611 delabitur
1876 5557 1935 5612 et

276 5651 552 5710 perverse
602 5640 822 5698 deserit
865 5656 1003 5713 quas
1056 5643 1213 5698 recte
1258 5640 1576 5700 inchoasee
1614 5642 1933 5703 videbatur

2050 4394 2231 4448 aestus
2272 4390 2536 4449 avaritiae
2578 4390 2969 4462 cogitationes
3018 4390 3355 4449 devastant.
3390 4394 3456 4453 Et
3491 4391 3559 4451 ﬁt
3584 4391 3706 4465 ple-

2046 4496 2308 4555 rumque
2350 4484 2417 4539 ut
2458 4479 2776 4555 hypocrita
2826 4496 3064 4551 aurum,
3112 4481 3204 4539 vel
3240 4497 3501 4555 quaeque
3539 4481 3706 4543 bona

2049 4569 2386 4645 corporalia
2431 4572 2510 4628 ab
2557 4570 2906 4629 hominibus
2962 4575 3349 4640 contemnat;
3407 4571 3514 4631 sed
3557 4572 3706 4643 quia

2042 4659 2173 4717 haec
2203 4675 2328 4718 non
2356 4658 2593 4733 accipit,
2622 4660 2886 4731 majores
2931 4658 3011 4716 ab
3054 4659 3138 4715 eis
3185 4659 3395 4717 laudes
3442 4659 3704 4733 recipere

2043 4752 2293 4821 quaerat.
2324 4747 2424 4805 Sin
2454 4761 2592 4803 vero
2622 4761 2834 4805 eorum
2870 4745 3264 4805 tabernacula
3289 4746 3584 4807 debemus
3611 4762 3706 4809 ac-

2044 4836 2260 4908 cipere,
2311 4836 2373 4891 in
2411 4833 2634 4908 quibus
2680 4832 2920 4893 illorum
2968 4834 3186 4890 animai
3222 4833 3516 4899 habitant,
3548 4835 3703 4906 ignis

2044 4939 2256 4981 eorum
2284 4922 2674 4981 tabernacula
2693 4923 2961 4989 devorat,
2987 4923 3133 4997 quia
3161 4923 3267 4997 qui
3293 4923 3390 4987 hic
3414 4925 3477 4989 in
3502 4930 3701 4989 mente

2044 5015 2257 5073 ardent
2282 5013 2421 5083 igne
2452 5013 2734 5082 avaritite,
2767 5013 2883 5075 illic
2926 5014 3104 5075 etiam
3147 5014 3211 5072 in
3254 5031 3435 5077 carne
3465 5033 3702 5077 concre—

2042 5109 2287 5162 mantur
2312 5103 2555 5176 ignibus
2584 5104 2893 5173 gehennae.
2924 5105 3233 5178 Sequitur:

2116 5197 2290 5251 Vsus.
2320 5198 2409 5252 35.
2439 5194 2721 5264 Concepit
2751 5194 3037 5263 datorem,
3069 5202 3127 5253 et
3150 5199 3382 5266 peperit
3410 5197 3697 5265 iniquita—

2043 5291 2178 5352 tem,
2211 5289 2266 5340 et
2309 5288 2516 5343 uterus
2559 5285 2689 5355 ejus
2732 5290 3046 5356 praeparat
3092 5286 3280 5343 dolos.
3308 5314 3376 5329 η-
3420 5282 3694 5337 Dolorem

2040 5374 2265 5448 quippe
2280 5371 2558 5446 concipit,
2577 5370 2725 5429 dum
2747 5388 3025 5446 perversa
3043 5373 3292 5443 cogitat;
3320 5369 3695 5441 iniquitatem

2040 5462 2213 5536 parit,
2243 5477 2382 5521 cum
2402 5460 2639 5534 explere
2664 5462 2908 5535 cceperit
2926 5460 3091 5532 quod
3113 5456 3413 5526 cogitavit.
3428 5460 3696 5517 Inviden-

2039 5551 2140 5621 do,
2169 5551 2440 5609 dolorem
2461 5550 2757 5623 concipit;
2789 5546 3158 5618 derogando,
3189 5547 3563 5621 iniquitatem
3591 5568 3695 5624 pa-

2036 5642 2128 5703 rit.
2151 5641 2305 5701 Uteri
2333 5641 2539 5716 itaque
2556 5639 2822 5707 nomine,
2854 5640 3008 5695 recte
3027 5651 3201 5699 mens
3219 5638 3528 5712 accipitur,
3548 5639 3693 5710 quia
