4128 6158
419 208 534 264 247
569 213 572 216 ’

421 331 571 388 sicut
621 327 817 401 proles
865 324 922 378 iu
955 325 1122 378 utero
1174 317 1528 391 concipitur,
1561 318 1644 371 sic
1695 311 1975 383 cogitatio
2019 310 2082 366 in

419 423 616 475 mente
669 417 1004 486 generatur.
1039 415 1106 467 Et
1152 411 1306 466 sicut
1353 410 1414 464 in
1459 412 1664 464 ventre
1717 403 1853 472 cibi,
1891 403 1973 457 ita
2021 401 2081 455 in

422 511 618 563 mente
649 505 1027 562 continentur
1056 499 1465 571 cogitationes.
1511 499 1686 553 Vetus
1725 493 1950 566 quippe
1977 490 2084 590 hy-

420 599 663 670 pocriltn
691 598 1002 666 praeparat
1045 592 1233 663 dolos,
1260 589 1405 662 quia
1431 591 1596 644 tanto
1627 597 1867 656 semper
1896 589 2087 650 majo-

943 771 1218 788 -υ--ιιδ-οσν

1353 959 1696 1061 LIBER
1809 949 2278 1039 TERTIUS

1056 1291 1282 1347 CAPUT
1321 1289 1458 1344 XVI.

503 1389 667 1439 Vens.
703 1389 750 1450 1,
785 1383 838 1437 2.
895 1381 1270 1451 Respondeas
1309 1377 1420 1434 Job
1468 1377 1658 1433 dixit:
1703 1375 1927 1430 Audivi
1974 1375 2090 1434 fre-

431 1478 680 1544 quenter
710 1474 880 1528 talia.
911 1503 978 1510 —-—
1025 1469 1199 1524 Electi
1243 1467 1466 1540 quippe
1515 1465 1854 1537 frequenter
1895 1463 2090 1518 aliena

431 1562 592 1617 mala
617 1561 788 1632 quasi
823 1575 932 1614 sua
972 1557 1244 1626 audiunt,
1277 1561 1334 1610 et
1361 1555 1439 1609 ab
1487 1553 1578 1609 his
1611 1553 1692 1608 eis
1724 1552 1950 1607 crimen
1977 1551 2086 1606 im-

431 1651 716 1724 pingitur,
748 1665 783 1704 a
812 1648 1034 1720 quibus
1065 1644 1316 1700 crimina
1353 1644 1616 1716 impacta
1647 1645 2084 1714 perpetrantur.

435 1745 551 1796 Hac
599 1740 759 1794 enim
801 1737 1194 1809 responsione
1221 1735 1434 1790 beatus
1479 1733 1582 1788 Iob
1623 1732 1768 1788 illud
1819 1731 2088 1788 Ecclesiw

435 1833 670 1900 tempus
721 1827 1020 1896 signiticat
1066 1840 1208 1897 quo,
1255 1837 1548 1896 oppressa
1600 1821 1678 1878 ab
1733 1819 2128 1877 adversariis'

433 1916 744 1988 temporali
788 1931 998 1971 eorum
1027 1912 1316 1986 potentia,
1346 1912 1524 1984 quasi
1551 1912 1782 1983 dejecta
1810 1910 2086 1966 creditur.

435 2006 600 2062 Unde
630 2005 932 2077 sequitur:
969 2003 1386 2058 Consolatores
1414 2001 1652 2056 onerosi
1669 2014 1866 2055 omnes
1897 2014 2089 2054 vos.—

433 2094 565 2149 Sive
596 2093 755 2149 enim
785 2091 1044 2148 haeretici
1091 2106 1196 2146 seu
1240 2089 1410 2162 pravi
1460 2088 1726 2161 quilibet,
1760 2104 1898 2142 cum
1927 2086 2092 2143 labo-

433 2199 564 2238 rare
593 2182 787 2237 bonos
817 2181 876 2236 in
904 2179 1258 2236 arlicrsitatc
1281 2177 1676 2250 conspiciunt,
1707 2177 1769 2232 in
1810 2193 1880 2232 eo
1925 2177 2092 2249 quod

435 2288 537 2327 eos
585 2269 878 2326 consolari
929 2271 1238 2341 appetunt,
1269 2266 1434 2323 mala
1491 2266 1576 2322 eis
1607 2265 1967 2339 persuadere
1999 2282 2092 2322 co-

433 2363 672 2416 nantur.
705 2357 874 2414 Unde
923 2373 1046 2414 non
1093 2355 1391 2412 immerito
1443 2356 1745 2412 bonorum
1791 2355 2091 2411 mentibus

435 2465 690 2505 onerosa
719 2449 784 2504 fit
807 2464 1018 2504 eorum
1045 2446 1395 2516 consolatio,
1413 2446 1558 2517 quia
1589 2445 1740 2500 inter
1763 2445 1944 2501 verba
1965 2445 2094 2500 dul-

437 2537 682 2603 cedinis,
703 2537 868 2591 virus
888 2535 1210 2608 propinare
1241 2533 1489 2606 cupiunt
1509 2533 1740 2588 erroris.
1771 2534 2046 2605 Sequitur
2073 2553 2086 2591 :

1495 196 1548 249 S.
1593 191 1851 248 ODONIS
1890 186 2179 243 ABBATIS
2219 185 2716 241 CLUNIACENSIS
2755 185 2798 237 ll

2189 325 2316 364 rem
2347 307 2637 364 malitiam
2667 309 2875 364 contra
2901 303 3211 378 proximos
3241 303 3303 358 in
3337 307 3537 360 mente
3567 303 3858 377 concipit,

3745 183 3856 237 “248

2191 401 2416 472 quanto
2469 397 2631 454 solus
2687 413 2811 470 prie
2877 393 3162 452 omnibus
3223 391 3412 449 videri
3477 393 3863 450 innocentior

2191 487 2421 561 quierit.
3695 507 3698 512 ·

1223 757 3848 786 ______________________.______.______..__

2395 947 2907 1035 DECIMUS.

2119 1291 2158 1338 ι)
2198 1280 2474 1337 cussione
2521 1279 2862 1337 interiorem
2912 1279 2974 1335 in
3021 1279 3106 1336 eis
3152 1279 3568 1336 convalescere
3599 1279 3870 1336 salutem

2197 1369 2555 1426 indicamus.
2587 1372 2778 1442 Caput
2805 1369 2985 1425 etiam
3019 1385 3360 1436 movemus,
3393 1385 3530 1425 cum
3570 1373 3869 1439 mentem,

2198 1475 2334 1531 quin
2360 1457 2687 1530 principale
2713 1461 2990 1514 nostrum
3017 1461 3124 1528 est,
3149 1457 3229 1513 ad
3259 1457 3745 1530 compassionem
3775 1458 3874 1514 in-

2197 1547 2902 1619 ﬂectimus,eosqueinter
2912 1546 3150 1617 ﬂagella
3159 1545 3684 1616 roboramus,cum
3695 1547 3878 1604 dolo-

2197 1637 2277 1692 ris
2307 1653 2518 1692 eorum
2539 1636 2661 1692 vim
2700 1635 2896 1692 verbis
2927 1635 3172 1692 mitibus
3197 1635 3474 1692 lenimus.
3509 1639 3654 1694 Sunt
3683 1651 3874 1694 nam-

2199 1743 2316 1800 que
2347 1725 2640 1797 nonnulli,
2668 1726 2776 1798 qui
2803 1725 2950 1782 dum
2979 1726 3213 1783 interna
3243 1725 3534 1798 nesciunt,
3569 1725 3644 1782 de
3683 1726 3877 1782 malis

2200 1815 2591 1872 exterioribus
2639 1815 3090 1888 desperabiliter
3119 1815 3485 1886 afﬂiguntur.
3519 1816 3692 1882 Quod
3715 1832 3876 1872 vero

2201 1921 2326 1962 non
2351 1905 2449 1973 ait,
2477 1921 2752 1977 parcens,
2787 1905 2892 1962 sed
2919 1907 3094 1977 quasi
3117 1920 3376 1976 parcens
3417 1905 3594 1975 vobis,
3629 1921 3876 1979 nequa-

2201 2011 2390 2068 quam
2431 1996 2546 2051 hoc
2590 1995 2956 2066 negligenter
3007 1994 3492 2068 praetereundum
3517 1999 3682 2068 puto,
3717 1997 3879 2069 quia

2202 2089 2409 2141 sancta
2437 2084 2692 2142 Ecclesia
2721 2085 3049 2158 disciplinae
3071 2085 3342 2156 vigorem
3368 2101 3508 2141 cum
3529 2085 3882 2158 permistio-

2201 2191 2276 2232 ne
2329 2174 2809 2231 mansuetudinis
2854 2191 3120 2244 servans,
3180 2174 3510 2248 aliquando
3563 2175 3764 2244 malis,
3815 2179 3922 2232 et-

2200 2264 2373 2338 quasi
2398 2280 2671 2337 parcens,
2705 2265 2914 2338 parcit,
2937 2264 3266 2338 aliquando
3288 2280 3431 2322 vero
3457 2269 3514 2322 et
3539 2264 3717 2338 quasi
3741 2279 3880 2322 non

2199 2369 2476 2426 parcens,
2507 2353 2714 2426 parcit.
2751 2357 2967 2412 Sancta
3005 2369 3150 2426 ergo
3181 2355 3441 2412 Ecclesia
3479 2371 3619 2411 cum
3645 2355 3880 2428 praedi-

2203 2445 2431 2498 catores
2463 2458 2603 2499 suos
2635 2441 2918 2514 quaedam
2966 2441 3124 2499 facta
3149 2443 3450 2500 malorum
3477 2443 3592 2500 sub
3621 2442 3881 2516 dispen-

2203 2531 2434 2587 satione
2478 2531 2832 2587 invectionis
2883 2531 3169 2605 increpat,
3200 2531 3365 2589 labia
3395 2531 3570 2605 quasi
3607 2547 3880 2605 parcens

509 2628 676 2680 Vens.
697 2629 748 2678 3.
779 2624 1074 2694 Nunquid
1096 2622 1396 2696 habebunt
1409 2623 1588 2690 ﬁnem
1611 2623 1790 2678 verba
1813 2625 2092 2680 ventosa?
2123 2637 2164 2691 c
2201 2624 2420 2687 movet,
2457 2619 2564 2676 sed
2606 2624 2810 2677 tamen
2857 2621 3162 2694 parcendo
3203 2637 3328 2677 non
3369 2621 3578 2695 parcit,
3611 2621 3760 2694 quia
3791 2623 3881 2678 ab

437 2744 506 2751 —
530 2715 784 2768 Ventosa
814 2711 974 2767 enim
1003 2710 1190 2767 verba
1216 2715 1373 2779 sunt,
1397 2727 1532 2784 quae
1554 2711 1846 2767 inﬂationi
1869 2717 2093 2786 tempoc

436 2801 544 2856 rali
573 2802 773 2874 potius
817 2817 1004 2874 quam
1049 2800 1340 2857 rccludini
1372 2801 1657 2857 serviunt.
1695 2803 1860 2875 Saepe
1892 2807 2093 2860 autem

437 2889 580 2946 mali
603 2890 778 2946 etiam
804 2890 969 2946 bona
999 2888 1225 2959 dicunt,
1241 2889 1348 2946 sed
1375 2890 1520 2962 quia
1545 2905 1667 2946 non
1691 2891 1844 2947 bene
1866 2892 2089 2956 dicunt,

435 2983 686 3035 ventosa
735 2979 920 3034 verba
965 2977 1295 3051 proferunt.
1330 2982 1475 3036 Nam
1527 2979 1686 3035 dicta
1729 2996 1938 3037 eorum
1987 2983 2094 3038 etsi

435 3069 684 3140 quando
731 3083 879 3124 sana
929 3072 1071 3122 sunt
1115 3083 1226 3140 per
1253 3069 1627 3137 sententiam,
1661 3069 1866 3126 inﬂata
1891 3075 2096 3128 tamen

437 3161 576 3212 sunt
603 3172 711 3229 per
734 3155 1074 3212 elationem.
1111 3157 1387 3229 Sequitur
1413 3175 1425 3212 :
1460 3159 1580 3212 Aut
1603 3159 1838 3229 aliquid
1858 3159 1965 3215 tibi
1981 3177 2097 3216 mo-

441 3246 653 3300 lestum
685 3251 766 3300 est
795 3247 848 3300 si
879 3245 1194 3315 loquaris?
1217 3279 1288 3288 --
1319 3245 1448 3302 Mali
1476 3244 1582 3300 viri
1613 3262 1751 3301 cum
1777 3247 1906 3303 aliis
1936 3249 2094 3306 simi-

437 3331 594 3387 libus
643 3332 754 3386 sibi
807 3333 1154 3388 conviciosa
1199 3334 1386 3390 verba
1431 3335 1761 3406 proferunt,
1808 3352 1879 3392 eo
1925 3337 2095 3394 citius

439 3420 879 3483 obmutescunt.
911 3420 1078 3493 quod
1109 3421 1182 3476 de
1209 3437 1273 3477 se
1303 3421 1443 3478 talia
1475 3438 1616 3478 mox
1647 3423 1920 3494 audiunt,
1943 3441 2094 3498 qua-

439 3507 518 3564 lia
559 3509 681 3564 suis
714 3509 1089 3564 auditoribus
1117 3509 1341 3566 dicunt.
1375 3511 1524 3566 Cum
1556 3516 1756 3567 autem
1787 3513 1980 3571 bonos
2010 3517 2094 3572 vi-

439 3613 537 3652 ros
563 3605 671 3669 per
701 3598 912 3654 vitiosa
935 3599 1120 3654 verba
1143 3599 1508 3670 jaculantur,
1533 3601 1680 3656 nihil
1701 3603 1784 3658 eis
1808 3605 2094 3662 molestiae

440 3701 512 3740 ex
541 3685 808 3741 convicio
839 3688 1121 3754 nascitur,
1146 3689 1290 3760 quia
1318 3693 1524 3746 contra
1553 3694 1815 3747 tacentes
1842 3693 2096 3768 loquun-

441 3779 556 3839 tur,
583 3789 692 3830 nec
721 3775 1090 3846 compellunt
1116 3775 1321 3832 audire
1369 3778 1535 3850 quod
1577 3784 1733 3851 sunt,
1767 3783 1910 3853 quia
1947 3783 2095 3854 justi

442 3856 711 3919 convicia
735 3879 858 3920 non
887 3865 1164 3934 reddunt,
1197 3866 1377 3924 etiam
1414 3867 1563 3924 dum
1602 3875 1899 3940 coguntur
1928 3873 2096 3928 audi-

439 3967 502 4006 re
532 3951 699 4023 quod
726 3967 850 4008 non
880 3959 1037 4009 sunt.
1073 3955 1379 4028 Sequitur:

511 4043 680 4097 Vens.
713 4045 766 4098 4.
799 4044 1080 4101 Poteram
1113 4049 1168 4102 et
1197 4062 1302 4118 ego
1330 4047 1553 4105 similia
1599 4053 1784 4106 vestri
1812 4053 1992 4124 loqui.
2026 4085 2094 4093 —

441 4133 647 4186 Narrat
670 4131 870 4201 justus
899 4133 1040 4205 quid
1076 4133 1268 4192 facere
1296 4137 1529 4210 poterit,
1564 4139 1672 4195 sed
1701 4156 1776 4196 ne
1801 4141 2094 4211 justitiam

439 4219 693 4288 deserat,
725 4221 892 4292 quod
918 4222 1109 4278 facere
1137 4229 1372 4295 poterat
1399 4226 1676 4285 declinat.
1715 4230 2020 4302 Sequitur:

511 4309 676 4362 Vens.
703 4313 756 4376 5,
787 4313 840 4364 6.
872 4309 1069 4380 Atque
1097 4313 1331 4369 utinam
1359 4322 1502 4372 esset
1537 4319 1739 4373 anima
1770 4325 1968 4375 vestra
1985 4337 2094 4390 pro

441 4394 644 4450 anima
679 4411 808 4452 mea
833 4401 852 4452 !
893 4399 1259 4456 Consolarer
1282 4409 1336 4458 et
1361 4418 1468 4472 ego
1497 4419 1596 4460 vos
1626 4407 2014 4478 sermonibus,
2042 4415 2096 4464 et

439 4497 744 4544 moverem,
773 4495 954 4555 caput
997 4501 1191 4544 meum
1239 4506 1420 4561 super
1450 4507 1568 4549 vos.
1603 4495 1964 4554 Roborarem
1997 4514 2096 4555 vos

441 4585 543 4628 ore
565 4587 713 4644 meo,
737 4578 792 4630 et
819 4589 1110 4632 moverem
1144 4577 1310 4636 labia
1337 4583 1514 4652 quasi
1531 4598 1790 4652 parcens
1817 4587 1995 4643 vobis.
2027 4617 2094 4628 -——

439 4659 778 4733 Aliquando
826 4677 1069 4721 necesse
1115 4671 1212 4724 cst
1259 4671 1326 4726 ut
1373 4670 1574 4744 pravis
1624 4672 1928 4730 mentibus
1957 4693 2093 4749 quas

437 4750 707 4808 humana
725 4753 1148 4824 praedicatione
1171 4759 1384 4832 corrigi
1415 4767 1740 4836 nequeunt,
1762 4763 1964 4824 divina
1987 4767 2096 4826 ﬂa-

439 4837 593 4930 gella
635 4843 829 4930 optari
875 4843 1135 4915 benigne
1175 4846 1456 4908 debeant.
1489 4853 1660 4916 Quod
1699 4869 1836 4911 cum
1869 4873 2092 4930 magno

437 4925 504 4980 tit
532 4928 753 5016 amoris
783 4931 999 5000 studio,
1025 4933 1297 4992 videlicet
1323 4955 1448 4994 non
1474 4941 1724 4998 errantis
1749 4960 1949 5016 poena,
1977 4925 2092 5005 sed

437 5015 730 5103 correptio
755 5019 1061 5092 quaeritur,
1093 5025 1150 5078 et
1177 5026 1367 5083 oratio
1400 5029 1598 5101 potius
1628 5015 1812 5103 quain
1840 5035 2088 5092 maledi-

435 5101 552 5193 ctio
587 5117 748 5193 esse
773 5111 1159 5166 monstratur.
1194 5113 1536 5174 Nolandum
1580 5101 1746 5193 quod
1793 5139 1914 5179 non
1968 5126 2084 5182 ait:

435 5188 598 5243 Esset
651 5189 858 5246 anima
906 5208 1045 5251 mea
1091 5209 1212 5269 pro
1261 5202 1467 5258 anima
1521 5188 1736 5278 vestra,
1781 5208 1906 5276 sed,
1969 5211 2088 5268 Utt-

432 5292 572 5366 nain
625 5285 770 5336 esset
809 5283 1016 5340 anima
1071 5293 1292 5358 vestra,
1331 5307 1442 5361 pro
1495 5296 1699 5353 anima
1741 5314 1890 5356 mea.
1938 5301 2088 5366 Quia

429 5365 696 5437 profecto
755 5370 872 5426 sibi
927 5373 1338 5448 malediceret,
1386 5381 1433 5437 si
1511 5401 1574 5440 se
1645 5385 1759 5443 illis
1830 5365 2084 5446 similem

613 5461 867 5552 optaret,
913 5461 1029 5519 illis
1073 5481 1214 5524 vero
1261 5471 1511 5530 meliora
1564 5475 1748 5533 voluit
1791 5493 1948 5550 quos
1993 5477 2086 5552 Vsi-

427 5541 492 5598 bi
535 5541 691 5640 ﬁeriﬁ
715 5545 938 5640 similes
979 5556 1276 5626 quaesivit.
1318 5561 1718 5621 Consolamur
1773 5541 1915 5622 vero
1955 5551 2088 5640 pra-

426 5631 892 5704 vos-inﬂagello
941 5645 1312 5720 constitutos,
1343 5665 1484 5708 cum
1532 5654 1608 5711 de
1657 5656 1930 5714 exteriori
1957 5631 2122 5730 perr-

2201 2707 2531 2764 invectione
2575 2707 2766 2781 culpae
2811 2708 3164 2780 generaliter
3201 2725 3324 2766 non
3365 2713 3536 2778 tacet,
3567 2725 3707 2782 quae
3738 2725 3883 2783 Spe-

2204 2797 2430 2853 cialiter
2455 2795 2636 2854 tacet.
2663 2797 2978 2870 Sequitur:

2275 2887 2445 2943 Vens.
2478 2894 2530 2942 7.
2559 2887 2678 2944 Sed
2703 2887 2849 2960 quid
2877 2903 3054 2959 agam
3074 2891 3102 2944 Ρ
3141 2889 3212 2945 Si
3255 2890 3487 2944 locutus
3513 2889 3714 2957 fuero,
3747 2905 3882 2946 non

2204 2977 2450 3047 quiescit
2497 2978 2670 3034 dolor
2705 2993 2888 3038 meus.
2920 2983 2976 3035 et
3013 2979 3067 3034 si
3108 2983 3372 3045 tacuere,
3405 2993 3522 3033 non
3575 2977 3806 3035 recedit
3843 2995 3884 3036 a

2203 3080 2315 3120 me.
2345 3097 2414 3106 —-—
2439 3067 2558 3121 Hoc
2603 3081 2876 3137 personae
2925 3066 3085 3123 beati
3129 3067 3238 3123 Job
3267 3066 3523 3140 qualiter
3548 3073 3880 3138 congruat,

2203 3153 2405 3208 nullus
2449 3154 2723 3223 ignorat;
2757 3155 2864 3210 sed
2893 3155 2940 3210 si
2978 3155 3057 3212 ad
3091 3159 3313 3212 sanctae
3345 3155 3618 3213 Ecclesia:
3653 3161 3884 3229 typum

2204 3243 2493 3310 trahatur,
2521 3244 2648 3300 haec
2669 3249 2726 3300 ct
2759 3261 2900 3300 cum
2929 3245 3193 3319 loquitur
3219 3245 3392 3304 dolor
3419 3245 3666 3302 minime
3695 3247 3881 3320 quie-

2205 3332 2332 3400 scit,
2365 3333 2616 3406 quando
2639 3333 2940 3391 locutione
2987 3351 3097 3392 sua
3125 3351 3436 3408 perversos
3460 3335 3711 3392 minime
3741 3353 3884 3393 cor-

2203 3421 2316 3492 rigi
2343 3424 2656 3495 conspicit,
2688 3429 2746 3480 et
2773 3441 2911 3480 cum
2953 3429 3108 3482 tacet
3144 3425 3316 3482 dolor
3345 3425 3590 3482 minime
3617 3427 3880 3495 recedit,

2203 3512 2347 3584 quia
2371 3512 2479 3568 etsi
2511 3517 2788 3570 aversata
2818 3515 3184 3586 conticuerit,
3217 3516 3330 3572 hoc
3358 3515 3562 3588 ipsum
3601 3515 3880 3590 amplius

2203 3601 2369 3672 quod
2416 3605 2570 3658 tacet
2619 3603 2819 3672 gemit,
2851 3603 2996 3675 quia
3050 3619 3111 3659 se
3161 3608 3390 3661 tacente
3437 3619 3878 3677 perversorum

2206 3688 2413 3760 culpas
2443 3705 2781 3747 excrescere
2813 3692 3120 3765 conspicit.
3156 3692 3464 3766 Sequitur:
3747 3704 3750 3708 '

2279 3781 2446 3834 Vens.
2481 3783 2533 3836 8.
2567 3781 2746 3837 Nunc
2771 3787 2970 3838 autem
3019 3784 3306 3852 oppressit
3355 3799 3448 3840 me
3477 3783 3650 3839 dolor
3677 3799 3875 3840 meus.

2207 3867 2416 3925 Dolore
2468 3885 2578 3925 suo
2630 3875 2837 3928 sancta
2867 3870 3130 3929 Ecclesia
3170 3871 3479 3944 premitur,
3511 3873 3766 3945 quando
3809 3874 3880 3930 in

2207 3957 2432 4014 malitia
2481 3975 2590 4014 sua
2636 3975 2898 4016 crescere
2947 3976 3263 4033 perversos
3302 3961 3580 4018 intuetur.
3615 3963 3682 4016 Et
3717 3963 3880 4034 quia

2205 4045 2352 4103 dum
2384 4047 2564 4120 pauci
2593 4053 2886 4120 crescunt,
2919 4049 3101 4106 etiam
3132 4049 3355 4107 inﬁrmi
3381 4050 3487 4123 qui
3511 4050 3572 4106 in
3597 4065 3669 4106 ea
3699 4055 3876 4122 sunt,

2205 4135 2280 4192 ad
2348 4136 2658 4210 sequenda
2715 4137 2914 4195 studia
2967 4139 3275 4210 pravitatis
3325 4139 3650 4208 irritantur,
3703 4144 3878 4196 recte

2205 4225 2481 4282 additur:
2514 4228 2592 4283 Et
2630 4227 2712 4284 ad
2739 4227 3000 4284 nihilum
3033 4229 3266 4284 redacti
3285 4235 3429 4285 sunt
3459 4243 3658 4285 omnes
3689 4235 3878 4285 artus

2203 4316 2335 4370 mei.
2367 4347 2436 4355 --
2465 4316 2624 4372 Sicut
2653 4317 2812 4372 enim
2861 4333 2968 4389 per
3005 4333 3144 4374 ossa
3191 4317 3392 4388 fortes,
3425 4318 3509 4374 sic
3557 4333 3664 4390 per
3694 4323 3876 4374 artus

2205 4401 2423 4459 inﬁrmi
2446 4405 2670 4478 quique
2699 4405 2998 4476 designari
3031 4407 3240 4464 solent.
3283 4407 3547 4465 Membra
3577 4423 3721 4478 ergo
3755 4409 3874 4463 Ec-

2205 4491 2398 4549 clesiae
2427 4494 2506 4551 ad
2535 4493 2789 4550 nihilum
2813 4495 3186 4566 rediguntur,
3214 4496 3464 4568 quando
3494 4512 3565 4552 ex
3587 4495 3882 4552 imitatio-

2203 4597 2278 4638 ne
2306 4599 2635 4656 pravorum
2673 4583 2732 4640 in
2786 4585 2900 4640 hoc
2927 4585 3160 4641 mundo
3191 4585 3603 4649 crescentium,
3635 4583 3876 4642 inﬁrmi

2202 4673 2427 4746 quique
2479 4673 2737 4730 deterius
2801 4673 3219 4731 informantur.
3299 4675 3570 4732 Videnms
3636 4674 3872 4730 etenim

2201 4763 2502 4821 malorum
2577 4763 2934 4834 felicitatem,
2998 4779 3158 4838 saepe
3229 4768 3286 4821 et
3359 4765 3438 4821 ab
3509 4765 3640 4837 ipso
3715 4763 3872 4820 ﬁdei

2201 4857 2358 4910 statu
2427 4853 2792 4910 dilabuntur.
2844 4855 3002 4911 Bene
3081 4857 3282 4912 autem
3353 4854 3605 4911 dicitur:
3677 4853 3876 4910 Nunc

2199 4949 2419 5012 autem,
2479 4942 2623 5015 quia
2677 4941 2951 5000 videlicet
3001 4946 3238 5016 tempus
3309 4943 3534 5001 doloris
3581 4941 3870 4998 Ecclesia

2199 5033 2384 5089 modo
2434 5035 2542 5096 est,
2601 5035 2657 5087 et
2711 5035 2947 5104 tempus
3013 5032 3216 5103 gaudii
3285 5033 3698 5106 postmodum.
3764 5034 3870 5088 Se-

2198 5121 2401 5194 quitur
2424 5139 2436 5176 :

2268 5213 2440 5266 Vens.
2455 5215 2508 5267 9.
2537 5211 2618 5267 Et
2636 5227 2802 5282 rugae
2821 5227 2962 5270 mea:
2983 5213 3382 5269 testimonium
3407 5211 3617 5269 dicunt
3642 5220 3868 5270 contra

2195 5317 2307 5359 me.
2328 5333 2402 5342 —-
2432 5299 2584 5368 Quid
2614 5315 2722 5374 per
2748 5316 2952 5372 rugas,
2981 5300 3096 5357 nisi
3117 5300 3438 5374 duplicitas
3464 5291 3868 5373 designatur?

2197 5393 2374 5460 Rugae
2395 5391 2596 5462 itaque
2627 5393 2767 5445 sunt
2787 5395 3008 5446 sanctae
3041 5390 3314 5447 Ecclesiae
3343 5407 3557 5448 omnes
3575 5390 3682 5464 qui
3699 5391 3763 5446 in
3785 5406 3898 5470 ea,

2196 5477 2509 5552 dupliciter
2533 5477 2758 5548 vivunt,
2789 5478 2894 5550 qui
2918 5477 3100 5534 ﬁdem
3130 5478 3379 5536 vocibus
3411 5479 3694 5550 clamant,
3716 5495 3866 5552 ope-

2196 5567 2362 5623 ribus
2393 5567 2709 5635 denegant.
2745 5569 2858 5623 Has
2897 5571 3098 5624 autem
3139 5583 3322 5638 rugas
3371 5568 3432 5624 in
3485 5568 3682 5624 electis
3729 5567 3862 5623 suis

2198 5656 2456 5714 Ecclesia
2481 5659 2688 5712 sancta
2716 5671 2838 5716 non
2866 5657 3068 5728 habet,
3099 5657 3245 5730 quia
3273 5657 3542 5716 videlicet
3578 5657 3868 5714 nesciunt
