4154 6160
234 190 329 243 249

1082 189 1375 245 EPITOME
1407 186 1769 245 MORALIUM
1803 184 1860 239 S.
1887 181 2090 238 GREG.
2125 183 2191 239 IN
2218 184 2360 243 JOB.
2385 218 2452 227 —
2491 189 2619 246 LIB.
2654 191 2803 248 Xlll.

3551 199 3656 256 250

230 311 387 368 aliud
418 311 576 368 foras
611 312 944 381 ostendere,
977 317 1034 370 et
1061 313 1218 369 intus
1248 313 1409 369 aliud
1439 311 1680 369 habere.
1713 308 1884 365 Unde
1912 316 1960 370 Α
1996 323 2120 380 quo
2169 309 2329 367 hunc
2356 311 2419 368 in
2468 318 2666 371 mente
2718 329 2933 388 capere
2976 323 3299 391 nequeunt,
3331 335 3402 377 eo
3448 326 3657 381 contra

226 404 379 458 recte
409 401 685 472 egregius
715 403 1068 475 praedicator
1095 402 1263 459 dicit:
1299 426 1326 453 »
1379 405 1445 459 Ut
1474 402 1733 458 exiberet
1758 400 1886 474 ipse

228 489 339 544 sibi
379 489 700 559 gloriosam
733 490 1054 547 Ecclesiam
1082 507 1201 548 nen
1229 491 1553 548 habentem
1582 488 1885 547 maculam

226 582 329 635 aut
356 594 574 648 rugam
618 579 854 648 (Ep/tes.
888 596 946 647 v,
975 581 1083 652 27).
1117 603 1145 629 ››
1188 584 1270 636 Ac
1297 580 1346 636 si
1375 595 1517 650 ergo
1546 579 1735 636 dicat:
1770 571 1888 651 Ipsi

223 668 596 741 insequendo
621 667 1057 742 increpant,qui
1078 686 1240 727 nunc
1270 671 1330 726 in
1347 686 1483 727 meo
1510 685 1758 743 corpore
1784 684 1889 742 po-

225 757 338 826 siti,
361 756 722 830 duplicitatis
756 774 881 814 sua:
926 759 985 814 in
1037 760 1324 817 malitiam
1379 776 1502 816 non
1541 759 1884 816 emendant.

223 845 526 918 Sequitur:
545 846 624 901 Et
636 848 964 904 suscitatur
983 850 1347 922 falsiloquus
1369 850 1654 906 adversus
1668 849 1889 918 faciem

227 949 408 990 meam
440 935 861 992 contradicens
891 937 1060 993 mihi.
1084 969 1153 978 —-
1184 937 1373 994 Etiam
1403 937 1570 1010 pacis
1600 951 1724 992 suae
1749 940 1891 992 tem-

225 1038 364 1095 pore
413 1027 622 1080 sancta
669 1023 928 1081 Ecclesia
985 1026 1398 1100 falsiloquium
1452 1026 1693 1099 patitur,
1741 1025 1889 1081 dum

225 1115 362 1168 sunt
401 1111 465 1167 in
507 1127 579 1168 ea
618 1111 790 1168 multi
835 1113 939 1186 qui
987 1114 1062 1171 de
1108 1115 1449 1172 aeternitatis
1494 1113 1890 1188 promissione

222 1200 500 1257 difﬁdunt
525 1205 583 1257 et
626 1205 826 1258 tamen
867 1219 930 1260 se
959 1202 1166 1260 ﬁdeles
1190 1221 1318 1260 esse
1360 1204 1747 1262 mentiuntur.
1780 1202 1890 1266 Qui

219 1291 367 1347 dum
411 1290 825 1363 praedicationi
883 1294 1012 1364 ejus
1061 1299 1263 1366 aperte
1311 1294 1716 1350 contradicere
1761 1308 1886 1349 non

219 1384 612 1453 praesumunt,
653 1380 1058 1455 falsiloquium
1107 1398 1230 1439 non
1261 1387 1470 1440 contra
1512 1382 1747 1450 faciem,
1781 1381 1886 1438 sed

218 1468 390 1540 quasi
420 1473 557 1541 post
584 1468 831 1526 dorsum
859 1471 1100 1543 patitur.
1133 1471 1244 1529 Sed
1275 1489 1413 1529 cum
1444 1476 1683 1544 tempus
1713 1469 1884 1527 mali-

222 1558 310 1613 tiae
363 1559 642 1632 eruperit,
700 1561 782 1617 eis
834 1563 938 1635 qui
968 1578 1130 1618 nunc
1177 1567 1452 1619 metuens
1497 1562 1767 1631 derogat,
1805 1560 1886 1616 ad

1995 412 2238 455 carnem
2267 399 2422 456 illius
2451 402 2752 458 crudelius
2783 404 3188 464 inardescunt.
3233 410 3543 483 Sequitur:

2063 489 2230 543 Vsus.
2269 493 2355 545 l3.
2385 491 2512 562 Ego
2554 492 2659 548 ille
2704 493 3004 564 quondam
3045 497 3369 566 epulantes,
3418 505 3657 569 repente

1995 577 2287 633 contritus
2315 594 2467 636 sum.
2495 611 2563 620 —
2594 581 2659 636 In
2679 596 2756 638 eo
2775 581 2942 654 quod
2974 597 3037 638 se
3067 590 3308 656 repente
3334 588 3654 645 contritum

1995 665 2273 738 asseruit,
2312 666 2689 725 inﬁrmorum
2742 673 3005 727 mentem
3058 671 3462 744 improvidam
3505 677 3657 734 desi-

1996 754 2219 823 gnavit.
2245 755 2355 821 Qui
2384 755 2530 813 dum
2556 757 2720 815 mala
2739 774 2874 832 quae
2895 763 3146 817 ventura
3167 765 3302 817 sunt
3327 764 3654 834 pravidere

1995 842 2288 912 nesciunt,
2323 848 2490 902 tanto
2513 846 2596 902 eis
2629 847 2904 918 graviora
2927 848 3098 917 ﬁunt,
3131 853 3360 922 quanto
3381 855 3436 908 et
3465 852 3544 908 ab
3569 854 3654 909 eis

1994 929 2304 1003 inopinata
2330 931 2671 991 tolerantur.
2711 935 2915 992 Firmis
2968 941 3169 994 autem
3216 939 3518 996 mentibus
3561 957 3652 998 re-

1994 1023 2171 1093 pente
2237 1020 2493 1079 adversa
2553 1038 2676 1080 non
2740 1025 3007 1093 veniunt,
3067 1027 3232 1101 quia,
3289 1029 3649 1102 priusquam

1998 1109 2262 1180 veniant,
2293 1112 2718 1184 praevidentur.
2745 1116 2917 1181 Quod
2972 1120 3173 1174 tamen
3211 1134 3373 1175 nunc
3402 1135 3647 1193 quoque

1997 1204 2203 1257 sancta
2233 1201 2490 1260 Ecclesia
2518 1203 2579 1260 in
2605 1205 2974 1278 quibusdam
3003 1210 3159 1263 retro
3193 1207 3515 1266 latentibus
3540 1226 3652 1283 pa-

1995 1287 2152 1356 titur,
2183 1291 2288 1362 qui
2313 1296 2452 1364 post
2498 1293 2785 1350 doctrinae
2815 1294 3208 1368 opulentiam,
3256 1297 3508 1354 subditis
3542 1298 3652 1355 ali-

1993 1378 2241 1450 quando
2287 1380 2437 1436 vitiis
2489 1386 2898 1453 conteruntur,
2925 1388 2992 1440 ut
3047 1385 3130 1441 sic
3180 1385 3242 1442 in
3285 1386 3653 1459 quibusdam

1993 1467 2167 1523 malis
2188 1474 2489 1539 corruant,
2522 1487 2592 1529 ac
2621 1473 2669 1528 si
2699 1473 2863 1529 verbi
2886 1475 3184 1547 pabulum
3205 1491 3522 1549 nunquam
3551 1476 3656 1533 ha-

1991 1556 2282 1614 buissent.
2333 1560 2645 1632 Sequitur:
2687 1564 2896 1619 Tenuit
2949 1566 3235 1620 cervicem
3276 1580 3488 1635 meam,
3519 1581 3656 1621 con-

219 1647 752 1704 contradicendum
768 1653 904 1706 ante
920 1650 1134 1706 faciem
1156 1651 1330 1717 venit,
1350 1651 1494 1724 quia
1509 1649 1707 1706 verbis
1730 1665 1884 1706 verae
1914 1671 1955 1724 B
1987 1645 2174 1716 fregit
2203 1662 2312 1714 me,
2339 1653 2396 1704 et
2418 1651 2622 1718 posuit
2671 1652 2846 1721 quasi
2893 1653 2956 1707 in
3003 1653 3264 1723 signum.
3301 1685 3367 1692 —
3399 1652 3559 1710 Sicut
3589 1653 3653 1709 in

219 1735 357 1792 ﬁdei
387 1736 605 1809 apertis
626 1737 876 1794 vocibus
905 1739 1154 1796 obsistit.
1186 1741 1463 1814 Sequitur
1487 1758 1499 1796 :

291 1825 468 1881 Vens.
532 1826 614 1882 10.
678 1827 924 1900 Colligit
975 1830 1247 1898 furorem
1301 1845 1476 1885 suum
1529 1831 1592 1884 in
1641 1843 1751 1884 me.
1816 1859 1884 1866 —

220 1914 412 1971 Habet
463 1930 624 1971 nunc
667 1916 946 1972 diabolus
994 1922 1201 1974 contra
1248 1922 1520 1974 sanctam
1560 1917 1884 1974 Ecclesiam

218 2002 506 2073 furorem,
555 2003 661 2060 sed
690 2019 936 2077 sparsus
959 2005 1125 2062 furor
1153 2007 1282 2076 ejus
1313 2009 1420 2076 est,
1468 2006 1613 2077 quia
1641 2004 1887 2061 occultae

221 2096 371 2146 sunt
421 2091 550 2162 ejus
580 2092 934 2148 tentationes
990 2109 1145 2166 quas
1199 2109 1308 2166 per
1347 2093 1616 2163 singulos
1666 2097 1883 2149 movet.

218 2179 376 2234 Cum
423 2195 564 2236 vero
614 2185 821 2236 contra
875 2197 1009 2238 eam
1056 2186 1262 2254 aperta
1312 2182 1723 2256 persecutione
1760 2197 1889 2237 eru-

216 2267 390 2339 perit,
436 2267 701 2325 furorem
749 2286 927 2326 suum
955 2270 1017 2326 in
1063 2286 1135 2326 ea
1161 2271 1400 2340 colligit,
1432 2271 1575 2343 quia
1620 2270 1681 2326 in
1707 2269 1889 2326 aﬂlic-

219 2355 378 2412 tione
416 2355 576 2412 illius
602 2361 727 2414 tota
748 2375 811 2416 se
831 2359 1152 2416 intentione
1173 2359 1540 2430 constringit.
1567 2357 1843 2431 Sequitur
1867 2375 1880 2414 :

218 2446 295 2500 Et
345 2447 714 2502 comminans
743 2448 911 2515 mihi,
957 2449 1274 2518 infremuit
1318 2453 1531 2504 contra
1559 2463 1649 2504 me
1695 2447 1886 2503 denti-

221 2534 324 2588 bus
352 2535 496 2590 suis.
525 2566 593 2574 —
619 2539 700 2592 De
721 2551 845 2609 quo
870 2541 926 2593 et
956 2537 1262 2594 subditur:
1293 2539 1498 2594 Hostis
1526 2552 1686 2594 meus
1712 2537 1882 2593 terri-

222 2624 438 2680 bilibus
477 2626 664 2681 oculis
693 2641 785 2683 me
808 2626 1064 2682 intuitus
1092 2636 1196 2684 est.
1228 2659 1297 2667 —
1343 2627 1442 2682 llle
1480 2626 1704 2699 quippe
1735 2625 1883 2682 anti-

218 2729 372 2784 quus
391 2715 580 2770 hostis
627 2719 834 2772 contra
876 2716 1033 2772 hanc
1061 2715 1339 2774 dentibus
1375 2715 1589 2785 fremit,
1624 2731 1880 2788 eamque

221 2802 579 2859 terribilibus
626 2804 814 2860 oculis
868 2804 1150 2876 intuetur,
1205 2804 1352 2876 quia
1406 2819 1513 2876 per
1560 2804 1708 2860 alios
1754 2820 1882 2860 cru-

218 2890 368 2948 delia
394 2897 654 2962 exercet,
675 2896 733 2949 et
756 2908 864 2965 per
910 2893 1059 2950 alios
1103 2909 1238 2966 quin
1287 2897 1561 2949 exerceat
1586 2893 1880 2966 providet.

218 2981 431 3037 Dentes
477 2996 744 3054 namque
783 2981 966 3052 hujus
997 2981 1184 3037 hostis
1243 2985 1381 3037 sunt
1408 2981 1709 3037 bonorum
1755 2996 1883 3053 per-

218 3074 520 3127 secutores
598 3074 779 3143 atque
855 3070 1186 3141 carniﬁces,
1245 3071 1349 3143 qui
1415 3071 1544 3142 ejus
1609 3069 1898 3126 membra

215 3158 461 3227 laniant,
520 3159 668 3216 dum
715 3159 934 3217 electos
989 3160 1144 3216 illius
1191 3160 1314 3217 suis
1369 3160 1884 3234 persecutionibus

217 3246 512 3320 afﬂigunt.
559 3248 727 3306 Oculi
789 3265 932 3306 vero
986 3250 1170 3320 hujus
1221 3249 1407 3305 hostis
1463 3252 1602 3305 sunt
1653 3248 1715 3303 hi
1778 3245 1883 3320 qui

214 3341 424 3394 contra
462 3353 598 3393 eam
651 3337 964 3410 provident
1010 3338 1174 3395 mala
1238 3354 1379 3411 quae
1430 3338 1597 3404 ﬁant,
1639 3337 1882 3409 suisque

215 3427 478 3483 consiliis
518 3432 966 3499 persecutorum
1018 3429 1149 3500 ejus
1196 3427 1605 3484 crudelitatem
1651 3426 1882 3482 inﬂam-

214 3521 398 3572 mant.
464 3516 757 3589 Antiquus
803 3533 947 3588 ergo
1002 3517 1382 3574 adversarius
1424 3517 1619 3573 fremit
1674 3519 1882 3572 contra

216 3620 345 3662 eam
377 3606 665 3663 dentibus
701 3608 844 3675 suis,
872 3607 1019 3664 dum
1059 3624 1166 3680 per
1200 3607 1470 3664 crudeles
1502 3606 1790 3680 reprobos
1820 3606 1880 3661 in

215 3711 281 3751 ea
308 3697 646 3769 insequitur
665 3696 848 3754 vitam
866 3697 1460 3754 bonorum.lntuetur
1483 3712 1617 3753 eam
1649 3697 1880 3753 terribi-

219 3785 368 3840 libus
421 3786 632 3855 oculis,
679 3785 823 3857 quia
863 3802 1189 3859 pravorum
1229 3785 1488 3842 consiliis
1525 3801 1646 3841 non
1691 3788 1882 3840 cessat

216 3873 375 3930 mala
405 3874 736 3947 exquirere,
765 3873 826 3929 in
872 3875 1094 3946 quibus
1137 3875 1295 3931 hanc
1341 3890 1575 3947 semper
1621 3873 1881 3930 deterius

213 3962 462 4034 afﬂigat.
498 3963 775 4034 Sequitur
798 3979 811 4018 :

283 4056 456 4107 Vsus.
489 4056 574 4106 tl.
629 4052 1016 4120 Aperuerunt
1062 4068 1244 4122 super
1273 4069 1365 4108 me
1394 4068 1505 4107 ora
1535 4068 1644 4108 sua
1675 4068 1883 4121 expro-

213 4144 480 4198 brantes.
509 4172 576 4178 —
609 4142 724 4197 Ora
755 4156 864 4196 sua
893 4141 1133 4213 reprobi
1163 4141 1560 4214 exprobantes
1587 4140 1879 4212 aperiunt,

213 4247 351 4286 cum
382 4232 442 4285 et
481 4229 694 4285 erroris
726 4228 817 4285 sui
865 4229 1028 4286 mala
1068 4229 1394 4302 prtedicare
1424 4245 1546 4284 non
1586 4233 1880 4301 metuunt,

215 4325 268 4377 et
313 4318 800 4393 praedicamentis
829 4323 1004 4375 rectae
1032 4319 1172 4375 ﬁdei
1220 4319 1507 4375 invident.
1560 4318 1874 4391 Sequitur:

215 4411 647 4466 Percusserunt
673 4410 992 4466 maxillam
1022 4425 1234 4476 meam,
1269 4411 1478 4465 satiati
1503 4416 1640 4464 sunt
1683 4410 1878 4478 poenis

217 4500 374 4555 meis.
413 4531 479 4538 —
528 4497 760 4554 Maxilla
787 4497 1013 4570 quippe
1054 4497 1328 4554 Ecclesiae
1359 4497 1546 4554 sancti
1588 4498 1879 4571 praedica-

220 4592 372 4643 tores
403 4592 546 4643 sunt
594 4587 749 4642 sicut
789 4586 902 4642 sub
931 4585 1154 4642 Judaeae
1187 4585 1381 4660 specie
1427 4603 1534 4660 per
1561 4587 1880 4644 Jeremiam

220 4675 465 4733 dicitur:
506 4699 534 4725 «
565 4675 806 4732 Plorans
856 4675 1113 4748 ploravit
1164 4675 1224 4732 in
1266 4679 1460 4746 nocte,
1493 4682 1549 4732 et
1598 4676 1881 4749 lacrymae

221 4765 344 4834 ejus
393 4765 456 4820 in
500 4763 758 4821 maxillis
802 4765 932 4835 ejus
987 4765 1232 4836 (Thren.
1284 4781 1323 4834 ι,
1373 4766 1446 4835 2).
1498 4788 1526 4814 »
1587 4765 1882 4822 Maxillam

219 4855 438 4928 quippe
465 4854 733 4927 perversi
771 4854 1006 4919 feriunt,
1043 4870 1181 4910 cum
1229 4853 1424 4910 bonos
1461 4854 1882 4928 praedicatores

222 4943 634 5018 insequuntur,
655 4946 712 5000 et
743 4948 883 4999 tunc
907 4943 1146 5015 reprobi
1163 4943 1389 5013 grande
1421 4943 1647 5016 aliquid
1676 4943 1882 5000 fecisse

222 5035 530 5101 aestimant,
581 5048 721 5087 cum
763 5031 944 5089 vitam
999 5032 1444 5105 predicatorum
1497 5038 1731 5089 necant.
1780 5033 1884 5088 llla

221 5124 439 5197 quippe
486 5137 670 5196 poena
721 5137 826 5178 eos
876 5122 1070 5192 satiat,
1110 5137 1245 5194 quae
1295 5127 1557 5179 mentem
1611 5122 1882 5179 Ecclesiae

222 5212 516 5286 praecipue
547 5210 818 5281 castigat.
853 5211 1163 5284 Sequitur:

286 5303 450 5357 Vsus.
478 5305 563 5356 t2.
593 5301 897 5357 Conclusit
913 5314 1006 5355 me
1033 5301 1190 5356 Deus
1219 5301 1385 5370 apud
1405 5302 1702 5369 iniquum,
1733 5307 1785 5356 et
1817 5303 1877 5356 in

224 5405 430 5446 manus
472 5391 791 5460 impiorum
838 5403 926 5443 me
948 5388 1220 5444 tradidit.
1247 5389 1658 5444 —Electorum
1687 5405 1880 5461 popu-

225 5477 311 5532 lus
331 5479 494 5552 apud
523 5479 802 5550 iniquum
833 5474 1226 5546 concluditur,
1259 5493 1394 5532 cum
1427 5478 1557 5548 ejus
1582 5493 1721 5532 caro
1738 5477 1884 5532 anti-

226 5567 323 5638 qui
351 5567 539 5623 hostis
569 5562 1089 5639 persecutionibus
1119 5565 1520 5636 temporaliter
1548 5566 1743 5621 datur.
1774 5566 1883 5632 Qui

229 5669 343 5711 non
375 5655 627 5730 spiritui,
653 5654 758 5711 sed
779 5651 1061 5711 manibus
1094 5652 1345 5710 traditur
1370 5655 1716 5728 impiorum,
1739 5655 1883 5727 quia

1991 1733 2164 1789 malis
2213 1735 2410 1791 cervix
2459 1737 2826 1811 superbiam,
2861 1739 2942 1794 sic
2984 1740 3046 1795 in
3093 1739 3268 1795 bonis
3317 1739 3652 1797 libertatem

1991 1821 2470 1897 erectionemque
2534 1826 2845 1897 signiﬁcat.
2907 1830 2969 1883 Et
3019 1827 3163 1900 quia
3221 1827 3653 1900 persecutionis

1991 1915 2259 1984 tempore
2286 1912 2508 1970 inﬁrmi
2536 1914 2788 1988 quidam
2816 1931 2958 1973 vera
2983 1932 3118 1989 quas
3147 1917 3411 1974 sentiunt
3438 1916 3654 1990 praedi-

1993 2015 2129 2054 care
2157 1999 2340 2056 libere
2377 2017 2500 2060 non
2524 2009 2918 2076 praesumunt,
2947 2010 3102 2062 recte
3133 2006 3208 2062 de
3229 2007 3346 2062 hoc
3366 2007 3538 2063 hoste
3566 2005 3654 2063 di-

1994 2087 2162 2144 citur.
2208 2091 2414 2146 Tenuit
2464 2094 2750 2150 cervicem
2793 2109 3004 2160 meam,
3055 2097 3369 2166 confregit.
3412 2127 3480 2136 -
3511 2099 3650 2152 For-

1995 2181 2155 2234 tasse
2180 2182 2381 2235 autem
2405 2180 2468 2235 hi
2527 2181 2771 2237 cervicis
2818 2183 3219 2256 appellatione
3249 2185 3464 2254 signati
3489 2189 3649 2256 sunt,

1993 2267 2096 2340 qui
2124 2267 2291 2340 pacis
2329 2269 2458 2340 ejus
2489 2273 2755 2342 tempore
2782 2271 2922 2344 plus
2965 2288 3154 2345 quam
3184 2273 3374 2339 decet,
3417 2275 3653 2344 erigun-

1993 2358 2132 2422 tur;
2183 2359 2240 2412 et
2280 2356 2393 2412 sub
2451 2357 2766 2414 occasione
2819 2358 3213 2416 defendendae
3262 2358 3651 2427 rectitudinis,

1991 2443 2132 2500 vitio
2179 2445 2521 2502 deserviunt
2560 2447 2851 2504 elationis.
2893 2448 3003 2514 Qui
3033 2447 3464 2522 persecutionis
3509 2455 3654 2504 tem-

1989 2547 2156 2605 pore,
2181 2533 2404 2592 idcirco
2445 2535 2704 2594 adversa
2731 2536 2870 2610 plus
2906 2538 3186 2606 sentiunt,
3211 2537 3353 2611 quia
3381 2537 3455 2594 de
3484 2552 3652 2610 pros-

1990 2623 2149 2694 peris
2179 2623 2558 2681 extolluntur.
2608 2626 2853 2682 Constat
2894 2625 3182 2682 nimirum
3225 2627 3372 2700 quia
3427 2625 3650 2683 idcirco

1991 2711 2232 2781 signum
2271 2714 2516 2785 ponitur
2545 2717 2611 2770 ut
2639 2715 2992 2786 sagittarum
3029 2715 3353 2773 emissione
3381 2715 3644 2772 feriatur.

1991 2801 2204 2856 Fidelis
2229 2806 2430 2858 autem
2457 2804 2719 2876 populus
2744 2804 2806 2860 in
2847 2804 3089 2876 signum
3112 2805 3271 2862 hosti
3294 2821 3403 2861 suo
3433 2809 3521 2861 est
3545 2819 3650 2874 po-

1993 2889 2160 2958 situs,
2173 2890 2317 2963 quia
2337 2907 2474 2948 eum
2490 2907 2728 2963 semper
2742 2893 2866 2948 suis
2882 2893 3397 2965 persecutionibus
3419 2892 3645 2963 afﬂigit.

1991 2979 2098 3044 Qui
2126 2979 2285 3034 enim
2312 2979 2374 3035 in
2400 2981 2517 3036 hac
2536 2980 2658 3036 vita
2681 2981 2928 3038 assidua
2962 2982 3124 3038 mala
3153 2981 3380 3049 tolerat,
3403 2981 3566 3038 velut
3586 2981 3650 3037 in

1994 3067 2165 3137 signo
2195 3068 2426 3140 positus
2457 3068 2674 3141 excipit
2692 3068 2995 3125 facientes.
3031 3069 3338 3141 Sequitur:

2064 3159 2230 3213 Vens.
2264 3160 2345 3212 14.
2371 3157 2778 3214 t.’ircumdedit
2805 3173 2897 3214 me
2923 3159 3145 3214 lanceis
3165 3158 3310 3226 suis,
3334 3157 3650 3212 convulne-

1993 3247 2156 3304 ravit
2178 3245 2403 3304 lumbos
2427 3263 2604 3317 meos,
2636 3264 2756 3303 non
2772 3248 3045 3318 pepercit
3073 3254 3129 3304 et
3150 3246 3360 3316 effudit
3385 3247 3446 3302 in
3481 3250 3649 3303 terra

1993 3338 2220 3393 viscera
2251 3352 2400 3394 mea.
2435 3369 2504 3377 —
2534 3339 2667 3393 Haec
2681 3337 2846 3408 justa
2872 3336 3127 3393 litteram
3153 3335 3330 3393 beato
3359 3335 3472 3392 Job
3502 3349 3646 3391 con-

1992 3427 2122 3498 grui
2163 3427 2539 3498 [congruere]
2569 3442 2746 3499 posse
2777 3425 3138 3483 videbantur
3164 3441 3271 3500 per
3317 3425 3432 3482 hoc
3479 3424 3647 3498 quod

1990 3515 2223 3573 dicitur.
2251 3517 2664 3574 Circumdedit
2699 3532 2792 3574 me
2845 3517 3068 3574 lanceis
3090 3517 3232 3585 suis,
3259 3515 3395 3585 nisi,
3428 3513 3645 3570 subde-

1990 3610 2076 3662 ret
2121 3606 2287 3678 quod
2317 3621 2388 3662 eo
2419 3606 2706 3679 scriptum
2749 3605 2996 3662 minime
3041 3605 3273 3677 legitur.
3304 3603 3544 3674 Effudit
3580 3603 3645 3659 in

1993 3701 2156 3751 terra
2211 3696 2440 3752 viscera
2492 3711 2642 3753 mea.
2675 3727 2743 3736 ——
2797 3698 2880 3751 Ex
2907 3711 3032 3769 qua
3061 3711 3124 3750 re
3153 3709 3397 3752 necesse
3445 3695 3552 3761 est,
3584 3695 3646 3749 ut

1990 3785 2139 3840 dum
2161 3785 2275 3840 hoc
2299 3785 2461 3855 justa
2479 3784 2732 3841 litteram
2762 3785 3025 3841 invenire
3049 3799 3172 3840 non
3195 3799 3546 3857 possumus,
3572 3795 3647 3838 ea.

1989 3889 2126 3945 quae
2155 3873 2215 3929 in
2248 3873 2448 3929 verbis
2486 3873 2616 3944 ejus
2661 3873 2996 3928 secundum
3046 3871 3357 3928 historiam
3405 3872 3643 3940 sonant,

1985 3961 2157 4032 juxta
2205 3961 2477 4033 spiritum
2511 3960 2931 4034 requiramus!
2972 3962 3189 4016 Sancta
3231 3958 3489 4014 Ecclesia
3513 3957 3645 4013 lan-

1991 4051 2110 4107 ceis
2127 4050 2204 4105 ab
2229 4050 2399 4105 hoste
2416 4065 2529 4105 suo
2551 4049 2976 4115 circumdatur,
2999 4046 3248 4119 quando
3267 4047 3330 4101 in
3358 4044 3646 4101 membris

1992 4139 2119 4196 suis
2152 4139 2230 4194 ab
2277 4138 2698 4211 impugnatore
2749 4135 2968 4193 callido
3013 4137 3409 4192 tentationum
3427 4131 3646 4205 jaculis

1990 4228 2328 4302 impeditur.
2359 4229 2511 4284 Bene
2527 4229 2730 4283 autem
2752 4224 3124 4282 circumdare
3143 4223 3366 4280 lanceis
3387 4221 3644 4278 dicimus

1991 4317 2135 4390 quia
2190 4315 2475 4388 antiquus
2526 4314 2714 4371 hostis
2741 4313 3086 4371 intentionis
3127 4329 3252 4368 suae
3284 4311 3528 4369 vulnere
3564 4309 3645 4367 ab

1991 4407 2157 4464 omni
2211 4410 2379 4480 parte
2431 4420 2542 4461 nos
2598 4403 2848 4477 impetit.
2901 4404 3364 4460 Convulneravit
3416 4401 3646 4458 lumbos

1989 4512 2164 4552 meos.
2198 4496 2264 4551 In
2282 4493 2504 4550 lumbis
2533 4492 2758 4566 quippe
2783 4492 3022 4549 luxuria
3047 4496 3153 4548 est.
3189 4491 3354 4548 Unde
3383 4495 3439 4547 et
3468 4490 3518 4546 is
3539 4489 3646 4563 qui

1989 4585 2270 4658 cupiebat
2299 4583 2668 4656 voluptatem
2693 4582 2956 4638 libidinis
2980 4597 3018 4638 a
3045 4581 3224 4637 corde
3245 4579 3642 4649 exstinguere,

1990 4675 2318 4748 predicavit
2385 4673 2592 4730 dicens
2632 4690 2645 4728 :
2701 4694 2728 4720 ‹‹
2783 4670 3076 4728 Succincti
3129 4669 3372 4724 lumbos
3427 4666 3646 4722 mentis

1993 4769 2194 4823 vestra:
2227 4766 2287 4831 (Ι
2308 4765 2474 4819 Petr.
2502 4778 2544 4833 ι,
2576 4761 2682 4832 l3).
2717 4782 2746 4809 »
2767 4759 2918 4814 Cum
2967 4773 3111 4828 ergo
3145 4758 3428 4828 antiquus
3456 4754 3645 4811 hostis

1988 4853 2229 4909 ﬁdelem
2281 4849 2579 4924 populum
2632 4848 2712 4904 ad
2772 4847 3075 4903 luxuriam
3126 4843 3431 4918 pertrahit,
3480 4843 3644 4900 hunc

1989 4940 2200 5015 procul
2247 4939 2433 4996 dubio
2496 4938 2558 4994 in
2622 4936 2845 4993 lumbis
2910 4935 3060 4991 ferit.
3129 4933 3242 4990 Ubi
3306 4933 3643 4992 notandum

1990 5046 2235 5104 quoque
2265 5033 2372 5098 est,
2392 5026 2558 5100 quod
2588 5041 2710 5082 non
2741 5025 2822 5082 ait
2847 5042 2860 5080 :
2892 5023 3246 5096 vulneravit,
3273 5021 3378 5079 sed
3402 5023 3644 5080 convul-

1990 5126 2224 5178 neravtt
2275 5117 2505 5174 lumbos
2533 5131 2712 5172 meos.
2745 5114 2904 5170 Sicut
2932 5113 3093 5170 enim
3120 5113 3286 5188 loqui
3314 5111 3643 5185 aliquando

1990 5211 2168 5267 unius
2218 5213 2323 5277 est,
2397 5206 2656 5280 colloqui
2699 5221 2843 5262 vero
2894 5205 3178 5277 duorum,
3227 5202 3323 5259 vel
3386 5201 3642 5255 fortasse

1990 5298 2355 5355 multorum:
2388 5295 2469 5352 sic
2518 5294 2802 5368 antiquus
2844 5293 3052 5364 hostis,
3081 5292 3226 5364 quia
3262 5301 3374 5343 nos
3412 5283 3493 5339 ad
3521 5280 3642 5337 cul-

1988 5405 2134 5464 pam
2160 5387 2287 5443 sine
2313 5389 2518 5442 nostra
2543 5383 2846 5442 voluntate
2889 5397 3014 5438 non
3042 5379 3216 5451 rapit,
3240 5387 3641 5464 nequaquam

1988 5461 2230 5535 lumbos
2279 5479 2515 5532 nostros
2540 5473 2875 5537 vulnerare,
2905 5469 3011 5524 sed
3041 5461 3471 5520 convulnerare
3498 5463 3640 5519 dici-

1988 5572 2106 5638 tur,
2132 5545 2276 5639 quia
2300 5565 2416 5622 hoc
2435 5564 2602 5637 quod
2627 5561 2802 5618 nobis
2822 5559 2916 5613 ille
2938 5554 3094 5610 male
3116 5552 3396 5624 suggerit,
3419 5569 3532 5609 nos
3555 5567 3642 5607 se-

1988 5660 2239 5729 quentes
2264 5670 2338 5710 ex
2366 5653 2672 5710 voluntate
2701 5644 2946 5718 propria
2964 5640 3303 5714 implemus.
3331 5640 3638 5712 Sequitur:
