4154 6160
443 174 550 228 ὶῦὓ

1483 161 1542 217 S.
1583 156 1852 216 ODONIS
1884 148 2178 210 ABBATIS
2215 143 2718 204 CLUNIACENSIS
2758 144 2824 198 ll.

3768 137 3894 195 252

443 293 580 349 Non
595 290 886 361 mea.
917 318 987 328 —-
1029 289 1110 342 Ac
1139 285 1188 342 si
1217 284 1411 340 dicat:
1459 284 1586 338 Non
1625 278 1866 335 destitit.
1911 277 1988 331 Et
2013 275 2099 344 ef-
2130 271 2179 325 A
2219 273 2436 361 terram
2465 263 2580 361 ibis
2616 265 2780 361 (Gen.
2823 279 2906 332 ιιι,
2942 260 3047 360 19).
3078 277 3108 312 ›
3138 259 3281 322 Qua:
3313 253 3556 361 scillicet
3585 258 3742 361 terra

442 381 607 451 fudit
637 381 702 434 in
731 385 897 434 terra
926 377 1160 433 viscera
1187 387 1336 430 mea.
1367 368 1521 436 Quid
1551 368 1716 424 aliud
1746 369 1965 423 sanctis
1999 365 2104 417 Ec-

447 469 640 526 clesiae
656 467 886 523 viscera
901 464 1196 522 debemus
1211 461 1504 532 accipere,
1521 457 1634 513 nisi
1652 471 1861 512 eorum
1879 455 2107 536 mentes

447 557 552 632 qui
581 557 712 629 ejus
733 555 1018 628 quadam
1044 553 1110 609 in
1133 567 1195 607 se
1219 548 1507 623 mysteria
1531 545 1856 613 continent,
1895 541 1999 615 qui
2029 539 2108 632 ad

447 629 660 704 intima
685 647 1063 702 sacramenta
1100 639 1486 698 deserviunt?
1531 635 1646 693 Sed
1683 633 1968 705 antiquus
1998 629 2107 686 ad-

448 736 751 795 versarius
805 751 944 790 cum
987 731 1198 788 ﬁdeles
1225 728 1548 803 quosdam,
1587 725 1694 798 qui
1725 721 2106 780 interioribus

450 824 842 884 sacramentis
885 821 1182 880 deservire
1227 818 1601 884 videbantur,
1662 814 1743 870 ad
1799 809 2109 869 saecularia

450 915 694 985 negotia
737 913 1046 988 pertrahit,
1101 912 1234 982 ejus
1273 906 1484 982 procul
1538 905 1728 962 dubio
1770 903 2000 962 viscera
2045 899 2108 956 in

450 1009 672 1062 terram
697 1002 914 1059 fundit.
941 1001 1251 1074 Sequitur:

523 1095 690 1148 Vsus.
728 1092 810 1148 l5.
855 1091 1128 1148 Concidit
1151 1104 1242 1145 me
1281 1089 1528 1143 vulnere
1555 1099 1739 1154 super
1767 1083 2006 1138 vulnus.
2039 1109 2108 1119 —

452 1182 518 1237 In
565 1179 816 1237 inﬁmis
868 1179 992 1236 suis
1041 1182 1252 1234 sancta
1309 1174 1569 1232 Ecclesia
1636 1171 1878 1229 vulnere
1931 1184 2110 1242 super

450 1271 672 1328 vulnus
693 1269 1043 1334 conciditur,
1071 1266 1325 1341 quando
1343 1269 1660 1338 peccatum
1675 1264 1923 1335 peccato
1943 1258 2111 1314 addi-

451 1363 568 1427 tur,
598 1363 666 1414 ut
691 1358 872 1432 culpa
887 1355 1302 1414 vehementius
1323 1356 1737 1424 exaggeretur.
1764 1351 1952 1415 Quem
1968 1363 2108 1403 ava-

450 1446 584 1504 ritia
611 1446 900 1520 pertrahit
928 1445 1007 1502 ad
1037 1444 1340 1516 rapinam,
1372 1441 1586 1513 rapina
1636 1438 1800 1494 ducit
1829 1435 1908 1493 ad
1940 1435 2108 1491 falla—

449 1536 626 1606 ciam,
660 1540 726 1592 ut
775 1537 1114 1608 perpetrata
1141 1532 1319 1604 culpa
1370 1546 1443 1585 ex
1493 1529 1748 1584 falsitate
1780 1527 1960 1581 etiam
2001 1524 2110 1580 de-

2215 353 2542 429 demptoris
2571 353 2758 410 nostri
2805 350 3164 436 sanguinem
3191 361 3316 404 non
3364 343 3701 436 abscondit,

2214 444 2630 519 unusquisque
2675 447 2956 517 peccator
3001 435 3431 510 redemptionis
3461 451 3588 491 suae
3617 435 3886 509 pretium

2215 552 2484 605 sumens,
2518 533 2834 591 conﬁtetur
2857 548 2927 589 ac
2957 528 3186 596 laudat,
3214 531 3269 583 et
3298 525 3524 600 quibus
3557 525 3722 582 volet
3739 541 3882 599 pro-

2214 625 2412 682 ximus
2441 622 2774 680 innotescit.
2807 625 2982 678 Terra
3003 619 3187 676 etiam
3211 617 3264 687 ej
3274 633 3343 670 us
3371 613 3738 684 sanguinem
3756 629 3890 671 non

2213 715 2468 788 aperuit,
2496 713 2642 787 quia
2695 716 2902 767 sancta
2961 707 3219 764 Ecclesia
3273 703 3707 778 redemptionis
3746 705 3882 776 ejus

2215 803 2569 876 mysterium
2597 803 2659 858 in
2691 799 2920 858 cunctis
2943 799 3074 872 jam
3119 795 3333 852 mundi
3359 793 3636 868 partibus
3662 793 3884 867 praedi-

2215 893 2392 950 cavit.
2426 893 2555 966 Ipse
2585 890 2747 947 enim
2777 889 3023 958 sanguis
3043 884 3436 958 redemptoris
3466 884 3576 958 qui
3597 884 3884 957 sumitur,

2215 983 2443 1040 clamor
2472 986 2560 1037 est
2587 980 2772 1037 nostri
2795 976 3226 1052 Redemptoris.
3258 973 3432 1030 Unda
3456 973 3638 1030 etiam
3659 973 3886 1030 Paulus

2215 1073 2394 1130 dicit:
2431 1075 2496 1128 Et
2551 1069 2861 1140 sanguinis
2912 1066 3319 1140 aSpersionem
3374 1063 3590 1120 melius
3627 1062 3882 1136 loquen-

2217 1165 2336 1216 tem
2381 1175 2570 1233 quam
2600 1157 2746 1213 Abel
2777 1156 2975 1228 (Hebr.
3010 1170 3102 1220 xu,
3129 1157 3244 1221 24).
3277 1175 3304 1202 ››
3362 1154 3585 1208 Locum
3615 1151 3778 1208 enim
3800 1150 3885 1208 la-

2217 1249 2380 1305 tendi
2411 1248 2639 1305 clamor
2693 1247 2823 1318 ejus
2864 1245 2926 1301 in
2965 1243 3142 1300 nobis
3189 1239 3436 1308 invenit,
3469 1239 3520 1296 si
3556 1240 3674 1296 hoc
3715 1239 3888 1313 quod

2219 1353 2394 1394 mens
2427 1337 2634 1402 credit,
2665 1336 2872 1406 lingua
2899 1337 3076 1392 tacet.
3113 1330 3229 1389 Sed
3254 1347 3329 1388 ne
3357 1330 3422 1386 in
3443 1329 3624 1386 nobis
3655 1329 3886 1388 clamor

2218 1428 2350 1498 ejus
2377 1427 2576 1495 lateat,
2601 1429 2782 1482 restat
2810 1429 2876 1480 ut
2907 1421 3326 1495 unusquisque
3351 1421 3526 1492 juxta
3565 1418 3885 1498 modulum

2219 1535 2399 1574 suum
2429 1515 2840 1573 vivificationis
2867 1529 2993 1569 suae
3013 1511 3369 1585 mysterium
3386 1510 3684 1586 proximis
3709 1510 3884 1566 inno-

449 1605 750 1691 fendatur,
776 1605 925 1695 quid
949 1622 1079 1685 iste.
1109 1620 1222 1676 nisi
1262 1635 1446 1691 super
1474 1617 1689 1674 vulnus
1719 1615 1994 1672 concisus
2021 1618 2112 1670 est
2137 1625 2187 1679 Β
2220 1611 2426 1664 tescat.
2462 1605 2740 1679 Sequitur
2765 1621 2776 1659 :

450 1713 745 1769 vulnere?
774 1711 946 1767 Unde
979 1725 1226 1784 quoque
1257 1713 1316 1764 et
1341 1724 1448 1781 per
1477 1707 1838 1780 prophetam
1864 1703 2107 1760 dicitur:

454 1823 484 1850 κ
515 1799 908 1866 Maledictum,
933 1804 994 1855 et
1043 1797 1450 1867 mendacium,
1501 1800 1558 1851 et
1611 1793 2024 1856 homicidium,
2058 1798 2115 1849 et

452 1887 700 1956 furtum,
727 1892 786 1945 et
833 1887 1216 1956 adulterium,
1262 1885 1726 1953 inundaverunt,
1759 1887 1817 1938 et
1867 1883 2114 1951 sanguis

455 1976 812 2048 sanguinem
859 1975 1044 2046 tetigit
1074 1975 1244 2044 (Osee
1289 1992 1368 2042 1v,
1400 1975 1476 2043 2).
1511 1992 1541 2026 »
1575 1971 1889 2046 Sequitur:
1924 1972 2114 2026 Irruit

453 2067 518 2122 in
545 2081 640 2126 me
664 2069 841 2138 quasi
865 2068 1060 2138 gigas.
1091 2095 1160 2105 ——
1191 2063 1379 2121 Facile
1407 2063 1633 2136 quippe
1665 2061 1908 2118 inimico
1938 2059 2116 2116 resis-

456 2155 621 2226 titur,
666 2155 871 2212 sinon
902 2154 957 2212 ei
1008 2154 1106 2211 vel
1132 2154 1191 2210 in
1233 2152 1458 2221 multis,
1498 2151 1589 2208 vel
1635 2151 1696 2206 in
1729 2167 1850 2206 uno
1891 2149 2115 2206 diutius

455 2245 880 2313 consentiatur,
913 2245 963 2300 si
1006 2260 1140 2301 vero
1169 2244 1302 2316 ejus
1349 2241 1736 2299 suasionibus
1771 2240 1976 2296 anima
2023 2255 2118 2294 su-

452 2333 629 2392 besse
685 2335 1006 2406 consuerit,
1035 2338 1268 2408 quanto
1325 2349 1388 2389 se
1435 2331 1488 2388 ei
1536 2330 1802 2388 crebrius
1856 2327 2114 2399 subjicit,

454 2429 620 2482 tanto
647 2441 787 2480 eum
818 2424 936 2480 sibi
958 2422 1486 2480 intolerabiliorem
1521 2419 1678 2486 facit,
1705 2423 1766 2474 ut
1785 2418 1839 2474 ei
1867 2417 2116 2473 relucta-

456 2512 508 2567 ri
534 2527 658 2568 non
683 2511 898 2568 valeat.
929 2511 1242 2582 Sequitur:

529 2601 698 2654 Vens.
738 2600 823 2654 16.
852 2600 1110 2654 Saccum
1139 2597 1350 2654 censui
1374 2611 1556 2666 super
1585 2601 1775 2652 cutem
1816 2609 2026 2660 meam,
2060 2600 2116 2651 et

459 2687 679 2756 operui
705 2687 904 2743 cinere
931 2701 1176 2742 carnem
1227 2700 1442 2742 meam.
1484 2716 1552 2725 —
1583 2684 1738 2751 Quid
1767 2684 1828 2740 in
1857 2699 2034 2741 sacco
2060 2688 2119 2740 et

457 2775 521 2830 in
574 2773 788 2843 cinere,
845 2775 960 2831 nisi
1012 2773 1402 2848 paenitentia?
1456 2773 1611 2840 Quid
1662 2773 1722 2830 in
1765 2778 1896 2830 cute
1949 2778 2009 2828 et
2055 2773 2118 2829 in

460 2877 660 2930 carne,
706 2862 821 2920 nisi
849 2868 1168 2936 peccatum
1197 2863 1396 2920 carnis
1425 2861 1604 2918 debet
1643 2861 1938 2931 intelligi?
1969 2864 2118 2917 Cum

2291 1716 2462 1769 Vens.
2491 1716 2581 1767 20.
2613 1713 2767 1768 Ecce
2787 1711 2942 1766 enim
2993 1709 3056 1764 in
3085 1709 3233 1764 ctelo
3262 1707 3422 1764 testis
3459 1721 3642 1773 meus,
3662 1712 3719 1762 et
3749 1721 3891 1762 con-

2218 1806 2375 1860 scius
2407 1820 2568 1860 meus
2599 1804 2662 1859 in
2694 1802 2960 1858 excelsis.
2986 1831 3056 1840 —
3084 1801 3232 1854 Cum
3263 1797 3426 1856 enim
3444 1796 3599 1852 ﬁlius
3623 1795 3888 1853 labefac-

2222 1897 2444 1951 taretur
2461 1893 2524 1948 in
2551 1897 2722 1958 terra,
2743 1895 2871 1947 erat
2899 1890 2952 1946 ei
2973 1889 3138 1946 testis
3168 1887 3230 1944 in
3251 1885 3422 1944 coelo.
3440 1885 3637 1943 Testis
3656 1886 3888 1959 quippe

2226 1983 2344 2040 Filii
2376 1985 2542 2038 Pater
2573 1985 2680 2048 est,
2708 1980 2783 2037 de
2811 1994 2938 2052 quo
2965 1979 3092 2050 ipse
3116 1977 3174 2033 in
3216 1974 3542 2046 Evangelio
3563 1974 3732 2032 dicit:
3763 1997 3793 2024 «
3819 1977 3889 2031 Et

2221 2071 2328 2144 qui
2358 2069 2518 2126 misit
2568 2085 2666 2126 me
2695 2071 2882 2134 Pater,
2926 2067 3055 2140 ipse
3109 2063 3522 2122 testimonium
3578 2061 3888 2136 perhibuit

2224 2159 2300 2215 de
2329 2176 2426 2215 me
2457 2159 2636 2229 (Joan
2663 2174 2717 2224 v,
2749 2159 2863 2222 37).
2895 2174 2926 2208 ›
2960 2154 3070 2220 Qui
3100 2159 3258 2210 recte
3283 2153 3467 2210 etiam
3496 2153 3768 2209 conscius
3797 2151 3886 2208 di-

2223 2248 2394 2316 citur,
2423 2247 2568 2320 quia
2597 2261 2718 2302 una
2746 2245 3073 2314 voluntate,
3103 2258 3228 2299 uno
3273 2241 3522 2299 consilio
3550 2243 3716 2298 Pater
3743 2256 3886 2298 cum

2226 2337 2368 2392 Filio
2397 2351 2635 2408 semper
2665 2339 2967 2406 operatur.
2997 2331 3174 2399 Quod
3199 2331 3449 2389 fortasse
3477 2331 3660 2389 etiam
3683 2329 3886 2387 advo-

2225 2441 2356 2482 cem
2395 2425 2528 2496 ejus
2573 2423 2842 2496 corporis
2891 2422 3094 2479 referri
3141 2421 3318 2478 valet.
3358 2421 3576 2477 Sancta
3616 2435 3887 2492 namque

2227 2513 2486 2570 Ecclesia
2511 2512 2734 2569 idcirco
2772 2511 3032 2568 adversa
3059 2509 3196 2567 vita:
3223 2508 3534 2582 praesentis
3563 2507 3796 2574 tolerat,
3821 2511 3890 2566 ut

2223 2605 2382 2660 hanc
2410 2618 2674 2676 superna
2721 2601 2912 2671 gratia
2941 2601 3019 2658 ad
3044 2600 3297 2674 praemia
3319 2603 3544 2655 atoma
3566 2597 3882 2671 perducat

2226 2691 2434 2748 Carnis
2465 2705 2590 2748 suae
2621 2694 2880 2747 mortem
2924 2688 3196 2761 despicit,
3241 2686 3388 2760 quia
3432 2685 3892 2742 resurrectionis

2227 2780 2430 2850 glorise
2458 2779 2729 2846 intendit,
2759 2777 3104 2835 transitoria
3127 2780 3267 2833 sunt
3296 2791 3434 2850 quae
3465 2775 3720 2848 patitur:
3751 2789 3887 2848 per-

2227 2875 2408 2943 petua
2437 2885 2574 2942 quas
2599 2866 2996 2940 praestolatur.
3037 2870 3112 2922 De
3139 2865 3364 2938 quibus
3389 2863 3677 2920 nimirum
3706 2862 3890 2920 bonis

460 2967 605 3022 ergo
633 2953 887 3026 quidam
928 2957 1064 3026 post
1091 2952 1334 3026 lapsum
1370 2951 1568 3008 carnis
1597 2951 1674 3008 ad
1705 2950 2120 3024 paenitentiam
2149 2977 2190 3032 ρ
2226 2957 2528 3032 perpetuis
2557 2956 2926 3014 dubietatem
2955 2970 3079 3012 non
3107 2953 3309 3019 habet,
3363 2952 3508 3026 quia
3556 2951 3736 3008 ﬁdele
3756 2953 3886 3024 jam

459 3041 731 3112 redeunt,
759 3043 936 3117 quasi
979 3059 1189 3100 saccus
1229 3057 1414 3116 super
1455 3047 1653 3100 cutem
1703 3041 2030 3108 consuitur,
2063 3045 2121 3096 et

459 3133 672 3190 cinere:
695 3149 838 3190 caro
864 3132 1221 3206 cooperitur,
1247 3133 1392 3206 quia
1421 3131 1602 3206 culpa
1629 3131 1827 3188 carnis
1859 3147 1966 3204 per
1990 3146 2118 3203 poe-

459 3223 770 3278 nitentiam
823 3223 1060 3292 tegitur,
1091 3237 1168 3278 ne
1196 3221 1258 3277 in
1286 3221 1531 3278 districti
1578 3221 1802 3277 Judicis
1841 3219 2118 3276 examine

460 3311 540 3366 ad
569 3310 859 3366 ultionem
878 3311 1167 3367 videatur.
1203 3311 1480 3382 Sequitur
1505 3328 1517 3366 :

477 3415 480 3419 '
533 3399 702 3453 Vsus.
739 3401 822 3453 l7.
855 3397 1066 3455 Facies
1101 3412 1231 3456 mea
1287 3398 1531 3454 intumit
1580 3399 1744 3467 ﬂetu.
1800 3429 1866 3438 —
1920 3398 2119 3453 Facies

462 3485 689 3559 quippe
721 3485 991 3542 Ecclesiae
1039 3491 1180 3542 sunt
1225 3486 1286 3543 hi
1315 3486 1420 3558 qui
1466 3486 1529 3542 in
1556 3485 1706 3542 lucis
1755 3485 2120 3556 regiminum

461 3573 641 3647 positi
667 3579 964 3647 apparent
980 3575 1180 3648 primi,
1199 3578 1264 3631 ut
1277 3591 1351 3630 ex
1371 3590 1582 3630 eorum
1606 3574 1801 3646 specie
1832 3573 1907 3629 sit
1929 3574 2122 3630 honor

462 3659 660 3717 ﬁdelis
717 3661 947 3734 populi,
996 3661 1229 3718 etiamsi
1277 3661 1426 3734 quid
1471 3662 1531 3718 in
1560 3677 1812 3734 corpore
1840 3661 1984 3717 latet
2025 3662 2124 3717 de-

462 3749 676 3807 formo.
717 3749 828 3815 Qui
880 3750 1166 3808 nimirum
1225 3750 1454 3824 praelati
1495 3750 1776 3826 plebibus
1826 3751 2123 3824 plangunt

463 3837 674 3912 culpas
703 3839 1161 3909 inﬁrmantium,
1193 3856 1380 3913 seque
1401 3841 1486 3897 sic
1507 3841 1583 3897 de
1613 3840 1821 3898 alienis
1848 3840 2123 3914 lapsibus

463 3941 537 3984 ac
564 3927 614 3985 si
641 3927 718 3985 de
763 3928 1021 4002 propriis
1077 3927 1370 4000 afﬂigunt.
1425 3929 1738 4002 Sequitur:
1798 3930 1879 3985 Et
1905 3930 2119 3999 palpe-

464 4015 590 4074 brae
637 4031 753 4075 mae
799 4019 1242 4088 caligaverunt.
1273 4049 1344 4058 —
1394 4016 1700 4090 Palpebrae
1751 4018 1914 4074 enim
1964 4022 2122 4074 recte

461 4103 774 4177 appellatae
818 4110 975 4175 sunt,
1005 4105 1112 4179 qui
1141 4105 1224 4164 ad
1250 4106 1628 4180 providenda
1651 4106 1879 4181 pedum
1909 4106 2121 4163 itinera

460 4191 727 4264 vigilant.
759 4194 874 4251 Sed
901 4210 1044 4250 cum
1071 4193 1306 4251 occulta
1345 4195 1446 4251 Dei
1497 4195 1725 4267 judicia
1751 4211 1862 4252 nec
1891 4209 2123 4268 praepo-

464 4279 558 4336 siti
588 4280 902 4350 vigilantes
949 4281 1304 4351 intelligunt,
1338 4283 1641 4355 palpebra:
1671 4288 1891 4339 sancta:
1923 4283 2118 4340 Eccle-

465 4367 566 4424 site
595 4367 873 4438 caligant.
913 4370 1190 4442 Sequitur
1212 4387 1226 4426 :

535 4457 702 4512 Vens.
739 4459 824 4512 18.
871 4457 1018 4514 Haec
1067 4472 1285 4527 passus
1343 4473 1473 4514 sum
1530 4458 1752 4531 absque
1807 4460 2122 4530 iniquitate

463 4558 677 4602 inanus
723 4559 887 4612 mete,
946 4545 1088 4602 dum
1147 4545 1421 4604 haberem
1489 4547 1742 4604 mandas
1795 4552 1877 4605 ad
1930 4550 2119 4606 Deum

459 4648 682 4704 preces.
733 4666 803 4676 -—
857 4634 1099 4708 Absque
1151 4634 1461 4708 iniquitate
1506 4635 1668 4692 enim
1723 4652 1944 4693 manus
1997 4653 2122 4693 suae

461 4723 718 4798 pertulit,
751 4744 782 4780 ‹
808 4725 912 4798 qui
963 4731 1280 4798 peccatum
1331 4741 1454 4782 non
1485 4725 1640 4795 fecit,
1672 4742 1782 4784 nec
1821 4725 1999 4782 dolus
2026 4727 2119 4782 in-

461 4817 675 4870 ventus
711 4819 802 4871 est
828 4813 891 4870 in
937 4830 1039 4871 ore
1065 4814 1196 4886 ejus
1220 4815 1271 4886 (Ι
1309 4815 1475 4870 Petr.
1511 4831 1568 4882 ιι,
1600 4815 1714 4876 22).
1749 4835 1778 4867 »
1828 4817 1895 4871 Et
1921 4820 2121 4873 tamen

463 4899 734 4958 dolorem
777 4903 970 4960 crucis
995 4919 1105 4975 pro
1156 4906 1360 4960 nostra
1389 4902 1798 4976 redemptione
1829 4904 2118 4962 toleravit.

465 4989 577 5056 Qui
605 4989 767 5047 solus
797 5006 907 5064 pro
949 4991 1234 5048 omnibus
1264 4992 1521 5050 mundas
1550 4993 1632 5050 ad
1689 4995 1875 5050 Deum
1911 5009 2122 5064 preces

461 5077 694 5148 habuit,
751 5080 896 5152 quia
945 5086 1003 5136 et
1059 5079 1122 5136 in
1193 5079 1326 5153 ipso
1384 5079 1588 5137 dolore
1653 5082 1954 5155 passionis
2011 5098 2122 5156 pro

461 5169 946 5242 persecutoribus
1003 5169 1198 5226 oravit
1250 5169 1502 5227 dicens:
1561 5193 1588 5222 ‹‹
1644 5174 1830 5239 Pater,
1890 5172 2121 5230 dimitte

461 5256 595 5328 illis,
614 5273 738 5315 non
767 5257 930 5316 enim
960 5257 1156 5314 sciunt
1182 5257 1330 5331 quid
1359 5257 1585 5316 faciunt
1612 5259 1952 5330 (Luc.xxiu,
1971 5260 2118 5332 34).»

467 5346 762 5418 Sequitur.

535 5437 702 5492 Vsus.
739 5441 824 5494 l9.
859 5439 1044 5495 Terra
1097 5452 1173 5494 ne
1217 5437 1450 5508 aperiat
1497 5439 1848 5509 sanguinem
1902 5453 2117 5508 meum,

465 5539 654 5596 neque
684 5525 949 5584 inveniat
979 5528 1175 5586 locum
1215 5528 1279 5584 in
1311 5533 1367 5583 te
1396 5527 1628 5584 latendi
1677 5528 1908 5584 clamor
1933 5535 2115 5584 meus.

466 5645 535 5661 -η
564 5613 836 5672 Peccanti
885 5615 1117 5674 homini
1161 5616 1391 5675 dictum
1413 5621 1533 5674 est:
1567 5636 1600 5670 ‹
1629 5619 1806 5674 Terra
1829 5632 1915 5690 es,
1958 5621 2018 5675 et
2055 5617 2117 5675 in

2226 3047 2634 3105 testimonium
2665 3045 3075 3119 Redemptoris
3104 3043 3360 3114 gloriam
3385 3047 3560 3100 tenet.
3592 3042 3707 3108 Qui
3732 3044 3895 3099 recte

2227 3141 2495 3195 conscius
2521 3137 2756 3204 dicitur,
2785 3135 2928 3208 quia
2953 3139 3236 3192 naturam
3255 3139 3524 3191 nostram
3542 3148 3669 3190 non
3691 3132 3892 3190 solum

2229 3225 2490 3282 creando
2519 3225 2704 3291 novit,
2741 3224 2846 3281 sed
2873 3223 3056 3281 etiam
3102 3221 3490 3280 assumendo.
3515 3221 3678 3280 Scire
3725 3221 3890 3278 enim

2228 3315 2360 3386 ejus
2407 3319 2497 3371 est
2543 3318 2752 3372 nostra
2797 3313 3135 3386 suscepisse
3166 3310 3337 3368 Unde
3384 3311 3564 3368 etiam
3603 3327 3714 3384 per
3736 3309 3894 3368 Psal-~

2229 3404 2474 3461 mistam
2501 3404 2748 3460 dicitur:
2785 3427 2811 3453 ι(
2853 3404 2987 3476 Ipse
3015 3403 3175 3460 enim
3201 3402 3312 3459 scit
3354 3400 3713 3472 ﬁgmentum
3754 3415 3893 3458 nos-

2229 3499 2388 3550 trum
2418 3494 2608 3563 (Psal.
2634 3509 2728 3557 cu,
2771 3491 2875 3564 14).
2910 3510 2940 3546 ι)
2971 3493 3114 3558 Qum
3143 3495 3348 3549 tamen
3375 3506 3493 3548 vox
3520 3506 3660 3548 cum
3710 3489 3890 3548 beato

2229 3582 2342 3638 Job
2367 3597 2697 3652 congruere
2722 3581 2898 3638 nobis
2945 3581 3126 3638 etiam
3163 3579 3414 3651 singulis
3443 3583 3658 3654 potest.
3683 3577 3894 3637 Omnis

2229 3671 2412 3741 enim,
2444 3671 2550 3743 qui
2576 3687 2647 3726 ex
2677 3686 2749 3727 eo
2775 3669 3108 3744 quodagit,
3129 3671 3434 3727 humanas
3472 3667 3686 3726 laudes
3713 3683 3898 3741 appe-

2227 3759 2314 3827 tit,
2347 3764 2554 3816 testem
2602 3759 2662 3815 in
2691 3764 2850 3816 terra
2877 3759 3131 3832 quaerit;
3174 3757 3281 3832 qui
3311 3763 3516 3816 autem
3543 3756 3620 3814 de
3654 3756 3894 3814 actibus

2231 3847 2354 3902 suis
2406 3847 2800 3920 omnipotenti
2835 3850 2954 3904 Deo
3001 3846 3236 3920 placere
3267 3845 3529 3914 festinat,
3559 3851 3773 3904 testem
3827 3861 3895 3902 se

2231 3937 2454 3994 habere
2477 3937 2536 3993 in
2564 3937 2714 3992 caelo
2741 3937 3103 3994 considerat.
3145 3936 3424 4010 Sequitur
3449 3953 3462 3992 :

2303 4065 2472 4118 Vens.
2503 4066 2592 4118 21.
2654 4061 2896 4119 Verbosi
2934 4061 3116 4118 amici
3157 4061 3292 4130 mei,
3343 4061 3425 4118 ad
3453 4061 3638 4117 Deum
3698 4060 3895 4116 stillat

2233 4153 2440 4208 oculus
2496 4167 2680 4208 meus.
2712 4183 2782 4190 —-
2811 4149 2963 4215 Quid
3002 4149 3164 4206 enim
3191 4163 3300 4222 per
3327 4148 3594 4217 oculum,
3624 4147 3738 4204 nisi
3771 4163 3898 4203 cor-

2232 4240 2324 4296 dis
2355 4240 2601 4296 intcntio
2641 4240 3038 4310 designatur?
3079 4239 3241 4295 Sicut
3284 4237 3574 4312 scriptum
3622 4243 3743 4294 est:
3778 4260 3804 4287 ‹‹
3836 4233 3896 4296 Si

2159 4327 2409 4392 Dfuerit
2459 4330 2672 4386 oculus
2702 4335 2840 4385 tuus
2889 4327 3166 4402 simplex,
3213 4333 3405 4386 totum
3454 4343 3674 4402 corpus
3722 4332 3895 4384 tuum

2232 4418 2499 4474 lucidum
2553 4419 2662 4475 erit
2699 4421 2864 4487 (Luc.
2911 4434 2993 4491 x1,
3046 4420 3153 4491 34).
3191 4437 3218 4470 ι)
3263 4419 3410 4476 Cum
3455 4433 3598 4490 ergo
3653 4415 3895 4473 verbosi

2182 4547 2185 4550 -
2232 4507 2408 4564 a’mici
2469 4511 2628 4575 sunt,
2658 4507 2718 4563 id
2770 4511 2878 4575 est,
2911 4523 3050 4564 cum
3109 4512 3165 4564 et
3206 4506 3318 4580 ipsi
3348 4507 3660 4577 derogant,
3701 4505 3893 4580 quiin

2231 4596 2349 4652 ﬁde
2379 4596 2681 4654 sociantur
2701 4596 2780 4654 ad
2807 4599 2996 4654 Deum
3025 4611 3272 4654 necesse
3301 4600 3390 4652 est
3415 4599 3479 4652 ut
3507 4594 3719 4653 oculus
3763 4593 3892 4651 stil-

2228 4686 2326 4757 let,
2353 4692 2654 4760 quatenus
2684 4689 2890 4744 nostra
2921 4687 3162 4744 intentio
3198 4691 3321 4744 tota
3346 4685 3408 4743 in
3436 4686 3659 4744 amoris
3694 4684 3890 4742 intimi

2227 4778 2691 4849 compunctione
2721 4775 2965 4834 deﬂuat.
3006 4777 3320 4850 Sequitur:

2303 4906 2470 4960 Vsns.
2506 4907 2594 4959 22.
2627 4903 2825 4975 Atque
2853 4904 3086 4960 utinam
3113 4905 3201 4960 sic
3219 4903 3608 4973 judicaretur
3637 4902 3733 4957 vir
3755 4917 3890 4958 cum

2231 4993 2668 5063 Deo,quomodo
2689 4993 3014 5062 judicatur
3030 4993 3196 5062 ﬁlius
3219 4992 3472 5050 hominis
3493 5007 3627 5048 cum
3657 4991 3892 5061 collega

2229 5083 2783 5138 suo.—Peccatores
2807 5080 3054 5154 quidem
3077 5097 3188 5138 nos
3211 5097 3342 5138 esse
3363 5095 3600 5155 semper
3619 5095 3894 5151 agnosci-

2229 5186 2386 5240 mus,
2403 5169 2508 5225 sed
2533 5174 2736 5226 tamen
2763 5186 2920 5242 saepe
2941 5170 3003 5226 in
3025 5169 3263 5242 ﬂagello
3277 5169 3474 5243 positi,
3491 5185 3602 5243 pro
3620 5184 3748 5242 quo
3766 5183 3893 5225 ma-

2229 5260 2319 5330 gis
2349 5263 2596 5332 peccato
2607 5258 3006 5332 flagellamur,
3021 5259 3469 5331 ignoramus.Et
3485 5274 3599 5316 nos
3614 5257 3728 5332 ipsi
3750 5256 3892 5314 sub-

2229 5349 2310 5405 tili
2339 5347 2723 5423 inquisitione
2753 5348 3217 5420 discutimus,ut
3236 5349 3318 5406 sic
3345 5347 3656 5424 quomodo
3674 5363 3896 5421 possu-

2229 5456 2365 5508 mus
2379 5454 2628 5495 causam
2642 5439 3074 5511 persecutionis
3087 5443 3305 5497 nostris
3322 5438 3679 5508 investigare
3694 5435 3900 5494 valea-

2227 5544 2384 5596 mus,
2417 5544 2552 5600 quaa
2581 5527 2730 5583 dum
2751 5526 3106 5601 plerumque
3135 5543 3247 5586 nos
3271 5527 3414 5585 latet
3429 5527 3506 5584 sit
3519 5525 3697 5583 nobis
3720 5526 3896 5582 oneri

2226 5617 2462 5676 caecitas
2486 5621 2712 5690 nostra,
2725 5616 2869 5675 etde
2883 5633 2954 5678 eo
2973 5617 3144 5692 quod
3166 5617 3430 5691 patimur
3449 5615 3588 5691 plus
3609 5614 3894 5678 dolemus
