4146 6156
236 165 347 221 253

1092 162 1387 219 EPITOIE
1414 164 1780 221 IORALIUI
1819 162 1875 219 S.
1905 161 2109 223 G530.
2143 161 2213 219 ικ
2234 163 2379 220 JOB.
2405 186 2480 224 e—
2506 165 2640 223 LIB.
2671 167 2807 225 XIII.

235 286 518 360 Quisquis
547 303 693 343 vero
713 304 853 342 cum
884 286 1112 358 collega
1159 303 1270 342 suo
1300 288 1379 343 ad
1405 288 1701 359 judicium
1724 302 1892 343 acce-
1931 288 1981 345 Αι
2006 288 2209 358 Neque
2234 287 2350 345 hoc
2381 288 2467 345 ita
2505 289 2742 358 dicitur,
2771 307 2842 345 ac
2872 291 2920 347 si
2947 291 3335 363 omnipotens
3358 295 3418 348 et
3443 292 3673 349 miseri.-

228 377 336 445 dit,
369 381 428 433 et
451 377 622 449 quod
645 377 837 445 sentit,
865 376 1023 443 dicit,
1056 380 1114 432 et
1141 377 1438 449 quidquid
1469 376 1895 433 contradicitur

230 465 530 536 agnoscit,
558 470 616 521 et
654 464 927 536 voluerit,
956 464 1157 536 pulsat
1212 469 1269 520 et
1309 466 1475 522 novit
1504 465 1664 521 unde
1694 464 1893 539 pulsa-

226 559 347 611 tur.
381 553 496 621 Qui
525 554 684 610 enim
714 553 921 609 divina
968 553 1497 611 animadversione
1543 553 1893 628 percutitur,

229 642 385 699 dum
406 641 574 699 novit
608 641 854 714 quidem
880 641 1024 713 quia
1066 642 1333 715 vapulat,
1377 642 1481 699 sed
1514 659 1625 699 cur
1654 640 1898 715 vapulet

228 732 490 802 ignorat,
548 729 722 803 quasi
771 729 912 786 dicit
967 731 1096 804 ipse
1149 731 1315 803 quod
1346 732 1539 797 sentit,
1573 732 1679 789 sed
1730 730 1893 804 quod

231 824 441 877 contra
471 834 538 874 se
581 818 797 874 dicitur
825 820 1033 888 nescit,
1091 820 1236 894 quia
1270 820 1397 893 ipse
1430 820 1679 893 quidem
1728 820 1893 891 inge-

232 908 511 976 miscitin
540 907 810 979 verbere,
844 908 952 964 sed
1002 913 1155 965 Deus
1199 915 1402 983 aperte
1450 926 1577 966 non
1606 909 1907 977 declarat,

232 1015 343 1073 pro
372 1014 498 1071 qua
525 1013 665 1053 eum
692 997 863 1055 feriat
893 998 1134 1055 ultione.
1170 999 1445 1072 Sequitur
1478 1017 1490 1054 :

303 1091 473 1144 Vsus.
506 1091 597 1144 23.
619 1087 774 1143 Ecce
805 1090 961 1144 enim
981 1088 1178 1145 breves
1207 1090 1358 1145 anni
1384 1094 1721 1158 transeunt,
1739 1094 1791 1145 et
1816 1104 1897 1145 se-

230 1180 443 1235 mitam
471 1192 581 1249 per
636 1192 818 1248 quam
851 1194 970 1234 non
1001 1184 1277 1235 revertar
1306 1179 1573 1235 ambulo.
1603 1212 1671 1220 —
1707 1180 1897 1235 Omne

228 1268 398 1342 quod
430 1266 639 1323 transit
668 1265 852 1323 breve
889 1272 1000 1335 est,
1055 1268 1289 1324 etiamsi
1321 1268 1551 1324 tardius
1592 1268 1897 1325 terminari

225 1358 523 1415 videatur.
548 1360 613 1412 In
661 1357 870 1413 mortis
903 1362 1104 1414 autem
1146 1358 1379 1427 semita,
1410 1373 1518 1431 per
1560 1374 1746 1431 quam
1773 1374 1897 1414 non

224 1446 610 1512 revertimur,
641 1445 1069 1515 ambulamus;
1108 1463 1233 1505 non
1257 1448 1426 1520 quod
1452 1447 1530 1504 ad
1555 1447 1741 1504 vitam
1764 1464 1894 1504 car-

228 1537 327 1592 nis
347 1535 598 1592 minime
626 1535 998 1605 resurgendo
1046 1535 1413 1606 reducimur,
1446 1537 1552 1593 sed
1603 1537 1769 1610 quod
1816 1538 1893 1593 ad

2005 390 2140 430 cors
2170 379 2323 432 Deus
2346 377 2527 447 longe
2581 394 2684 434 cor
2725 378 2991 434 hominis
3036 395 3072 435 a
3099 379 3417 453 disciplina
3464 380 3669 447 faciat,
3710 414 3715 418 -

2005 465 2110 520 sed
2139 466 2305 537 quod
2336 471 2549 539 sponte
2576 466 2818 539 lapsum
2842 468 2928 523 ibi
2958 485 3273 526 remanere
3299 469 3403 526 ubi
3456 470 3671 527 cecidit

1996 552 2330 623 judicando
2405 556 2727 628 permittat.
2773 556 3050 629 Sequitur
3105 574 3119 611 :
3159 558 3491 628 Propterea
3542 574 3663 615 non

2002 642 2455 698 exaltabunlur.
2486 676 2551 684 —
2598 644 2749 709 Quia
2776 644 2927 700 dum
2968 643 3199 700 inﬁmis
3255 644 3671 719 voluptatibus

2003 730 2237 787 dimissi
2276 735 2508 790 terrena
2552 732 2720 790 bona
2766 748 3004 806 semper
3056 732 3419 802 desiderant,
3449 751 3554 792 cor
3584 736 3667 792 ad

2005 836 2267 894 superna
2317 822 2543 891 gaudia
2590 838 2907 895 nunquam
2968 821 3191 878 levant.
3251 822 3673 891 Exaltarentur,

2004 911 2229 983 quippe
2259 910 2310 966 si
2333 914 2598 975 mentem
2628 911 2708 967 ad
2737 928 2908 985 spem
2938 911 3145 984 patrias
3177 910 3435 967 cmlestis
3477 913 3671 982 erige-_

2003 1003 2152 1056 rent.
2186 999 2300 1055 Sed
2324 999 2427 1072 qui
2458 1016 2564 1073 per
2584 1000 2965 1072 disciplinam
2992 999 3290 1057 custodire
3341 999 3530 1057 vitam
3558 999 3668 1056 mi-

2003 1089 2166 1145 nime
2208 1088 2467 1157 student,
2524 1106 2762 1163 semper
2791 1106 2897 1162 per
2952 1088 3251 1146 desideria
3290 1088 3356 1145 in
3408 1089 3547 1146 imis
3569 1079 3693 1160 jar.

2005 1183 2158 1235 cent.
2181 1179 2456 1251 Sequitur
2484 1197 2497 1235 :

2076 1271 2242 1325 Vsus.
2276 1273 2326 1324 5.
2361 1270 2640 1325 Praedam
2662 1269 2988 1339 pollicetur
3010 1269 3184 1324 sociis
3223 1274 3279 1325 et
3324 1269 3490 1324 oculi
3510 1269 3666 1337 ﬁlio-

2004 1374 2139 1414 rum
2168 1359 2441 1428 deﬁcient
2484 1390 2555 1399 —
2570 1361 2900 1430 Postquam
2923 1357 3003 1412 de
3024 1355 3409 1414 multitudine
3428 1356 3667 1428 iniquo-

2004 1463 2161 1516 rum,
2192 1447 2255 1502 id
2305 1452 2394 1502 est
2421 1448 2497 1503 de
2526 1446 2757 1519 antiqui
2802 1446 2990 1501 hostis
3020 1460 3270 1517 corpore
3307 1445 3528 1501 beatus
3553 1444 3666 1500 Job

2005 1536 2358 1593 sententiam
2380 1535 2645 1608 protulit,
2667 1551 2807 1591 mox
2840 1534 2919 1589 ad
2966 1534 3171 1605 ipsum
3201 1549 3411 1589 eorum
3442 1532 3664 1605 princi-

225 1626 470 1682 labores
515 1625 698 1697 hujus
754 1625 885 1682 vita:
916 1625 1184 1682 mortalis
1213 1626 1309 1682 vel
1360 1626 1438 1682 ad
1485 1627 1895 1699 conquirenda
1934 1641 1976 1696 Β
2005 1622 2165 1697 pe’m,
2197 1625 2259 1680 id
2303 1630 2389 1680 est
2446 1630 2627 1697 caput
2684 1624 2959 1680 omnium
2989 1621 3385 1696 perdittorum
3428 1625 3667 1677 senten-

229 1714 485 1787 praemia
510 1712 820 1770 laboribus
861 1713 1077 1770 iterum
1100 1729 1225 1770 non
1253 1714 1548 1771 venimus.
1580 1716 1854 1788 Sequitur
1878 1733 1891 1770 :

857 1823 1080 1877 CAPUT
1115 1823 1275 1878 XVII.

306 1913 477 1966 Vnus.
518 1910 563 1965 l.
578 1910 863 1979 .Spiritus
885 1925 1047 1966 meus
1075 1911 1511 1967 attenuabitur.
1532 1938 1600 1952 -ι
1619 1916 1897 1968 Attenua-

233 2005 333 2057 tur
361 2000 606 2072 spiritus
633 1999 847 2055 timore
869 1999 1101 2070 judicii,
1130 2000 1271 2072 quia
1302 1999 1630 2056 electorum
1667 2005 1896 2057 mentes

232 2104 360 2162 quo
389 2087 653 2161 amplius
682 2092 948 2145 extremo
972 2087 1200 2158 judicio
1230 2088 1643 2161 propinquare
1675 2103 1738 2142 se
1768 2103 1897 2143 sen-

232 2179 413 2248 tiunt,
473 2193 548 2235 eo
593 2178 673 2233 ad
728 2177 1137 2234 discutiendos
1180 2177 1537 2250 semetipsos
1584 2174 1898 2232 terribilius

232 2269 723 2337 contremiscunt,
752 2273 810 2324 et
839 2267 888 2324 si
913 2282 1070 2340 quas
1115 2266 1178 2323 in
1205 2281 1268 2322 se
1294 2266 1565 2325 carnales
1596 2265 1900 2336 cogitatio-

232 2372 346 2413 nes
370 2370 640 2429 unquam
668 2355 1002 2425 inveniunt,
1032 2354 1398 2428 paenitentiae
1429 2354 1644 2410 ardore
1684 2367 1901 2409 consu-

234 2453 431 2513 munt,
452 2462 563 2503 nec
584 2445 976 2515 cogitationes
1007 2459 1147 2500 suas
1177 2444 1411 2501 dilatari
1440 2443 1667 2500 carnali
1694 2442 1897 2514 volup-

233 2540 357 2593 tate
380 2536 748 2608 permittunt.
786 2534 1065 2607 Sequitur
1096 2552 1108 2589 :
1134 2535 1272 2590 Dies
1302 2536 1419 2590 mei
1444 2533 1901 2597 breviabuntur,

233 2631 293 2683 et
324 2626 515 2682 solum
571 2625 722 2681 mihi
774 2629 1043 2693 superest
1069 2624 1433 2692 sepulcrum.
1463 2654 1531 2663 —
1581 2621 1691 2687 Qui
1739 2620 1899 2676 enim

236 2714 581 2772 considerat
606 2712 805 2786 qualis
833 2713 944 2768 erit
965 2712 1029 2768 in
1060 2716 1271 2777 morte,
1301 2727 1538 2784 semper
1560 2710 1627 2766 ﬁt
1658 2710 1900 2765 timidus

234 2806 303 2861 in
322 2804 695 2877 operatione,
727 2807 907 2875 atque
938 2801 1100 2858 unde
1129 2801 1192 2857 in
1220 2800 1409 2856 oculis
1440 2801 1566 2856 suis
1574 2801 1703 2871 jam
1728 2799 1901 2871 quasi

235 2908 367 2951 non
402 2892 569 2958 vivit,
626 2892 769 2948 inde
797 2890 1085 2948 veraciter
1116 2890 1178 2946 in
1207 2889 1398 2945 oculis
1442 2890 1534 2946 sui
1570 2887 1905 2946 Conditoris

236 2983 403 3039 vivit.
438 2982 716 3055 Sequitur
749 2997 764 3036 :

316 3075 492 3128 Vsus.
518 3076 572 3126 2.
620 3072 756 3127 Non
778 3070 1045 3140 peccavi,
1071 3073 1126 3125 et
1151 3069 1215 3123 in
1246 3066 1757 3124 amaritudinibus
1786 3081 1902 3121 mo-

240 3168 426 3219 ratur
447 3163 655 3218 ocutus
684 3175 866 3217 meus.
896 3190 965 3200 --
994 3163 1074 3214 Ac
1105 3158 1153 3213 si
1192 3162 1394 3230 aperte
1425 3157 1584 3213 dicat
1615 3174 1629 3211 :
1655 3156 1905 3228 Culpam

239 3266 369 3308 non
390 3251 522 3313 feci.
554 3255 613 3307 et
635 3249 874 3320 ﬂagella
902 3248 1163 3321 suscepi.
1192 3247 1307 3304 Sed
1325 3246 1521 3303 hacin
1544 3261 1606 3301 re
1631 3245 1906 3300 animum

240 3344 466 3401 movet,
508 3339 614 3411 qui
672 3339 732 3393 in
784 3338 989 3394 multis
1043 3352 1105 3392 se
1148 3336 1408 3392 historiae
1452 3334 1600 3390 locis
1626 3349 1906 3407 peccasse

241 3428 578 3496 conﬁtetur,
605 3442 729 3501 qua
756 3427 984 3484 ratione
1014 3442 1176 3482 nunc
1201 3440 1489 3498 peccasse
1510 3440 1577 3479 se
1602 3423 1909 3492 abnegat?

245 3518 363 3576 Sed
390 3517 471 3574 ad
520 3518 649 3573 haec
676 3515 827 3573 ratio
852 3516 1118 3572 celeriter
1156 3513 1435 3581 occurrit,
1464 3513 1610 3586 quia
1637 3528 1747 3569 nec
1775 3516 1905 3567 tan-

153 3681 159 3684 _
244 3612 377 3664 ωω
434 3606 721 3679 peccavit,
781 3609 847 3662 ut
872 3604 1112 3675 ﬂagella
1152 3608 1498 3669 mereretur,
1545 3618 1657 3659 nec
1705 3607 1907 3658 tamen

244 3697 375 3752 sine
397 3701 643 3769 peccato
663 3711 793 3752 csse
816 3695 1026 3767 potuit.
1057 3694 1416 3765 Redemptor
1437 3693 1617 3748 etiam
1640 3692 1717 3747 ad
1744 3706 1908 3762 erep-

244 3787 471 3842 tionem
501 3790 771 3841 nostram
794 3784 1060 3849 veniens,
1088 3787 1148 3839 et
1178 3798 1302 3838 non
1326 3781 1621 3854 peccavit,
1656 3786 1713 3836 et
1737 3795 1905 3836 ama-

243 3875 569 3931 ritudinem
597 3873 855 3946 pertulit,
883 3871 1028 3943 quia
1050 3886 1299 3944 poenam
1324 3873 1542 3925 nostra;
1564 3870 1754 3941 culpa:
1778 3870 1906 3925 sine

243 3962 428 4035 culpa
451 3961 733 4032 suscepit.
761 3959 1038 4031 Sequitur
1067 3976 1079 4013 :

322 4054 491 4106 Vnus.
521 4054 576 4105 3.
608 4049 826 4104 Libera
850 4062 958 4107 me,
979 4054 1034 4102 et
1060 4062 1217 4115 pone
1243 4062 1332 4101 me
1343 4048 1532 4114 juxta
1554 4050 1626 4111 te,
1642 4050 1694 4100 et
1713 4047 1910 4112 cujus-

246 4143 332 4199 vis
360 4153 551 4197 manu
577 4143 805 4207 pugnet
836 4141 1048 4192 contra
1093 4127 1202 4191 mel
1236 4160 1306 4174 --
1338 4138 1466 4205 Ipse
1515 4133 1733 4188 etenim
1787 4147 1909 4186 non

244 4229 520 4306 peccavit
541 4228 602 4285 in
641 4226 998 4298 cogitatione
1018 4224 1115 4281 vel
1145 4239 1347 4297 opere,
1374 4223 1501 4296 ipse
1530 4222 1589 4277 in
1631 4212 1911 4277 amaritu-

246 4318 392 4379 dine
443 4321 713 4375 moratus
758 4320 850 4371 est
896 4330 1003 4388 per
1058 4312 1426 4388 passionem,
1459 4311 1590 4384 ipse
1628 4310 1911 4366 liberatus
1945 4338 1989 4393 ο

249 4414 342 4467 est
370 4422 476 4480 per
500 4404 1015 4462 resurrectionem.
1050 4403 1182 4476 Ipse
1206 4402 1379 4473 juxta
1409 4405 1644 4473 patrem
1677 4401 1911 4471 positus

249 4503 343 4555 est
365 4511 473 4570 per
505 4494 943 4563 ascensionem,
975 4492 1123 4565 quia
1150 4489 1452 4563 profectus
1484 4489 1545 4544 in
1574 4488 1795 4545 cmlum
1825 4504 1911 4542 se-

248 4586 415 4643 deta
468 4583 690 4641 dextris
747 4582 866 4638 Dei.
902 4584 966 4637 Et
1019 4580 1162 4654 quia
1217 4595 1326 4652 per
1355 4576 1726 4634 ascensionis
1784 4576 1913 4647 ejus

252 4675 509 4746 gloriam
562 4673 773 4729 Judaea
828 4671 889 4726 in
940 4668 1373 4742 discipulorum
1402 4667 1533 4737 ejus
1562 4665 1917 4739 persecutio-

250 4779 398 4821 nem
418 4765 720 4818 commota
749 4765 855 4829 est,
895 4761 1052 4814 recte
1082 4773 1243 4813 nunc
1273 4756 1487 4812 dicitur
1530 4756 1609 4810 Et
1653 4755 1915 4825 cujusvis

250 4867 472 4909 manus
492 4855 717 4922 pugnet
740 4854 956 4905 contra
984 4862 1095 4903 me.
1129 4845 1405 4918 Sequitur
1436 4863 1449 4899 :

331 4941 498 4995 Vnus.
527 4941 578 4993 4.
609 4938 728 4994 Cor
758 4950 961 4993 eorum
991 4937 1168 5005 longe
1181 4934 1381 5004 fecisti
1407 4948 1443 4987 a
1473 4931 1814 5001 disciplina.
1850 4962 1916 4969 —

252 5029 314 5085 8i
343 5042 504 5084 enim
523 5026 855 5099 disciplima
879 5024 1215 5081 custodiam
1236 5026 1497 5087 nossent,
1528 5034 1917 5094 nequaquam

254 5115 671 5189 Redemptoris
700 5115 885 5171 nostri
934 5116 1239 5186 praecepta
1283 5114 1748 5167 contemnerent.
1782 5110 1919 5181 Ipsa

253 5222 365 5265 eos
395 5205 592 5261 carnis
650 5220 777 5260 sure
819 5203 1152 5260 mortalitas
1178 5200 1493 5257 excitasset
1539 5198 1617 5254 ad
1649 5213 1918 5254 amorem

253 5296 398 5353 vitae
427 5293 801 5351 immortalis.
862 5296 982 5349 Hoc
1029 5293 1230 5365 ipsum
1259 5304 1525 5361 namque
1567 5288 1630 5343 in
1658 5288 1773 5343 hac
1803 5286 1919 5342 vita

255 5384 663 5458 corruptionis
715 5398 825 5440 nos
878 5397 1009 5439 esse
1056 5380 1359 5451 subjectos
1393 5379 1522 5449 jam
1574 5376 1649 5432 de
1682 5375 1920 5445 ﬂagello

255 5472 595 5546 disciplina:
626 5477 731 5529 est.
762 5474 923 5528 Estu
952 5471 1113 5526 enim
1145 5472 1203 5524 et
1224 5467 1466 5537 frigore,
1513 5466 1671 5522 fame
1709 5464 1921 5536 sitique

256 5563 511 5627 turbari,
570 5561 797 5620 morbis
846 5558 1025 5630 afﬁci,
1077 5557 1447 5630 quandoque
1502 5556 1682 5613 etiam
1708 5553 1923 5610 exstin-

259 5653 392 5726 gui,
422 5653 572 5727 quid
599 5655 739 5710 sunt
773 5652 904 5708 hinc
941 5648 1060 5707 alia
1105 5662 1293 5719 quam
1348 5645 1588 5717 ﬂagella
1637 5644 1867 5719 peccati
1895 5645 1923 5701 7

2005 1715 2149 1771 tiam
2176 1714 2366 1782 vertit,
2389 1719 2573 1787 atque
2592 1731 2630 1770 a
2657 1712 2874 1786 plurali
2904 1728 3162 1768 numero
3187 1711 3267 1768 ad
3296 1711 3663 1781 singularem

2004 1803 2173 1859 redit.
2207 1806 2520 1859 Perversus
2548 1803 2752 1874 itaque
2774 1802 2884 1859 iste
2911 1806 3121 1858 auctor
3149 1799 3364 1855 erroris
3393 1798 3667 1870 praedam

2004 1891 2180 1947 sociis
2208 1890 2602 1964 polliceretur,
2635 1889 2779 1962 quia
2812 1888 3088 1959 malignis
3118 1886 3425 1961 spiritibus
3454 1900 3667 1959 pravo-

2004 1996 2136 2035 rum
2177 1979 2350 2035 mittit
2379 1979 2639 2044 auimas,
2672 1979 2734 2033 in
2780 1994 2991 2033 eorum
3046 1977 3167 2032 ﬁne
3200 1974 3547 2049 rapiendas.
3584 1974 3665 2028 Et

2005 2069 2167 2124 oculi
2188 2069 2455 2136 ﬁliorum
2485 2069 2612 2137 ejus
2640 2067 2935 2135 deﬁcient.
2958 2065 3108 2131 Quia
3127 2065 3278 2120 dum
3298 2063 3665 2120 intentiones

2007 2156 2323 2213 hominum
2374 2155 2453 2211 ad
2504 2154 2632 2211 sola
2662 2159 2897 2210 terrena
2942 2153 3242 2227 speranda
3280 2152 3523 2217 excitat,
3550 2151 3668 2206 hoc

2007 2246 2138 2302 illos
2190 2261 2395 2301 amare
2449 2244 2610 2313 facit,
2661 2242 2829 2315 quod
2880 2243 2985 2297 diu
3016 2247 3214 2297 tenere
3262 2256 3383 2296 non
3412 2239 3664 2313 possint.

2007 2338 2261 2393 Possunt
2309 2349 2553 2406 quoque
2600 2337 2658 2389 et
2714 2347 2820 2403 per
2879 2330 3075 2387 socios
3132 2329 3380 2385 fortasse
3419 2326 3667 2397 intelligi

2008 2423 2403 2483 crudelissimi
2458 2423 2683 2495 quique
2714 2427 2771 2477 et
2818 2420 2985 2476 omni
3027 2418 3254 2475 malitia
3270 2418 3400 2490 jam
3432 2415 3667 2489 repleti.

2009 2516 2118 2570 Per
2144 2514 2297 2569 filios
2319 2528 2460 2568 vero
2490 2511 2552 2567 hi
2577 2511 2682 2583 qui
2712 2509 2915 2566 adhuc
2951 2506 3285 2580 deceptoris
3314 2504 3667 2579 promissio-

2009 2606 2188 2661 nibus
2224 2602 2403 2669 illusi,
2450 2600 2745 2671 augendas
2800 2598 3078 2672 pravitati
3134 2596 3497 2652 nutriuntur.
3553 2592 3669 2650 Sed

2010 2696 2171 2752 oculi
2212 2694 2478 2763 ﬁliorum
2528 2691 2659 2762 ejus
2690 2689 2985 2759 deﬁcient,
3037 2686 3184 2759 quia
3215 2700 3549 2757 pravorum
3580 2682 3669 2738 in-

2012 2782 2303 2840 tentiones
2331 2779 2573 2836 cadunt.
2607 2777 2884 2850 Sequitur
2912 2793 2924 2831 :

2084 2871 2261 2925 Vsus.
2295 2873 2346 2923 6.
2370 2868 2577 2923 Posuit
2604 2881 2695 2922 me
2721 2865 2897 2936 quasi
2946 2864 3010 2919 in
3040 2861 3425 2932 proverbium
3480 2859 3668 2929 vulgi,

1943 2989 1983 3044 ρ
2012 2967 2064 3018 et
2095 2958 2432 3027 exemptum
2462 2971 2631 3011 suum
2661 2969 2864 3010 coram
2894 2953 2996 3008 eis.
3027 2981 3095 2991 —
3125 2952 3257 3006 Haec
3313 2948 3530 3005 beatus
3560 2946 3670 3003 Job

2013 3046 2172 3101 dicat
2196 3062 2267 3100 ex
2308 3061 2391 3112 se,
2426 3044 2585 3099 dicat
2609 3059 2683 3113 ex
2715 3041 2962 3097 vocibus
3018 3039 3293 3095 omnium
3319 3038 3667 3093 electorum.

2014 3135 2219 3192 Omnis
2248 3134 2473 3207 quippe
2493 3132 2598 3205 qui
2625 3129 2862 3199 ﬂagello
2883 3129 3229 3204 percutitur,
3251 3126 3428 3200 quasi
3455 3125 3514 3181 in
3536 3139 3672 3197 pro-

2015 3225 2282 3280 verbium
2312 3223 2553 3296 ponitur
2578 3219 2758 3291 vulgi,
2787 3219 2931 3292 quia
2957 3216 3171 3273 stultus
3226 3215 3484 3289 quisque
3523 3212 3674 3269 dum

2015 3314 2296 3386 cuiquam
2322 3311 2676 3367 maledicere
2704 3308 2953 3382 appetit,
2982 3322 3055 3362 ex
3097 3306 3255 3362 illius
3284 3302 3672 3360 similitudine

2014 3402 2498 3460 maledictionem
2525 3399 2728 3470 sumit,
2758 3413 2944 3471 quem
2985 3393 3390 3468 temporaliter
3424 3407 3672 3465 percus-

2016 3509 2149 3548 sum
2180 3490 2361 3555 videt,
2392 3505 2651 3562 eamque
2677 3503 2923 3561 pcenam
2955 3501 3066 3542 suo
3113 3488 3280 3558 optat
3306 3480 3672 3549 adversario,

2014 3597 2201 3655 quam
2233 3579 2502 3635 evenisse
2529 3575 2820 3649 conspicit
2870 3576 3059 3647 justo,
3112 3573 3321 3644 sicque
3349 3570 3417 3625 ﬁt
3455 3572 3519 3625 ut
3548 3582 3674 3625 non

2014 3675 2170 3726 recte
2202 3668 2572 3741 sapientibus
2604 3665 2665 3720 in
2691 3663 3039 3739 exemplum
3068 3660 3402 3718 deducatur
3452 3661 3672 3713 rectus.

2017 3759 2293 3831 Sequitur
2322 3774 2333 3811 :

2090 3868 2257 3919 Vnus.
2282 3871 2337 3919 7.
2366 3861 2669 3932 Caligavit
2713 3859 2793 3915 ad
2841 3857 3320 3927 indignationem
3364 3852 3460 3924 [ab
3524 3850 3677 3908 indi-

2017 3953 2321 4024 gnatione]
2353 3952 2565 4006 oculus
2611 3963 2798 4015 meus,
2847 3951 2901 4002 et
2934 3943 3201 4001 membra
3228 3957 3361 3999 mea
3390 3941 3563 4012 quasi
3615 3941 3677 3995 in

2019 4042 2277 4097 nihilum
2307 4046 2449 4095 sunt
2470 4038 2736 4094 redacta.
2764 4064 2832 4073 —-
2862 4032 2952 4087 Ab
3008 4030 3423 4099 indignatione
3469 4027 3679 4083 oculus

2021 4129 2238 4197 caligat
2270 4126 2519 4200 quando
2550 4125 2667 4197 ipsi
2695 4136 2939 4195 quoque
2969 4118 3169 4192 quiin
3200 4115 3510 4174 Dominico
3548 4129 3678 4170 cor-

2020 4234 2184 4292 pore,
2216 4218 2276 4273 id
2293 4221 2381 4273 est
2398 4217 2461 4271 in
2478 4212 2760 4279 Ecclesia,
2778 4210 2982 4266 lumen
3000 4207 3256 4265 veritatis
3268 4205 3514 4273 habent,
3532 4203 3681 4259 dum

2021 4326 2084 4365 se
2101 4307 2323 4364 diutius
2340 4304 2567 4378 despici
2610 4319 2680 4360 ac
2710 4298 3015 4369 designari
3049 4295 3450 4370 conspiciunt,
3479 4293 3556 4351 de
3584 4308 3682 4349 oc-

2019 4397 2161 4454 culti
2202 4395 2409 4467 judicii
2477 4392 2874 4451 admiratione
2902 4388 3239 4453 turbantur,
3297 4389 3356 4441 et
3384 4386 3681 4440 secretum

2021 4488 2119 4543 Dei
2151 4489 2459 4559 penetrare
2489 4485 2817 4555 nequeunt,
2874 4496 2980 4535 cur
3032 4475 3356 4550 praevalere
3416 4469 3681 4546 perversi

2019 4582 2228 4634 contra
2274 4574 2575 4630 bonorum
2605 4569 3016 4627 innocentiam
3040 4566 3477 4640 permittuntur.
3510 4565 3683 4619 Mem-

2020 4666 2268 4724 brorum
2289 4662 2518 4735 quippe
2538 4660 2803 4727 nomine,
2827 4654 3162 4714 teneritudo
3180 4652 3559 4710 intirmorum
3587 4664 3683 4703 ex-

2022 4754 2314 4828 primitur,
2346 4751 2450 4823 qui
2491 4750 2641 4804 dum
2672 4761 2985 4821 perversos
3040 4740 3422 4817 prospiciunt
3448 4738 3681 4804 ﬂorere,

2018 4847 2337 4917 justosque
2353 4838 2604 4896 cruciari
2612 4837 2711 4904 ,ad
2722 4838 2837 4892 hoc
2849 4847 3293 4905 nonnunquam
3305 4828 3679 4903 perveniunt,

2025 4937 2091 4988 ut
2113 4948 2175 4987 se
2203 4931 2366 4985 bona
2393 4927 2483 4983 vel
2510 4926 2831 4982 inchoasse
2861 4922 3209 4997 poeniteant.
3239 4917 3514 4992 Sequitur
3545 4936 3558 4973 :

2095 5021 2264 5073 Vsus.
2294 5021 2345 5072 8.
2371 5013 2706 5083 Stupebant
2730 5027 2911 5082 super
2935 5012 3066 5077 hoc,
3090 5015 3143 5066 et
3165 5010 3448 5065 innocens
3467 5011 3684 5065 contra

2027 5107 2405 5177 hypocritam
2452 5102 2876 5159 suscitabatur.
2930 5132 2998 5141 —
3029 5101 3153 5156 Hoc
3209 5097 3345 5154 loco
3395 5097 3683 5153 innocens

2025 5196 2285 5252 necdum
2301 5192 2597 5265 perfectus
2615 5192 2814 5262 justus
2838 5189 3145 5263 accipitur,
3169 5187 3275 5261 qui
3295 5186 3459 5243 bona
3484 5182 3683 5237 adhuc

2024 5285 2342 5343 inchoans,
2380 5280 2491 5337 etsi
2518 5295 2734 5336 nocere
2762 5279 2893 5335 aliis
2919 5293 3045 5335 non
3074 5276 3260 5341 novit,
3301 5269 3561 5343 perfecta
3600 5268 3683 5320 ta-

2024 5390 2166 5431 men
2214 5373 2342 5446 ipse
2386 5386 2562 5441 agere
2612 5385 3006 5442 nequaquam
3067 5364 3241 5421 valet.
3295 5354 3685 5446 Succenditur

2024 5479 2168 5520 vero
2193 5444 2402 5518 contra
2432 5459 2812 5533 hypocritam
2842 5458 3150 5516 innocens,
3183 5448 3331 5502 dum
3354 5444 3557 5515 glorias
3611 5444 3683 5501 si.

2026 5551 2339 5610 mulatoris
2364 5549 2610 5618 invidet,
2644 5547 2825 5604 etiam
2855 5544 2961 5616 qui
2988 5536 3136 5596 nulli
3154 5550 3368 5593 nocere
3396 5536 3563 5593 solet.
3582 5534 3684 5591 Sin

2027 5658 2170 5699 vero
2214 5642 2330 5699 hoc
2386 5641 2446 5696 in
2498 5638 2632 5695 loco
2682 5636 2971 5692 innocens
2992 5625 3244 5701 quilibet
3279 5625 3577 5700 perfectus
3618 5620 3680 5676 in
