4154 6160
448 169 555 232 253

1441 200 1445 204 ι
1486 174 1540 230 S.
1583 162 1840 230 ODONIS
1886 166 2184 224 ABBATIS
2226 167 2724 230 CLUNIACENSIS
2763 173 2808 229 II

3772 143 3893 232 256

448 299 612 356 bono
641 297 944 371 accipitur,
971 300 1178 354 contra
1231 297 1610 370 hypocritam
1651 297 1940 354 innocens
1971 309 2100 349 sus-
2136 293 2184 348 Α
2220 290 2417 350 lorum
2444 309 2521 351 ne
2561 294 2882 356 immemor
2933 297 3012 354 sis
3042 297 3346 355 bonorum
3378 296 3591 366 (Eccli,
3622 312 3684 366 ιι,
3703 299 3816 370 27).
3860 320 3886 354 ι

453 390 682 456 citatur,
715 387 962 460 quando
993 391 1050 444 et
1071 387 1281 444 ﬂorere
1310 388 1625 460 conspicit,
1653 391 1710 444 et
1736 391 1938 444 tamen
1968 401 2107 442 cum

455 494 566 534 suo
587 493 728 534 eum
757 476 904 534 ﬂore
935 477 1284 534 contemnit.
1318 479 1598 552 Sequitur
1630 495 1642 534 :

525 568 695 622 Vens.
726 571 778 623 9.
812 567 892 622 Et
919 568 1139 624 tenebit
1152 569 1359 638 justus
1386 569 1545 624 viam
1567 583 1763 637 suam,
1795 572 1852 624 et
1872 565 2112 622 mundis

453 656 731 714 manibus
757 657 940 713 addet
953 656 1399 727 fortitudinem.
1428 689 1496 697 —
1520 656 1905 714 Considerate
1934 654 2111 729 quip-

454 761 529 819 pe
559 745 894 818 hypocrita,
925 747 1124 817 justus
1153 746 1317 803 viam
1348 761 1522 803 suam
1566 749 1743 815 tenet,
1798 745 1939 819 quia
1965 744 2113 801 dum

453 833 621 890 illum
643 848 716 889 ex
737 849 1021 907 perversa
1036 834 1341 892 voluntate
1363 834 1630 891 obtinere
1652 849 1723 891 ea
1748 849 1885 908 quae
1901 832 2114 890 mundi

458 926 596 978 sunt
624 922 885 980 intuetur
913 942 926 980 :
958 923 1085 997 ipse
1123 923 1202 981 ad
1238 939 1508 982 amorem
1539 923 1868 980 caelestium
1896 923 2113 980 robus-

457 1011 574 1068 tius
604 1010 926 1082 stringitur,
950 1013 1142 1069 sciens
1171 1014 1315 1087 quia
1332 1013 1508 1070 bonis
1530 1013 1838 1071 desideriis
1868 1011 2117 1086 praemia

461 1103 681 1156 aeterna
724 1116 851 1157 non
876 1100 1148 1172 deerunt,
1179 1102 1329 1158 dum
1361 1108 1416 1160 et
1446 1104 1650 1178 pravis
1681 1105 1740 1160 et
1774 1099 2116 1174 duplicibus

459 1187 743 1244 cordibus
770 1188 937 1247 bona
985 1190 1340 1263 temporalia
1389 1208 1512 1248 non
1541 1194 1854 1262 negantur.
1888 1191 2018 1255 Qua
2045 1204 2118 1245 ex

459 1290 522 1331 re
559 1277 804 1333 mundis
832 1293 1078 1350 quoque
1129 1280 1404 1336 manibus
1455 1282 1637 1338 addet
1673 1278 2114 1349 fortitudinem,

460 1365 604 1437 quia
665 1367 1040 1439 conspiciens
1095 1384 1412 1442 perversos
1483 1370 1748 1426 obtinere
1819 1372 2118 1425 terrenam

461 1451 734 1523 gloriam,
765 1455 929 1513 bona
949 1472 1134 1530 opera
1154 1473 1264 1513 sua
1288 1458 1561 1530 provehit
1576 1457 1655 1514 ad
1670 1456 2115 1531 perfectionem,

461 1545 518 1597 et
571 1544 734 1599 tanto
789 1543 964 1600 altius
1016 1546 1374 1618 temporalia
1423 1546 1696 1620 despicit,
1734 1549 1962 1619 quanto
1991 1544 2120 1600 haec

461 1630 641 1686 etiam
671 1631 845 1688 malis
876 1633 1188 1690 abundare
1219 1634 1424 1692 cernit.
1449 1635 1725 1708 Sequitur
1757 1652 1769 1690 :

532 1723 701 1776 Vnus.
740 1721 822 1778 10.
856 1723 1066 1792 Igitur
1094 1739 1196 1780 vos
1227 1740 1426 1782 omnes
1480 1724 1898 1782 convertimini
1939 1729 1995 1780 et
2024 1738 2120 1780 ve-

462 1809 602 1864 nite.
627 1840 696 1848 —
721 1810 864 1874 Οιιεθ
895 1811 1166 1869 videlicet
1204 1813 1634 1870 exhortationis
1665 1812 2121 1887 verba,proprie

464 1897 542 1953 ad
567 1897 784 1954 electos
813 1898 1053 1967 format,
1077 1917 1231 1975 quos
1256 1902 1335 1958 ad
1368 1903 1759 1960 aeternitatem
1788 1907 1979 1960 vocat.
2011 1902 2122 1968 Qui

463 1983 705 2042 duobus
732 1987 927 2043 modis
965 1988 1305 2059 invitantur,
1341 1991 1566 2048 scilicet
1593 1995 1659 2048 ut
1687 1995 1744 2048 et
1779 1994 2123 2048 convertan-

463 2079 560 2131 tur
611 2079 668 2132 et
722 2077 983 2134 veniant.
1031 2079 1466 2137 Convertuntur
1517 2080 1806 2137 nimirum
1860 2080 2000 2149 ﬁde,
2029 2096 2122 2136 ve-

462 2163 630 2221 niant
683 2180 882 2238 opere.
939 2167 1038 2224 Vel
1101 2172 1256 2226 certe
1311 2173 1734 2226 convertantur
1789 2169 2122 2226 deserendo

463 2252 646 2324 mala,
670 2257 727 2311 et
750 2255 995 2314 veniant
1022 2257 1186 2315 bona
1215 2257 1512 2330 faciendo,
1546 2259 1698 2316 sicut
1718 2258 2007 2330 scriptum
2036 2262 2123 2314 est

467 2363 495 2390 «
515 2341 757 2400 Declina
785 2358 824 2400 a
847 2344 1008 2402 malo
1029 2350 1085 2402 et
1114 2345 1208 2402 fac
1237 2346 1470 2403 bonum
1496 2347 1686 2414 (Psal.
1711 2362 1904 2416 xxxvr,
1944 2349 2056 2414 27).
2090 2364 2120 2398 ›

464 2431 741 2504 Sequitur
777 2450 789 2487 :
823 2434 904 2488 Et
957 2451 1077 2490 non
1131 2437 1337 2492 inveni
1362 2437 1426 2491 in
1479 2436 1643 2492 vobis
1675 2437 1866 2492 ullam
1891 2435 2123 2504 sapien-

465 2519 632 2575 tiam.
664 2552 733 2561 —
762 2520 916 2584 Quid
972 2525 1060 2577 est
1088 2523 1250 2578 enim
1300 2523 1470 2595 quod
1498 2539 1601 2580 eos
1647 2523 1726 2580 ad
1766 2523 2122 2596 sapientiam

463 2612 656 2678 vocat,
684 2612 742 2664 et
767 2612 970 2666 tamen
996 2614 1164 2683 optat
1192 2627 1266 2667 ne
1314 2611 1446 2668 illos
1499 2612 1795 2684 sapientes
1838 2612 2118 2681 inveniat,

463 2694 576 2750 nisi
624 2696 792 2768 quod
842 2697 921 2753 ad
967 2713 1170 2754 veram
1227 2699 1586 2772 sapientiam
1610 2701 1808 2759 venire
1838 2717 1963 2759 non
1987 2718 2123 2775 pos-

467 2787 625 2851 sunt,
652 2784 757 2858 qui
782 2784 944 2843 falsae
974 2804 1098 2844 suae
1131 2788 1435 2862 sapientiae
1457 2789 1682 2850 ﬁducia
1697 2791 2120 2865 decipiuntur?

467 2874 546 2928 De
572 2873 798 2946 quibus
823 2875 1110 2950 scriptum
1141 2883 1229 2934 est
1259 2897 1272 2934 :
1299 2898 1329 2932 «
1351 2881 1444 2934 Vae
1473 2879 1645 2936 vobis
1669 2881 1775 2954 qui
1821 2881 2120 2954 sapientes

465 2963 602 3020 estis
621 2964 683 3021 in
713 2965 900 3022 oculis
921 2967 1147 3034 vestris,
1179 2973 1235 3025 et
1260 2984 1467 3025 coram
1507 2969 1947 3043 vobismetipsis
1976 2985 2119 3043 pru-
2159 2998 2199 3054 ρ

465 3051 673 3110 dentes
697 3053 839 3126 (Isa.
872 3071 930 3124 v,
955 3057 1069 3129 2t).
1114 3081 1142 3107 »
1173 3058 1485 3132 Sequitur:

535 3145 704 3200 Vens.
739 3144 820 3201 ll.
853 3145 990 3203 Dies
1015 3149 1131 3204 mei
1159 3149 1552 3216 transierunt,
1584 3149 2122 3218 cogitationesmea:

464 3233 772 3303 dissipatae
819 3242 979 3303 sunt,
1033 3242 1371 3308 torquentes
1398 3253 1503 3293 cor
1529 3253 1742 3294 meum.
1793 3269 1860 3278 -—
1907 3241 2124 3296 Sancta

467 3321 794 3377 electorum
823 3323 1085 3380 Ecclesia
1108 3340 1216 3397 per
1229 3324 1448 3381 diurna
1468 3328 1524 3382 et
1551 3329 1846 3382 nocturna
1895 3331 2123 3400 tempo-

465 3423 534 3464 ra
553 3409 844 3482 conspicit
873 3411 1007 3467 vitae
1037 3428 1163 3468 suae
1194 3411 1388 3485 spatia
1414 3413 1686 3483 transire,
1711 3415 1856 3487 quia
1884 3419 2123 3471 noctem

464 3497 527 3552 in
557 3497 1038 3572 adversitatibus,
1060 3501 1222 3557 diem
1252 3518 1395 3558 vero
1416 3502 1479 3558 in
1499 3503 1996 3576 prosperitatibus
2019 3503 2123 3560 ha-

465 3586 607 3642 bere
638 3589 967 3646 consuevit.
1016 3590 1198 3656 Quasi
1245 3591 1406 3648 enim
1457 3591 1561 3648 lux
1591 3592 1645 3648 ei
1673 3592 1858 3649 oritur
1878 3609 1951 3649 ex
1972 3597 2126 3651 tran-

466 3674 754 3748 quillitate
780 3678 968 3750 pacis,
990 3682 1047 3736 et
1070 3693 1193 3737 nox
1223 3696 1296 3736 ex
1318 3680 1524 3738 dolere
1542 3682 1991 3754 persecutionis.
2011 3683 2124 3739 Sed

467 3779 608 3820 cum
635 3769 774 3838 post
817 3767 1034 3840 quietis
1066 3769 1206 3838 otia,
1258 3770 1336 3826 ad
1367 3775 1775 3828 excrescentes
1823 3776 2031 3829 contra
2062 3790 2123 3829 se

464 3853 909 3925 persecutiones
931 3855 1325 3932 laboremque
1344 3859 1514 3927 redit,
1532 3858 1659 3916 dies
1679 3875 1821 3916 suos
1841 3862 2124 3918 transisse

467 3946 730 4000 testatur.
765 3945 830 4001 In
855 3945 1080 4019 quibus
1105 3951 1307 4005 tamen
1361 3947 1577 4005 diebus
1625 3948 1770 4006 solet
1799 3953 1964 4008 tanto
1995 3966 2128 4022 gra-

467 4031 734 4090 vioribus
761 4034 920 4091 curis
944 4036 1158 4110 premi,
1186 4041 1414 4111 quanto
1445 4054 1481 4095 a
1529 4054 1590 4095 se
1636 4037 1770 4111 ipsa
1801 4039 2125 4112 tranquilli-

467 4124 584 4179 tate
636 4123 804 4197 pacis
851 4125 1187 4183 subtiliores
1226 4143 1263 4183 a
1295 4126 1502 4184 Judice
1541 4127 1800 4185 rationes
1831 4129 2128 4200 excogitat

466 4212 717 4284 exquiri.
743 4213 858 4270 Sed
887 4213 1036 4270 dum
1061 4215 1236 4272 bonis
1275 4216 1577 4273 mentibus
1606 4217 1954 4290 temporalis
2006 4217 2128 4273 feli-

463 4299 609 4355 citas
641 4301 868 4370 transit,
899 4302 1080 4358 etiam
1134 4319 1280 4361 cura
1308 4307 1392 4360 eis
1439 4307 1608 4360 terrae
1651 4304 2122 4377 dispensationis

466 4387 853 4458 subtrahitur,
908 4406 1042 4463 quae
1094 4406 1198 4448 eos
1246 4391 1309 4448 in
1343 4392 1804 4462 cogitationibus
1845 4397 2121 4468 torquere

465 4474 798 4534 videbatur.
828 4479 1140 4552 Sequitur:

537 4568 709 4624 Vens.
734 4571 818 4624 12.
845 4569 1091 4627 Noctem
1121 4577 1429 4628 verterunt
1457 4572 1521 4628 in
1551 4572 1802 4630 diem.—
1820 4573 2126 4648 Dissipatae

465 4657 685 4713 ctenim
708 4659 1096 4729 cogitationes
1121 4665 1362 4718 noctem
1413 4661 1477 4718 in
1507 4661 1670 4718 diem
1699 4666 1956 4730 vertunt,
1984 4665 2128 4738 quia

466 4761 910 4822 nonnunquam
949 4750 1131 4822 justis
1183 4750 1443 4825 amplius
1498 4751 1693 4826 placet
1749 4768 1824 4810 ex
1865 4753 2127 4812 adversi-

466 4839 582 4893 tate
650 4838 814 4895 mala
875 4840 1124 4913 perpeti,
1179 4857 1368 4914 quam
1437 4857 1512 4897 ex
1557 4842 1955 4916 prosperitate
2017 4849 2127 4902 ter-

465 4940 624 4981 renae
670 4926 1135 4999 dispensationis
1193 4945 1339 4986 cura
1388 4929 1642 5001 fatigari.
1697 4932 1973 5006 Sequitur
2005 4952 2019 4990 :
2047 4936 2127 4993 Et

465 5030 707 5072 rursum
758 5023 895 5086 post
950 5020 1222 5077 tenebras
1269 5035 1441 5090 spero
1469 5021 1680 5079 lucem.
1703 5055 1772 5064 —
1811 5026 1935 5080 Lux
1963 5025 2124 5082 enim

464 5107 602 5179 post
666 5106 943 5163 tenebras
996 5111 1289 5181 speratur,
1351 5109 1495 5182 quia
1555 5110 1651 5167 vel
1700 5115 1837 5184 post
1885 5116 2123 5170 noctem

463 5195 596 5253 vitae
657 5195 968 5269 praesentis
1019 5201 1310 5254 teternum
1366 5197 1574 5256 lumen
1627 5200 1969 5274 percipitur,
2033 5203 2124 5260 vel

463 5285 546 5343 ita
585 5285 682 5342 hic
729 5285 1058 5344 adversitas
1101 5290 1280 5361 atque
1328 5289 1692 5363 prosperitas
1742 5290 2015 5361 alternat,
2060 5296 2125 5350 ut

466 5373 580 5430 sibi
604 5375 925 5433 succedere
945 5375 1213 5434 vicissim
1256 5393 1380 5436 non
1428 5379 1725 5436 desinant.
1757 5380 1924 5437 Unde
1950 5380 2034 5449 fit,
2058 5385 2124 5440 ut

467 5467 525 5519 et
569 5463 630 5519 in
671 5465 803 5522 luce
849 5482 974 5524 nox
1002 5467 1064 5524 in
1111 5469 1458 5542 Suspicione
1499 5469 1591 5540 sit,
1619 5473 1676 5526 et
1698 5472 1872 5525 nocte
1902 5469 2007 5527 lux
2059 5471 2122 5528 in

464 5554 957 5627 praesumptione,
1010 5556 1161 5613 sicut
1187 5557 1476 5630 scriptum
1526 5560 1656 5613 est:
1700 5577 1731 5610 ‹
1770 5557 1836 5612 In
1891 5556 1989 5614 die
2015 5557 2121 5616 bo-

466 5644 685 5700 narum
734 5658 811 5700 ne
839 5643 1159 5704 immemor
1207 5645 1291 5702 sis
1320 5645 1642 5714 malorum,
1672 5649 1729 5704 et
1765 5644 1953 5704 in‘die
1997 5663 2121 5707 ma-

2225 383 2501 455 Sequitur
2535 401 2547 440 :

2291 473 2466 530 Vens.
2500 479 2585 532 13.
2645 478 2717 534 Si
2769 479 3130 545 sustinuero,
3191 477 3468 548 infernus
3513 477 3724 534 domus
3753 494 3894 537 mea

2220 565 2326 633 est,
2353 564 2416 618 in
2449 565 2702 622 tenebris
2757 567 2950 624 stravi
2975 566 3265 622 lectulum
3295 581 3508 622 meum.
3537 597 3608 608 ——
3653 567 3892 624 Priores

2220 651 2436 708 etenim
2451 655 2641 711 sancti
2656 658 2712 712 et
2729 656 3018 713 sustinere
3034 656 3286 712 adversa
3297 659 3595 728 poterant,
3611 660 3670 713 et
3680 660 3892 714 tamen

2221 741 2574 812 corporibus
2617 743 2814 801 educti
2841 745 3039 802 adhuc
3083 744 3161 801 ab
3208 743 3425 801 inferni
3467 744 3615 803 locis
3643 745 3893 804 liberari

2221 843 2344 885 non
2378 834 2670 902 poterant,
2711 833 2856 907 quia
2889 833 3150 890 necdum
3180 836 3426 890 venerat
3447 833 3554 906 qui
3582 833 3721 891 illuc
3754 835 3892 893 sine

2222 917 2402 990 culpa
2420 919 2830 990 descenderet,
2851 926 2917 979 ut
2938 938 3041 980 eos
3069 922 3175 996 qui
3203 922 3287 979 ibi
3303 938 3378 979 ex
3397 922 3578 996 culpa
3604 925 3895 981 teneban-

2222 1009 2337 1078 tur,
2363 1007 2658 1067 liberaret.
2689 1014 2853 1068 Tunc
2901 1028 3044 1069 vero
3087 1012 3273 1069 homo
3294 1029 3474 1068 suum
3506 1011 3788 1069 lectulum
3817 1013 3890 1072 in

2222 1095 2482 1153 tenebris
2510 1099 2739 1165 stravit,
2767 1101 3019 1173 quando
3043 1100 3242 1158 lucem
3268 1101 3513 1173 justitim
3540 1102 3890 1175 persuasori

2224 1184 2439 1242 callido
2456 1189 2884 1247 consentiendo
2901 1190 3183 1255 deseruit,
3199 1194 3258 1247 et
3272 1189 3416 1264 quia
3426 1191 3489 1246 in
3503 1189 3654 1264 ipsis
3668 1189 3891 1248 inferni

2223 1273 2369 1329 locis
2433 1275 2734 1346 justorum
2797 1294 3043 1352 quoque
3109 1277 3326 1335 anima:
3393 1277 3520 1335 sine
3584 1282 3890 1336 tormento

2225 1361 2603 1436 tenebantur,
2639 1369 2702 1422 ut
2733 1370 2791 1423 et
2812 1382 2923 1440 pro
2965 1366 3241 1438 originali
3290 1366 3468 1441 culpa
3503 1366 3705 1424 adhuc
3735 1366 3893 1424 illud

2226 1449 2678 1523 descenderent,
2707 1458 2766 1512 et
2784 1458 2986 1512 tamen
3009 1471 3083 1512 ex
3097 1455 3356 1529 propriis
3396 1455 3631 1512 actibus
3663 1455 3893 1529 suppli-

2227 1537 2387 1595 cium
2403 1555 2527 1596 non
2545 1541 2855 1599 haberent.
2873 1543 3052 1609 Quasi
3072 1543 3135 1598 in
3155 1541 3415 1599 tenebris
3439 1541 3728 1599 lectulum
3740 1547 3894 1599 stra-

2151 1647 2190 1700 B
2226 1627 2404 1701 visse,
2431 1634 2521 1686 est
2540 1629 2851 1688 ininferno
2869 1631 2981 1688 sibi
3002 1631 3272 1705 requiem
3281 1647 3682 1705 praeparasse.
3700 1633 3890 1688 Grave

2228 1717 2389 1774 enim
2405 1718 2650 1775 taedium
2671 1720 2868 1777 electis
2891 1720 3001 1778 fuit
3014 1725 3151 1794 post
3176 1720 3536 1778 solutionem
3551 1721 3770 1784 carnis,
3783 1720 3898 1778 ad-.

2226 1807 2347 1863 huc
2385 1810 2644 1881 speciem
2669 1825 2794 1866 non
2831 1809 3031 1867 videre
3068 1809 3378 1866 Creatoris.
3421 1809 3595 1876 Quod
3638 1808 3892 1866 mdium

2229 1911 2353 1953 non
2369 1896 2665 1955 immerito
2689 1897 2903 1955 beatus
2922 1899 3034 1956 Job
3059 1899 3340 1956 tenebras
3360 1901 3558 1955 vocat.
3573 1897 3848 1972 Sequitur
3870 1915 3885 1954 :

2301 1989 2474 2043 Vens.
2499 1990 2584 2043 14.
2615 1989 2939 2045 Putredini
2957 1989 3129 2046 dixi:
3157 1990 3346 2046 Pater
3375 2003 3538 2044 meus
3573 2003 3652 2058 es,
3692 1994 3891 2045 mater

2227 2089 2378 2143 mea,
2411 2081 2466 2132 et
2489 2091 2662 2132 soror
2689 2091 2819 2133 mea
2845 2077 3163 2135 vermibus.
3191 2109 3259 2117 —
3289 2076 3444 2143 Quid
3469 2080 3562 2134 est
3597 2075 3766 2151 quod
3789 2076 3883 2133 di-

2228 2161 2312 2216 xit
2330 2159 2651 2233 pntredini.
2682 2162 2870 2218 Pater
2915 2178 3076 2220 meus
3107 2178 3186 2234 es,
3217 2161 3336 2219 nisi
3361 2160 3532 2235 quod
3559 2160 3758 2218 omnis
3785 2161 3890 2217 ho—

2228 2264 2330 2305 mo
2377 2249 2457 2305 ab
2504 2249 2733 2320 origine
2773 2250 2904 2322 jam
2952 2251 3158 2308 vitiata
3220 2250 3579 2307 descendit?
3617 2247 3784 2306 Unde
3831 2254 3889 2305 et

2229 2336 2507 2394 additur:
2534 2337 2734 2395 Mater
2753 2354 2905 2407 mea,
2934 2345 2988 2396 et
3019 2355 3192 2396 soror
3209 2353 3340 2397 mea
3385 2338 3701 2396 vermibus.
3737 2337 3890 2404 Quia

2227 2425 2517 2496 videlicet,
2549 2430 2607 2484 et
2651 2427 2730 2484 ab
2758 2428 2895 2501 ipsa
2933 2429 3268 2501 putredine,
3297 2433 3357 2486 et
3383 2444 3524 2485 cum
3569 2428 3704 2502 ipsa
3730 2427 3892 2484 veni-

2227 2531 2366 2573 mus
2414 2516 2478 2572 in
2507 2516 2668 2573 hunc
2696 2517 3018 2574 mundum.
3049 2520 3354 2586 Quantum
3391 2517 3554 2574 enim
3594 2517 3674 2574 ad
3703 2519 3891 2573 mate-

2227 2607 2380 2664 riam
2430 2607 2811 2680 corruptilitis
2861 2608 3078 2676 carnis,
3107 2613 3298 2666 mater
3343 2612 3552 2664 nostra
3602 2623 3672 2664 ac
3718 2622 3890 2663 soror

2228 2711 2462 2752 vermes
2493 2699 2651 2766 sunt,
2682 2696 2825 2770 quia
2871 2702 2929 2755 et
2973 2697 3048 2754 de
3094 2696 3411 2770 putredine
3458 2696 3886 2770 processimus,

2229 2790 2285 2845 et
2310 2803 2449 2843 cum
2480 2787 2794 2860 putredine
2822 2787 3099 2844 venimus
3125 2803 3313 2861 quam
3349 2791 3683 2860 portamus.
3713 2785 3890 2852 Quod

2229 2879 2279 2934 si
2320 2877 2564 2950 intelligi
2611 2875 2946 2950 spiritaliter
2990 2879 3208 2949 potest,
3235 2880 3290 2933 et
3333 2879 3525 2933 mater
3563 2879 3804 2941 natura,
3833 2879 3892 2931 et

2229 2965 2601 3025 consuetudo
2647 2980 2771 3022 non
2807 2965 3106 3022 immerito
3136 2980 3308 3022 soror
3334 2968 3604 3034 vocatur,
3633 2964 3780 3038 quia
3809 2963 3888 3021 ab

2227 3057 2330 3114 illa
2357 3072 2496 3113 cum
2525 3055 2638 3113 ista
2667 3071 2899 3113 sumus.
2930 3056 3071 3121 Quae
3101 3054 3374 3112 videlicet
3405 3058 3597 3112 mater
3625 3058 3683 3110 et
3719 3068 3891 3110 soror

2228 3161 2464 3203 vermes
2502 3147 2661 3212 sunt,
2701 3144 2847 3217 quia
2891 3159 2966 3200 ex
3003 3147 3220 3202 natura
3261 3142 3633 3217 corruptibili
3660 3146 3719 3199 et
3742 3157 3889 3199 con-

2231 3234 2544 3292 suetudine
2572 3249 2856 3307 perversa
2883 3232 3176 3304 cogimur,
3203 3237 3269 3290 ut
3300 3232 3477 3306 quasi
3518 3231 3890 3305 quibusdam

2229 3323 2558 3392 vermibus,
2611 3322 2694 3380 sic
2740 3321 3020 3396 inquietis
3053 3321 3514 3393 cogitationibus
3569 3320 3633 3378 in
3687 3325 3889 3378 mente

2231 3413 2572 3485 fatigemur.
2603 3410 2808 3469 Carnis
2839 3410 3002 3467 enim
3048 3414 3264 3468 natura
3281 3405 3510 3479 vitiata,
3541 3413 3600 3466 et
3641 3424 3891 3466 consue-

2232 3503 2376 3561 tudo
2405 3516 2709 3575 perversa,
2735 3499 2881 3573 quia
2926 3499 3275 3556 innumeras
3305 3515 3481 3557 curas
3510 3499 3570 3555 in
3601 3498 3784 3556 corde
3805 3498 3890 3555 in-

2230 3591 2526 3648 ﬁrmitatis
2576 3594 2794 3647 nostrae
2850 3593 3156 3660 generant,
3189 3588 3344 3646 bene
3392 3591 3586 3646 mater
3631 3592 3688 3645 et
3718 3603 3890 3646 soror

2230 3698 2463 3741 vermes
2513 3683 2822 3738 vocantur.
2868 3679 3134 3738 Mordent
3183 3678 3347 3736 enim
3399 3678 3672 3736 animum
3729 3693 3890 3736 curae

2231 3773 2380 3830 dum
2404 3770 2755 3844 inquietant.
2789 3769 3099 3843 Sequitur:

2302 3864 2472 3918 Vsus.
2512 3865 2592 3916 15.
2633 3860 2740 3916 Ubi
2765 3864 2850 3916 est
2891 3874 3030 3930 ergo
3061 3873 3223 3916 nunc
3239 3858 3888 3929 praestolatiomea?—

2235 3953 2376 4018 Quae
2403 3952 2533 4006 esse
2573 3947 2767 4023 potuit
2801 3947 3164 4022 praestolatio
3187 3948 3512 4020 justorum,
3538 3947 3653 4004 nisi
3690 3947 3890 4019 justus

2233 4043 2289 4096 et
2311 4038 2648 4111 justiﬁcans
2677 4039 2855 4107 Deus,
2887 4035 2992 4109 qui
3016 4034 3096 4093 ad
3123 4051 3337 4108 poenas
3373 4036 3628 4093 humani
3655 4035 3889 4107 generis

2235 4132 2446 4202 sponte
2509 4124 2903 4198 descenderit,
2957 4131 3022 4182 ut
3077 4125 3342 4198 captivos
3389 4125 3596 4182 mortis
3645 4124 3889 4197 justitize

2235 4233 2362 4273 suae
2389 4216 2603 4273 virtute
2633 4214 2886 4271 liberare
2906 4214 2934 4270 ?
2962 4214 3149 4286 Hujus
3177 4213 3340 4270 enim
3369 4215 3754 4286 praesentiam
3783 4213 3892 4275 mis

2233 4308 2396 4364 nime
2463 4304 2781 4362 cessabant
2841 4304 3069 4360 intenta
3123 4303 3483 4376 cogitatione
3536 4303 3888 4378 praestolari,

2233 4411 2420 4470 quam
2463 4393 2831 4468 quandoque
2879 4407 3008 4448 esse
3055 4396 3372 4450 venturam
3425 4396 3737 4462 noverant,
3781 4391 3892 4449 sed

2236 4484 2432 4542 venire
2453 4483 2624 4541 citius
2652 4481 3021 4557 quaerebant.
3056 4482 3369 4556 Sequitur:
3415 4482 3494 4539 Et
3529 4483 3888 4552 patientiam

2233 4591 2423 4634 meam
2455 4576 2586 4648 quis
2628 4571 2999 4631 considerati
3049 4572 3347 4646 Expressit
3373 4571 3738 4629 desiderium
3763 4588 3888 4646 quo

2235 4665 2472 4722 festinat
2534 4664 2595 4719 in
2652 4677 2831 4720 carne
2886 4660 3120 4735 positus
3169 4661 3404 4733 redimi,
3459 4665 3517 4718 et
3556 4660 3635 4718 ab
3683 4661 3888 4718 inferis

2234 4754 2313 4812 ad
2343 4767 2604 4826 superna
2625 4750 2912 4808 revocari.
2942 4752 3008 4806 Et
3034 4749 3280 4823 quidem
3323 4765 3659 4824 paucorum
3698 4749 3891 4807 homi-

2233 4858 2382 4901 num
2429 4841 2543 4898 ista
2567 4839 2675 4896 fuit
2702 4838 3095 4913 perpendere,
3126 4843 3193 4896 ut
3221 4838 3440 4896 scirent
3465 4839 3541 4895 de
3579 4841 3886 4912 praesentis

2233 4933 2365 4990 vitae
2395 4929 2726 4999 laboribus,
2753 4929 2860 4986 vel.
2889 4928 2965 4986 de
3013 4928 3406 5002 subsequenti
3447 4933 3586 5002 post
3627 4931 3889 4985 mortem

2233 5021 2549 5078 dilectione
2601 5017 2880 5089 cogitare.
2937 5018 3109 5085 Quod
3164 5022 3487 5091 utrumque
3547 5016 3692 5090 justi
3747 5021 3886 5074 ante

2232 5111 2556 5169 adventum
2609 5107 3019 5182 Redemptoris
3083 5105 3270 5164 nostri
3324 5123 3387 5163 se
3442 5105 3674 5181 perpeti
3729 5105 3891 5162 dole-

2231 5201 2397 5258 bant.
2453 5197 2624 5255 Unde
2675 5203 2830 5255 recte
2877 5197 3127 5254 dicitur:
3185 5198 3264 5254 Et
3293 5198 3651 5269 patientiam
3694 5211 3887 5253 meam

2230 5290 2361 5363 quis
2408 5288 2793 5346 considerat?
2848 5288 2914 5342 Et
2954 5284 3202 5360 quidem
3247 5300 3372 5344 non
3418 5284 3585 5342 deest
3628 5284 3732 5358 qui
3776 5299 3887 5358 pa-

2230 5379 2497 5437 tientiam
2527 5375 2883 5448 consideret,
2916 5377 3022 5433 sed
3064 5392 3204 5433 cum
3247 5375 3420 5433 citius
3465 5391 3591 5432 non
3619 5373 3886 5446 exaudit,

2228 5467 2407 5542 quasi
2436 5467 2638 5524 minus
2685 5465 3049 5524 considerari
3091 5464 3305 5522 dicitur
3344 5465 3522 5522 Deus.
3559 5467 3693 5538 Ipsa
3721 5462 3890 5520 enim

2228 5557 2481 5615 humani
2530 5555 2764 5627 generis
2813 5572 2950 5630 quae
2994 5556 3160 5613 venit
3212 5556 3274 5613 in
3326 5554 3445 5611 fine
3509 5552 3724 5621 mundi
3781 5552 3889 5610 Dei

2230 5645 2584 5720 redemptio,
2606 5646 2685 5704 ab
2712 5645 2804 5704 his
2833 5639 2940 5720 qui
2961 5663 3000 5706 a
3024 5646 3237 5705 mundi
3260 5645 3426 5704 initio
3447 5645 3890 5720 princesserunt
