4146 6156
194 139 294 192 257

992 139 1288 197 EPITOME
1327 139 1713 206 MORALIUM.
1758 137 1816 194 S.
1857 138 2062 197 GREG.
2105 145 2175 201 IN
2213 147 2354 204 JOB.
2398 177 2467 189 —
2506 151 2632 208 LIB.
2675 153 2815 215 XIV.

3512 165 3616 223 258

195 231 361 357 tarde
391 258 774 357 credebatur,
803 259 947 357 quia
987 260 1203 357 longo
1232 262 1518 357 temporis
1575 261 1768 357 spatio
1814 278 1850 319 a
1880 264 1927 317 Α
1959 264 2050 357 vir
2076 275 2320 332 sanctus
2349 271 2488 330 illuc
2515 275 2790 346 perhibet
2812 278 3019 336 omnia
3066 297 3177 338 sua
3229 283 3614 357 descendere,

197 351 532 408 erelestium
563 351 1042 409 remuneratione
1092 351 1374 424 disjuncti
1413 357 1570 426 sunt,
1603 355 1851 411 Veritate

189 445 530 509 attestante,
563 457 699 514 quas
722 440 801 498 ait
828 457 842 495 :
873 460 892 492 ι
925 441 1082 498 Multi
1111 443 1420 516 prophetae
1450 448 1506 500 et
1534 459 1703 516 reges
1749 460 1852 500 vo-

188 530 433 588 luerunt
461 529 664 586 videre
691 546 828 603 quae
852 529 1091 598 videtis,
1116 536 1175 587 et
1201 547 1326 588 non
1355 532 1654 601 viderunt,
1678 537 1734 590 et
1749 549 1853 590 au-

189 621 318 679 dire
347 637 487 694 qua;
516 619 754 688 auditis,
783 624 982 677 etnon
1012 621 1332 678 audierunt
1357 623 1518 694 (Luc.
1564 640 1625 694 x,
1682 625 1794 695 24).
1826 643 1846 677 ι

193 711 478 783 Sequitur
507 726 521 765 :

263 803 432 855 Vens.
463 800 546 854 16.
573 799 646 854 In
672 801 1216 870 profundissimum
1260 803 1567 872 infernum
1619 803 1854 860 descen-

193 890 337 946 dent
364 889 565 944 omnia
596 903 746 945 mea.
779 921 848 929 —
877 892 1028 946 Cum
1059 894 1287 946 constet
1333 891 1502 964 quod
1547 891 1714 964 apud
1763 893 1853 949 in-

194 977 350 1035 feros
372 975 518 1048 justi
541 991 668 1033 non
696 977 758 1033 in
783 976 930 1034 locis
954 979 1318 1052 pcenalibus,
1347 980 1453 1036 sed
1483 981 1544 1036 in
1593 981 1856 1054 superio-

193 1067 242 1124 ri
266 1065 483 1140 quietis
515 1065 653 1122 sinu
681 1070 1042 1139 tenerentur,
1069 1084 1295 1140 magna
1351 1069 1528 1126 nobis
1585 1071 1856 1128 oboritur

191 1155 467 1230 quaestio,
498 1155 796 1228 quidnam
827 1157 902 1213 sit
928 1157 1094 1231 quod
1121 1158 1334 1215 beatus
1362 1160 1474 1217 Job
1504 1161 1733 1231 asserit,
1767 1161 1854 1217 di-

190 1261 385 1302 cens:
433 1245 504 1300 In
541 1246 1084 1315 profundissimam
1133 1248 1441 1318 infernum
1501 1250 1854 1307 descendent

191 1337 397 1392 omnia
427 1349 579 1392 mea.
612 1334 669 1390 Si
693 1335 898 1409 itaque
925 1341 1223 1410 quantum
1245 1354 1282 1395 a
1320 1338 1665 1397 celsitudine
1720 1340 1854 1398 caeli

190 1439 297 1481 aer
319 1423 426 1481 iste
455 1423 820 1495 caliginosus
839 1425 1107 1483 infernus
1128 1430 1234 1495 est,
1257 1432 1554 1500 quantum
1587 1429 1662 1485 ad
1696 1429 1856 1501 ejus-

191 1514 334 1570 dem
364 1513 518 1570 aeris
537 1513 912 1572 altitudinem
944 1519 1098 1573 terra
1134 1515 1380 1574 inferius
1405 1518 1584 1589 jacet,
1601 1522 1658 1576 et
1675 1519 1854 1576 infer-

1960 354 2074 412 nisi
2099 359 2266 431 quod
2293 361 2377 418 ibi
2407 378 2469 419 se
2495 379 2628 421 esse
2660 369 2849 422 totum
2878 368 3060 440 videt,
3089 370 3192 428 ubi
3223 374 3464 446 pondus
3493 354 3615 433 suae

1959 451 2458 535 remunerationis
2488 452 2814 526 intelligit?
2843 457 2994 523 Quia
3039 459 3156 516 hoc
3211 463 3378 534 quod
3429 479 3502 521 ex
3556 481 3618 535 se

1957 534 2302 596 insensibile
2330 540 2391 598 in
2421 546 2576 600 terra
2620 544 2857 615 deserit,
2916 563 3234 623 quousque
3289 553 3367 608 ad
3427 534 3615 612 incor-

1960 626 2300 698 ruptionem
2328 632 2777 690 resurrectionis
2809 634 3033 705 redeat,
3063 653 3126 694 se
3151 654 3284 696 esse
3314 657 3437 698 non
3482 659 3617 700 sen-

1961 712 2046 770 tit.
2082 715 2187 771 Vel
2215 722 2370 774 certe
2395 717 2456 776 in
2487 720 2795 779 infernum
2825 724 2957 795 ejus
2988 727 3195 783 omnia
3222 728 3616 800 descendunt,

1961 804 2107 875 quia
2124 804 2401 864 laborum
2431 810 2706 868 omnium
2766 813 3074 872 retributio
3124 815 3324 874 adhuc
3370 819 3433 875 in
3491 821 3621 878 sola

1962 891 2177 956 inferni
2202 896 2400 968 quiete
2428 900 2612 973 recipi
2636 901 3114 974 praestolabatur,
3148 909 3206 962 et
3255 908 3430 980 quasi
3480 909 3620 966 illuc

1963 982 2275 1042 descendit
2301 1003 2481 1045 omne
2503 990 2670 1063 quod
2691 991 2834 1061 egit,
2860 992 3004 1066 quia
3026 993 3108 1051 ibi
3135 995 3398 1069 quietem
3450 997 3619 1054 retri-

1961 1072 2225 1131 butionis
2257 1094 2376 1133 suae
2406 1095 2479 1134 ex
2510 1081 2794 1138 omnibus
2849 1082 3094 1141 invenit.
3158 1086 3436 1159 Sequitur
3461 1104 3473 1142 :
3502 1088 3623 1143 Pu-

1967 1169 2134 1221 tasne
2151 1168 2362 1224 saltem
2411 1169 2496 1225 ibi
2546 1171 2658 1226 erit
2711 1173 2943 1244 requies
2971 1175 3123 1230 mihi
3147 1176 3176 1231 ?
3204 1207 3273 1216 —
3305 1177 3371 1231 In
3397 1176 3622 1250 quibus

1963 1254 2248 1312 nimirum
2265 1257 2483 1328 verbis,
2513 1263 2571 1316 et
2609 1259 2925 1318 innotescit
2977 1263 3145 1336 quod
3201 1264 3520 1334 desiderat,
3567 1269 3624 1324 et

1964 1347 2165 1400 tamen
2195 1361 2257 1402 se
2284 1362 2412 1403 esse
2442 1348 2643 1404 adhuc
2692 1349 2766 1406 de
2820 1351 3206 1424 suscipienda
3252 1354 3456 1427 requie
3513 1355 3622 1411 du-

1963 1431 2133 1489 bium
2156 1434 2450 1505 designat,
2474 1452 2549 1492 ne
2575 1438 2748 1509 cujus
2779 1443 2988 1496 sancta
3025 1457 3208 1514 opera
3239 1446 3325 1498 tot
3383 1442 3623 1514 ﬂagella

1965 1528 2168 1580 secuta
2189 1529 2346 1595 sunt,
2371 1525 2604 1583 occulto
2627 1525 2857 1598 judicio
2911 1531 3158 1602 superni
3202 1531 3424 1587 Iudicis
3480 1535 3622 1604 post

193 1617 312 1658 nus
333 1600 586 1673 intelligi
615 1606 673 1659 et
702 1602 1040 1675 profundus
1071 1609 1303 1678 potest:
1357 1611 1656 1678 quantum
1711 1623 1854 1665 vero
1884 1616 1927 1672 Β
1964 1612 2202 1683 ﬂagella
2227 1615 2582 1688 temporalia
2622 1616 2802 1673 etiam
2846 1600 3137 1676 mansura
3191 1600 3502 1677 tormenta
3537 1638 3626 1678 se-

194 1691 275 1748 ad
298 1689 574 1763 ejusdem
607 1691 982 1749 altitudinem
1009 1696 1198 1771 terras,
1232 1697 1290 1750 et
1334 1693 1436 1751 illa
1481 1693 1614 1752 loca
1659 1695 1852 1767 inferi,

192 1795 331 1854 quae
361 1779 674 1854 superiora
703 1785 843 1838 sunt
871 1780 1002 1838 aliis
1033 1782 1446 1856 receptaculis,
1471 1783 1686 1841 inferni
1722 1800 1857 1858 pro-

194 1870 534 1928 fundissimi
567 1871 965 1945 appellatione
995 1872 1330 1944 signantur,
1358 1872 1526 1946 quod
1555 1889 1659 1931 aer
1681 1873 1853 1940 c0310,

201 1965 360 2020 terra
389 1962 469 2019 ad
497 1977 659 2033 aera,
690 1963 804 2020 hoc
825 1962 922 2020 ille
948 1967 1038 2020 est
1062 1963 1334 2036 superior
1363 1963 1734 2021 infernorum
1777 1965 1854 2021 si-

193 2066 314 2107 nus
335 2051 415 2107 ad
438 2055 677 2108 terram.
703 2051 817 2109 Sed
848 2052 1071 2109 mirum
1101 2053 1275 2109 valde
1320 2053 1486 2126 quod
1542 2053 1852 2126 adjungit:

190 2141 564 2199 Descendent
592 2143 792 2200 omnia
811 2157 960 2200 mea.
989 2142 1140 2199 Cum
1160 2142 1322 2200 enim
1346 2141 1476 2199 sola
1495 2142 1702 2200 anima
1720 2159 1858 2202 mea

192 2229 565 2289 descensura
591 2235 748 2288 esset
771 2231 851 2288 ad
879 2230 1097 2289 inferni
1135 2230 1290 2300 loca,
1344 2231 1493 2305 quid
1549 2235 1639 2290 est
1688 2233 1857 2306 quod

1965 1705 2310 1773 querentur.
2341 1704 2471 1769 Qua
2489 1703 2552 1760 in
2581 1719 2644 1760 re
2702 1721 2842 1762 cum
2897 1721 3123 1776 magno
3178 1707 3355 1764 nobis
3411 1708 3623 1765 timore

1963 1791 2346 1863 pensandum
2377 1797 2486 1864 est,
2508 1793 2643 1866 quis
2667 1797 2942 1852 nostrum
2966 1795 3096 1866 jam
3126 1795 3201 1852 de
3231 1796 3438 1870 requie
3463 1801 3625 1853 aeter-

1963 1894 2046 1935 na
2072 1895 2318 1936 securus
2349 1880 2441 1950 sit,
2467 1882 2515 1938 si
2543 1887 2600 1938 et
2629 1898 2702 1940 ea
2726 1883 2926 1940 adhuc
2957 1887 3014 1941 et
3064 1883 3160 1941 ille
3191 1885 3466 1958 trepidat,
3527 1902 3626 1942 cu-

1959 1967 2060 2039 jus
2091 1969 2322 2026 virtutis
2365 1971 2668 2044 praeconia
2713 1977 2770 2029 et
2824 1972 2951 2047 ipse
2992 1973 3180 2045 judex
3227 1974 3333 2047 qui
3387 1974 3627 2048 pertulit

1966 2057 2186 2114 clamat
2217 2075 2229 2113 :
2262 2082 2287 2107 ‹‹
2321 2059 2379 2116 Si
2399 2059 2560 2116 enim
2586 2061 2786 2132 justus
2814 2061 2913 2117 vix
2945 2061 3294 2134 salvabitur,
3325 2063 3548 2137 impius
3569 2068 3627 2120 et

1964 2151 2244 2220 peccator
2275 2147 2378 2204 ubi
2402 2148 2637 2222 parebit
2664 2150 2691 2205 ‘?
2723 2151 2771 2222 (Ι
2791 2152 2956 2208 Petr.
2993 2168 3070 2223 iv,
3099 2151 3208 2224 18.)
3240 2175 3266 2202 ››

196 2427 3603 2462 Ἡ

1161 2593 1502 2684 LIBER
1598 2597 2106 2702 QUARTUS
2207 2601 2686 2690 DECIMUS

1794 2807 1882 2815 ...ι-

796 2923 1022 2980 CAPUT
1060 2923 1252 2981 XVIII.

277 3035 452 3094 Vens.
490 3043 540 3110 t,
568 3041 622 3095 2.
649 3040 1030 3110 Respondens
1059 3045 1259 3098 autem
1297 3042 1570 3100 Batdath
1621 3043 1863 3100 Suhites

197 3127 398 3184 dixit:
431 3128 713 3199 Intellige
733 3130 912 3199 prius
932 3136 988 3186 et
1016 3131 1101 3186 sic
1147 3130 1467 3201 loquamur
1517 3133 1732 3204 [Usque
1785 3132 1868 3189 ad

199 3231 376 3289 quem
396 3217 574 3286 ﬁnem
601 3217 781 3275 verba
812 3218 1148 3289 jactabitis.
1195 3220 1865 3292 Intelligite].—0mnes

198 3305 463 3363 haeretici
489 3310 764 3363 sanctam
789 3307 1113 3366 Ecclesiam
1165 3309 1227 3365 in
1271 3309 1496 3382 quibus
1548 3310 1866 3382 incognitis

203 3394 520 3468 superbire
557 3400 791 3469 putant,
845 3396 1130 3470 quaedam
1155 3401 1316 3454 'vero
1373 3413 1483 3455 nec
1539 3398 1866 3470 intelligere

204 3483 609 3557 suspicantur.
646 3485 922 3559 Sequitur
944 3503 957 3542 :

282 3573 460 3632 Vens.
493 3579 545 3631 3.
579 3574 777 3643 Quare
802 3577 1298 3646 reputatisumus
1348 3582 1414 3632 ut
1453 3579 1753 3647 jumenta,
1811 3583 1866 3634 et

205 3664 550 3720 sorduimus
579 3679 781 3722 coram
811 3670 868 3722 te
887 3667 916 3722 ‘I
952 3697 1010 3706 -
1041 3665 1337 3722 Humansa
1367 3665 1585 3723 mentis
1611 3670 1700 3723 est
1723 3681 1864 3740 pro-

206 3753 414 3828 prium
443 3755 558 3810 hoc
585 3753 696 3811 sibi
725 3753 854 3811 ﬁeri
883 3754 1173 3828 suspicari
1195 3755 1361 3828 quod
1385 3755 1544 3812 facit.
1568 3755 1871 3814 Arbitran-

206 3849 308 3902 tur
337 3844 500 3902 enim
530 3861 593 3901 se
621 3845 868 3918 despici,
899 3845 1046 3918 quia
1067 3845 1372 3902 bonorum
1419 3863 1618 3904 mores
1671 3845 1872 3919 despi-

209 3949 348 3991 cere
366 3936 826 3990 consueverunt.
856 3935 924 3988 Et
951 3933 1096 4006 quia
1115 3933 1177 3988 in
1205 3933 1298 3989 his
1325 3950 1461 4007 quae
1476 3935 1873 4008 comprehen-

209 4023 274 4080 di
301 4023 510 4081 valent
537 4021 765 4078 ratione
791 4025 1000 4078 contra
1026 4022 1360 4093 haereticos,
1381 4023 1644 4079 ostendit
1673 4023 1873 4079 Eccle-

209 4114 296 4171 sia
322 4109 684 4170 rationabile
709 4124 833 4167 non
863 4125 995 4166 esse
1041 4110 1210 4182 quod
1257 4115 1554 4178 astruunt,
1596 4112 1877 4168 aestimari

209 4221 272 4261 se
301 4201 386 4262 ab
417 4200 550 4272 ejus
562 4198 793 4271 judicia
816 4198 977 4256 velut
995 4199 1270 4271 jumenta
1307 4199 1714 4273 suspicantur.
1776 4201 1875 4258 Se-

209 4292 421 4366 quitur
447 4307 460 4346 :

284 4382 462 4436 Vens.
488 4381 542 4435 4.
578 4378 696 4448 Qui
718 4379 921 4449 perdis
950 4379 1216 4436 animam
1266 4379 1329 4435 in
1384 4379 1602 4449 furore
1651 4384 1776 4436 tuo.
1805 4411 1874 4421 —

211 4467 482 4526 Haeretici
510 4466 606 4524 vel
629 4467 822 4525 zelum
851 4466 1221 4524 rectitudinis
1250 4466 1339 4524 vel
1391 4466 1715 4540 spiritalem
1747 4483 1878 4539 gra-

211 4559 365 4617 tiam
386 4561 606 4615 sanctas
635 4556 1100 4630 praedicationis,
1155 4572 1281 4613 non
1331 4556 1563 4614 virtutis
1610 4557 1874 4631 pondus,

213 4647 328 4705 sed
351 4646 653 4704 insaniam
683 4646 900 4704 furoris
926 4645 1288 4714 existimant,
1318 4661 1442 4719 quo
1463 4645 1662 4703 furore
1707 4646 1876 4703 vide-

211 4737 357 4794 licet
383 4735 576 4810 perire
603 4734 874 4792 ﬁdelium
891 4735 1128 4793 animas
1150 4733 1532 4792 arbitrantur.
1559 4734 1872 4808 Sequitur:

213 4823 515 4895 Nunquid
561 4828 815 4894 propter
871 4829 927 4879 te
973 4823 1428 4894 dmlinquetur
1474 4828 1636 4880 terra
1662 4825 1690 4879 ?
1725 4821 1878 4890 Quid

217 4928 367 4985 ergo
398 4916 489 4969 est
515 4911 734 4981 dicere,
768 4913 1048 4984 nunquid
1061 4919 1313 4983 propter
1347 4917 1402 4970 te
1425 4912 1882 4985 derelinquetur

217 5010 410 5070 terra,
437 5001 556 5059 nisi
579 5001 696 5059 hoc
723 5001 890 5076 quod
915 5017 1074 5076 saepe
1092 5001 1373 5059 ﬁdelibus
1406 5001 1634 5073 dicunt,
1665 5003 1810 5076 quia
1831 5000 1880 5058 si

216 5094 339 5151 hoc
366 5095 460 5149 est
486 5107 696 5162 verum
718 5091 887 5165 quod
919 5107 1027 5149 vos
1056 5090 1272 5160 dicitis,
1297 5091 1498 5149 omnis
1524 5095 1683 5150 terra
1707 5092 1880 5150 dere-

215 5183 384 5252 licta,
413 5182 745 5256 quamjam
767 5197 900 5255 prm
927 5181 1308 5239 multitudine
1328 5196 1441 5238 nos
1462 5184 1759 5238 tenemus.
1787 5184 1882 5239 Se-

215 5271 426 5347 quitur
457 5289 471 5328 :
496 5271 574 5326 Et
609 5271 1060 5341 transferentur
1076 5287 1256 5341 rupes
1293 5271 1367 5328 de
1394 5271 1520 5327 loco
1549 5273 1881 5328 sud—Haa-

218 5360 391 5419 retici
420 5375 602 5434 rupes
627 5365 965 5419 vocanteos
984 5375 1140 5434 quos
1163 5359 1526 5417 sublimibus
1537 5359 1598 5416 in
1609 5360 1882 5416 humano

219 5465 444 5522 genere
471 5450 756 5507 excedere
787 5449 1067 5506 sensibus
1095 5449 1409 5516 aestimant,
1433 5465 1586 5522 quos
1613 5449 1884 5522 profecto

219 5540 502 5598 doctores
529 5557 592 5598 se
618 5539 844 5598 habere
871 5537 1216 5618 gloriantur.
1278 5541 1426 5596 Cum
1477 5553 1622 5597 vero
1675 5541 1888 5596 sancta

228 5630 502 5688 Ecclesia
523 5645 839 5705 perversos
877 5643 1154 5703 quosque
1181 5628 1600 5702 pradicatores
1623 5628 1780 5688 intra
1808 5627 1885 5688 si-

1904 4279 1951 4334 D

1894 2929 1933 2982 t2
1973 2942 2121 2984 num
2140 2927 2279 2984 ﬁdei
2303 2933 2478 2986 rectae
2491 2928 2766 3000 colligere
2783 2930 3064 3000 studeret,
3084 2930 3232 3004 quid
3254 2933 3420 2990 aliud
3439 2949 3630 3007 quam

1973 3015 2048 3073 de
2075 3017 2221 3074 locis
2249 3018 2508 3091 propriis
2532 3023 2750 3088 movet,
2782 3023 2848 3076 ut
2867 3019 3021 3076 intra
3039 3035 3172 3077 eam
3198 3026 3360 3078 recta
3382 3023 3632 3078 sentien-

1975 3111 2060 3162 tes
2079 3108 2318 3179 jaceant
2347 3108 2668 3176 humiliter,
2699 3109 2804 3181 qui
2827 3109 2889 3164 in
2919 3109 3216 3182 perversis
3266 3110 3388 3166 suis
3447 3111 3633 3166 sensi-

1973 3196 2090 3252 bus
2119 3197 2288 3270 prius
2314 3197 2489 3268 rigidi
2533 3197 2827 3254 stabant?
2873 3198 2986 3255 Sed
3035 3199 3150 3255 hoc
3206 3198 3333 3254 ﬁeri
3376 3198 3636 3256 haeretici

1975 3285 2225 3344 omnino
2251 3285 2689 3356 contradicunt,
2717 3291 2776 3344 et
2801 3291 3047 3361 propter
3061 3303 3273 3344 vocem
3298 3287 3428 3359 ejus
3452 3275 3634 3361 rupes

1975 3376 2050 3432 de
2078 3374 2212 3432 loco
2240 3375 2484 3450 proprio
2510 3375 2818 3433 transferri
2852 3375 3206 3432 renituntur.
3269 3377 3562 3449 Sequitur.

2048 3495 2212 3548 Vens.
2241 3497 2293 3555 5,
2327 3495 2379 3548 6.
2412 3493 2626 3550 Nonne
2656 3493 2768 3549 tua:
2811 3493 2984 3562 impii
3026 3493 3437 3563 extinguetur,
3502 3508 3638 3549 nec-

1976 3583 2307 3653 splendebit
2365 3583 2613 3652 ﬂamma
2638 3583 2794 3653 ignis
2837 3585 2968 3652 eius
2995 3579 3022 3634 ?
3050 3613 3118 3622 —
3165 3584 3296 3637 Haec
3324 3581 3373 3638 si
3400 3582 3462 3638 in
3491 3597 3641 3654 prte-

1980 3671 2166 3728 sentis
2193 3671 2328 3728 vitae
2377 3671 2723 3727 deﬁnitione
2780 3669 3111 3739 denuntiat,
3173 3669 3437 3726 fallitur:
3498 3670 3641 3744 quia

1980 3761 2337 3834 plerumque
2359 3763 2416 3816 et
2459 3759 2658 3832 impiis
2704 3759 2906 3816 inesse
2960 3758 3168 3816 lumen
3225 3759 3639 3832 prosperitatis

1981 3850 2261 3922 cernitur,
2287 3855 2344 3906 et
2371 3849 2504 3922 pios
2527 3848 2787 3905 tenebrae
2818 3847 3205 3920 ignobilitatis
3229 3853 3284 3904 et
3326 3853 3645 3922 pauperta-

1983 3938 2055 3994 tis
2077 3938 2478 3996 abscondunt.
2507 3937 2607 3994 Sin
2630 3952 2773 3993 vero
2799 3936 2879 3993 ad
2906 3937 3022 3992 hoc
3052 3937 3184 4007 ejus
3247 3952 3448 3992 sermo
3505 3937 3644 3992 diri-

1986 4027 2161 4097 gitur,
2192 4031 2260 4082 ut
2290 4025 2566 4082 ostendat
2592 4024 2742 4096 quid
2769 4023 2938 4096 impii
2963 4023 3024 4079 in
3042 4039 3154 4079 suo
3174 4023 3292 4078 ﬁne
3316 4024 3642 4096 patiantur,

1985 4114 2271 4170 veraciter
2300 4112 2532 4168 dicitur.
2562 4113 2774 4168 Nonne
2811 4112 2922 4167 tua:
2963 4111 3134 4180 impii
3171 4111 3592 4181 exstinguetur
3619 4111 3647 4166 ?

1989 4203 2195 4261 Omnis
2223 4217 2488 4276 namque
2518 4199 2742 4273 impius
2770 4198 2954 4256 habet
2975 4199 3289 4256 ﬂammam
3317 4197 3474 4270 ignis
3505 4214 3645 4272 pro-

1987 4292 2122 4368 prii,
2154 4307 2337 4366 quem
2361 4291 2422 4348 in
2454 4289 2634 4348 corde
2661 4305 2770 4346 suo
2796 4304 2870 4346 ex
2922 4287 3152 4345 fervore
3207 4286 3646 4345 desideriorum

1989 4380 2412 4455 temporalium
2433 4377 2728 4450 accendit,
2755 4377 2860 4435 sed
2875 4392 3001 4435 non
3027 4376 3383 4450 splendebat
3397 4378 3647 4447 ﬂamma

1986 4472 2143 4543 ignis
2165 4473 2312 4542 ejus,
2338 4485 2477 4526 cum
2507 4468 2570 4524 in
2599 4467 2695 4524 die
2725 4467 2917 4524 exitus
2949 4465 3147 4522 omnis
3183 4465 3438 4523 exterior
3464 4465 3647 4524 decor

1987 4559 2375 4632 subtrahitur,
2401 4563 2459 4616 et
2489 4557 2618 4616 solo
2645 4573 2754 4614 suo
2775 4557 3129 4614 intrinsecus
3149 4555 3364 4613 ardore
3409 4569 3651 4612 concre-

1985 4654 2206 4707 matur.
2257 4649 2526 4706 Flamma
2559 4663 2702 4718 ergo
2745 4646 2824 4702 ab
2876 4646 3013 4716 igne
3063 4644 3452 4711 subtrahitur,
3505 4657 3650 4700 cum

1987 4740 2176 4812 gloria
2205 4739 2459 4796 exterior
2489 4737 2566 4794 ab
2589 4740 2811 4792 aeterno
2867 4735 2997 4806 ejus
3055 4733 3269 4790 ardore
3310 4737 3643 4805 separatur.

1989 4829 2220 4887 Habent
2248 4828 2428 4886 etiam
2457 4831 2514 4883 et
2537 4825 2682 4898 justi
2706 4826 3021 4881 ﬂammam
3044 4822 3202 4894 ignis
3232 4821 3346 4890 sui,
3401 4821 3508 4878 sed
3562 4821 3650 4878 ni-

1988 4918 2210 4974 mirum
2240 4932 2376 4990 qum
2406 4913 2810 4988 resplendeat,
2842 4911 2988 4986 quia
3010 4909 3282 4968 videlicet
3309 4925 3520 4968 eorum
3541 4909 3648 4969 de-

1991 5007 2209 5065 sideria
2234 5006 2296 5062 in
2325 5004 2502 5062 bonis
2523 5003 2810 5078 operibus
2864 5001 3083 5059 lucent.
3137 4999 3450 5074 Sequitur:
3510 5003 3650 5059 Lux

1990 5094 2412 5154 obtenebrescit
2439 5094 2501 5150 in
2529 5093 2918 5150 tabernaculo
2946 5092 3152 5162 ipsius.
3196 5122 3266 5132 —
3293 5089 3351 5147 Si
3387 5091 3648 5165 plerum-

1990 5202 2108 5259 que
2136 5183 2409 5241 tenebras
2436 5181 2752 5250 tristitiam,
2782 5195 2906 5238 non
2953 5179 3250 5237 immerito
3275 5179 3472 5236 lucem
3503 5176 3652 5233 acci-

1991 5290 2133 5348 pere
2164 5271 2453 5344 gaudium
2470 5269 2784 5326 debemus.
2818 5272 2939 5326 Lux
2966 5284 3111 5341 ergo
3139 5268 3202 5324 in
3261 5259 3649 5322 tabernaculo

1992 5365 2148 5422 illius
2177 5360 2632 5429 obtenebrescit,
2665 5359 2808 5434 quia
2829 5359 2891 5416 in
2917 5359 3047 5431 ejus
3079 5351 3650 5424 conscientia-quam

1992 5452 2150 5511 male
2187 5449 2484 5507 inhabitat
2539 5449 2852 5519 gaudium,
2893 5446 3058 5518 quod
3091 5443 3165 5498 de
3217 5438 3650 5511 temporalibus

1993 5538 2175 5596 rebus
2203 5538 2414 5608 fuerat,
2446 5536 2664 5594 deﬁcit.
2699 5537 2974 5609 Sequitur
2993 5550 3006 5587 :
3025 5532 3106 5587 Et
3133 5530 3381 5587 lucerna
3405 5545 3539 5602 qua
3557 5546 3653 5586 su-

1993 5634 2192 5699 perest
2219 5629 2654 5700 exstinguetur.
2685 5655 2758 5668 —
2787 5626 2856 5680 Ut
2877 5619 3038 5678 enim
3065 5617 3141 5677 de
3167 5635 3282 5677 usu
3322 5619 3664 5686 multorum
