4146 6156
1534 95 1593 151 8.
1634 91 1894 151 ODONIS
1942 90 2240 148 ABBA‘ﬂS
2279 90 2780 150 CLUNIACENSIS
2816 91 2865 146 Π

3807 84 3925 147 ωδ

491 227 729 300 loquar,
756 226 1002 280 lucerna
1030 222 1239 277 lumen
1264 220 1326 275 in
1371 223 1522 275 testa
1574 222 1687 287 est,
1744 215 2036 286 gaudium
2087 213 2150 269 in
2185 216 2233 270 Α
2258 217 2451 273 micus
2480 216 2706 290 quippe
2734 216 3030 272 insidians
3080 215 3340 272 ostendit
3394 216 3679 271 humanae
3734 213 3921 271 menti

492 330 693 373 carne.
724 315 1003 370 Lucam
1021 320 1164 381 ergo
1195 325 1325 382 quae
1352 324 1534 378 super
1558 322 1692 363 eum
1714 307 2150 375 exstinguelur,

490 405 637 478 quia
664 419 808 458 cum
836 401 1140 458 malorum
1168 414 1418 456 suorum
1446 395 1754 453 retributio
1784 394 2038 466 impium
2061 408 2152 447 se-

488 495 717 567 quitur,
744 492 806 549 in
838 492 967 563 ejus
996 494 1194 546 mente
1226 487 1517 559 gaudium
1538 485 1779 543 carnale
1804 483 2151 555 dissipatur.

490 583 587 640 Sic
618 582 782 638 enim
804 581 1154 653 iniquorum
1176 583 1439 634 mentem
1470 580 1704 631 terrena
1734 572 1957 643 gaudia
2012 587 2152 645 pos-

491 672 706 737 sident,
745 675 812 727 ut
839 685 1021 742 super
1047 668 1246 741 ipsam
1274 668 1416 735 sint,
1442 680 1567 721 non
1597 663 1762 736 apud
1784 663 2004 735 ipsam.
2061 662 2157 716 Se-

492 761 699 835 quitur
724 777 741 815 ς

490 876 495 879 ’
568 887 734 939 Vsus.
767 890 820 940 7.
868 882 1288 939 Arctabuntur
1327 896 1563 953 gressus
1614 879 1854 935 virtutis
1913 880 2057 948 ejus.
2091 907 2157 915 --

490 974 662 1029 Nunc
688 972 845 1028 enim
877 972 1050 1044 quasi
1079 970 1312 1026 virtutis
1336 986 1458 1024 suae
1495 984 1733 1040 gressus
1768 965 1970 1031 exerit,
2013 981 2159 1038 quo-

490 1061 603 1117 ties
624 1060 932 1133 potestatis
963 1076 1087 1114 sum
1116 1057 1430 1114 violentias
1462 1060 1711 1113 exercet.
1764 1055 1877 1111 Sed
1923 1069 2159 1125 gressus

499 1150 742 1205 virtutis
764 1150 892 1218 ejus
919 1148 1342 1215 arctabuntur,
1374 1146 1517 1218 quia
1542 1145 1697 1200 vires
1724 1143 1961 1199 malitiae
2004 1142 2159 1197 illius

497 1253 649 1310 quas
674 1253 834 1293 nunc
854 1238 913 1292 in
944 1236 1351 1309 voluptatibus
1371 1235 1493 1290 suis
1513 1233 1751 1289 exhibet
1771 1231 2158 1305 postmodum

495 1342 675 1399 poena
706 1325 1074 1395 constringit.
1110 1323 1389 1396 Sequitur
1419 1341 1430 1377 :
1457 1324 1539 1378 Et
1575 1322 1983 1391 prwcipilabit
2028 1335 2157 1375 eum

496 1417 809 1472 consilium
838 1431 1030 1470 suum.
1059 1446 1126 1454 —
1160 1412 1345 1468 Habet
1388 1428 1549 1467 nunc
1597 1409 1912 1465 consilium
1963 1406 2160 1463 omnis

494 1504 737 1577 iniquus
766 1503 1084 1577 praesentia
1114 1506 1414 1574 appetere,
1449 1505 1670 1555 aeterna
1709 1498 2046 1570 desperare,
2076 1495 2161 1551 in-

495 1594 656 1665 justa
688 1608 886 1661 agere,
909 1593 1074 1663 justa
1098 1589 1386 1646 deridere.
1419 1590 1533 1646 Sed
1559 1605 1696 1644 cum
1726 1587 1915 1645 Judex
1963 1587 2159 1657 justo-

495 1697 634 1736 rum
655 1680 1143 1752 injustorumque
1170 1678 1416 1748 venerit,
1448 1694 1557 1732 suo
1590 1674 2010 1748 unusquisque
2047 1673 2158 1728 im-

499 1768 637 1841 pius
673 1768 926 1823 consilio
946 1766 1371 1840 praecipitatur,
1404 1764 1547 1838 quia
1567 1780 1676 1837 per
1692 1764 1809 1819 hoc
1842 1763 2009 1836 quod
2063 1761 2159 1829 hic

505 1856 680 1927 elegit
709 1861 1011 1929 appetere,
1060 1856 1265 1929 pravis
1323 1853 1783 1924 cogitationibus
1838 1854 1899 1908 in
1957 1851 2159 1908 aeterni

501 1946 779 2019 supplicii
807 1945 1083 2002 tenebras
1115 1945 1423 2013 mergitur.
1456 1945 1645 2010 Quem
1671 1942 1831 1998 enim
1855 1941 1952 1997 hic
1973 1940 2159 2010 gloria

500 2033 852 2108 temporalis
883 2033 1126 2101 extollit,
1158 2033 1328 2089 illum
1348 2031 1475 2097 illic
1507 2032 1632 2087 sine
1670 2031 1929 2087 termino
1979 2044 2161 2103 poena

498 2123 735 2196 premit.
770 2123 1047 2196 Sequitur
1080 2140 1093 2177 :

571 2232 735 2285 Vens.
767 2234 820 2285 8.
849 2230 1099 2285 Immisit
1130 2230 1284 2286 enim
1300 2229 1372 2284 in
1414 2233 1538 2284 rete
1587 2227 1795 2296 pedem
1860 2241 2057 2293 suum,
2105 2229 2161 2279 et

499 2319 562 2374 in
590 2320 843 2375 maculis
870 2321 997 2390 ejus
1028 2319 1297 2374 ambulat
1350 2348 1420 2355 —
1451 2315 1559 2382 Qui
1590 2315 1776 2388 pedes
1808 2314 1869 2368 in
1886 2317 2006 2368 rete
2029 2311 2159 2366 mit-

500 2408 583 2474 tit,
617 2424 740 2463 non
770 2424 910 2463 cum
940 2407 1209 2472 voluerit,
1242 2406 1398 2475 ejicit
1430 2423 1442 2471 ;
1473 2404 1553 2458 sic
1583 2403 1688 2475 qui
1719 2403 1780 2457 in
1811 2400 2071 2475 peccatis
2098 2415 2159 2455 se

502 2495 721 2566 dejicit,
753 2511 874 2551 non
904 2511 1048 2550 mox
1082 2498 1144 2549 ut
1174 2493 1427 2549 voluerit
1458 2491 1665 2561 surgit,
1698 2497 1753 2545 et
1795 2490 1899 2563 qui
1937 2490 1997 2544 in
2036 2504 2161 2545 ma-

503 2582 650 2637 culis
680 2584 817 2639 retis
842 2582 1133 2650 ambulat,
1169 2597 1411 2651 gressus
1442 2595 1587 2635 suos
1634 2578 2008 2635 ambulando
2052 2577 2159 2632 im-

508 2670 708 2743 plicat,
741 2676 797 2727 et
823 2687 962 2727 cum
987 2670 1253 2743 expediri
1304 2669 1381 2725 ad
1439 2668 1880 2724 ambulandum
1934 2667 2155 2733 nititur,

502 2774 578 2815 ne
601 2759 870 2816 ambulet
895 2759 1215 2829 obligatur.
1251 2761 1416 2831 Saepe
1442 2773 1708 2831 namque
1764 2756 2053 2825 contingit
2096 2760 2159 2811 ut

501 2847 639 2920 quis
663 2848 845 2919 hujus
876 2847 1090 2903 mundi
1140 2846 1532 2903 delectatione
1582 2861 1909 2919 persuasus
1967 2845 2028 2899 in
2085 2859 2156 2900 eo

503 2935 583 2993 ad
607 2936 853 2993 honoris
883 2935 1136 3007 gloriam
1157 2934 1474 3008 pertingat,
1495 2938 1549 2989 et
1572 2933 1926 3006 plerumque
1951 2932 2157 2989 habita

501 3025 806 3096 vilescunt,
834 3023 1223 3099 percipiendo
1250 3023 1423 3080 discit
1459 3039 1648 3097 quam
1703 3023 1779 3078 sit
1826 3022 1939 3078 vile
1990 3020 2157 3095 quod

499 3116 756 3188 expetiit.
794 3115 959 3172 Unde
990 3113 1702 3180 revocatusadmentem,
1730 3103 1987 3185 exquirit
2012 3127 2157 3184 qua-

497 3202 630 3258 liter
680 3205 809 3259 sine
866 3196 1045 3274 culp‘a
1087 3201 1294 3271 fugiat,
1350 3199 1522 3273 quod
1579 3216 1640 3255 se
1698 3199 1987 3272 conspicit
2021 3214 2156 3254 esse

499 3290 806 3362 adeptum.
840 3290 957 3346 Sed
981 3291 1113 3363 ipsa
1133 3304 1272 3345 eum
1303 3288 1565 3359 dignitas
1616 3304 1749 3361 quae
1805 3287 2153 3360 implicavit,

500 3382 659 3433 tenet
692 3396 705 3446 ;
756 3382 813 3433 et
862 3378 989 3433 sine
1031 3376 1223 3449 culpis
1281 3376 1408 3432 aliis
1448 3376 1654 3446 fugere
1686 3391 1809 3431 non
1840 3375 1997 3432 valet
2019 3376 2153 3444 hoc,

499 3466 605 3522 ubi
635 3467 764 3522 sine
790 3466 968 3539 culpa
994 3465 1290 3539 pervenit.
1322 3464 1597 3537 Sequitur
1628 3482 1641 3519 :

570 3575 739 3628 Vens.
767 3577 819 3628 9.
857 3573 1174 3629 Tenebitur
1188 3573 1409 3642 planta
1430 3573 1597 3628 illius
1649 3572 1877 3644 laqueo.
1907 3602 1980 3611 —
2007 3571 2157 3637 Quia

500 3661 770 3718 videlicet
796 3662 1102 3732 stringitur
1130 3660 1289 3717 funis
1318 3660 1379 3716 in
1403 3660 1633 3734 peccati
1661 3660 1899 3733 laqueo,
1929 3666 1985 3716 et
2012 3660 2156 3733 quia

478 3750 688 3827 hostis
709 3750 943 3821 generis
973 3749 1226 3806 humani
1247 3766 1386 3806 cum
1442 3749 1919 3825 uniuscujusque
1968 3750 2156 3806 vitam

500 3840 563 3896 in
594 3840 774 3914 culpa
802 3839 1027 3911 diligat,
1057 3839 1135 3896 ad
1167 3840 1296 3912 ejus
1319 3843 1578 3896 mortem
1621 3838 1836 3895 anxius
1892 3839 2152 3896 anhelat.

503 3930 781 4004 Sequitur
813 3948 825 3986 :
858 3931 1225 3988 Exardescet
1264 3936 1477 3987 contra
1529 3944 1659 3986 eum
1717 3930 1864 3986 silis.
1898 3961 1967 3969 —
1996 3928 2155 3986 Anti-

484 4012 659 4093 ‘quus
683 4020 909 4101 quippe
941 4024 1142 4077 noster
1168 4019 1469 4091 inimlcus,
1501 4036 1640 4076 cum
1662 4018 1722 4075 in
1771 4025 2018 4092 peccato
2076 4018 2157 4075 vi-

498 4114 622 4166 tam
688 4108 992 4183 illaqueat,
1053 4109 1190 4181 sitit,
1250 4115 1314 4165 ut
1377 4114 1639 4167 mortem
1694 4109 2023 4183 peccatoris
2062 4107 2155 4164 bi-

497 4197 623 4254 bat.
655 4199 828 4264 Quod
854 4204 1057 4255 tamen
1107 4203 1165 4255 et
1211 4198 1377 4255 aliter
1432 4197 1678 4268 intelligi
1729 4201 1943 4271 potest.
2006 4201 2177 4255 Nam,

499 4301 783 4359 perversa
803 4302 976 4343 mens
1007 4302 1146 4343 cum
1171 4286 1235 4342 in
1255 4290 1501 4358 peccato
1528 4302 1590 4341 se
1633 4286 1866 4342 venisse
1923 4286 2156 4359 conspi-

500 4374 598 4440 cit,
631 4374 901 4447 quadam
923 4374 1295 4444 cogitationis
1323 4374 1634 4446 superficie
1663 4374 1912 4432 evadere
1942 4390 2155 4449 pecca-

502 4462 543 4519 ti
568 4462 819 4535 laqueos
847 4464 1082 4536 quaarit.
1116 4463 1231 4520 Sed
1259 4462 1354 4519 vel
1379 4468 1631 4519 terrores
1684 4464 1777 4520 vel
1829 4464 2157 4539 opprobria

497 4552 818 4611 hominum
849 4552 1086 4623 timens,
1114 4552 1275 4625 eligit
1301 4552 1363 4610 in
1405 4557 1695 4610 aeternum
1751 4554 1923 4621 mori,
1970 4571 2155 4627 quam

500 4641 580 4700 ad
609 4646 850 4716 tempus
873 4641 1102 4716 aliquid
1140 4641 1517 4699 adversitatis
1572 4642 1818 4715 perpeti.
1878 4641 2042 4699 Unde
2094 4658 2156 4699 se

483 4724 694 4789 totum
723 4732 875 4789 vitiis
897 4731 1136 4802 deserit,
1168 4731 1392 4806 quibus
1411 4732 1540 4802 jam
1585 4730 1769 4788 semel
1823 4729 2155 4802 obligatum

501 4822 694 4878 sentit.
725 4823 908 4893 Cujus
941 4837 1085 4894 ergo
1111 4838 1304 4897 usque
1330 4821 1409 4878 ad
1463 4822 1648 4878 ﬁnem
1701 4821 1815 4879 vita
1870 4822 1932 4878 in
1980 4823 2157 4896 culpa

498 4910 947 4981 constringitur,
982 4913 1113 4983 ejus
1132 4912 1347 4986 planta
1372 4910 1591 4984 laqueo
1618 4916 1869 4968 tenetur.
1898 4913 1961 4969 In
1983 4913 2157 4984 cujus

495 4998 729 5073 quippe
758 5000 963 5057 animo
993 5005 1202 5058 contra
1236 5018 1376 5058 eum
1433 5000 1557 5058 sitis
1610 5001 1957 5071 exardescit,
2014 5002 2158 5075 quia

473 5104 624 5163 quo
670 5102 846 5159 agere
897 5086 1176 5165 perverse
1234 5090 1563 5159 consuevit,
1618 5107 1689 5147 eo
1742 5090 1820 5148 ad
1858 5089 2158 5147 ebibenda

498 5177 664 5235 mala
682 5178 1066 5235 vehementer
1092 5180 1455 5237 accenditur.
1481 5179 1670 5252 Impio
1718 5179 1942 5254 quippe
2000 5180 2156 5237 sitire

500 5271 589 5323 est
607 5267 789 5340 hujus
818 5266 1033 5324 mundi
1060 5267 1225 5324 bona
1255 5267 1700 5340 concupiscere.
1736 5269 2012 5343 Sequitur
2039 5287 2051 5325 :

571 5378 735 5433 Vens.
771 5377 854 5434 10.
884 5376 1250 5435 Abscondita
1271 5382 1356 5434 est
1386 5378 1450 5433 in
1483 5382 1647 5433 terra
1676 5377 1890 5447 pedica
1920 5379 2069 5447 ejus,
2100 5383 2155 5435 et

498 5464 967 5536 deeizmlaillius
995 5481 1175 5538 simer
1202 5467 1491 5524 semitam.
1526 5498 1593 5507 -—
1622 5470 1689 5523 In
1746 5470 1901 5522 terra
1945 5465 2157 5539 pedica

488 5553 911 5628 absconditur,
924 5571 1072 5618 cum
1089 5556 1399 5631 cubaeub
1418 5556 1666 5614 terrenis
1679 5555 2031 5623 ocwketur.
2042 5556 2157 5615 lni-

2258 306 2401 379 quid
2434 307 2494 362 in
2525 312 2761 363 terreno
2785 307 2952 362 lucro
2973 309 3238 379 appetat,
3270 309 3326 361 et
3355 305 3633 375 occultat,
3688 305 3923 377 peccati

2258 395 2544 468 laqueum
2606 396 2762 451 unde
2808 396 2939 466 ejus
2998 394 3273 451 animam
3320 394 3570 463 stringit.
3640 394 3926 466 Decipula

2258 500 2401 540 vero
2432 502 2467 539 a
2493 484 2849 557 decipienda
2879 487 3089 540 vocata
3119 488 3225 553 est,
3258 488 3316 540 et
3342 488 3483 539 tunc
3537 483 3617 539 ab
3671 483 3923 556 antiquo

2260 575 2429 628 hoste
2460 590 2639 645 super
2670 573 2943 629 semitam
2974 573 3254 645 decipula
3286 573 3548 645 ponitur,
3578 572 3832 645 quando
3860 571 3923 627 in

2263 662 2493 716 actione
2514 662 2614 732 huj
2625 678 2695 716 us
2706 661 2939 727 mundi,
2964 677 3151 732 quam
3174 677 3347 716 mens
3394 659 3641 733 appetit,
3692 660 3924 732 peccati

2261 748 2515 821 laqueus
2545 753 2808 821 paratur.
2838 751 2982 814 Qua:
3007 748 3281 804 videlicet
3308 763 3432 804 non
3459 747 3628 804 facile
3680 747 3923 820 decipe—

2264 841 2369 907 ret,
2397 837 2444 892 si
2465 837 2649 894 videri
2677 838 2984 911 potuisset.
3020 838 3115 894 Sic
3144 837 3371 910 quippe
3414 836 3693 909 decipula
3747 836 3925 909 poni-

2264 932 2379 996 tur,
2410 932 2475 983 ut
2498 927 2647 982 dum
2674 944 2812 983 esca
2841 926 3192 991 ostenditur,
3252 942 3645 1000 nequaquam
3700 926 3835 1000 ipsa
3886 943 3927 981 a

2264 1019 2607 1071 transeunte
2636 1015 2909 1071 videatur
2940 1034 2952 1071 :
2981 1015 3157 1088 quasi
3185 1031 3323 1071 esca
3350 1016 3578 1088 quippe
3603 1015 3662 1070 in
3703 1015 3926 1086 laqueo

2264 1107 2357 1158 est
2379 1103 2615 1159 lucrum
2642 1119 2786 1159 cum
2814 1103 3014 1177 culpa,
3073 1108 3130 1159 et
3180 1103 3361 1174 hujus
3417 1102 3630 1159 mundi
3678 1117 3928 1175 prospe—

2264 1191 2407 1247 ritas
2433 1208 2574 1247 cum
2603 1192 2931 1265 iniquitate.
2964 1191 3047 1247 lbi
3071 1208 3215 1262 ergo
3254 1191 3533 1248 inimicus
3579 1190 3927 1264 decipulum

2262 1280 2454 1354 ponit,
2480 1281 2582 1336 ubi
2634 1298 2765 1337 esse
2819 1282 3095 1338 semitam
3150 1282 3370 1339 mentis
3422 1281 3732 1354 conspicit,
3776 1280 3928 1353 quia

2262 1370 2383 1427 illic
2405 1369 2740 1443 periculum
2771 1370 3142 1444 deceptionis
3191 1370 3414 1433 inserit,
3446 1370 3553 1426 ubi
3590 1370 3749 1426 viam
3794 1385 3926 1425 esse

2266 1459 2557 1514 invenerit
2585 1459 2943 1532 propinqua;
2970 1459 3367 1529 cogitationis.
3400 1462 3464 1515 Et
3489 1459 3637 1532 quia
3686 1474 3930 1531 perver-

2185 1566 2230 1623 Β
2264 1563 2370 1603 sus
2397 1548 2601 1616 homo,
2629 1563 2811 1603 omne
2852 1548 3025 1620 quod
3077 1547 3236 1618 facit,
3280 1548 3463 1604 etiam
3520 1546 3641 1621 pati
3693 1547 3924 1615 metuit,

2262 1642 2424 1692 recte
2454 1636 2723 1709 sequitur
2754 1655 2767 1691 :

2338 1729 2507 1781 Vens.
2544 1727 2629 1780 ll.
2662 1727 2932 1797 Undique
2955 1727 3265 1783 terrebunt
3296 1742 3428 1783 eum
3471 1727 3927 1796 formidines.—

2267 1813 2433 1869 Tales
2463 1814 2623 1869 enim
2654 1820 2862 1870 contra
2884 1830 2951 1869 se
2982 1830 3195 1870 omnes
3225 1831 3359 1870 esse
3384 1815 3738 1887 suspicatur,
3768 1830 3928 1886 qua-

2264 1903 2345 1959 lia
2373 1902 2501 1975 ipse
2530 1919 2659 1959 esse
2689 1909 2899 1959 contra
2921 1918 3134 1960 omnes
3162 1903 3386 1960 nititur.
3420 1904 3712 1976 Sequitur.
3736 1904 3816 1959 Et
3836 1904 3929 1958 in-

2264 1994 2509 2049 volverat
2530 1994 2708 2064 pedes
2738 1995 2887 2063 ejus.
2917 2025 2986 2035 —
3018 1995 3207 2050 Prava
3243 1994 3446 2066 itaque
3499 1992 3796 2049 desideria
3842 1993 3928 2048 ad

2264 2083 2596 2155 pessimam
2627 2082 2924 2139 actionem
2950 2084 3216 2153 trahunt,
3244 2087 3304 2139 et
3326 2083 3593 2156 pessima
3622 2082 3779 2139 actio
3805 2096 3927 2138 res-

2264 2170 2470 2242 tringit
2486 2171 2551 2228 in
2582 2171 2920 2229 formidine.
2946 2172 3097 2238 Quae
3118 2171 3396 2228 videlicet
3422 2171 3684 2228 formido
3735 2170 3927 2226 involo

2268 2259 2346 2314 vit
2377 2260 2580 2331 pedes,
2605 2276 2679 2315 ne
2709 2260 2770 2315 in
2800 2265 3027 2317 rectam
3053 2261 3212 2316 exire
3232 2260 3473 2317 valeant
3523 2261 3843 2327 actionem,
3871 2263 3930 2314 et

2260 2349 2764 2422 sapoeontingit,
2794 2349 3391 2423 utideircoquisque
3418 2349 3930 2406 bonusesseme-

2268 2442 2413 2507 tuat,
2441 2454 2516 2493 ne
2541 2438 2656 2494 hoc
2686 2456 2721 2495 a
2749 2440 2952 2511 pravis
2984 2440 3115 2512 ipse
3140 2440 3421 2512 patiatur,
3449 2439 3618 2512 quod
3642 2455 3705 2495 se
3750 2438 3930 2495 bonis

2265 2527 2476 2584 fecisse
2504 2528 2948 2597 reminiscitur;
2975 2529 3243 2601 dumque
3264 2529 3380 2585 hoc
3404 2530 3530 2601 pati
3577 2528 3745 2602 quod
3771 2528 3927 2597 fecit,

2271 2616 2496 2686 metuit,
2527 2617 2795 2690 undique
2824 2619 3074 2686 territus,
3101 2618 3369 2692 undique
3390 2623 3723 2691 suspectus,
3750 2617 3931 2691 quasi

2265 2705 2452 2779 pedes
2474 2706 2773 2763 involutos
2811 2707 3011 2763 habet.
3048 2708 3343 2781 Sequitur.

2338 2794 2510 2850 Vens.
2549 2798 2632 2851 l2.
2664 2795 2948 2851 Attenuel
2992 2796 3156 2866 fame
3193 2796 3379 2851 robur
3422 2798 3573 2866 ejus,
3622 2801 3677 2852 et
3725 2796 3930 2851 inedia

2185 2914 2226 2967 ο
2266 2884 2515 2940 invadat
2575 2890 2766 2941 costas
2824 2887 2970 2955 ejus.
3023 2917 3090 2925 —
3143 2886 3461 2958 Scripturae
3526 2901 3710 2941 sacrae
3759 2901 3928 2941 more

2256 2976 2472 3045 optare
2519 2973 2755 3030 videtur
2805 2973 2975 3047 quod
3024 2974 3293 3031 futurum
3351 2974 3653 3047 praevidet,
3708 2974 3931 3031 scilicet

2260 3077 2391 3118 non
2420 3062 2834 3119 maledicentia:
2856 3064 3089 3134 animo,
3122 3064 3228 3121 sed
3272 3063 3668 3137 praedicatis.
3720 3063 3929 3121 Omnis

2265 3150 2467 3223 itaque
2511 3152 2715 3217 homo,
2761 3153 2909 3225 quia
2955 3169 3029 3210 ex
3072 3153 3279 3210 anima
3328 3158 3385 3210 et
3434 3169 3619 3211 carne
3666 3157 3927 3221 constat,

2258 3239 2441 3311 quasi
2472 3256 2545 3297 ex
2574 3241 2790 3298 robore
2810 3246 2872 3298 et
2896 3242 3243 3300 inﬁrmitate
3273 3243 3642 3316 compositas
3682 3247 3792 3299 est.
3825 3245 3931 3298 Ro-

2262 3328 2381 3384 bur
2409 3345 2553 3399 ergo
2581 3331 2842 3387 hominis
2868 3332 3075 3389 enim
3120 3337 3206 3388 est
3250 3331 3581 3403 rationalis,
3624 3348 3768 3405 quae
3812 3332 3927 3389 im-

2264 3418 2675 3489 pugnantibus
2728 3420 2879 3476 vitiis
2928 3421 3197 3477 resistere
3251 3437 3360 3494 per
3404 3420 3702 3478 rationem
3748 3421 3924 3478 valet.

2262 3508 2417 3575 Ergo
2446 3506 2632 3563 robur
2655 3507 2847 3580 iniqui
2872 3508 3032 3565 fame
3056 3514 3419 3577 attenuatur,
3451 3509 3597 3583 quia
3622 3510 3757 3581 ejus
3804 3510 3929 3566 ani-

2262 3611 2367 3652 ma
2397 3595 2563 3652 nulla
2592 3596 2806 3654 interni
2830 3599 2947 3655 cibi
2990 3600 3307 3657 refectione
3350 3601 3637 3673 pascitur,
3680 3599 3762 3657 de
3798 3616 3931 3673 qua

2265 3684 2483 3741 scilicet
2534 3686 2692 3743 fame
2719 3704 2830 3760 per
2869 3690 3228 3762 prophetam
3271 3690 3489 3747 dicitur
3519 3708 3532 3745 :
3588 3713 3616 3741 α
3646 3690 3772 3747 Emi

2262 3773 2489 3830 famem
2513 3774 2577 3832 in
2626 3780 2801 3845 terra,
2848 3794 2974 3835 non
3016 3778 3243 3837 famem
3287 3779 3485 3853 panis,
3534 3782 3737 3853 neque
3764 3779 3930 3837 sitim

2256 3878 2462 3936 aquae,
2492 3865 2602 3921 sed
2629 3866 2916 3923 audiendi
2943 3868 3192 3925 verbum
3222 3869 3321 3925 Dei
3355 3870 3576 3937 (Amos.
3608 3885 3727 3936 vni,
3767 3872 3878 3941 Η).
3896 3892 3927 3919 υ

2264 3954 2455 4010 Costa;
2480 3969 2623 4024 ergo
2650 3954 3125 4030 uniuscujusque
3157 3962 3299 4013 sunt
3318 3973 3539 4014 sensus
3567 3957 3808 4029 anime,
3826 3958 3930 4031 qui

2268 4040 2514 4099 latentes
2544 4044 2932 4115 cogitationes
2960 4046 3263 4103 muniunt.
3292 4047 3497 4103 Inedia
3538 4047 3720 4118 igitur
3764 4048 3930 4105 inva-

2260 4130 2367 4186 det
2424 4137 2620 4190 costas
2648 4178 2663 4204 ,
2734 4134 2986 4206 quando
3043 4135 3210 4192 omni
3268 4135 3559 4208 spirituali
3610 4135 3930 4193 reiectione

2269 4220 2593 4292 subtracta,
2626 4238 2836 4278 sensus
2866 4224 3082 4280 mentis
3110 4225 3413 4293 deﬁciunt,
3443 4230 3501 4282 et
3538 4225 3931 4296 cogitationes

2269 4323 2409 4365 suas
2434 4325 2642 4379 regere
2666 4311 2763 4369 vel
2788 4312 2938 4369 tueni
2966 4322 3088 4369 non
3113 4318 3385 4385 possunt.
3421 4314 3696 4388 Sequitur
3720 4331 3739 4383 ;

2338 4399 2506 4455 Vens.
2538 4402 2623 4456 13.
2652 4401 2907 4457 Devoret
2929 4402 3451 4471 pulchritudinem
3464 4405 3627 4461 cutis
3674 4406 3827 4474 eius,
3870 4410 3932 4461 et

2266 4494 2569 4545 coruumet
2600 4488 2851 4546 brachia
2868 4490 3040 4547 illius
3062 4493 3468 4562 primogenita
3497 4508 3675 4550 mers.
3706 4524 3780 4535 —
3800 4491 3934 4549 Pul-

2266 4575 2540 4634 chritudo
2568 4576 2722 4633 cutis
2748 4582 2839 4635 est
2860 4577 3051 4648 gloria
3074 4580 3449 4654 temporalis,
3492 4592 3631 4654 quin
3650 4580 3810 4638 dum
3839 4580 3930 4639 io-

2252 4664 2346 4721 ris
2370 4666 2835 4738 concupiscitur,
2864 4668 3039 4741 quasi
3068 4669 3296 4742 species
3337 4670 3399 4727 in
3439 4674 3580 4727 cute

2265 4753 2653 4813 Brachiorum
2698 4772 2842 4814 vero
2890 4758 3140 4815 nomine
3185 4775 3309 4816 non
3358 4759 3694 4831 incongrue
3742 4775 3931 4834 opera

2244 4842 2677 4913 designantur,
2704 4845 2850 4917 quia
2878 4846 3188 4920 corporale
3212 4864 3372 4921 opus
3402 4848 3666 4905 brachiis
3696 4850 3925 4921 agitur:

2266 4931 2410 5005 quia
2435 4936 2638 4989 autem
2662 4949 2827 4991 mors
2851 4935 2969 4992 nisi
2994 4942 3314 5009 peccatum
3342 4942 3452 5006 est,
3488 4939 3668 5011 quod
3714 4939 3797 4996 ab
3836 4938 3931 4995 in-

2244 5020 2466 5079 .teriori
2515 5023 2635 5081 vita
2662 5024 2933 5083 animam
2973 5027 3239 5084 occidit?
3284 5028 3342 5086 Si
3380 5028 3563 5099 igitur
3610 5033 3931 5101 pacem

2246 5126 2451 5184 .mors,
2477 5128 2603 5170 non
2630 5113 2962 5185 incongrue
2990 5115 3390 5188 primogenita
3432 5134 3602 5176 mors
3645 5118 3937 5192 δυρώ

2265 5201 2423 5260 valet
2449 5202 2718 5275 intelligi,
2749 5205 2895 5277 quia
2912 5206 3203 5279 scriptum
3230 5213 3323 5266 est
3344 5227 3366 5266 τ
3402 5231 3434 5260 ι‹
3456 5208 3699 5266 hitinm
3718 5208 3934 5266 'onmis

2265 5292 2494 5381 peccati
2526 5292 2807 5366 superbia
2835 5294 3046 5366 (Eccli.
3098 5314 3158 5367 ι,
3190 5300 3299 5371 l5).
3337 5319 3365 5350 »
3396 5298 3935 5381 ’Pulchritndinem

2263 5380 2444 5452 igitur
2472 5382 2622 5439 cutis
2651 5383 2782 5453 ejus
2810 5389 2868 5440 et
2891 5383 3143 5442 brachia
3168 5386 3326 5444 illius
3346 5380 3934 5462 prirnogenitamers

2263 5469 2533 5541 devorat,
2565 5471 2712 5543 quia
2730 5471 2923 5545 iniqui
2948 5474 3208 5543 gloriam
3230 5477 3327 5534 vel
3368 5479 3784 5552 operah'onem
3822 5492 3935 5534 en-

2252 5559 2474 5631 perbia
2500 5560 2869 5634 supplantat.
2904 5564 3182 5639 Sequitur
3208 5582 3224 5622 :
3546 5592 3550 5597 ι
