  <div class='ocr_page' id='page_1' title='image "/cluster/home/n/w/nwhite01/storage/ocr_20150623/133/hvd.32044054759949/136.png"; bbox 0 0 4146 6156; ppageno 0'>
   <div class='ocr_carea' id='block_1_1' title="bbox 1080 110 2880 177">
    <p class='ocr_par' dir='ltr' id='par_1_1' title="bbox 1080 110 2880 177">
     <span class='ocr_line' id='line_1_1' title="bbox 1080 110 2880 177; baseline 0.004 -8"><span class='ocrx_word' id='word_1_1' title='bbox 1080 114 1374 171; x_wconf 68' lang='grc' dir='ltr'><strong>ΕΡΙΤΟΠΕ</strong></span> <span class='ocrx_word' id='word_1_2' title='bbox 1412 113 1777 172; x_wconf 69' lang='lat' dir='ltr'><strong>IORALIUM</strong></span> <span class='ocrx_word' id='word_1_3' title='bbox 1818 114 1875 169; x_wconf 88' lang='lat' dir='ltr'><strong>S.</strong></span> <span class='ocrx_word' id='word_1_4' title='bbox 1913 110 2125 170; x_wconf 76' lang='lat' dir='ltr'><strong>cum.</strong></span> <span class='ocrx_word' id='word_1_5' title='bbox 2166 114 2234 170; x_wconf 86' lang='lat' dir='ltr'><strong>IN</strong></span> <span class='ocrx_word' id='word_1_6' title='bbox 2274 116 2425 173; x_wconf 66' lang='lat' dir='ltr'><strong>JOB~</strong></span> <span class='ocrx_word' id='word_1_7' title='bbox 2464 146 2530 157; x_wconf 62' lang='grc' dir='ltr'><strong>ε-</strong></span> <span class='ocrx_word' id='word_1_8' title='bbox 2573 120 2706 175; x_wconf 88' lang='lat' dir='ltr'><strong>LIB.</strong></span> <span class='ocrx_word' id='word_1_9' title='bbox 2745 122 2880 177; x_wconf 85' lang='lat' dir='ltr'><strong>XIV.</strong></span> 
     </span>
    </p>
   </div>
   <div class='ocr_carea' id='block_1_2' title="bbox 306 234 3662 312">
    <p class='ocr_par' dir='ltr' id='par_1_2' title="bbox 306 234 3662 312">
     <span class='ocr_line' id='line_1_2' title="bbox 306 234 3662 312; baseline 0.006 -20"><span class='ocrx_word' id='word_1_10' title='bbox 306 239 482 293; x_wconf 71' lang='lat' dir='ltr'><strong>Vens.</strong></span> <span class='ocrx_word' id='word_1_11' title='bbox 514 234 598 292; x_wconf 78' lang='lat' dir='ltr'><strong>l4.</strong></span> <span class='ocrx_word' id='word_1_12' title='bbox 650 234 975 295; x_wconf 78' lang='lat' dir='ltr'><strong>Alteoatur</strong></span> <span class='ocrx_word' id='word_1_13' title='bbox 1002 240 1351 310; x_wconf 73' lang='lat' dir='ltr'><strong>[avellatur]</strong></span> <span class='ocrx_word' id='word_1_14' title='bbox 1394 254 1467 296; x_wconf 86' lang='lat' dir='ltr'><strong>ae</strong></span> <span class='ocrx_word' id='word_1_15' title='bbox 1504 241 1893 297; x_wconf 81' lang='lat' dir='ltr'><strong>tabernaculo</strong></span> <span class='ocrx_word' id='word_1_16' title='bbox 1922 243 1974 293; x_wconf 66' lang='grc' dir='ltr'><strong>ολ</strong></span> <span class='ocrx_word' id='word_1_17' title='bbox 2075 238 2249 295; x_wconf 75' lang='lat' dir='ltr'><strong>Vens.</strong></span> <span class='ocrx_word' id='word_1_18' title='bbox 2284 245 2366 297; x_wconf 79' lang='grc'><strong>18.</strong></span> <span class='ocrx_word' id='word_1_19' title='bbox 2392 242 2682 311; x_wconf 68' lang='grc' dir='ltr'><strong>Εερειιαι</strong></span> <span class='ocrx_word' id='word_1_20' title='bbox 2711 258 2844 301; x_wconf 79' lang='lat' dir='ltr'><strong>eum</strong></span> <span class='ocrx_word' id='word_1_21' title='bbox 2875 248 2949 303; x_wconf 83' lang='lat' dir='ltr'><strong>de</strong></span> <span class='ocrx_word' id='word_1_22' title='bbox 2980 249 3113 305; x_wconf 79' lang='lat' dir='ltr'><strong>luce</strong></span> <span class='ocrx_word' id='word_1_23' title='bbox 3154 251 3238 307; x_wconf 83' lang='lat' dir='ltr'><strong>ad</strong></span> <span class='ocrx_word' id='word_1_24' title='bbox 3266 252 3559 312; x_wconf 76' lang='lat' dir='ltr'><strong>tenebms.</strong></span> <span class='ocrx_word' id='word_1_25' title='bbox 3588 282 3662 299; x_wconf 89' lang='lat'><strong>--</strong></span> 
     </span>
    </p>
   </div>
   <div class='ocr_carea' id='block_1_3' title="bbox 230 327 1892 401">
    <p class='ocr_par' dir='ltr' id='par_1_3' title="bbox 230 327 1892 401">
     <span class='ocr_line' id='line_1_3' title="bbox 230 327 1892 401; baseline 0.001 -18"><span class='ocrx_word' id='word_1_26' title='bbox 230 342 342 383; x_wconf 76' lang='lat' dir='ltr'><strong>suo</strong></span> <span class='ocrx_word' id='word_1_27' title='bbox 369 327 601 397; x_wconf 70' lang='lat' dir='ltr'><strong>ﬁducia</strong></span> <span class='ocrx_word' id='word_1_28' title='bbox 627 330 778 397; x_wconf 84' lang='lat' dir='ltr'><strong>ejus,</strong></span> <span class='ocrx_word' id='word_1_29' title='bbox 801 329 988 383; x_wconf 70' lang='lat' dir='ltr'><strong>calcet</strong></span> <span class='ocrx_word' id='word_1_30' title='bbox 1013 343 1193 398; x_wconf 81' lang='lat' dir='ltr'><strong><em>super</em></strong></span> <span class='ocrx_word' id='word_1_31' title='bbox 1237 344 1370 386; x_wconf 87' lang='lat' dir='ltr'><strong>eum</strong></span> <span class='ocrx_word' id='word_1_32' title='bbox 1398 331 1576 401; x_wconf 85' lang='lat' dir='ltr'><strong>quasi</strong></span> <span class='ocrx_word' id='word_1_33' title='bbox 1612 345 1720 387; x_wconf 71' lang='lat' dir='ltr'><strong>rex</strong></span> <span class='ocrx_word' id='word_1_34' title='bbox 1744 332 1892 385; x_wconf 82' lang='lat' dir='ltr'><strong>inte-</strong></span> 
     </span>
    </p>
   </div>
   <div class='ocr_carea' id='block_1_4' title="bbox 234 416 1894 491">
    <p class='ocr_par' dir='ltr' id='par_1_4' title="bbox 234 416 1894 491">
     <span class='ocr_line' id='line_1_4' title="bbox 234 416 1894 491; baseline 0.001 -18"><span class='ocrx_word' id='word_1_35' title='bbox 234 419 412 473; x_wconf 81' lang='lat' dir='ltr'><strong>ritus.</strong></span> <span class='ocrx_word' id='word_1_36' title='bbox 442 448 512 457; x_wconf 89' lang='lat'><strong>—</strong></span> <span class='ocrx_word' id='word_1_37' title='bbox 545 419 666 473; x_wconf 81' lang='lat' dir='ltr'><strong>Hoc</strong></span> <span class='ocrx_word' id='word_1_38' title='bbox 687 416 823 472; x_wconf 90' lang='lat' dir='ltr'><strong>loco</strong></span> <span class='ocrx_word' id='word_1_39' title='bbox 852 417 1118 473; x_wconf 84' lang='lat' dir='ltr'><strong>interitus</strong></span> <span class='ocrx_word' id='word_1_40' title='bbox 1146 419 1412 487; x_wconf 80' lang='lat' dir='ltr'><strong>nomine,</strong></span> <span class='ocrx_word' id='word_1_41' title='bbox 1443 420 1570 491; x_wconf 87' lang='lat' dir='ltr'><strong>ipse</strong></span> <span class='ocrx_word' id='word_1_42' title='bbox 1591 420 1779 476; x_wconf 83' lang='lat' dir='ltr'><strong>hostis</strong></span> <span class='ocrx_word' id='word_1_43' title='bbox 1798 435 1894 485; x_wconf 82' lang='lat' dir='ltr'><strong>ge-</strong></span> 
     </span>
    </p>
   </div>
   <div class='ocr_carea' id='block_1_5' title="bbox 233 506 1892 578">
    <p class='ocr_par' dir='ltr' id='par_1_5' title="bbox 233 506 1892 578">
     <span class='ocr_line' id='line_1_5' title="bbox 233 506 1892 578; baseline 0.001 -16"><span class='ocrx_word' id='word_1_44' title='bbox 233 507 396 563; x_wconf 80' lang='lat' dir='ltr'><strong>neris</strong></span> <span class='ocrx_word' id='word_1_45' title='bbox 420 506 675 562; x_wconf 83' lang='lat' dir='ltr'><strong>humani</strong></span> <span class='ocrx_word' id='word_1_46' title='bbox 694 506 799 578; x_wconf 96' lang='lat' dir='ltr'><strong>qui</strong></span> <span class='ocrx_word' id='word_1_47' title='bbox 828 506 1130 563; x_wconf 81' lang='lat' dir='ltr'><strong>interitum</strong></span> <span class='ocrx_word' id='word_1_48' title='bbox 1160 508 1355 563; x_wconf 80' lang='lat' dir='ltr'><strong>intulit</strong></span> <span class='ocrx_word' id='word_1_49' title='bbox 1378 509 1748 578; x_wconf 69' lang='lat' dir='ltr'><strong>designatur.</strong></span> <span class='ocrx_word' id='word_1_50' title='bbox 1779 510 1892 563; x_wconf 90' lang='lat' dir='ltr'><strong>Iste</strong></span> 
     </span>
    </p>
   </div>
   <div class='ocr_carea' id='block_1_6' title="bbox 233 595 1894 671">
    <p class='ocr_par' dir='ltr' id='par_1_6' title="bbox 233 595 1894 671">
     <span class='ocr_line' id='line_1_6' title="bbox 233 595 1894 671; baseline 0.001 -20"><span class='ocrx_word' id='word_1_51' title='bbox 233 596 440 668; x_wconf 84' lang='lat' dir='ltr'><strong>itaque</strong></span> <span class='ocrx_word' id='word_1_52' title='bbox 468 595 756 661; x_wconf 87' lang='lat' dir='ltr'><strong>interitus,</strong></span> <span class='ocrx_word' id='word_1_53' title='bbox 784 595 845 650; x_wconf 89' lang='lat' dir='ltr'><strong>in</strong></span> <span class='ocrx_word' id='word_1_54' title='bbox 892 595 990 651; x_wconf 89' lang='lat' dir='ltr'><strong>die</strong></span> <span class='ocrx_word' id='word_1_55' title='bbox 1014 596 1213 652; x_wconf 80' lang='lat' dir='ltr'><strong>exitus</strong></span> <span class='ocrx_word' id='word_1_56' title='bbox 1237 598 1416 669; x_wconf 85' lang='lat' dir='ltr'><strong>quasi</strong></span> <span class='ocrx_word' id='word_1_57' title='bbox 1442 613 1546 654; x_wconf 79' lang='lat' dir='ltr'><strong>rex</strong></span> <span class='ocrx_word' id='word_1_58' title='bbox 1577 613 1758 671; x_wconf 87' lang='lat' dir='ltr'><strong>super</strong></span> <span class='ocrx_word' id='word_1_59' title='bbox 1780 598 1894 653; x_wconf 91' lang='lat' dir='ltr'><strong>im-</strong></span> 
     </span>
    </p>
   </div>
   <div class='ocr_carea' id='block_1_7' title="bbox 233 682 1892 759">
    <p class='ocr_par' dir='ltr' id='par_1_7' title="bbox 233 682 1892 759">
     <span class='ocr_line' id='line_1_7' title="bbox 233 682 1892 759; baseline 0.002 -21"><span class='ocrx_word' id='word_1_60' title='bbox 233 684 407 756; x_wconf 90' lang='lat' dir='ltr'><strong>pium</strong></span> <span class='ocrx_word' id='word_1_61' title='bbox 438 682 650 749; x_wconf 86' lang='lat' dir='ltr'><strong>calcat,</strong></span> <span class='ocrx_word' id='word_1_62' title='bbox 694 683 840 755; x_wconf 81' lang='lat' dir='ltr'><strong>quia</strong></span> <span class='ocrx_word' id='word_1_63' title='bbox 863 698 1049 756; x_wconf 88' lang='lat' dir='ltr'><strong>quem</strong></span> <span class='ocrx_word' id='word_1_64' title='bbox 1095 684 1260 757; x_wconf 89' lang='lat' dir='ltr'><strong>prius</strong></span> <span class='ocrx_word' id='word_1_65' title='bbox 1288 685 1528 741; x_wconf 79' lang='lat' dir='ltr'><strong>blandis</strong></span> <span class='ocrx_word' id='word_1_66' title='bbox 1554 687 1892 759; x_wconf 84' lang='lat' dir='ltr'><strong>persuasio-</strong></span> 
     </span>
    </p>
   </div>
   <div class='ocr_carea' id='block_1_8' title="bbox 229 771 1893 845">
    <p class='ocr_par' dir='ltr' id='par_1_8' title="bbox 229 771 1893 845">
     <span class='ocr_line' id='line_1_8' title="bbox 229 771 1893 845; baseline 0.001 -17"><span class='ocrx_word' id='word_1_67' title='bbox 229 772 413 828; x_wconf 84' lang='lat' dir='ltr'><strong>nibus</strong></span> <span class='ocrx_word' id='word_1_68' title='bbox 468 771 709 845; x_wconf 80' lang='lat' dir='ltr'><strong>decipit,</strong></span> <span class='ocrx_word' id='word_1_69' title='bbox 742 772 822 828; x_wconf 87' lang='lat' dir='ltr'><strong>ad</strong></span> <span class='ocrx_word' id='word_1_70' title='bbox 873 777 1205 829; x_wconf 80' lang='lat' dir='ltr'><strong>extremum</strong></span> <span class='ocrx_word' id='word_1_71' title='bbox 1258 773 1529 830; x_wconf 85' lang='lat' dir='ltr'><strong>violentis</strong></span> <span class='ocrx_word' id='word_1_72' title='bbox 1557 774 1787 829; x_wconf 86' lang='lat' dir='ltr'><strong>nisibus</strong></span> <span class='ocrx_word' id='word_1_73' title='bbox 1815 773 1893 830; x_wconf 84' lang='lat' dir='ltr'><strong>ad</strong></span> 
     </span>
    </p>
   </div>
   <div class='ocr_carea' id='block_1_9' title="bbox 234 858 1892 933">
    <p class='ocr_par' dir='ltr' id='par_1_9' title="bbox 234 858 1892 933">
     <span class='ocr_line' id='line_1_9' title="bbox 234 858 1892 933; baseline 0.001 -18"><span class='ocrx_word' id='word_1_74' title='bbox 234 858 602 933; x_wconf 77' lang='lat' dir='ltr'><strong>supplicium</strong></span> <span class='ocrx_word' id='word_1_75' title='bbox 628 859 805 932; x_wconf 81' lang='lat' dir='ltr'><strong>rapit.</strong></span> <span class='ocrx_word' id='word_1_76' title='bbox 848 860 948 917; x_wconf 85' lang='lat' dir='ltr'><strong>Sin</strong></span> <span class='ocrx_word' id='word_1_77' title='bbox 974 874 1116 916; x_wconf 87' lang='lat' dir='ltr'><strong>vero</strong></span> <span class='ocrx_word' id='word_1_78' title='bbox 1144 861 1414 919; x_wconf 83' lang='lat' dir='ltr'><strong>interitus</strong></span> <span class='ocrx_word' id='word_1_79' title='bbox 1442 862 1711 931; x_wconf 84' lang='lat' dir='ltr'><strong>nomine,</strong></span> <span class='ocrx_word' id='word_1_80' title='bbox 1769 875 1892 917; x_wconf 85' lang='lat' dir='ltr'><strong>non</strong></span> 
     </span>
    </p>
   </div>
   <div class='ocr_carea' id='block_1_10' title="bbox 235 947 1891 1022">
    <p class='ocr_par' dir='ltr' id='par_1_10' title="bbox 235 947 1891 1022">
     <span class='ocr_line' id='line_1_10' title="bbox 235 947 1891 1022; baseline 0 -18"><span class='ocrx_word' id='word_1_81' title='bbox 235 953 439 1021; x_wconf 83' lang='lat' dir='ltr'><strong>aperte</strong></span> <span class='ocrx_word' id='word_1_82' title='bbox 467 947 770 1016; x_wconf 84' lang='lat' dir='ltr'><strong>diabolus,</strong></span> <span class='ocrx_word' id='word_1_83' title='bbox 814 948 920 1004; x_wconf 88' lang='lat' dir='ltr'><strong>sed</strong></span> <span class='ocrx_word' id='word_1_84' title='bbox 945 954 1262 1022; x_wconf 88' lang='lat' dir='ltr'><strong>peccatum</strong></span> <span class='ocrx_word' id='word_1_85' title='bbox 1312 950 1494 1007; x_wconf 82' lang='lat' dir='ltr'><strong>debet</strong></span> <span class='ocrx_word' id='word_1_86' title='bbox 1522 949 1788 1019; x_wconf 81' lang='lat' dir='ltr'><strong>intelligi,</strong></span> <span class='ocrx_word' id='word_1_87' title='bbox 1821 965 1891 1005; x_wconf 79' lang='lat' dir='ltr'><strong>ex</strong></span> 
     </span>
    </p>
   </div>
   <div class='ocr_carea' id='block_1_11' title="bbox 233 1038 1894 1111">
    <p class='ocr_par' dir='ltr' id='par_1_11' title="bbox 233 1038 1894 1111">
     <span class='ocr_line' id='line_1_11' title="bbox 233 1038 1894 1111; baseline 0.001 -18"><span class='ocrx_word' id='word_1_88' title='bbox 233 1053 357 1110; x_wconf 85' lang='lat' dir='ltr'><strong>quo</strong></span> <span class='ocrx_word' id='word_1_89' title='bbox 387 1038 634 1107; x_wconf 84' lang='lat' dir='ltr'><strong>contigit</strong></span> <span class='ocrx_word' id='word_1_90' title='bbox 662 1038 955 1111; x_wconf 76' lang='lat' dir='ltr'><strong>reprobus</strong></span> <span class='ocrx_word' id='word_1_91' title='bbox 987 1040 1067 1095; x_wconf 92' lang='lat' dir='ltr'><strong>ad</strong></span> <span class='ocrx_word' id='word_1_92' title='bbox 1096 1039 1399 1096; x_wconf 85' lang='lat' dir='ltr'><strong>interitum</strong></span> <span class='ocrx_word' id='word_1_93' title='bbox 1421 1041 1575 1096; x_wconf 87' lang='lat' dir='ltr'><strong>trahi</strong></span> <span class='ocrx_word' id='word_1_94' title='bbox 1607 1059 1618 1096; x_wconf 92' lang='lat'><strong>:</strong></span> <span class='ocrx_word' id='word_1_95' title='bbox 1654 1041 1784 1097; x_wconf 87' lang='lat' dir='ltr'><strong>talis</strong></span> <span class='ocrx_word' id='word_1_96' title='bbox 1810 1040 1894 1095; x_wconf 86' lang='lat' dir='ltr'><strong>ni-</strong></span> 
     </span>
    </p>
   </div>
   <div class='ocr_carea' id='block_1_12' title="bbox 232 1126 1892 1201">
    <p class='ocr_par' dir='ltr' id='par_1_12' title="bbox 232 1126 1892 1201">
     <span class='ocr_line' id='line_1_12' title="bbox 232 1126 1892 1201; baseline 0.002 -17"><span class='ocrx_word' id='word_1_97' title='bbox 232 1129 458 1184; x_wconf 84' lang='lat' dir='ltr'><strong>mirum</strong></span> <span class='ocrx_word' id='word_1_98' title='bbox 504 1126 777 1183; x_wconf 82' lang='lat' dir='ltr'><strong>interitus</strong></span> <span class='ocrx_word' id='word_1_99' title='bbox 820 1128 998 1201; x_wconf 79' lang='lat' dir='ltr'><strong>quasi</strong></span> <span class='ocrx_word' id='word_1_100' title='bbox 1046 1143 1154 1184; x_wconf 80' lang='lat' dir='ltr'><strong>rex</strong></span> <span class='ocrx_word' id='word_1_101' title='bbox 1195 1130 1388 1187; x_wconf 86' lang='lat' dir='ltr'><strong>calcat</strong></span> <span class='ocrx_word' id='word_1_102' title='bbox 1416 1135 1717 1201; x_wconf 40' lang='lat' dir='ltr'><strong>‘mentem,</strong></span> <span class='ocrx_word' id='word_1_103' title='bbox 1751 1148 1892 1187; x_wconf 89' lang='lat' dir='ltr'><strong>cum</strong></span> 
     </span>
    </p>
   </div>
   <div class='ocr_carea' id='block_1_13' title="bbox 226 1215 1891 1292">
    <p class='ocr_par' dir='ltr' id='par_1_13' title="bbox 226 1215 1891 1292">
     <span class='ocr_line' id='line_1_13' title="bbox 226 1215 1891 1292; baseline 0.004 -23"><span class='ocrx_word' id='word_1_104' title='bbox 226 1229 371 1270; x_wconf 89' lang='lat' dir='ltr'><strong>eam</strong></span> <span class='ocrx_word' id='word_1_105' title='bbox 400 1229 524 1270; x_wconf 83' lang='lat' dir='ltr'><strong>non</strong></span> <span class='ocrx_word' id='word_1_106' title='bbox 552 1215 924 1272; x_wconf 76' lang='lat' dir='ltr'><strong>resistentem</strong></span> <span class='ocrx_word' id='word_1_107' title='bbox 951 1217 1235 1290; x_wconf 80' lang='lat' dir='ltr'><strong>possidet.</strong></span> <span class='ocrx_word' id='word_1_108' title='bbox 1267 1222 1392 1275; x_wconf 89' lang='lat' dir='ltr'><strong>Non</strong></span> <span class='ocrx_word' id='word_1_109' title='bbox 1420 1219 1581 1275; x_wconf 85' lang='lat' dir='ltr'><strong>enim</strong></span> <span class='ocrx_word' id='word_1_110' title='bbox 1610 1224 1804 1292; x_wconf 87' lang='lat' dir='ltr'><strong>potest</strong></span> <span class='ocrx_word' id='word_1_111' title='bbox 1832 1221 1891 1276; x_wconf 91' lang='lat' dir='ltr'><strong>in</strong></span> 
     </span>
    </p>
   </div>
   <div class='ocr_carea' id='block_1_14' title="bbox 226 1304 1889 1381">
    <p class='ocr_par' dir='ltr' id='par_1_14' title="bbox 226 1304 1889 1381">
     <span class='ocr_line' id='line_1_14' title="bbox 226 1304 1889 1381; baseline 0.004 -22"><span class='ocrx_word' id='word_1_112' title='bbox 226 1304 348 1359; x_wconf 81' lang='lat' dir='ltr'><strong>hac</strong></span> <span class='ocrx_word' id='word_1_113' title='bbox 377 1306 499 1360; x_wconf 87' lang='lat' dir='ltr'><strong>vita</strong></span> <span class='ocrx_word' id='word_1_114' title='bbox 527 1304 756 1360; x_wconf 86' lang='lat' dir='ltr'><strong>homini</strong></span> <span class='ocrx_word' id='word_1_115' title='bbox 781 1305 979 1378; x_wconf 88' lang='lat' dir='ltr'><strong>posito</strong></span> <span class='ocrx_word' id='word_1_116' title='bbox 996 1307 1243 1363; x_wconf 85' lang='lat' dir='ltr'><strong>tentatio</strong></span> <span class='ocrx_word' id='word_1_117' title='bbox 1268 1307 1487 1365; x_wconf 84' lang='lat' dir='ltr'><strong>deesse</strong></span> <span class='ocrx_word' id='word_1_118' title='bbox 1511 1310 1762 1381; x_wconf 77' lang='lat' dir='ltr'><strong>peccati,</strong></span> <span class='ocrx_word' id='word_1_119' title='bbox 1784 1310 1889 1365; x_wconf 87' lang='lat' dir='ltr'><strong>sed</strong></span> 
     </span>
    </p>
   </div>
   <div class='ocr_carea' id='block_1_15' title="bbox 230 1392 1891 1468">
    <p class='ocr_par' dir='ltr' id='par_1_15' title="bbox 230 1392 1891 1468">
     <span class='ocr_line' id='line_1_15' title="bbox 230 1392 1891 1468; baseline 0.004 -21"><span class='ocrx_word' id='word_1_120' title='bbox 230 1392 401 1449; x_wconf 81' lang='lat' dir='ltr'><strong>aliud</strong></span> <span class='ocrx_word' id='word_1_121' title='bbox 448 1396 542 1448; x_wconf 84' lang='lat' dir='ltr'><strong>est</strong></span> <span class='ocrx_word' id='word_1_122' title='bbox 591 1397 840 1466; x_wconf 83' lang='lat' dir='ltr'><strong>peccato</strong></span> <span class='ocrx_word' id='word_1_123' title='bbox 871 1395 1118 1451; x_wconf 79' lang='lat' dir='ltr'><strong>tentanti</strong></span> <span class='ocrx_word' id='word_1_124' title='bbox 1166 1397 1458 1468; x_wconf 77' lang='lat' dir='ltr'><strong>resistere,</strong></span> <span class='ocrx_word' id='word_1_125' title='bbox 1508 1397 1668 1453; x_wconf 89' lang='lat' dir='ltr'><strong>aliud</strong></span> <span class='ocrx_word' id='word_1_126' title='bbox 1701 1397 1891 1454; x_wconf 80' lang='lat' dir='ltr'><strong>domi-</strong></span> 
     </span>
    </p>
   </div>
   <div class='ocr_carea' id='block_1_16' title="bbox 228 1480 1892 1556">
    <p class='ocr_par' dir='ltr' id='par_1_16' title="bbox 228 1480 1892 1556">
     <span class='ocr_line' id='line_1_16' title="bbox 228 1480 1892 1556; baseline 0.003 -20"><span class='ocrx_word' id='word_1_127' title='bbox 228 1480 402 1536; x_wconf 82' lang='lat' dir='ltr'><strong>nanti</strong></span> <span class='ocrx_word' id='word_1_128' title='bbox 432 1481 675 1539; x_wconf 73' lang='lat' dir='ltr'><strong>servile.</strong></span> <span class='ocrx_word' id='word_1_129' title='bbox 706 1482 899 1553; x_wconf 77' lang='lat' dir='ltr'><strong>Hujus</strong></span> <span class='ocrx_word' id='word_1_130' title='bbox 948 1484 1175 1556; x_wconf 86' lang='lat' dir='ltr'><strong>quippe</strong></span> <span class='ocrx_word' id='word_1_131' title='bbox 1217 1484 1293 1540; x_wconf 85' lang='lat' dir='ltr'><strong>de</strong></span> <span class='ocrx_word' id='word_1_132' title='bbox 1322 1486 1711 1541; x_wconf 87' lang='lat' dir='ltr'><strong>tabernaculo</strong></span> <span class='ocrx_word' id='word_1_133' title='bbox 1741 1486 1892 1541; x_wconf 82' lang='lat' dir='ltr'><strong>ﬁdu-</strong></span> 
     </span>
    </p>
   </div>
   <div class='ocr_carea' id='block_1_17' title="bbox 2005 327 3660 402">
    <p class='ocr_par' dir='ltr' id='par_1_17' title="bbox 2005 327 3660 402">
     <span class='ocr_line' id='line_1_17' title="bbox 2005 327 3660 402; baseline 0.013 -21"><span class='ocrx_word' id='word_1_134' title='bbox 2005 328 2087 382; x_wconf 90' lang='lat' dir='ltr'><strong>Do</strong></span> <span class='ocrx_word' id='word_1_135' title='bbox 2110 327 2242 383; x_wconf 90' lang='lat' dir='ltr'><strong>luce</strong></span> <span class='ocrx_word' id='word_1_136' title='bbox 2268 329 2345 385; x_wconf 87' lang='lat' dir='ltr'><strong>ad</strong></span> <span class='ocrx_word' id='word_1_137' title='bbox 2402 330 2678 386; x_wconf 81' lang='lat' dir='ltr'><strong>tenebras</strong></span> <span class='ocrx_word' id='word_1_138' title='bbox 2706 332 2940 402; x_wconf 88' lang='lat' dir='ltr'><strong>dicitur,</strong></span> <span class='ocrx_word' id='word_1_139' title='bbox 3000 353 3139 394; x_wconf 90' lang='lat' dir='ltr'><strong>cum</strong></span> <span class='ocrx_word' id='word_1_140' title='bbox 3176 339 3252 395; x_wconf 83' lang='lat' dir='ltr'><strong>de</strong></span> <span class='ocrx_word' id='word_1_141' title='bbox 3279 340 3506 399; x_wconf 76' lang='lat' dir='ltr'><strong>honore</strong></span> <span class='ocrx_word' id='word_1_142' title='bbox 3528 344 3660 401; x_wconf 65' lang='lat' dir='ltr'><strong>vita</strong></span> 
     </span>
    </p>
   </div>
   <div class='ocr_carea' id='block_1_18' title="bbox 2000 417 3659 494">
    <p class='ocr_par' dir='ltr' id='par_1_18' title="bbox 2000 417 3659 494">
     <span class='ocr_line' id='line_1_18' title="bbox 2000 417 3659 494; baseline 0.011 -24"><span class='ocrx_word' id='word_1_143' title='bbox 2000 417 2310 485; x_wconf 68' lang='lat' dir='ltr'><strong>praesentis</strong></span> <span class='ocrx_word' id='word_1_144' title='bbox 2361 419 2439 473; x_wconf 87' lang='lat' dir='ltr'><strong>ad</strong></span> <span class='ocrx_word' id='word_1_145' title='bbox 2502 423 2727 476; x_wconf 65' lang='lat' dir='ltr'><strong>aeterna</strong></span> <span class='ocrx_word' id='word_1_146' title='bbox 2774 423 3067 494; x_wconf 81' lang='lat' dir='ltr'><strong>supplicia</strong></span> <span class='ocrx_word' id='word_1_147' title='bbox 3104 426 3450 486; x_wconf 81' lang='lat' dir='ltr'><strong>damnatur.</strong></span> <span class='ocrx_word' id='word_1_148' title='bbox 3495 431 3659 487; x_wconf 87' lang='lat' dir='ltr'><strong>Unde</strong></span> 
     </span>
    </p>
   </div>
   <div class='ocr_carea' id='block_1_19' title="bbox 2002 504 3659 585">
    <p class='ocr_par' dir='ltr' id='par_1_19' title="bbox 2002 504 3659 585">
     <span class='ocr_line' id='line_1_19' title="bbox 2002 504 3659 585; baseline 0.012 -28"><span class='ocrx_word' id='word_1_149' title='bbox 2002 504 2262 575; x_wconf 82' lang='lat' dir='ltr'><strong>apertius</strong></span> <span class='ocrx_word' id='word_1_150' title='bbox 2300 506 2578 562; x_wconf 81' lang='lat' dir='ltr'><strong>subditur</strong></span> <span class='ocrx_word' id='word_1_151' title='bbox 2610 508 2721 564; x_wconf 76' lang='lat' dir='ltr'><strong>:Et</strong></span> <span class='ocrx_word' id='word_1_152' title='bbox 2758 510 2836 565; x_wconf 85' lang='lat' dir='ltr'><strong>de</strong></span> <span class='ocrx_word' id='word_1_153' title='bbox 2874 512 3014 567; x_wconf 84' lang='lat' dir='ltr'><strong>orbe</strong></span> <span class='ocrx_word' id='word_1_154' title='bbox 3036 518 3365 585; x_wconf 74' lang='lat' dir='ltr'><strong>transt</strong></span> <span class='ocrx_word' id='word_1_155' title='bbox 3392 534 3546 577; x_wconf 79' lang='lat' dir='ltr'><strong>eum.</strong></span> <span class='ocrx_word' id='word_1_156' title='bbox 3578 522 3659 576; x_wconf 87' lang='lat' dir='ltr'><strong>De</strong></span> 
     </span>
    </p>
   </div>
   <div class='ocr_carea' id='block_1_20' title="bbox 2000 593 3658 681">
    <p class='ocr_par' dir='ltr' id='par_1_20' title="bbox 2000 593 3658 681">
     <span class='ocr_line' id='line_1_20' title="bbox 2000 593 3658 681; baseline 0.013 -34"><span class='ocrx_word' id='word_1_157' title='bbox 2000 593 2144 648; x_wconf 86' lang='lat' dir='ltr'><strong>orbe</strong></span> <span class='ocrx_word' id='word_1_158' title='bbox 2191 597 2417 667; x_wconf 84' lang='lat' dir='ltr'><strong>quippe</strong></span> <span class='ocrx_word' id='word_1_159' title='bbox 2473 598 2843 663; x_wconf 76' lang='lat' dir='ltr'><strong>transfertur,</strong></span> <span class='ocrx_word' id='word_1_160' title='bbox 2868 616 3010 656; x_wconf 89' lang='lat' dir='ltr'><strong>cum</strong></span> <span class='ocrx_word' id='word_1_161' title='bbox 3031 619 3292 676; x_wconf 86' lang='lat' dir='ltr'><strong>superno</strong></span> <span class='ocrx_word' id='word_1_162' title='bbox 3328 614 3658 681; x_wconf 60' lang='lat' dir='ltr'><strong>apparenh</strong></span> 
     </span>
    </p>
   </div>
   <div class='ocr_carea' id='block_1_21' title="bbox 1994 681 3659 768">
    <p class='ocr_par' dir='ltr' id='par_1_21' title="bbox 1994 681 3659 768">
     <span class='ocr_line' id='line_1_21' title="bbox 1994 681 3659 768; baseline 0.012 -32"><span class='ocrx_word' id='word_1_163' title='bbox 1994 681 2195 750; x_wconf 88' lang='lat' dir='ltr'><strong>judice</strong></span> <span class='ocrx_word' id='word_1_164' title='bbox 2224 684 2300 738; x_wconf 90' lang='lat' dir='ltr'><strong>de</strong></span> <span class='ocrx_word' id='word_1_165' title='bbox 2326 684 2440 741; x_wconf 83' lang='lat' dir='ltr'><strong>hoc</strong></span> <span class='ocrx_word' id='word_1_166' title='bbox 2468 686 2701 742; x_wconf 89' lang='lat' dir='ltr'><strong>mundo</strong></span> <span class='ocrx_word' id='word_1_167' title='bbox 2730 687 2975 755; x_wconf 83' lang='lat' dir='ltr'><strong>tollitur.</strong></span> <span class='ocrx_word' id='word_1_168' title='bbox 2999 690 3059 746; x_wconf 89' lang='lat' dir='ltr'><strong>in</strong></span> <span class='ocrx_word' id='word_1_169' title='bbox 3084 708 3214 764; x_wconf 89' lang='lat' dir='ltr'><strong>quo</strong></span> <span class='ocrx_word' id='word_1_170' title='bbox 3238 697 3659 768; x_wconf 77' lang='lat' dir='ltr'><strong>perverseglo—</strong></span> 
     </span>
    </p>
   </div>
   <div class='ocr_carea' id='block_1_22' title="bbox 1997 771 2553 846">
    <p class='ocr_par' dir='ltr' id='par_1_22' title="bbox 1997 771 2553 846">
     <span class='ocr_line' id='line_1_22' title="bbox 1997 771 2553 846; baseline 0.009 -20"><span class='ocrx_word' id='word_1_171' title='bbox 1997 771 2201 827; x_wconf 85' lang='lat' dir='ltr'><strong>riatur.</strong></span> <span class='ocrx_word' id='word_1_172' title='bbox 2230 774 2508 846; x_wconf 84' lang='lat' dir='ltr'><strong>Sequitur</strong></span> <span class='ocrx_word' id='word_1_173' title='bbox 2540 793 2553 830; x_wconf 90' lang='lat'><strong>:</strong></span> 
     </span>
    </p>
   </div>
   <div class='ocr_carea' id='block_1_23' title="bbox 2071 863 3658 945">
    <p class='ocr_par' dir='ltr' id='par_1_23' title="bbox 2071 863 3658 945">
     <span class='ocr_line' id='line_1_23' title="bbox 2071 863 3658 945; baseline 0.012 -30"><span class='ocrx_word' id='word_1_174' title='bbox 2071 863 2236 917; x_wconf 74' lang='lat' dir='ltr'><strong>Vens.</strong></span> <span class='ocrx_word' id='word_1_175' title='bbox 2273 867 2357 918; x_wconf 78' lang='lat' dir='ltr'><strong>t9.</strong></span> <span class='ocrx_word' id='word_1_176' title='bbox 2409 866 2546 920; x_wconf 86' lang='lat' dir='ltr'><strong>Non</strong></span> <span class='ocrx_word' id='word_1_177' title='bbox 2594 868 2707 922; x_wconf 82' lang='lat' dir='ltr'><strong>erit</strong></span> <span class='ocrx_word' id='word_1_178' title='bbox 2731 882 2925 924; x_wconf 85' lang='lat' dir='ltr'><strong>semen</strong></span> <span class='ocrx_word' id='word_1_179' title='bbox 2958 873 3106 939; x_wconf 83' lang='lat' dir='ltr'><strong>ejus,</strong></span> <span class='ocrx_word' id='word_1_180' title='bbox 3136 887 3326 944; x_wconf 83' lang='lat' dir='ltr'><strong>neque</strong></span> <span class='ocrx_word' id='word_1_181' title='bbox 3342 878 3658 945; x_wconf 78' lang='lat' dir='ltr'><strong>progenies</strong></span> 
     </span>
    </p>
   </div>
   <div class='ocr_carea' id='block_1_24' title="bbox 1998 951 3654 1034">
    <p class='ocr_par' dir='ltr' id='par_1_24' title="bbox 1998 951 3654 1034">
     <span class='ocr_line' id='line_1_24' title="bbox 1998 951 3654 1034; baseline 0.01 -31"><span class='ocrx_word' id='word_1_182' title='bbox 1998 951 2062 1005; x_wconf 86' lang='lat' dir='ltr'><strong>in</strong></span> <span class='ocrx_word' id='word_1_183' title='bbox 2080 953 2303 1020; x_wconf 76' lang='lat' dir='ltr'><strong>populo</strong></span> <span class='ocrx_word' id='word_1_184' title='bbox 2318 968 2447 1017; x_wconf 84' lang='lat' dir='ltr'><strong>suo,</strong></span> <span class='ocrx_word' id='word_1_185' title='bbox 2472 969 2579 1011; x_wconf 85' lang='lat' dir='ltr'><strong>nec</strong></span> <span class='ocrx_word' id='word_1_186' title='bbox 2606 956 2749 1012; x_wconf 64' lang='lat' dir='ltr'><strong>ulla?</strong></span> <span class='ocrx_word' id='word_1_187' title='bbox 2768 959 3037 1029; x_wconf 61' lang='lat' dir='ltr'><strong>reliquiae</strong></span> <span class='ocrx_word' id='word_1_188' title='bbox 3057 960 3121 1015; x_wconf 91' lang='lat' dir='ltr'><strong>in</strong></span> <span class='ocrx_word' id='word_1_189' title='bbox 3143 962 3484 1031; x_wconf 72' lang='lat' dir='ltr'><strong>regionibus</strong></span> <span class='ocrx_word' id='word_1_190' title='bbox 3504 966 3654 1034; x_wconf 81' lang='lat' dir='ltr'><strong>ejus.</strong></span> 
     </span>
    </p>
   </div>
   <div class='ocr_carea' id='block_1_25' title="bbox 2000 1039 3657 1118">
    <p class='ocr_par' dir='ltr' id='par_1_25' title="bbox 2000 1039 3657 1118">
     <span class='ocr_line' id='line_1_25' title="bbox 2000 1039 3657 1118; baseline 0.01 -26"><span class='ocrx_word' id='word_1_191' title='bbox 2000 1069 2068 1077; x_wconf 90' lang='lat'><strong>——</strong></span> <span class='ocrx_word' id='word_1_192' title='bbox 2092 1039 2387 1112; x_wconf 80' lang='lat' dir='ltr'><strong>Scriptum</strong></span> <span class='ocrx_word' id='word_1_193' title='bbox 2426 1043 2644 1115; x_wconf 75' lang='lat' dir='ltr'><strong>quippe</strong></span> <span class='ocrx_word' id='word_1_194' title='bbox 2690 1046 2951 1118; x_wconf 87' lang='lat' dir='ltr'><strong>estquia</strong></span> <span class='ocrx_word' id='word_1_195' title='bbox 2978 1047 3271 1105; x_wconf 87' lang='lat' dir='ltr'><strong>Dominus</strong></span> <span class='ocrx_word' id='word_1_196' title='bbox 3300 1053 3470 1106; x_wconf 74' lang='lat' dir='ltr'><strong>Iesus</strong></span> <span class='ocrx_word' id='word_1_197' title='bbox 3504 1071 3541 1105; x_wconf 81' lang='grc'>‹</span> <span class='ocrx_word' id='word_1_198' title='bbox 3565 1052 3657 1108; x_wconf 79' lang='lat' dir='ltr'><strong>in-</strong></span> 
     </span>
    </p>
   </div>
   <div class='ocr_carea' id='block_1_26' title="bbox 1999 1128 3657 1204">
    <p class='ocr_par' dir='ltr' id='par_1_26' title="bbox 1999 1128 3657 1204">
     <span class='ocr_line' id='line_1_26' title="bbox 1999 1128 3657 1204; baseline 0.01 -22"><span class='ocrx_word' id='word_1_199' title='bbox 1999 1128 2246 1185; x_wconf 83' lang='lat' dir='ltr'><strong>terﬁciet</strong></span> <span class='ocrx_word' id='word_1_200' title='bbox 2275 1145 2415 1185; x_wconf 88' lang='lat' dir='ltr'><strong>eum</strong></span> <span class='ocrx_word' id='word_1_201' title='bbox 2446 1132 2656 1204; x_wconf 85' lang='lat' dir='ltr'><strong>spiritu</strong></span> <span class='ocrx_word' id='word_1_202' title='bbox 2686 1134 2805 1189; x_wconf 89' lang='lat' dir='ltr'><strong>oris</strong></span> <span class='ocrx_word' id='word_1_203' title='bbox 2836 1136 2950 1199; x_wconf 87' lang='lat' dir='ltr'><strong>sui,</strong></span> <span class='ocrx_word' id='word_1_204' title='bbox 3005 1141 3064 1192; x_wconf 89' lang='lat' dir='ltr'><strong>et</strong></span> <span class='ocrx_word' id='word_1_205' title='bbox 3102 1137 3371 1195; x_wconf 85' lang='lat' dir='ltr'><strong>destruet</strong></span> <span class='ocrx_word' id='word_1_206' title='bbox 3395 1139 3657 1198; x_wconf 85' lang='lat' dir='ltr'><strong>illustra-</strong></span> 
     </span>
    </p>
   </div>
   <div class='ocr_carea' id='block_1_27' title="bbox 1998 1217 3657 1303">
    <p class='ocr_par' dir='ltr' id='par_1_27' title="bbox 1998 1217 3657 1303">
     <span class='ocr_line' id='line_1_27' title="bbox 1998 1217 3657 1303; baseline 0.01 -31"><span class='ocrx_word' id='word_1_207' title='bbox 1998 1217 2159 1273; x_wconf 87' lang='lat' dir='ltr'><strong>tione</strong></span> <span class='ocrx_word' id='word_1_208' title='bbox 2221 1220 2512 1277; x_wconf 83' lang='lat' dir='ltr'><strong>adventus</strong></span> <span class='ocrx_word' id='word_1_209' title='bbox 2568 1224 2665 1278; x_wconf 90' lang='lat' dir='ltr'><strong>sui</strong></span> <span class='ocrx_word' id='word_1_210' title='bbox 2717 1226 2807 1294; x_wconf 89' lang='lat' dir='ltr'><strong>(Il</strong></span> <span class='ocrx_word' id='word_1_211' title='bbox 2838 1226 3034 1282; x_wconf 82' lang='lat' dir='ltr'><strong>Thess.</strong></span> <span class='ocrx_word' id='word_1_212' title='bbox 3065 1243 3126 1293; x_wconf 80' lang='grc' dir='ltr'><strong>ιι,</strong></span> <span class='ocrx_word' id='word_1_213' title='bbox 3154 1229 3232 1299; x_wconf 88' lang='grc'><strong>8).</strong></span> <span class='ocrx_word' id='word_1_214' title='bbox 3265 1252 3294 1279; x_wconf 72' lang='grc' dir='ltr'><strong>η</strong></span> <span class='ocrx_word' id='word_1_215' title='bbox 3326 1233 3478 1286; x_wconf 86' lang='lat' dir='ltr'><strong>Dum</strong></span> <span class='ocrx_word' id='word_1_216' title='bbox 3508 1247 3657 1303; x_wconf 81' lang='lat' dir='ltr'><strong>ergo</strong></span> 
     </span>
    </p>
   </div>
   <div class='ocr_carea' id='block_1_28' title="bbox 1997 1307 3657 1393">
    <p class='ocr_par' dir='ltr' id='par_1_28' title="bbox 1997 1307 3657 1393">
     <span class='ocr_line' id='line_1_28' title="bbox 1997 1307 3657 1393; baseline 0.01 -32"><span class='ocrx_word' id='word_1_217' title='bbox 1997 1307 2129 1377; x_wconf 89' lang='lat' dir='ltr'><strong>ejus</strong></span> <span class='ocrx_word' id='word_1_218' title='bbox 2165 1308 2450 1381; x_wconf 89' lang='lat' dir='ltr'><strong>iniquitas</strong></span> <span class='ocrx_word' id='word_1_219' title='bbox 2498 1328 2640 1367; x_wconf 87' lang='lat' dir='ltr'><strong>cum</strong></span> <span class='ocrx_word' id='word_1_220' title='bbox 2694 1314 2906 1370; x_wconf 85' lang='lat' dir='ltr'><strong>mundi</strong></span> <span class='ocrx_word' id='word_1_221' title='bbox 2934 1320 3092 1372; x_wconf 86' lang='lat' dir='ltr'><strong>statu</strong></span> <span class='ocrx_word' id='word_1_222' title='bbox 3120 1318 3494 1391; x_wconf 81' lang='lat' dir='ltr'><strong>terminatur,</strong></span> <span class='ocrx_word' id='word_1_223' title='bbox 3514 1336 3657 1393; x_wconf 85' lang='lat' dir='ltr'><strong>pro-</strong></span> 
     </span>
    </p>
   </div>
   <div class='ocr_carea' id='block_1_29' title="bbox 1999 1398 3659 1482">
    <p class='ocr_par' dir='ltr' id='par_1_29' title="bbox 1999 1398 3659 1482">
     <span class='ocr_line' id='line_1_29' title="bbox 1999 1398 3659 1482; baseline 0.01 -31"><span class='ocrx_word' id='word_1_224' title='bbox 1999 1398 2203 1465; x_wconf 88' lang='lat' dir='ltr'><strong>genies</strong></span> <span class='ocrx_word' id='word_1_225' title='bbox 2232 1400 2363 1469; x_wconf 88' lang='lat' dir='ltr'><strong>ejus</strong></span> <span class='ocrx_word' id='word_1_226' title='bbox 2394 1400 2456 1455; x_wconf 90' lang='lat' dir='ltr'><strong>in</strong></span> <span class='ocrx_word' id='word_1_227' title='bbox 2503 1402 2731 1474; x_wconf 92' lang='lat' dir='ltr'><strong>populo</strong></span> <span class='ocrx_word' id='word_1_228' title='bbox 2781 1420 2892 1459; x_wconf 90' lang='lat' dir='ltr'><strong>suo</strong></span> <span class='ocrx_word' id='word_1_229' title='bbox 2942 1420 3070 1460; x_wconf 90' lang='lat' dir='ltr'><strong>non</strong></span> <span class='ocrx_word' id='word_1_230' title='bbox 3107 1406 3482 1480; x_wconf 81' lang='lat' dir='ltr'><strong>relinquitur,</strong></span> <span class='ocrx_word' id='word_1_231' title='bbox 3514 1411 3659 1482; x_wconf 82' lang='lat' dir='ltr'><strong>quia</strong></span> 
     </span>
    </p>
   </div>
   <div class='ocr_carea' id='block_1_30' title="bbox 1996 1485 3659 1569">
    <p class='ocr_par' dir='ltr' id='par_1_30' title="bbox 1996 1485 3659 1569">
     <span class='ocr_line' id='line_1_30' title="bbox 1996 1485 3659 1569; baseline 0.009 -29"><span class='ocrx_word' id='word_1_232' title='bbox 1996 1490 2055 1541; x_wconf 91' lang='lat' dir='ltr'><strong>et</strong></span> <span class='ocrx_word' id='word_1_233' title='bbox 2085 1485 2211 1558; x_wconf 85' lang='lat' dir='ltr'><strong>ipse</strong></span> <span class='ocrx_word' id='word_1_234' title='bbox 2241 1487 2373 1556; x_wconf 87' lang='lat' dir='ltr'><strong>ejus</strong></span> <span class='ocrx_word' id='word_1_235' title='bbox 2398 1489 2660 1560; x_wconf 85' lang='lat' dir='ltr'><strong>populus</strong></span> <span class='ocrx_word' id='word_1_236' title='bbox 2688 1507 2916 1547; x_wconf 87' lang='lat' dir='ltr'><strong>cumeo</strong></span> <span class='ocrx_word' id='word_1_237' title='bbox 2942 1493 3021 1548; x_wconf 88' lang='lat' dir='ltr'><strong>ad</strong></span> <span class='ocrx_word' id='word_1_238' title='bbox 3042 1494 3409 1566; x_wconf 82' lang='lat' dir='ltr'><strong>supplicium</strong></span> <span class='ocrx_word' id='word_1_239' title='bbox 3437 1498 3659 1569; x_wconf 75' lang='lat' dir='ltr'><strong>pariter</strong></span> 
     </span>
    </p>
   </div>
   <div class='ocr_carea' id='block_1_31' title="bbox 222 1569 3657 1657">
    <p class='ocr_par' dir='ltr' id='par_1_31' title="bbox 222 1569 3657 1657">
     <span class='ocr_line' id='line_1_31' title="bbox 222 1569 3657 1657; baseline 0.005 -32"><span class='ocrx_word' id='word_1_240' title='bbox 222 1569 326 1625; x_wconf 82' lang='lat' dir='ltr'><strong>cia</strong></span> <span class='ocrx_word' id='word_1_241' title='bbox 348 1569 643 1636; x_wconf 84' lang='lat' dir='ltr'><strong>avellitur,</strong></span> <span class='ocrx_word' id='word_1_242' title='bbox 664 1570 915 1643; x_wconf 72' lang='lat' dir='ltr'><strong>quando</strong></span> <span class='ocrx_word' id='word_1_243' title='bbox 933 1587 1255 1645; x_wconf 74' lang='lat' dir='ltr'><strong>pervorsus</strong></span> <span class='ocrx_word' id='word_1_244' title='bbox 1276 1574 1675 1647; x_wconf 77' lang='lat' dir='ltr'><strong>quisque,qui</strong></span> <span class='ocrx_word' id='word_1_245' title='bbox 1700 1574 1891 1630; x_wconf 87' lang='lat' dir='ltr'><strong>multa</strong></span> <span class='ocrx_word' id='word_1_246' title='bbox 1912 1586 1969 1642; x_wconf 70' lang='grc' dir='ltr'>Β</span> <span class='ocrx_word' id='word_1_247' title='bbox 1998 1580 2264 1644; x_wconf 76' lang='lat' dir='ltr'><strong>urgetur,</strong></span> <span class='ocrx_word' id='word_1_248' title='bbox 2320 1582 2379 1631; x_wconf 87' lang='lat' dir='ltr'><strong>et</strong></span> <span class='ocrx_word' id='word_1_249' title='bbox 2435 1593 2647 1634; x_wconf 89' lang='lat' dir='ltr'><strong>omnes</strong></span> <span class='ocrx_word' id='word_1_250' title='bbox 2704 1579 2895 1653; x_wconf 84' lang='lat' dir='ltr'><strong>iniqui</strong></span> <span class='ocrx_word' id='word_1_251' title='bbox 2936 1582 3042 1654; x_wconf 90' lang='lat' dir='ltr'><strong>qui</strong></span> <span class='ocrx_word' id='word_1_252' title='bbox 3093 1581 3169 1638; x_wconf 91' lang='lat' dir='ltr'><strong>de</strong></span> <span class='ocrx_word' id='word_1_253' title='bbox 3197 1584 3329 1654; x_wconf 86' lang='lat' dir='ltr'><strong>ejus</strong></span> <span class='ocrx_word' id='word_1_254' title='bbox 3371 1599 3657 1657; x_wconf 75' lang='lat' dir='ltr'><strong>perversa</strong></span> 
     </span>
    </p>
   </div>
   <div class='ocr_carea' id='block_1_32' title="bbox 222 1657 1891 1737">
    <p class='ocr_par' dir='ltr' id='par_1_32' title="bbox 222 1657 1891 1737">
     <span class='ocr_line' id='line_1_32' title="bbox 222 1657 1891 1737; baseline 0.004 -24"><span class='ocrx_word' id='word_1_255' title='bbox 222 1658 347 1714; x_wconf 86' lang='lat' dir='ltr'><strong>sibi</strong></span> <span class='ocrx_word' id='word_1_256' title='bbox 376 1657 457 1713; x_wconf 86' lang='lat' dir='ltr'><strong>ad</strong></span> <span class='ocrx_word' id='word_1_257' title='bbox 512 1663 721 1715; x_wconf 85' lang='lat' dir='ltr'><strong>votum</strong></span> <span class='ocrx_word' id='word_1_258' title='bbox 762 1659 828 1714; x_wconf 84' lang='lat' dir='ltr'><strong>in</strong></span> <span class='ocrx_word' id='word_1_259' title='bbox 858 1660 972 1716; x_wconf 88' lang='lat' dir='ltr'><strong>bac</strong></span> <span class='ocrx_word' id='word_1_260' title='bbox 1019 1661 1138 1717; x_wconf 88' lang='lat' dir='ltr'><strong>vita</strong></span> <span class='ocrx_word' id='word_1_261' title='bbox 1191 1669 1525 1735; x_wconf 88' lang='lat' dir='ltr'><strong>paraverat,</strong></span> <span class='ocrx_word' id='word_1_262' title='bbox 1579 1664 1891 1737; x_wconf 86' lang='lat' dir='ltr'><strong>repentina</strong></span> 
     </span>
    </p>
   </div>
   <div class='ocr_carea' id='block_1_33' title="bbox 226 1748 1157 1824">
    <p class='ocr_par' dir='ltr' id='par_1_33' title="bbox 226 1748 1157 1824">
     <span class='ocr_line' id='line_1_33' title="bbox 226 1748 1157 1824; baseline 0.004 -20"><span class='ocrx_word' id='word_1_263' title='bbox 226 1753 425 1805; x_wconf 66' lang='lat' dir='ltr'><strong>morte</strong></span> <span class='ocrx_word' id='word_1_264' title='bbox 456 1748 803 1822; x_wconf 82' lang='lat' dir='ltr'><strong>dissipatur.</strong></span> <span class='ocrx_word' id='word_1_265' title='bbox 836 1752 1113 1824; x_wconf 76' lang='lat' dir='ltr'><strong>Sequitur</strong></span> <span class='ocrx_word' id='word_1_266' title='bbox 1144 1770 1157 1807; x_wconf 89' lang='lat'><strong>:</strong></span> 
     </span>
    </p>
   </div>
   <div class='ocr_carea' id='block_1_34' title="bbox 307 1838 1895 1914">
    <p class='ocr_par' dir='ltr' id='par_1_34' title="bbox 307 1838 1895 1914">
     <span class='ocr_line' id='line_1_34' title="bbox 307 1838 1895 1914; baseline 0.006 -23"><span class='ocrx_word' id='word_1_267' title='bbox 307 1840 480 1895; x_wconf 74' lang='lat' dir='ltr'><strong>Vens.</strong></span> <span class='ocrx_word' id='word_1_268' title='bbox 518 1838 601 1895; x_wconf 81' lang='lat' dir='ltr'><strong>l5.</strong></span> <span class='ocrx_word' id='word_1_269' title='bbox 635 1840 923 1897; x_wconf 79' lang='lat' dir='ltr'><strong>Habitent</strong></span> <span class='ocrx_word' id='word_1_270' title='bbox 968 1844 1038 1897; x_wconf 83' lang='lat' dir='ltr'><strong>in</strong></span> <span class='ocrx_word' id='word_1_271' title='bbox 1081 1843 1471 1901; x_wconf 78' lang='lat' dir='ltr'><strong>tabernaculo</strong></span> <span class='ocrx_word' id='word_1_272' title='bbox 1516 1845 1703 1914; x_wconf 85' lang='lat' dir='ltr'><strong>ipsius</strong></span> <span class='ocrx_word' id='word_1_273' title='bbox 1749 1845 1895 1901; x_wconf 82' lang='lat' dir='ltr'><strong>socii</strong></span> 
     </span>
    </p>
   </div>
   <div class='ocr_carea' id='block_1_35' title="bbox 228 1929 1889 2005">
    <p class='ocr_par' dir='ltr' id='par_1_35' title="bbox 228 1929 1889 2005">
     <span class='ocr_line' id='line_1_35' title="bbox 228 1929 1889 2005; baseline 0.002 -20"><span class='ocrx_word' id='word_1_274' title='bbox 228 1931 364 1999; x_wconf 75' lang='lat' dir='ltr'><strong>ejus</strong></span> <span class='ocrx_word' id='word_1_275' title='bbox 384 1929 492 1999; x_wconf 82' lang='lat' dir='ltr'><strong>qui</strong></span> <span class='ocrx_word' id='word_1_276' title='bbox 516 1944 637 1984; x_wconf 87' lang='lat' dir='ltr'><strong>non</strong></span> <span class='ocrx_word' id='word_1_277' title='bbox 667 1936 772 1986; x_wconf 88' lang='lat' dir='ltr'><strong>est.</strong></span> <span class='ocrx_word' id='word_1_278' title='bbox 803 1961 872 1970; x_wconf 92' lang='lat'><strong>——</strong></span> <span class='ocrx_word' id='word_1_279' title='bbox 898 1930 963 1985; x_wconf 91' lang='lat' dir='ltr'><strong>Id</strong></span> <span class='ocrx_word' id='word_1_280' title='bbox 992 1935 1101 1997; x_wconf 90' lang='lat' dir='ltr'><strong>est,</strong></span> <span class='ocrx_word' id='word_1_281' title='bbox 1133 1932 1194 1987; x_wconf 91' lang='lat' dir='ltr'><strong>in</strong></span> <span class='ocrx_word' id='word_1_282' title='bbox 1226 1937 1423 1989; x_wconf 83' lang='lat' dir='ltr'><strong>mente</strong></span> <span class='ocrx_word' id='word_1_283' title='bbox 1442 1934 1574 2004; x_wconf 85' lang='lat' dir='ltr'><strong>ejus</strong></span> <span class='ocrx_word' id='word_1_284' title='bbox 1604 1938 1889 2005; x_wconf 80' lang='lat' dir='ltr'><strong>apostatae</strong></span> 
     </span>
    </p>
   </div>
   <div class='ocr_carea' id='block_1_36' title="bbox 224 2016 1886 2093">
    <p class='ocr_par' dir='ltr' id='par_1_36' title="bbox 224 2016 1886 2093">
     <span class='ocr_line' id='line_1_36' title="bbox 224 2016 1886 2093; baseline 0.002 -20"><span class='ocrx_word' id='word_1_285' title='bbox 224 2016 433 2087; x_wconf 69' lang='lat' dir='ltr'><strong>angeli</strong></span> <span class='ocrx_word' id='word_1_286' title='bbox 461 2031 569 2089; x_wconf 86' lang='lat' dir='ltr'><strong>per</strong></span> <span class='ocrx_word' id='word_1_287' title='bbox 592 2017 988 2089; x_wconf 77' lang='lat' dir='ltr'><strong>cogitationes</strong></span> <span class='ocrx_word' id='word_1_288' title='bbox 1006 2020 1419 2093; x_wconf 76' lang='lat' dir='ltr'><strong>nequissimae</strong></span> <span class='ocrx_word' id='word_1_289' title='bbox 1436 2027 1886 2089; x_wconf 87' lang='lat' dir='ltr'><strong>conversentur,</strong></span> 
     </span>
    </p>
   </div>
   <div class='ocr_carea' id='block_1_37' title="bbox 222 2104 1891 2183">
    <p class='ocr_par' dir='ltr' id='par_1_37' title="bbox 222 2104 1891 2183">
     <span class='ocr_line' id='line_1_37' title="bbox 222 2104 1891 2183; baseline 0.002 -20"><span class='ocrx_word' id='word_1_290' title='bbox 222 2106 365 2177; x_wconf 83' lang='lat' dir='ltr'><strong>ejus</strong></span> <span class='ocrx_word' id='word_1_291' title='bbox 390 2104 661 2162; x_wconf 78' lang='lat' dir='ltr'><strong>videlicet</strong></span> <span class='ocrx_word' id='word_1_292' title='bbox 687 2108 855 2177; x_wconf 81' lang='lat' dir='ltr'><strong>socii,</strong></span> <span class='ocrx_word' id='word_1_293' title='bbox 876 2108 982 2181; x_wconf 88' lang='lat' dir='ltr'><strong>qui</strong></span> <span class='ocrx_word' id='word_1_294' title='bbox 1012 2108 1236 2165; x_wconf 87' lang='lat' dir='ltr'><strong>idcirco</strong></span> <span class='ocrx_word' id='word_1_295' title='bbox 1272 2113 1402 2181; x_wconf 85' lang='lat' dir='ltr'><strong>jam</strong></span> <span class='ocrx_word' id='word_1_296' title='bbox 1440 2126 1566 2167; x_wconf 89' lang='lat' dir='ltr'><strong>non</strong></span> <span class='ocrx_word' id='word_1_297' title='bbox 1613 2116 1720 2181; x_wconf 84' lang='lat' dir='ltr'><strong>est,</strong></span> <span class='ocrx_word' id='word_1_298' title='bbox 1746 2112 1891 2183; x_wconf 89' lang='lat' dir='ltr'><strong>quia</strong></span> 
     </span>
    </p>
   </div>
   <div class='ocr_carea' id='block_1_38' title="bbox 231 2196 1890 2273">
    <p class='ocr_par' dir='ltr' id='par_1_38' title="bbox 231 2196 1890 2273">
     <span class='ocr_line' id='line_1_38' title="bbox 231 2196 1890 2273; baseline 0.004 -23"><span class='ocrx_word' id='word_1_299' title='bbox 231 2211 478 2251; x_wconf 89' lang='lat' dir='ltr'><strong>summa</strong></span> <span class='ocrx_word' id='word_1_300' title='bbox 523 2196 783 2253; x_wconf 86' lang='lat' dir='ltr'><strong>essentia</strong></span> <span class='ocrx_word' id='word_1_301' title='bbox 811 2197 1073 2268; x_wconf 82' lang='lat' dir='ltr'><strong>recessit,</strong></span> <span class='ocrx_word' id='word_1_302' title='bbox 1120 2203 1182 2255; x_wconf 83' lang='lat' dir='ltr'><strong>et</strong></span> <span class='ocrx_word' id='word_1_303' title='bbox 1209 2214 1316 2271; x_wconf 91' lang='lat' dir='ltr'><strong>per</strong></span> <span class='ocrx_word' id='word_1_304' title='bbox 1352 2200 1467 2257; x_wconf 85' lang='lat' dir='ltr'><strong>hoc</strong></span> <span class='ocrx_word' id='word_1_305' title='bbox 1497 2200 1763 2273; x_wconf 82' lang='lat' dir='ltr'><strong>quotidie</strong></span> <span class='ocrx_word' id='word_1_306' title='bbox 1793 2216 1890 2257; x_wconf 83' lang='lat' dir='ltr'><strong>ex-</strong></span> 
     </span>
    </p>
   </div>
   <div class='ocr_carea' id='block_1_39' title="bbox 224 2284 1891 2361">
    <p class='ocr_par' dir='ltr' id='par_1_39' title="bbox 224 2284 1891 2361">
     <span class='ocr_line' id='line_1_39' title="bbox 224 2284 1891 2361; baseline 0.004 -22"><span class='ocrx_word' id='word_1_307' title='bbox 224 2289 533 2340; x_wconf 76' lang='lat' dir='ltr'><strong>crescente</strong></span> <span class='ocrx_word' id='word_1_308' title='bbox 550 2284 793 2341; x_wconf 80' lang='lat' dir='ltr'><strong>defectu</strong></span> <span class='ocrx_word' id='word_1_309' title='bbox 816 2286 995 2359; x_wconf 84' lang='lat' dir='ltr'><strong>quasi</strong></span> <span class='ocrx_word' id='word_1_310' title='bbox 1045 2287 1126 2343; x_wconf 89' lang='lat' dir='ltr'><strong>ad</strong></span> <span class='ocrx_word' id='word_1_311' title='bbox 1155 2302 1280 2343; x_wconf 80' lang='lat' dir='ltr'><strong>non</strong></span> <span class='ocrx_word' id='word_1_312' title='bbox 1321 2303 1454 2344; x_wconf 87' lang='lat' dir='ltr'><strong>esse</strong></span> <span class='ocrx_word' id='word_1_313' title='bbox 1486 2289 1693 2357; x_wconf 82' lang='lat' dir='ltr'><strong>tendit,</strong></span> <span class='ocrx_word' id='word_1_314' title='bbox 1724 2290 1891 2361; x_wconf 91' lang='lat' dir='ltr'><strong>quod</strong></span> 
     </span>
    </p>
   </div>
   <div class='ocr_carea' id='block_1_40' title="bbox 228 2371 1890 2451">
    <p class='ocr_par' dir='ltr' id='par_1_40' title="bbox 228 2371 1890 2451">
     <span class='ocr_line' id='line_1_40' title="bbox 228 2371 1890 2451; baseline 0.004 -23"><span class='ocrx_word' id='word_1_315' title='bbox 228 2371 418 2429; x_wconf 81' lang='lat' dir='ltr'><strong>semel</strong></span> <span class='ocrx_word' id='word_1_316' title='bbox 449 2372 528 2429; x_wconf 87' lang='lat' dir='ltr'><strong>ab</strong></span> <span class='ocrx_word' id='word_1_317' title='bbox 557 2389 649 2441; x_wconf 88' lang='lat' dir='ltr'><strong>eo,</strong></span> <span class='ocrx_word' id='word_1_318' title='bbox 675 2374 780 2446; x_wconf 85' lang='lat' dir='ltr'><strong>qui</strong></span> <span class='ocrx_word' id='word_1_319' title='bbox 831 2390 967 2431; x_wconf 77' lang='lat' dir='ltr'><strong>vene</strong></span> <span class='ocrx_word' id='word_1_320' title='bbox 1008 2381 1120 2442; x_wconf 86' lang='lat' dir='ltr'><strong>est,</strong></span> <span class='ocrx_word' id='word_1_321' title='bbox 1164 2377 1395 2434; x_wconf 86' lang='lat' dir='ltr'><strong>cecidit.</strong></span> <span class='ocrx_word' id='word_1_322' title='bbox 1427 2379 1704 2451; x_wconf 81' lang='lat' dir='ltr'><strong>Sequitur</strong></span> <span class='ocrx_word' id='word_1_323' title='bbox 1732 2397 1745 2434; x_wconf 88' lang='lat'><strong>:</strong></span> <span class='ocrx_word' id='word_1_324' title='bbox 1778 2384 1890 2435; x_wconf 57' lang='lat' dir='ltr'><strong>As»-</strong></span> 
     </span>
    </p>
   </div>
   <div class='ocr_carea' id='block_1_41' title="bbox 224 2462 1892 2540">
    <p class='ocr_par' dir='ltr' id='par_1_41' title="bbox 224 2462 1892 2540">
     <span class='ocr_line' id='line_1_41' title="bbox 224 2462 1892 2540; baseline 0.005 -25"><span class='ocrx_word' id='word_1_325' title='bbox 224 2467 530 2533; x_wconf 71' lang='lat' dir='ltr'><strong>pergatur</strong></span> <span class='ocrx_word' id='word_1_326' title='bbox 555 2462 619 2518; x_wconf 88' lang='lat' dir='ltr'><strong>in</strong></span> <span class='ocrx_word' id='word_1_327' title='bbox 652 2463 1042 2521; x_wconf 79' lang='lat' dir='ltr'><strong>tabernaculo</strong></span> <span class='ocrx_word' id='word_1_328' title='bbox 1070 2468 1200 2535; x_wconf 79' lang='lat' dir='ltr'><strong>ejus</strong></span> <span class='ocrx_word' id='word_1_329' title='bbox 1227 2468 1508 2537; x_wconf 65' lang='lat' dir='ltr'><strong>sulphur.</strong></span> <span class='ocrx_word' id='word_1_330' title='bbox 1536 2499 1604 2511; x_wconf 79' lang='lat'><strong><em>—</em></strong></span> <span class='ocrx_word' id='word_1_331' title='bbox 1630 2468 1892 2540; x_wconf 84' lang='lat' dir='ltr'><strong>Sulphur</strong></span> 
     </span>
    </p>
   </div>
   <div class='ocr_carea' id='block_1_42' title="bbox 232 2551 1887 2625">
    <p class='ocr_par' dir='ltr' id='par_1_42' title="bbox 232 2551 1887 2625">
     <span class='ocr_line' id='line_1_42' title="bbox 232 2551 1887 2625; baseline 0.005 -19"><span class='ocrx_word' id='word_1_332' title='bbox 232 2551 388 2623; x_wconf 84' lang='lat' dir='ltr'><strong>quid</strong></span> <span class='ocrx_word' id='word_1_333' title='bbox 415 2551 578 2607; x_wconf 82' lang='lat' dir='ltr'><strong>aliud</strong></span> <span class='ocrx_word' id='word_1_334' title='bbox 600 2567 794 2624; x_wconf 89' lang='lat' dir='ltr'><strong>quam</strong></span> <span class='ocrx_word' id='word_1_335' title='bbox 824 2552 1078 2610; x_wconf 82' lang='lat' dir='ltr'><strong>fontium</strong></span> <span class='ocrx_word' id='word_1_336' title='bbox 1108 2556 1265 2625; x_wconf 83' lang='lat' dir='ltr'><strong>ignis</strong></span> <span class='ocrx_word' id='word_1_337' title='bbox 1292 2561 1383 2612; x_wconf 90' lang='lat' dir='ltr'><strong>est</strong></span> <span class='ocrx_word' id='word_1_338' title='bbox 1409 2558 1438 2612; x_wconf 72' lang='lat' dir='ltr'><strong>‘I</strong></span> <span class='ocrx_word' id='word_1_339' title='bbox 1476 2558 1653 2623; x_wconf 76' lang='lat' dir='ltr'><strong>Quod</strong></span> <span class='ocrx_word' id='word_1_340' title='bbox 1682 2563 1887 2614; x_wconf 86' lang='lat' dir='ltr'><strong>tamen</strong></span> 
     </span>
    </p>
   </div>
   <div class='ocr_carea' id='block_1_43' title="bbox 231 2639 1886 2714">
    <p class='ocr_par' dir='ltr' id='par_1_43' title="bbox 231 2639 1886 2714">
     <span class='ocr_line' id='line_1_43' title="bbox 231 2639 1886 2714; baseline 0.004 -19"><span class='ocrx_word' id='word_1_341' title='bbox 231 2639 319 2696; x_wconf 77' lang='lat' dir='ltr'><strong>sic</strong></span> <span class='ocrx_word' id='word_1_342' title='bbox 349 2640 544 2710; x_wconf 77' lang='lat' dir='ltr'><strong>ignem</strong></span> <span class='ocrx_word' id='word_1_343' title='bbox 572 2641 776 2707; x_wconf 73' lang='lat' dir='ltr'><strong>nutrit,</strong></span> <span class='ocrx_word' id='word_1_344' title='bbox 808 2646 877 2697; x_wconf 91' lang='lat' dir='ltr'><strong>ut</strong></span> <span class='ocrx_word' id='word_1_345' title='bbox 892 2640 1145 2699; x_wconf 63' lang='lat' dir='ltr'><strong>fetorem</strong></span> <span class='ocrx_word' id='word_1_346' title='bbox 1176 2645 1600 2714; x_wconf 85' lang='lat' dir='ltr'><strong>gravissimum</strong></span> <span class='ocrx_word' id='word_1_347' title='bbox 1630 2647 1886 2703; x_wconf 82' lang='lat' dir='ltr'><strong>exhalet.</strong></span> 
     </span>
    </p>
   </div>
   <div class='ocr_carea' id='block_1_44' title="bbox 228 2729 1890 2806">
    <p class='ocr_par' dir='ltr' id='par_1_44' title="bbox 228 2729 1890 2806">
     <span class='ocr_line' id='line_1_44' title="bbox 228 2729 1890 2806; baseline 0.005 -22"><span class='ocrx_word' id='word_1_348' title='bbox 228 2729 387 2795; x_wconf 83' lang='lat' dir='ltr'><strong>Quid</strong></span> <span class='ocrx_word' id='word_1_349' title='bbox 410 2732 615 2802; x_wconf 79' lang='lat' dir='ltr'><strong>itaque</strong></span> <span class='ocrx_word' id='word_1_350' title='bbox 640 2730 701 2786; x_wconf 88' lang='lat' dir='ltr'><strong>in</strong></span> <span class='ocrx_word' id='word_1_351' title='bbox 734 2731 1043 2805; x_wconf 76' lang='lat' dir='ltr'><strong>sulphure,</strong></span> <span class='ocrx_word' id='word_1_352' title='bbox 1074 2734 1186 2789; x_wconf 89' lang='lat' dir='ltr'><strong>nisi</strong></span> <span class='ocrx_word' id='word_1_353' title='bbox 1208 2739 1524 2806; x_wconf 82' lang='lat' dir='ltr'><strong>peccatum</strong></span> <span class='ocrx_word' id='word_1_354' title='bbox 1572 2737 1768 2792; x_wconf 77' lang='lat' dir='ltr'><strong>cumis</strong></span> <span class='ocrx_word' id='word_1_355' title='bbox 1793 2752 1890 2793; x_wconf 89' lang='lat' dir='ltr'><strong>ac-</strong></span> 
     </span>
    </p>
   </div>
   <div class='ocr_carea' id='block_1_45' title="bbox 220 2818 1891 2897">
    <p class='ocr_par' dir='ltr' id='par_1_45' title="bbox 220 2818 1891 2897">
     <span class='ocr_line' id='line_1_45' title="bbox 220 2818 1891 2897; baseline 0.004 -24"><span class='ocrx_word' id='word_1_356' title='bbox 220 2818 489 2891; x_wconf 80' lang='lat' dir='ltr'><strong>cipimus</strong></span> <span class='ocrx_word' id='word_1_357' title='bbox 509 2818 537 2873; x_wconf 66' lang='lat'><strong>‘1‘</strong></span> <span class='ocrx_word' id='word_1_358' title='bbox 564 2818 739 2885; x_wconf 85' lang='lat' dir='ltr'><strong>Quod</strong></span> <span class='ocrx_word' id='word_1_359' title='bbox 752 2820 901 2875; x_wconf 90' lang='lat' dir='ltr'><strong>dum</strong></span> <span class='ocrx_word' id='word_1_360' title='bbox 915 2822 1211 2894; x_wconf 81' lang='lat' dir='ltr'><strong>perversis</strong></span> <span class='ocrx_word' id='word_1_361' title='bbox 1234 2822 1695 2892; x_wconf 83' lang='lat' dir='ltr'><strong>cogitationibus</strong></span> <span class='ocrx_word' id='word_1_362' title='bbox 1716 2825 1891 2897; x_wconf 73' lang='lat' dir='ltr'><strong>quasi</strong></span> 
     </span>
    </p>
   </div>
   <div class='ocr_carea' id='block_1_46' title="bbox 1998 1666 3657 1740">
    <p class='ocr_par' dir='ltr' id='par_1_46' title="bbox 1998 1666 3657 1740">
     <span class='ocr_line' id='line_1_46' title="bbox 1998 1666 3657 1740; baseline 0.008 -21"><span class='ocrx_word' id='word_1_363' title='bbox 1998 1668 2387 1737; x_wconf 82' lang='lat' dir='ltr'><strong>persuasione</strong></span> <span class='ocrx_word' id='word_1_364' title='bbox 2443 1666 2505 1722; x_wconf 86' lang='lat' dir='ltr'><strong>in</strong></span> <span class='ocrx_word' id='word_1_365' title='bbox 2536 1668 2735 1740; x_wconf 82' lang='lat' dir='ltr'><strong>pravis</strong></span> <span class='ocrx_word' id='word_1_366' title='bbox 2789 1670 3022 1726; x_wconf 83' lang='lat' dir='ltr'><strong>actibus</strong></span> <span class='ocrx_word' id='word_1_367' title='bbox 3054 1672 3179 1727; x_wconf 79' lang='lat' dir='ltr'><strong>nati</strong></span> <span class='ocrx_word' id='word_1_368' title='bbox 3203 1678 3366 1739; x_wconf 85' lang='lat' dir='ltr'><strong>sunt,</strong></span> <span class='ocrx_word' id='word_1_369' title='bbox 3403 1674 3657 1734; x_wconf 80' lang='lat' dir='ltr'><strong>illustra-</strong></span> 
     </span>
    </p>
   </div>
   <div class='ocr_carea' id='block_1_47' title="bbox 1998 1752 3656 1834">
    <p class='ocr_par' dir='ltr' id='par_1_47' title="bbox 1998 1752 3656 1834">
     <span class='ocr_line' id='line_1_47' title="bbox 1998 1752 3656 1834; baseline 0.007 -27"><span class='ocrx_word' id='word_1_370' title='bbox 1998 1752 2156 1809; x_wconf 79' lang='lat' dir='ltr'><strong>tione</strong></span> <span class='ocrx_word' id='word_1_371' title='bbox 2179 1753 2470 1810; x_wconf 85' lang='lat' dir='ltr'><strong>adventus</strong></span> <span class='ocrx_word' id='word_1_372' title='bbox 2496 1757 2732 1812; x_wconf 89' lang='lat' dir='ltr'><strong>Domini</strong></span> <span class='ocrx_word' id='word_1_373' title='bbox 2747 1762 2970 1824; x_wconf 66' lang='lat' dir='ltr'><strong>aeterno</strong></span> <span class='ocrx_word' id='word_1_374' title='bbox 2998 1759 3238 1816; x_wconf 79' lang='lat' dir='ltr'><strong>interitu</strong></span> <span class='ocrx_word' id='word_1_375' title='bbox 3268 1777 3408 1817; x_wconf 86' lang='lat' dir='ltr'><strong>cum</strong></span> <span class='ocrx_word' id='word_1_376' title='bbox 3438 1764 3656 1834; x_wconf 68' lang='lat' dir='ltr'><strong>eodem</strong></span> 
     </span>
    </p>
   </div>
   <div class='ocr_carea' id='block_1_48' title="bbox 1996 1843 3010 1919">
    <p class='ocr_par' dir='ltr' id='par_1_48' title="bbox 1996 1843 3010 1919">
     <span class='ocr_line' id='line_1_48' title="bbox 1996 1843 3010 1919; baseline 0.007 -22"><span class='ocrx_word' id='word_1_377' title='bbox 1996 1843 2189 1915; x_wconf 87' lang='lat' dir='ltr'><strong>capite</strong></span> <span class='ocrx_word' id='word_1_378' title='bbox 2210 1859 2320 1899; x_wconf 87' lang='lat' dir='ltr'><strong>suo</strong></span> <span class='ocrx_word' id='word_1_379' title='bbox 2350 1844 2652 1901; x_wconf 81' lang='lat' dir='ltr'><strong>ferientur.</strong></span> <span class='ocrx_word' id='word_1_380' title='bbox 2686 1847 2964 1919; x_wconf 87' lang='lat' dir='ltr'><strong>Sequitur</strong></span> <span class='ocrx_word' id='word_1_381' title='bbox 2997 1866 3010 1903; x_wconf 91' lang='lat'><strong>:</strong></span> 
     </span>
    </p>
   </div>
   <div class='ocr_carea' id='block_1_49' title="bbox 2069 1934 3657 2009">
    <p class='ocr_par' dir='ltr' id='par_1_49' title="bbox 2069 1934 3657 2009">
     <span class='ocr_line' id='line_1_49' title="bbox 2069 1934 3657 2009; baseline 0.008 -23"><span class='ocrx_word' id='word_1_382' title='bbox 2069 1934 2213 1987; x_wconf 72' lang='lat' dir='ltr'><strong>Vens</strong></span> <span class='ocrx_word' id='word_1_383' title='bbox 2266 1935 2355 1988; x_wconf 80' lang='lat'><strong>20.</strong></span> <span class='ocrx_word' id='word_1_384' title='bbox 2387 1934 2461 1988; x_wconf 84' lang='lat' dir='ltr'><strong>In</strong></span> <span class='ocrx_word' id='word_1_385' title='bbox 2492 1934 2695 1990; x_wconf 84' lang='lat' dir='ltr'><strong>diebus</strong></span> <span class='ocrx_word' id='word_1_386' title='bbox 2725 1938 2854 2005; x_wconf 88' lang='lat' dir='ltr'><strong>ejus</strong></span> <span class='ocrx_word' id='word_1_387' title='bbox 2898 1938 3219 2007; x_wconf 74' lang='lat' dir='ltr'><strong>stupebant</strong></span> <span class='ocrx_word' id='word_1_388' title='bbox 3249 1941 3572 2009; x_wconf 77' lang='lat' dir='ltr'><strong>novissimi,</strong></span> <span class='ocrx_word' id='word_1_389' title='bbox 3598 1946 3657 1998; x_wconf 81' lang='lat' dir='ltr'><strong>et</strong></span> 
     </span>
    </p>
   </div>
   <div class='ocr_carea' id='block_1_50' title="bbox 1993 2022 3657 2088">
    <p class='ocr_par' dir='ltr' id='par_1_50' title="bbox 1993 2022 3657 2088">
     <span class='ocr_line' id='line_1_50' title="bbox 1993 2022 3657 2088; baseline 0.007 -13"><span class='ocrx_word' id='word_1_390' title='bbox 1993 2022 2219 2088; x_wconf 80' lang='lat' dir='ltr'><strong>primos</strong></span> <span class='ocrx_word' id='word_1_391' title='bbox 2248 2022 2489 2078; x_wconf 76' lang='lat' dir='ltr'><strong>invadet</strong></span> <span class='ocrx_word' id='word_1_392' title='bbox 2521 2024 2758 2080; x_wconf 82' lang='lat' dir='ltr'><strong>horror.</strong></span> <span class='ocrx_word' id='word_1_393' title='bbox 2792 2056 2860 2066; x_wconf 86' lang='lat'><strong>—-</strong></span> <span class='ocrx_word' id='word_1_394' title='bbox 2887 2028 3073 2082; x_wconf 87' lang='lat' dir='ltr'><strong>Tanta</strong></span> <span class='ocrx_word' id='word_1_395' title='bbox 3098 2027 3264 2084; x_wconf 78' lang='lat' dir='ltr'><strong>enim</strong></span> <span class='ocrx_word' id='word_1_396' title='bbox 3284 2034 3426 2085; x_wconf 86' lang='lat' dir='ltr'><strong>tunc</strong></span> <span class='ocrx_word' id='word_1_397' title='bbox 3440 2034 3657 2087; x_wconf 79' lang='lat' dir='ltr'><strong>contra</strong></span> 
     </span>
    </p>
   </div>
   <div class='ocr_carea' id='block_1_51' title="bbox 1992 2109 3653 2183">
    <p class='ocr_par' dir='ltr' id='par_1_51' title="bbox 1992 2109 3653 2183">
     <span class='ocr_line' id='line_1_51' title="bbox 1992 2109 3653 2183; baseline 0.008 -19"><span class='ocrx_word' id='word_1_398' title='bbox 1992 2109 2188 2180; x_wconf 86' lang='lat' dir='ltr'><strong>justos</strong></span> <span class='ocrx_word' id='word_1_399' title='bbox 2219 2110 2528 2183; x_wconf 78' lang='lat' dir='ltr'><strong>iniquitate</strong></span> <span class='ocrx_word' id='word_1_400' title='bbox 2588 2112 2995 2181; x_wconf 77' lang='lat' dir='ltr'><strong>etfrenabitur,</strong></span> <span class='ocrx_word' id='word_1_401' title='bbox 3023 2119 3087 2171; x_wconf 89' lang='lat' dir='ltr'><strong>ut</strong></span> <span class='ocrx_word' id='word_1_402' title='bbox 3112 2116 3295 2173; x_wconf 88' lang='lat' dir='ltr'><strong>etiam</strong></span> <span class='ocrx_word' id='word_1_403' title='bbox 3324 2117 3653 2176; x_wconf 73' lang='lat' dir='ltr'><strong>electorum</strong></span> 
     </span>
    </p>
   </div>
   <div class='ocr_carea' id='block_1_52' title="bbox 1996 2197 3652 2279">
    <p class='ocr_par' dir='ltr' id='par_1_52' title="bbox 1996 2197 3652 2279">
     <span class='ocr_line' id='line_1_52' title="bbox 1996 2197 3652 2279; baseline 0.007 -27"><span class='ocrx_word' id='word_1_404' title='bbox 1996 2197 2182 2254; x_wconf 88' lang='lat' dir='ltr'><strong>corda</strong></span> <span class='ocrx_word' id='word_1_405' title='bbox 2209 2214 2331 2254; x_wconf 86' lang='lat' dir='ltr'><strong>non</strong></span> <span class='ocrx_word' id='word_1_406' title='bbox 2363 2216 2551 2272; x_wconf 82' lang='lat' dir='ltr'><strong>parvo</strong></span> <span class='ocrx_word' id='word_1_407' title='bbox 2574 2216 2798 2273; x_wconf 86' lang='lat' dir='ltr'><strong>pavore</strong></span> <span class='ocrx_word' id='word_1_408' title='bbox 2827 2201 3133 2259; x_wconf 78' lang='lat' dir='ltr'><strong>feriantur.</strong></span> <span class='ocrx_word' id='word_1_409' title='bbox 3160 2205 3327 2261; x_wconf 76' lang='lat' dir='ltr'><strong>Unde</strong></span> <span class='ocrx_word' id='word_1_410' title='bbox 3359 2206 3652 2279; x_wconf 81' lang='lat' dir='ltr'><strong>scriptum</strong></span> 
     </span>
    </p>
   </div>
   <div class='ocr_carea' id='block_1_53' title="bbox 1992 2287 3657 2368">
    <p class='ocr_par' dir='ltr' id='par_1_53' title="bbox 1992 2287 3657 2368">
     <span class='ocr_line' id='line_1_53' title="bbox 1992 2287 3657 2368; baseline 0.007 -28"><span class='ocrx_word' id='word_1_411' title='bbox 1992 2290 2089 2341; x_wconf 86' lang='lat' dir='ltr'><strong>est</strong></span> <span class='ocrx_word' id='word_1_412' title='bbox 2120 2303 2184 2340; x_wconf 87' lang='lat'><strong>:«</strong></span> <span class='ocrx_word' id='word_1_413' title='bbox 2219 2288 2305 2343; x_wconf 90' lang='lat' dir='ltr'><strong>Ita</strong></span> <span class='ocrx_word' id='word_1_414' title='bbox 2341 2292 2405 2343; x_wconf 84' lang='lat' dir='ltr'><strong>ut</strong></span> <span class='ocrx_word' id='word_1_415' title='bbox 2454 2287 2514 2342; x_wconf 88' lang='lat' dir='ltr'><strong>in</strong></span> <span class='ocrx_word' id='word_1_416' title='bbox 2543 2304 2807 2345; x_wconf 90' lang='lat' dir='ltr'><strong>errorem</strong></span> <span class='ocrx_word' id='word_1_417' title='bbox 2864 2290 3247 2361; x_wconf 81' lang='lat' dir='ltr'><strong>inducantur,</strong></span> <span class='ocrx_word' id='word_1_418' title='bbox 3304 2294 3356 2349; x_wconf 87' lang='lat' dir='ltr'><strong>si</strong></span> <span class='ocrx_word' id='word_1_419' title='bbox 3384 2294 3513 2350; x_wconf 83' lang='lat' dir='ltr'><strong>ﬁeri</strong></span> <span class='ocrx_word' id='word_1_420' title='bbox 3550 2311 3657 2368; x_wconf 85' lang='lat' dir='ltr'><strong>po-</strong></span> 
     </span>
    </p>
   </div>
   <div class='ocr_carea' id='block_1_54' title="bbox 1994 2374 3656 2451">
    <p class='ocr_par' dir='ltr' id='par_1_54' title="bbox 1994 2374 3656 2451">
     <span class='ocr_line' id='line_1_54' title="bbox 1994 2374 3656 2451; baseline 0.006 -22"><span class='ocrx_word' id='word_1_421' title='bbox 1994 2378 2127 2442; x_wconf 83' lang='lat' dir='ltr'><strong>test,</strong></span> <span class='ocrx_word' id='word_1_422' title='bbox 2156 2374 2338 2431; x_wconf 63' lang='lat' dir='ltr'><strong>etiam</strong></span> <span class='ocrx_word' id='word_1_423' title='bbox 2362 2375 2534 2432; x_wconf 85' lang='lat' dir='ltr'><strong>electi</strong></span> <span class='ocrx_word' id='word_1_424' title='bbox 2582 2377 2824 2445; x_wconf 74' lang='lat' dir='ltr'><strong>(Matth.</strong></span> <span class='ocrx_word' id='word_1_425' title='bbox 2868 2394 3026 2445; x_wconf 69' lang='lat' dir='ltr'><strong>xxxv,</strong></span> <span class='ocrx_word' id='word_1_426' title='bbox 3054 2382 3166 2451; x_wconf 60' lang='lat' dir='ltr'><strong>2t),</strong></span> <span class='ocrx_word' id='word_1_427' title='bbox 3198 2399 3229 2432; x_wconf 81' lang='grc'><strong>»</strong></span> <span class='ocrx_word' id='word_1_428' title='bbox 3260 2382 3433 2447; x_wconf 84' lang='lat' dir='ltr'><strong>Quod</strong></span> <span class='ocrx_word' id='word_1_429' title='bbox 3454 2382 3656 2439; x_wconf 83' lang='lat' dir='ltr'><strong>videli-</strong></span> 
     </span>
    </p>
   </div>
   <div class='ocr_carea' id='block_1_55' title="bbox 1996 2464 3656 2539">
    <p class='ocr_par' dir='ltr' id='par_1_55' title="bbox 1996 2464 3656 2539">
     <span class='ocr_line' id='line_1_55' title="bbox 1996 2464 3656 2539; baseline 0.005 -19"><span class='ocrx_word' id='word_1_430' title='bbox 1996 2469 2089 2520; x_wconf 88' lang='lat' dir='ltr'><strong>cet</strong></span> <span class='ocrx_word' id='word_1_431' title='bbox 2110 2464 2348 2535; x_wconf 87' lang='lat' dir='ltr'><strong>dicitur,</strong></span> <span class='ocrx_word' id='word_1_432' title='bbox 2412 2481 2532 2522; x_wconf 91' lang='lat' dir='ltr'><strong>non</strong></span> <span class='ocrx_word' id='word_1_433' title='bbox 2562 2466 2707 2539; x_wconf 84' lang='lat' dir='ltr'><strong>quia</strong></span> <span class='ocrx_word' id='word_1_434' title='bbox 2744 2466 2918 2523; x_wconf 87' lang='lat' dir='ltr'><strong>electi</strong></span> <span class='ocrx_word' id='word_1_435' title='bbox 2966 2470 3168 2525; x_wconf 85' lang='lat' dir='ltr'><strong>casuri</strong></span> <span class='ocrx_word' id='word_1_436' title='bbox 3200 2476 3358 2539; x_wconf 83' lang='lat' dir='ltr'><strong>sunt,</strong></span> <span class='ocrx_word' id='word_1_437' title='bbox 3391 2472 3500 2526; x_wconf 89' lang='lat' dir='ltr'><strong>sed</strong></span> <span class='ocrx_word' id='word_1_438' title='bbox 3532 2488 3656 2529; x_wconf 88' lang='lat' dir='ltr'><strong>ma-</strong></span> 
     </span>
    </p>
   </div>
   <div class='ocr_carea' id='block_1_56' title="bbox 1996 2554 3655 2629">
    <p class='ocr_par' dir='ltr' id='par_1_56' title="bbox 1996 2554 3655 2629">
     <span class='ocr_line' id='line_1_56' title="bbox 1996 2554 3655 2629; baseline 0.006 -21"><span class='ocrx_word' id='word_1_439' title='bbox 1996 2554 2129 2623; x_wconf 82' lang='lat' dir='ltr'><strong>gnis</strong></span> <span class='ocrx_word' id='word_1_440' title='bbox 2156 2554 2480 2611; x_wconf 82' lang='lat' dir='ltr'><strong>terroribus</strong></span> <span class='ocrx_word' id='word_1_441' title='bbox 2512 2556 2881 2629; x_wconf 82' lang='lat' dir='ltr'><strong>trepidaturi.</strong></span> <span class='ocrx_word' id='word_1_442' title='bbox 2918 2560 3079 2613; x_wconf 87' lang='lat' dir='ltr'><strong>Tunc</strong></span> <span class='ocrx_word' id='word_1_443' title='bbox 3104 2574 3246 2614; x_wconf 88' lang='lat' dir='ltr'><strong>vero</strong></span> <span class='ocrx_word' id='word_1_444' title='bbox 3275 2564 3485 2617; x_wconf 74' lang='lat' dir='ltr'><strong>contra</strong></span> <span class='ocrx_word' id='word_1_445' title='bbox 3508 2576 3655 2617; x_wconf 79' lang='lat' dir='ltr'><strong>eum</strong></span> 
     </span>
    </p>
   </div>
   <div class='ocr_carea' id='block_1_57' title="bbox 1992 2644 3656 2715">
    <p class='ocr_par' dir='ltr' id='par_1_57' title="bbox 1992 2644 3656 2715">
     <span class='ocr_line' id='line_1_57' title="bbox 1992 2644 3656 2715; baseline 0.004 -16"><span class='ocrx_word' id='word_1_446' title='bbox 1992 2648 2297 2700; x_wconf 83' lang='lat' dir='ltr'><strong>certamen</strong></span> <span class='ocrx_word' id='word_1_447' title='bbox 2342 2644 2583 2715; x_wconf 72' lang='lat' dir='ltr'><strong>justiﬁes</strong></span> <span class='ocrx_word' id='word_1_448' title='bbox 2619 2649 2676 2701; x_wconf 90' lang='lat' dir='ltr'><strong>et</strong></span> <span class='ocrx_word' id='word_1_449' title='bbox 2730 2645 3047 2702; x_wconf 85' lang='lat' dir='ltr'><strong>novissimi</strong></span> <span class='ocrx_word' id='word_1_450' title='bbox 3072 2647 3239 2703; x_wconf 78' lang='lat' dir='ltr'><strong>electi</strong></span> <span class='ocrx_word' id='word_1_451' title='bbox 3270 2649 3491 2705; x_wconf 73' lang='lat' dir='ltr'><strong>habere</strong></span> <span class='ocrx_word' id='word_1_452' title='bbox 3514 2665 3656 2706; x_wconf 54' lang='lat' dir='ltr'><strong>nan</strong></span> 
     </span>
    </p>
   </div>
   <div class='ocr_carea' id='block_1_58' title="bbox 1995 2728 3657 2804">
    <p class='ocr_par' dir='ltr' id='par_1_58' title="bbox 1995 2728 3657 2804">
     <span class='ocr_line' id='line_1_58' title="bbox 1995 2728 3657 2804; baseline 0.005 -22"><span class='ocrx_word' id='word_1_453' title='bbox 1995 2733 2203 2783; x_wconf 89' lang='lat' dir='ltr'><strong>rantur</strong></span> <span class='ocrx_word' id='word_1_454' title='bbox 2220 2733 2282 2784; x_wconf 89' lang='lat' dir='ltr'><strong>et</strong></span> <span class='ocrx_word' id='word_1_455' title='bbox 2304 2728 2503 2800; x_wconf 84' lang='lat' dir='ltr'><strong>primi,</strong></span> <span class='ocrx_word' id='word_1_456' title='bbox 2528 2729 2678 2802; x_wconf 87' lang='lat' dir='ltr'><strong>quia</strong></span> <span class='ocrx_word' id='word_1_457' title='bbox 2706 2730 2930 2788; x_wconf 85' lang='lat' dir='ltr'><strong>scilicet</strong></span> <span class='ocrx_word' id='word_1_458' title='bbox 2952 2731 3091 2788; x_wconf 84' lang='lat' dir='ltr'><strong>ethi</strong></span> <span class='ocrx_word' id='word_1_459' title='bbox 3118 2732 3224 2804; x_wconf 86' lang='lat' dir='ltr'><strong>qui</strong></span> <span class='ocrx_word' id='word_1_460' title='bbox 3252 2732 3314 2789; x_wconf 89' lang='lat' dir='ltr'><strong>in</strong></span> <span class='ocrx_word' id='word_1_461' title='bbox 3337 2732 3456 2790; x_wconf 81' lang='lat' dir='ltr'><strong>ﬁne</strong></span> <span class='ocrx_word' id='word_1_462' title='bbox 3478 2749 3657 2791; x_wconf 63' lang='lat' dir='ltr'><strong>mun-</strong></span> 
     </span>
    </p>
   </div>
   <div class='ocr_carea' id='block_1_59' title="bbox 1997 2814 3656 2894">
    <p class='ocr_par' dir='ltr' id='par_1_59' title="bbox 1997 2814 3656 2894">
     <span class='ocr_line' id='line_1_59' title="bbox 1997 2814 3656 2894; baseline 0.006 -25"><span class='ocrx_word' id='word_1_463' title='bbox 1997 2814 2059 2869; x_wconf 92' lang='lat' dir='ltr'><strong>di</strong></span> <span class='ocrx_word' id='word_1_464' title='bbox 2089 2815 2254 2871; x_wconf 89' lang='lat' dir='ltr'><strong>electi</strong></span> <span class='ocrx_word' id='word_1_465' title='bbox 2277 2816 2675 2887; x_wconf 89' lang='lat' dir='ltr'><strong>reperiuntur,</strong></span> <span class='ocrx_word' id='word_1_466' title='bbox 2698 2818 2758 2872; x_wconf 91' lang='lat' dir='ltr'><strong>in</strong></span> <span class='ocrx_word' id='word_1_467' title='bbox 2789 2823 2979 2875; x_wconf 88' lang='lat' dir='ltr'><strong>morte</strong></span> <span class='ocrx_word' id='word_1_468' title='bbox 3008 2821 3207 2875; x_wconf 85' lang='lat' dir='ltr'><strong>carnis</strong></span> <span class='ocrx_word' id='word_1_469' title='bbox 3237 2821 3656 2894; x_wconf 76' lang='lat' dir='ltr'><strong>prosternendi</strong></span> 
     </span>
    </p>
   </div>
   <div class='ocr_carea' id='block_1_60' title="bbox 220 2903 3653 2997">
    <p class='ocr_par' dir='ltr' id='par_1_60' title="bbox 220 2903 3653 2997">
     <span class='ocr_line' id='line_1_60' title="bbox 220 2903 3653 2997; baseline 0.003 -40"><span class='ocrx_word' id='word_1_470' title='bbox 220 2906 603 2979; x_wconf 75' lang='lat' dir='ltr'><strong>quibusdam</strong></span> <span class='ocrx_word' id='word_1_471' title='bbox 657 2907 948 2965; x_wconf 72' lang='lat' dir='ltr'><strong>fetoribus</strong></span> <span class='ocrx_word' id='word_1_472' title='bbox 1002 2915 1267 2966; x_wconf 66' lang='lat' dir='ltr'><strong>mentem</strong></span> <span class='ocrx_word' id='word_1_473' title='bbox 1310 2911 1514 2983; x_wconf 70' lang='lat' dir='ltr'><strong>replet,</strong></span> <span class='ocrx_word' id='word_1_474' title='bbox 1540 2917 1768 2968; x_wconf 63' lang='grc' dir='ltr'><strong>ωιθιτιει</strong></span> <span class='ocrx_word' id='word_1_475' title='bbox 1798 2913 1887 2967; x_wconf 69' lang='lat' dir='ltr'><strong>in-</strong></span> <span class='ocrx_word' id='word_1_476' title='bbox 1926 2942 1967 2997; x_wconf 63' lang='grc' dir='ltr'><strong><em>ε</em></strong></span> <span class='ocrx_word' id='word_1_477' title='bbox 1998 2909 2155 2972; x_wconf 87' lang='lat' dir='ltr'><strong>sunt,</strong></span> <span class='ocrx_word' id='word_1_478' title='bbox 2190 2909 2249 2959; x_wconf 91' lang='lat' dir='ltr'><strong>et</strong></span> <span class='ocrx_word' id='word_1_479' title='bbox 2286 2903 2367 2959; x_wconf 86' lang='lat' dir='ltr'><strong>illi</strong></span> <span class='ocrx_word' id='word_1_480' title='bbox 2396 2904 2580 2997; x_wconf 84' lang='lat' dir='ltr'><strong>etiam</strong></span> <span class='ocrx_word' id='word_1_481' title='bbox 2608 2905 2714 2997; x_wconf 77' lang='lat' dir='ltr'><strong>qui</strong></span> <span class='ocrx_word' id='word_1_482' title='bbox 2743 2906 3111 2997; x_wconf 6' lang='lat' dir='ltr'><strong>aqprioribns</strong></span> <span class='ocrx_word' id='word_1_483' title='bbox 3142 2909 3355 2965; x_wconf 81' lang='lat' dir='ltr'><strong>mundi</strong></span> <span class='ocrx_word' id='word_1_484' title='bbox 3381 2910 3653 2983; x_wconf 77' lang='lat' dir='ltr'><strong>partibus</strong></span> 
     </span>
    </p>
   </div>
   <div class='ocr_carea' id='block_1_61' title="bbox 222 2994 1892 3072">
    <p class='ocr_par' dir='ltr' id='par_1_61' title="bbox 222 2994 1892 3072">
     <span class='ocr_line' id='line_1_61' title="bbox 222 2994 1892 3072; baseline 0.004 -22"><span class='ocrx_word' id='word_1_485' title='bbox 222 2994 446 3051; x_wconf 81' lang='lat' dir='ltr'><strong>cendia</strong></span> <span class='ocrx_word' id='word_1_486' title='bbox 476 3001 795 3069; x_wconf 67' lang='lat' dir='ltr'><strong>prteparat.</strong></span> <span class='ocrx_word' id='word_1_487' title='bbox 855 3000 974 3053; x_wconf 87' lang='lat' dir='ltr'><strong>Hoc</strong></span> <span class='ocrx_word' id='word_1_488' title='bbox 1004 3012 1147 3067; x_wconf 88' lang='lat' dir='ltr'><strong>ergo</strong></span> <span class='ocrx_word' id='word_1_489' title='bbox 1195 2997 1254 3053; x_wconf 90' lang='lat' dir='ltr'><strong>in</strong></span> <span class='ocrx_word' id='word_1_490' title='bbox 1285 2998 1674 3055; x_wconf 80' lang='lat' dir='ltr'><strong>tabernaculo</strong></span> <span class='ocrx_word' id='word_1_491' title='bbox 1704 3000 1892 3072; x_wconf 86' lang='lat' dir='ltr'><strong>iniqui</strong></span> 
     </span>
    </p>
   </div>
   <div class='ocr_carea' id='block_1_62' title="bbox 222 3084 1890 3160">
    <p class='ocr_par' dir='ltr' id='par_1_62' title="bbox 222 3084 1890 3160">
     <span class='ocr_line' id='line_1_62' title="bbox 222 3084 1890 3160; baseline 0.004 -20"><span class='ocrx_word' id='word_1_492' title='bbox 222 3084 490 3158; x_wconf 73' lang='lat' dir='ltr'><strong>suler</strong></span> <span class='ocrx_word' id='word_1_493' title='bbox 539 3086 897 3158; x_wconf 81' lang='lat' dir='ltr'><strong>aspergitur,</strong></span> <span class='ocrx_word' id='word_1_494' title='bbox 961 3088 1198 3159; x_wconf 83' lang='lat' dir='ltr'><strong>quoties</strong></span> <span class='ocrx_word' id='word_1_495' title='bbox 1250 3103 1528 3160; x_wconf 88' lang='lat' dir='ltr'><strong>perversa</strong></span> <span class='ocrx_word' id='word_1_496' title='bbox 1579 3089 1890 3146; x_wconf 81' lang='lat' dir='ltr'><strong>delectatio</strong></span> 
     </span>
    </p>
   </div>
   <div class='ocr_carea' id='block_1_63' title="bbox 227 3175 1652 3251">
    <p class='ocr_par' dir='ltr' id='par_1_63' title="bbox 227 3175 1652 3251">
     <span class='ocr_line' id='line_1_63' title="bbox 227 3175 1652 3251; baseline 0.003 -20"><span class='ocrx_word' id='word_1_497' title='bbox 227 3175 430 3231; x_wconf 77' lang='lat' dir='ltr'><strong>carnis</strong></span> <span class='ocrx_word' id='word_1_498' title='bbox 457 3175 520 3231; x_wconf 88' lang='lat' dir='ltr'><strong>in</strong></span> <span class='ocrx_word' id='word_1_499' title='bbox 548 3176 682 3247; x_wconf 89' lang='lat' dir='ltr'><strong>ejus</strong></span> <span class='ocrx_word' id='word_1_500' title='bbox 712 3181 912 3233; x_wconf 81' lang='lat' dir='ltr'><strong>mente</strong></span> <span class='ocrx_word' id='word_1_501' title='bbox 937 3176 1303 3234; x_wconf 76' lang='lat' dir='ltr'><strong>dominatur.</strong></span> <span class='ocrx_word' id='word_1_502' title='bbox 1338 3179 1617 3251; x_wconf 82' lang='lat' dir='ltr'><strong>Sequitur</strong></span> <span class='ocrx_word' id='word_1_503' title='bbox 1641 3196 1652 3234; x_wconf 93' lang='lat'><strong>:</strong></span> 
     </span>
    </p>
   </div>
   <div class='ocr_carea' id='block_1_64' title="bbox 307 3267 1888 3337">
    <p class='ocr_par' dir='ltr' id='par_1_64' title="bbox 307 3267 1888 3337">
     <span class='ocr_line' id='line_1_64' title="bbox 307 3267 1888 3337; baseline 0.004 -20"><span class='ocrx_word' id='word_1_504' title='bbox 307 3267 472 3321; x_wconf 73' lang='lat' dir='ltr'><strong>Vens.</strong></span> <span class='ocrx_word' id='word_1_505' title='bbox 507 3268 592 3321; x_wconf 75' lang='grc'><strong>16.</strong></span> <span class='ocrx_word' id='word_1_506' title='bbox 622 3267 901 3321; x_wconf 77' lang='lat' dir='ltr'><strong>Deorsum</strong></span> <span class='ocrx_word' id='word_1_507' title='bbox 924 3267 1157 3323; x_wconf 55' lang='lat' dir='ltr'><strong>rustica</strong></span> <span class='ocrx_word' id='word_1_508' title='bbox 1169 3270 1297 3337; x_wconf 85' lang='lat' dir='ltr'><strong>ejus</strong></span> <span class='ocrx_word' id='word_1_509' title='bbox 1317 3269 1634 3335; x_wconf 71' lang='lat' dir='ltr'><strong>siccentur,</strong></span> <span class='ocrx_word' id='word_1_510' title='bbox 1654 3285 1888 3324; x_wconf 79' lang='lat' dir='ltr'><strong>sursum</strong></span> 
     </span>
    </p>
   </div>
   <div class='ocr_carea' id='block_1_65' title="bbox 220 3356 1891 3430">
    <p class='ocr_par' dir='ltr' id='par_1_65' title="bbox 220 3356 1891 3430">
     <span class='ocr_line' id='line_1_65' title="bbox 220 3356 1891 3430; baseline 0.003 -22"><span class='ocrx_word' id='word_1_511' title='bbox 220 3359 432 3409; x_wconf 75' lang='lat' dir='ltr'><strong>autem</strong></span> <span class='ocrx_word' id='word_1_512' title='bbox 452 3358 758 3411; x_wconf 72' lang='lat' dir='ltr'><strong>attemtur</strong></span> <span class='ocrx_word' id='word_1_513' title='bbox 785 3356 986 3412; x_wconf 79' lang='lat' dir='ltr'><strong>messis</strong></span> <span class='ocrx_word' id='word_1_514' title='bbox 1014 3358 1161 3425; x_wconf 85' lang='lat' dir='ltr'><strong>ejus.</strong></span> <span class='ocrx_word' id='word_1_515' title='bbox 1182 3387 1251 3396; x_wconf 95' lang='lat'><strong>—</strong></span> <span class='ocrx_word' id='word_1_516' title='bbox 1270 3357 1423 3422; x_wconf 85' lang='lat' dir='ltr'><strong>Quid</strong></span> <span class='ocrx_word' id='word_1_517' title='bbox 1443 3372 1710 3430; x_wconf 86' lang='lat' dir='ltr'><strong>namque</strong></span> <span class='ocrx_word' id='word_1_518' title='bbox 1737 3358 1891 3413; x_wconf 83' lang='lat' dir='ltr'><strong>radi-</strong></span> 
     </span>
    </p>
   </div>
   <div class='ocr_carea' id='block_1_66' title="bbox 224 3443 1895 3518">
    <p class='ocr_par' dir='ltr' id='par_1_66' title="bbox 224 3443 1895 3518">
     <span class='ocr_line' id='line_1_66' title="bbox 224 3443 1895 3518; baseline 0.003 -20"><span class='ocrx_word' id='word_1_519' title='bbox 224 3457 376 3498; x_wconf 77' lang='lat' dir='ltr'><strong>cum</strong></span> <span class='ocrx_word' id='word_1_520' title='bbox 410 3443 818 3516; x_wconf 58' lang='lat' dir='ltr'><strong>nominequae</strong></span> <span class='ocrx_word' id='word_1_521' title='bbox 859 3444 1176 3501; x_wconf 76' lang='lat' dir='ltr'><strong>inoccnlto</strong></span> <span class='ocrx_word' id='word_1_522' title='bbox 1212 3446 1419 3518; x_wconf 77' lang='lat' dir='ltr'><strong>positae</strong></span> <span class='ocrx_word' id='word_1_523' title='bbox 1452 3446 1623 3518; x_wconf 67' lang='lat' dir='ltr'><strong>[sitae]</strong></span> <span class='ocrx_word' id='word_1_524' title='bbox 1645 3452 1803 3516; x_wconf 88' lang='lat' dir='ltr'><strong>sunt,</strong></span> <span class='ocrx_word' id='word_1_525' title='bbox 1836 3451 1895 3503; x_wconf 91' lang='lat' dir='ltr'><strong>et</strong></span> 
     </span>
    </p>
   </div>
   <div class='ocr_carea' id='block_1_67' title="bbox 222 3532 1894 3608">
    <p class='ocr_par' dir='ltr' id='par_1_67' title="bbox 222 3532 1894 3608">
     <span class='ocr_line' id='line_1_67' title="bbox 222 3532 1894 3608; baseline 0.006 -25"><span class='ocrx_word' id='word_1_526' title='bbox 222 3546 477 3603; x_wconf 77' lang='lat' dir='ltr'><strong>germen</strong></span> <span class='ocrx_word' id='word_1_527' title='bbox 499 3532 560 3587; x_wconf 92' lang='lat' dir='ltr'><strong>in</strong></span> <span class='ocrx_word' id='word_1_528' title='bbox 583 3537 860 3605; x_wconf 76' lang='lat' dir='ltr'><strong>apertum</strong></span> <span class='ocrx_word' id='word_1_529' title='bbox 878 3534 1093 3597; x_wconf 86' lang='lat' dir='ltr'><strong>ferunt,</strong></span> <span class='ocrx_word' id='word_1_530' title='bbox 1131 3534 1244 3590; x_wconf 89' lang='lat' dir='ltr'><strong>nisi</strong></span> <span class='ocrx_word' id='word_1_531' title='bbox 1265 3535 1660 3605; x_wconf 85' lang='lat' dir='ltr'><strong>cogitationes</strong></span> <span class='ocrx_word' id='word_1_532' title='bbox 1679 3536 1894 3608; x_wconf 88' lang='lat' dir='ltr'><strong>accipi-</strong></span> 
     </span>
    </p>
   </div>
   <div class='ocr_carea' id='block_1_68' title="bbox 222 3621 1893 3698">
    <p class='ocr_par' dir='ltr' id='par_1_68' title="bbox 222 3621 1893 3698">
     <span class='ocr_line' id='line_1_68' title="bbox 222 3621 1893 3698; baseline 0.003 -22"><span class='ocrx_word' id='word_1_533' title='bbox 222 3636 372 3677; x_wconf 76' lang='lat' dir='ltr'><strong>mus</strong></span> <span class='ocrx_word' id='word_1_534' title='bbox 386 3622 414 3676; x_wconf 62' lang='grc' dir='ltr'><strong>εἰ</strong></span> <span class='ocrx_word' id='word_1_535' title='bbox 432 3622 573 3687; x_wconf 67' lang='lat' dir='ltr'><strong>Quae</strong></span> <span class='ocrx_word' id='word_1_536' title='bbox 589 3621 737 3677; x_wconf 88' lang='lat' dir='ltr'><strong>dum</strong></span> <span class='ocrx_word' id='word_1_537' title='bbox 753 3638 877 3678; x_wconf 87' lang='lat' dir='ltr'><strong>non</strong></span> <span class='ocrx_word' id='word_1_538' title='bbox 895 3622 1173 3679; x_wconf 86' lang='lat' dir='ltr'><strong>videntur</strong></span> <span class='ocrx_word' id='word_1_539' title='bbox 1192 3624 1253 3679; x_wconf 87' lang='lat' dir='ltr'><strong>in</strong></span> <span class='ocrx_word' id='word_1_540' title='bbox 1270 3624 1470 3693; x_wconf 89' lang='lat' dir='ltr'><strong>corde,</strong></span> <span class='ocrx_word' id='word_1_541' title='bbox 1483 3625 1742 3681; x_wconf 88' lang='lat' dir='ltr'><strong>visibilia</strong></span> <span class='ocrx_word' id='word_1_542' title='bbox 1757 3641 1893 3698; x_wconf 83' lang='lat' dir='ltr'><strong>ope-</strong></span> 
     </span>
    </p>
   </div>
   <div class='ocr_carea' id='block_1_69' title="bbox 220 3710 1892 3788">
    <p class='ocr_par' dir='ltr' id='par_1_69' title="bbox 220 3710 1892 3788">
     <span class='ocr_line' id='line_1_69' title="bbox 220 3710 1892 3788; baseline 0.004 -22"><span class='ocrx_word' id='word_1_543' title='bbox 220 3710 674 3783; x_wconf 76' lang='lat' dir='ltr'><strong>raproducunt,</strong></span> <span class='ocrx_word' id='word_1_544' title='bbox 703 3712 866 3768; x_wconf 87' lang='lat' dir='ltr'><strong>unde</strong></span> <span class='ocrx_word' id='word_1_545' title='bbox 883 3715 939 3769; x_wconf 87' lang='lat' dir='ltr'><strong>et</strong></span> <span class='ocrx_word' id='word_1_546' title='bbox 964 3714 1173 3769; x_wconf 80' lang='lat' dir='ltr'><strong>messis</strong></span> <span class='ocrx_word' id='word_1_547' title='bbox 1198 3714 1463 3775; x_wconf 76' lang='lat' dir='ltr'><strong>nomine,</strong></span> <span class='ocrx_word' id='word_1_548' title='bbox 1489 3714 1704 3771; x_wconf 83' lang='lat' dir='ltr'><strong>eadem</strong></span> <span class='ocrx_word' id='word_1_549' title='bbox 1722 3731 1892 3788; x_wconf 87' lang='lat' dir='ltr'><strong>aper-</strong></span> 
     </span>
    </p>
   </div>
   <div class='ocr_carea' id='block_1_70' title="bbox 220 3799 1893 3873">
    <p class='ocr_par' dir='ltr' id='par_1_70' title="bbox 220 3799 1893 3873">
     <span class='ocr_line' id='line_1_70' title="bbox 220 3799 1893 3873; baseline 0.002 -16"><span class='ocrx_word' id='word_1_550' title='bbox 220 3806 291 3857; x_wconf 77' lang='lat' dir='ltr'><strong>ta</strong></span> <span class='ocrx_word' id='word_1_551' title='bbox 310 3800 580 3872; x_wconf 85' lang='lat' dir='ltr'><strong>operatio</strong></span> <span class='ocrx_word' id='word_1_552' title='bbox 602 3799 977 3871; x_wconf 86' lang='lat' dir='ltr'><strong>designatur,</strong></span> <span class='ocrx_word' id='word_1_553' title='bbox 1007 3818 1145 3873; x_wconf 76' lang='lat' dir='ltr'><strong>quae</strong></span> <span class='ocrx_word' id='word_1_554' title='bbox 1176 3802 1451 3859; x_wconf 80' lang='lat' dir='ltr'><strong>videlicet</strong></span> <span class='ocrx_word' id='word_1_555' title='bbox 1484 3819 1556 3859; x_wconf 84' lang='lat' dir='ltr'><strong>ex</strong></span> <span class='ocrx_word' id='word_1_556' title='bbox 1577 3804 1778 3860; x_wconf 86' lang='lat' dir='ltr'><strong>latenti</strong></span> <span class='ocrx_word' id='word_1_557' title='bbox 1801 3819 1893 3861; x_wconf 89' lang='lat' dir='ltr'><strong>ra-</strong></span> 
     </span>
    </p>
   </div>
   <div class='ocr_carea' id='block_1_71' title="bbox 220 3888 1897 3963">
    <p class='ocr_par' dir='ltr' id='par_1_71' title="bbox 220 3888 1897 3963">
     <span class='ocr_line' id='line_1_71' title="bbox 220 3888 1897 3963; baseline 0.002 -18"><span class='ocrx_word' id='word_1_558' title='bbox 220 3888 364 3945; x_wconf 82' lang='lat' dir='ltr'><strong>dice</strong></span> <span class='ocrx_word' id='word_1_559' title='bbox 379 3888 1033 3960; x_wconf 72' lang='lat' dir='ltr'><strong>produciturSed-dum</strong></span> <span class='ocrx_word' id='word_1_560' title='bbox 1049 3905 1275 3961; x_wconf 85' lang='lat' dir='ltr'><strong>pravus</strong></span> <span class='ocrx_word' id='word_1_561' title='bbox 1314 3892 1574 3963; x_wconf 87' lang='lat' dir='ltr'><strong>quisque</strong></span> <span class='ocrx_word' id='word_1_562' title='bbox 1591 3893 1897 3962; x_wconf 87' lang='lat' dir='ltr'><strong>cogitatio-</strong></span> 
     </span>
    </p>
   </div>
   <div class='ocr_carea' id='block_1_72' title="bbox 224 3976 1893 4051">
    <p class='ocr_par' dir='ltr' id='par_1_72' title="bbox 224 3976 1893 4051">
     <span class='ocr_line' id='line_1_72' title="bbox 224 3976 1893 4051; baseline 0.001 -17"><span class='ocrx_word' id='word_1_563' title='bbox 224 3992 337 4034; x_wconf 77' lang='lat' dir='ltr'><strong>nes</strong></span> <span class='ocrx_word' id='word_1_564' title='bbox 358 3992 507 4034; x_wconf 78' lang='lat' dir='ltr'><strong>suae</strong></span> <span class='ocrx_word' id='word_1_565' title='bbox 525 3978 589 4032; x_wconf 88' lang='lat' dir='ltr'><strong>in</strong></span> <span class='ocrx_word' id='word_1_566' title='bbox 612 3976 866 4031; x_wconf 72' lang='lat' dir='ltr'><strong>inﬁrmis</strong></span> <span class='ocrx_word' id='word_1_567' title='bbox 884 3976 1066 4033; x_wconf 82' lang='lat' dir='ltr'><strong>rebus</strong></span> <span class='ocrx_word' id='word_1_568' title='bbox 1082 3978 1269 4049; x_wconf 85' lang='lat' dir='ltr'><strong>ponit,</strong></span> <span class='ocrx_word' id='word_1_569' title='bbox 1291 3983 1348 4033; x_wconf 88' lang='lat' dir='ltr'><strong>et</strong></span> <span class='ocrx_word' id='word_1_570' title='bbox 1364 3979 1739 4051; x_wconf 67' lang='lat' dir='ltr'><strong>sempiternae</strong></span> <span class='ocrx_word' id='word_1_571' title='bbox 1762 3981 1893 4035; x_wconf 82' lang='lat' dir='ltr'><strong>viri-</strong></span> 
     </span>
    </p>
   </div>
   <div class='ocr_carea' id='block_1_73' title="bbox 220 4063 1893 4139">
    <p class='ocr_par' dir='ltr' id='par_1_73' title="bbox 220 4063 1893 4139">
     <span class='ocr_line' id='line_1_73' title="bbox 220 4063 1893 4139; baseline -0.001 -15"><span class='ocrx_word' id='word_1_572' title='bbox 220 4066 434 4124; x_wconf 80' lang='lat' dir='ltr'><strong>ditatis</strong></span> <span class='ocrx_word' id='word_1_573' title='bbox 475 4063 699 4133; x_wconf 86' lang='lat' dir='ltr'><strong>gaudia</strong></span> <span class='ocrx_word' id='word_1_574' title='bbox 733 4067 1016 4136; x_wconf 87' lang='lat' dir='ltr'><strong>appetere</strong></span> <span class='ocrx_word' id='word_1_575' title='bbox 1050 4065 1474 4138; x_wconf 79' lang='lat' dir='ltr'><strong>negligit,quid</strong></span> <span class='ocrx_word' id='word_1_576' title='bbox 1503 4067 1666 4122; x_wconf 88' lang='lat' dir='ltr'><strong>aliud</strong></span> <span class='ocrx_word' id='word_1_577' title='bbox 1700 4084 1893 4139; x_wconf 88' lang='lat' dir='ltr'><strong>quam</strong></span> 
     </span>
    </p>
   </div>
   <div class='ocr_carea' id='block_1_74' title="bbox 226 4151 1894 4227">
    <p class='ocr_par' dir='ltr' id='par_1_74' title="bbox 226 4151 1894 4227">
     <span class='ocr_line' id='line_1_74' title="bbox 226 4151 1894 4227; baseline -0.001 -15"><span class='ocrx_word' id='word_1_578' title='bbox 226 4155 472 4212; x_wconf 77' lang='lat' dir='ltr'><strong>radices</strong></span> <span class='ocrx_word' id='word_1_579' title='bbox 531 4166 672 4208; x_wconf 87' lang='lat' dir='ltr'><strong>suas</strong></span> <span class='ocrx_word' id='word_1_580' title='bbox 724 4151 1010 4209; x_wconf 84' lang='lat' dir='ltr'><strong>deorsum</strong></span> <span class='ocrx_word' id='word_1_581' title='bbox 1054 4152 1279 4209; x_wconf 87' lang='lat' dir='ltr'><strong>siccare</strong></span> <span class='ocrx_word' id='word_1_582' title='bbox 1322 4154 1662 4227; x_wconf 80' lang='lat' dir='ltr'><strong>permittit?</strong></span> <span class='ocrx_word' id='word_1_583' title='bbox 1710 4157 1894 4227; x_wconf 89' lang='lat' dir='ltr'><strong>Cujus</strong></span> 
     </span>
    </p>
   </div>
   <div class='ocr_carea' id='block_1_75' title="bbox 227 4240 1892 4318">
    <p class='ocr_par' dir='ltr' id='par_1_75' title="bbox 227 4240 1892 4318">
     <span class='ocr_line' id='line_1_75' title="bbox 227 4240 1892 4318; baseline 0 -17"><span class='ocrx_word' id='word_1_584' title='bbox 227 4243 448 4301; x_wconf 79' lang='lat' dir='ltr'><strong>messis</strong></span> <span class='ocrx_word' id='word_1_585' title='bbox 473 4257 713 4298; x_wconf 84' lang='lat' dir='ltr'><strong>sursum</strong></span> <span class='ocrx_word' id='word_1_586' title='bbox 741 4240 1029 4306; x_wconf 78' lang='lat' dir='ltr'><strong>atteritur,</strong></span> <span class='ocrx_word' id='word_1_587' title='bbox 1050 4241 1205 4314; x_wconf 84' lang='lat' dir='ltr'><strong>quia</strong></span> <span class='ocrx_word' id='word_1_588' title='bbox 1228 4242 1362 4314; x_wconf 87' lang='lat' dir='ltr'><strong>ejus</strong></span> <span class='ocrx_word' id='word_1_589' title='bbox 1402 4243 1597 4300; x_wconf 85' lang='lat' dir='ltr'><strong>omnis</strong></span> <span class='ocrx_word' id='word_1_590' title='bbox 1625 4245 1892 4318; x_wconf 80' lang='lat' dir='ltr'><strong>operatio</strong></span> 
     </span>
    </p>
   </div>
   <div class='ocr_carea' id='block_1_76' title="bbox 228 4320 1917 4405">
    <p class='ocr_par' dir='ltr' id='par_1_76' title="bbox 228 4320 1917 4405">
     <span class='ocr_line' id='line_1_76' title="bbox 228 4320 1917 4405; baseline 0 -15"><span class='ocrx_word' id='word_1_591' title='bbox 228 4349 269 4390; x_wconf 75' lang='grc' dir='ltr'><strong><em>ι</em></strong></span> <span class='ocrx_word' id='word_1_592' title='bbox 296 4345 567 4403; x_wconf 88' lang='lat' dir='ltr'><strong>superno</strong></span> <span class='ocrx_word' id='word_1_593' title='bbox 580 4329 811 4403; x_wconf 81' lang='lat' dir='ltr'><strong>judicio</strong></span> <span class='ocrx_word' id='word_1_594' title='bbox 829 4330 1276 4403; x_wconf 80' lang='lat' dir='ltr'><strong>quasinihilum</strong></span> <span class='ocrx_word' id='word_1_595' title='bbox 1296 4332 1638 4405; x_wconf 80' lang='lat' dir='ltr'><strong>deputatur,</strong></span> <span class='ocrx_word' id='word_1_596' title='bbox 1654 4334 1893 4390; x_wconf 85' lang='lat' dir='ltr'><strong>etiamsi</strong></span> <span class='ocrx_word' id='word_1_597' title='bbox 1910 4320 1917 4329; x_wconf 33' lang='grc' dir='ltr'><strong><em>λ</em></strong></span> 
     </span>
    </p>
   </div>
   <div class='ocr_carea' id='block_1_77' title="bbox 228 4420 1820 4495">
    <p class='ocr_par' dir='ltr' id='par_1_77' title="bbox 228 4420 1820 4495">
     <span class='ocr_line' id='line_1_77' title="bbox 228 4420 1820 4495; baseline -0.001 -15"><span class='ocrx_word' id='word_1_598' title='bbox 228 4427 376 4480; x_wconf 81' lang='lat' dir='ltr'><strong>ante</strong></span> <span class='ocrx_word' id='word_1_599' title='bbox 396 4420 613 4478; x_wconf 84' lang='lat' dir='ltr'><strong>oculos</strong></span> <span class='ocrx_word' id='word_1_600' title='bbox 645 4421 947 4477; x_wconf 78' lang='lat' dir='ltr'><strong>humanos</strong></span> <span class='ocrx_word' id='word_1_601' title='bbox 976 4421 1141 4477; x_wconf 90' lang='lat' dir='ltr'><strong>bona</strong></span> <span class='ocrx_word' id='word_1_602' title='bbox 1168 4420 1461 4478; x_wconf 77' lang='lat' dir='ltr'><strong>videatur.</strong></span> <span class='ocrx_word' id='word_1_603' title='bbox 1503 4423 1778 4495; x_wconf 85' lang='lat' dir='ltr'><strong>Sequitur</strong></span> <span class='ocrx_word' id='word_1_604' title='bbox 1808 4441 1820 4478; x_wconf 90' lang='lat'><strong>:</strong></span> 
     </span>
    </p>
   </div>
   <div class='ocr_carea' id='block_1_78' title="bbox 306 4511 1893 4582">
    <p class='ocr_par' dir='ltr' id='par_1_78' title="bbox 306 4511 1893 4582">
     <span class='ocr_line' id='line_1_78' title="bbox 306 4511 1893 4582; baseline 0.003 -17"><span class='ocrx_word' id='word_1_605' title='bbox 306 4512 481 4568; x_wconf 70' lang='lat' dir='ltr'><strong>Vens.</strong></span> <span class='ocrx_word' id='word_1_606' title='bbox 518 4511 601 4566; x_wconf 89' lang='lat' dir='ltr'><strong>l7.</strong></span> <span class='ocrx_word' id='word_1_607' title='bbox 633 4512 923 4568; x_wconf 83' lang='lat' dir='ltr'><strong>Memoria</strong></span> <span class='ocrx_word' id='word_1_608' title='bbox 948 4512 1120 4567; x_wconf 75' lang='lat' dir='ltr'><strong>illius</strong></span> <span class='ocrx_word' id='word_1_609' title='bbox 1151 4518 1360 4581; x_wconf 82' lang='lat' dir='ltr'><strong>pereat</strong></span> <span class='ocrx_word' id='word_1_610' title='bbox 1386 4514 1459 4569; x_wconf 77' lang='lat' dir='ltr'><strong>de</strong></span> <span class='ocrx_word' id='word_1_611' title='bbox 1489 4519 1675 4582; x_wconf 84' lang='lat' dir='ltr'><strong>terra,</strong></span> <span class='ocrx_word' id='word_1_612' title='bbox 1697 4521 1893 4570; x_wconf 84' lang='lat' dir='ltr'><strong>etnon</strong></span> 
     </span>
    </p>
   </div>
   <div class='ocr_carea' id='block_1_79' title="bbox 228 4600 1894 4670">
    <p class='ocr_par' dir='ltr' id='par_1_79' title="bbox 228 4600 1894 4670">
     <span class='ocr_line' id='line_1_79' title="bbox 228 4600 1894 4670; baseline 0 -11"><span class='ocrx_word' id='word_1_613' title='bbox 228 4600 572 4659; x_wconf 64' lang='lat' dir='ltr'><strong>celebretur</strong></span> <span class='ocrx_word' id='word_1_614' title='bbox 617 4615 830 4657; x_wconf 83' lang='lat' dir='ltr'><strong>nomen</strong></span> <span class='ocrx_word' id='word_1_615' title='bbox 850 4600 1017 4656; x_wconf 73' lang='lat' dir='ltr'><strong>illius</strong></span> <span class='ocrx_word' id='word_1_616' title='bbox 1051 4601 1116 4655; x_wconf 84' lang='lat' dir='ltr'><strong>in</strong></span> <span class='ocrx_word' id='word_1_617' title='bbox 1137 4602 1380 4670; x_wconf 69' lang='lat' dir='ltr'><strong>plateis.</strong></span> <span class='ocrx_word' id='word_1_618' title='bbox 1425 4632 1492 4642; x_wconf 89' lang='lat'><strong>-—</strong></span> <span class='ocrx_word' id='word_1_619' title='bbox 1536 4603 1894 4659; x_wconf 86' lang='lat' dir='ltr'><strong>Intuendum</strong></span> 
     </span>
    </p>
   </div>
   <div class='ocr_carea' id='block_1_80' title="bbox 230 4688 1895 4764">
    <p class='ocr_par' dir='ltr' id='par_1_80' title="bbox 230 4688 1895 4764">
     <span class='ocr_line' id='line_1_80' title="bbox 230 4688 1895 4764; baseline 0 -17"><span class='ocrx_word' id='word_1_620' title='bbox 230 4689 417 4747; x_wconf 82' lang='lat' dir='ltr'><strong>nobis</strong></span> <span class='ocrx_word' id='word_1_621' title='bbox 441 4693 549 4761; x_wconf 84' lang='lat' dir='ltr'><strong>est,</strong></span> <span class='ocrx_word' id='word_1_622' title='bbox 571 4690 724 4764; x_wconf 85' lang='lat' dir='ltr'><strong>quia</strong></span> <span class='ocrx_word' id='word_1_623' title='bbox 752 4690 834 4747; x_wconf 90' lang='lat' dir='ltr'><strong>sic</strong></span> <span class='ocrx_word' id='word_1_624' title='bbox 864 4688 1117 4747; x_wconf 78' lang='lat' dir='ltr'><strong>Baldath</strong></span> <span class='ocrx_word' id='word_1_625' title='bbox 1139 4689 1372 4746; x_wconf 88' lang='lat' dir='ltr'><strong>Suhites</strong></span> <span class='ocrx_word' id='word_1_626' title='bbox 1401 4689 1476 4746; x_wconf 89' lang='lat' dir='ltr'><strong>de</strong></span> <span class='ocrx_word' id='word_1_627' title='bbox 1526 4704 1895 4764; x_wconf 81' lang='lat' dir='ltr'><strong>unoquoque</strong></span> 
     </span>
    </p>
   </div>
   <div class='ocr_carea' id='block_1_81' title="bbox 230 4778 1895 4852">
    <p class='ocr_par' dir='ltr' id='par_1_81' title="bbox 230 4778 1895 4852">
     <span class='ocr_line' id='line_1_81' title="bbox 230 4778 1895 4852; baseline 0 -17"><span class='ocrx_word' id='word_1_628' title='bbox 230 4778 523 4851; x_wconf 85' lang='lat' dir='ltr'><strong>loquitur,</strong></span> <span class='ocrx_word' id='word_1_629' title='bbox 552 4786 619 4837; x_wconf 89' lang='lat' dir='ltr'><strong>ut</strong></span> <span class='ocrx_word' id='word_1_630' title='bbox 643 4780 893 4837; x_wconf 78' lang='lat' dir='ltr'><strong>latenter</strong></span> <span class='ocrx_word' id='word_1_631' title='bbox 915 4779 995 4835; x_wconf 85' lang='lat' dir='ltr'><strong>ad</strong></span> <span class='ocrx_word' id='word_1_632' title='bbox 1020 4782 1205 4851; x_wconf 88' lang='lat' dir='ltr'><strong>caput</strong></span> <span class='ocrx_word' id='word_1_633' title='bbox 1232 4778 1509 4835; x_wconf 86' lang='lat' dir='ltr'><strong>omnium</strong></span> <span class='ocrx_word' id='word_1_634' title='bbox 1524 4779 1895 4852; x_wconf 84' lang='lat' dir='ltr'><strong>iniquorum,</strong></span> 
     </span>
    </p>
   </div>
   <div class='ocr_carea' id='block_1_82' title="bbox 232 4866 1898 4940">
    <p class='ocr_par' dir='ltr' id='par_1_82' title="bbox 232 4866 1898 4940">
     <span class='ocr_line' id='line_1_82' title="bbox 232 4866 1898 4940; baseline 0.001 -18"><span class='ocrx_word' id='word_1_635' title='bbox 232 4869 373 4939; x_wconf 68' lang='lat' dir='ltr'><strong>ejus</strong></span> <span class='ocrx_word' id='word_1_636' title='bbox 398 4866 585 4923; x_wconf 75' lang='lat' dir='ltr'><strong>verba</strong></span> <span class='ocrx_word' id='word_1_637' title='bbox 611 4870 932 4922; x_wconf 81' lang='lat' dir='ltr'><strong>vertantur.</strong></span> <span class='ocrx_word' id='word_1_638' title='bbox 966 4866 1180 4922; x_wconf 71' lang='lat' dir='ltr'><strong>Plateai</strong></span> <span class='ocrx_word' id='word_1_639' title='bbox 1209 4881 1455 4940; x_wconf 86' lang='lat' dir='ltr'><strong>quoque</strong></span> <span class='ocrx_word' id='word_1_640' title='bbox 1497 4867 1898 4940; x_wconf 79' lang='lat' dir='ltr'><strong>appellatione</strong></span> 
     </span>
    </p>
   </div>
   <div class='ocr_carea' id='block_1_83' title="bbox 232 4955 1898 5024">
    <p class='ocr_par' dir='ltr' id='par_1_83' title="bbox 232 4955 1898 5024">
     <span class='ocr_line' id='line_1_83' title="bbox 232 4955 1898 5024; baseline 0.001 -11"><span class='ocrx_word' id='word_1_641' title='bbox 232 4958 465 5024; x_wconf 67' lang='lat' dir='ltr'><strong>Graeca,</strong></span> <span class='ocrx_word' id='word_1_642' title='bbox 495 4970 532 5010; x_wconf 89' lang='lat' dir='ltr'><strong>a</strong></span> <span class='ocrx_word' id='word_1_643' title='bbox 552 4955 860 5011; x_wconf 79' lang='lat' dir='ltr'><strong>latitudine</strong></span> <span class='ocrx_word' id='word_1_644' title='bbox 914 4959 1055 5010; x_wconf 86' lang='lat' dir='ltr'><strong>sunt</strong></span> <span class='ocrx_word' id='word_1_645' title='bbox 1100 4960 1347 5012; x_wconf 79' lang='lat' dir='ltr'><strong>vocatae.</strong></span> <span class='ocrx_word' id='word_1_646' title='bbox 1384 4958 1728 5013; x_wconf 66' lang='lat' dir='ltr'><strong>Memoriam</strong></span> <span class='ocrx_word' id='word_1_647' title='bbox 1755 4974 1898 5014; x_wconf 88' lang='lat' dir='ltr'><strong>vero</strong></span> 
     </span>
    </p>
   </div>
   <div class='ocr_carea' id='block_1_84' title="bbox 230 5045 1897 5114">
    <p class='ocr_par' dir='ltr' id='par_1_84' title="bbox 230 5045 1897 5114">
     <span class='ocr_line' id='line_1_84' title="bbox 230 5045 1897 5114; baseline 0.001 -13"><span class='ocrx_word' id='word_1_648' title='bbox 230 5058 416 5102; x_wconf 68' lang='lat' dir='ltr'><strong>sum</strong></span> <span class='ocrx_word' id='word_1_649' title='bbox 442 5046 503 5100; x_wconf 84' lang='lat' dir='ltr'><strong>in</strong></span> <span class='ocrx_word' id='word_1_650' title='bbox 555 5049 710 5101; x_wconf 83' lang='lat' dir='ltr'><strong>terra</strong></span> <span class='ocrx_word' id='word_1_651' title='bbox 739 5047 995 5100; x_wconf 86' lang='lat' dir='ltr'><strong>statuere</strong></span> <span class='ocrx_word' id='word_1_652' title='bbox 1026 5049 1277 5100; x_wconf 85' lang='lat' dir='ltr'><strong>conatur</strong></span> <span class='ocrx_word' id='word_1_653' title='bbox 1307 5045 1727 5114; x_wconf 82' lang='lat' dir='ltr'><strong>Antichristus,</strong></span> <span class='ocrx_word' id='word_1_654' title='bbox 1750 5063 1897 5103; x_wconf 86' lang='lat' dir='ltr'><strong>cum</strong></span> 
     </span>
    </p>
   </div>
   <div class='ocr_carea' id='block_1_85' title="bbox 232 5132 1899 5208">
    <p class='ocr_par' dir='ltr' id='par_1_85' title="bbox 232 5132 1899 5208">
     <span class='ocr_line' id='line_1_85' title="bbox 232 5132 1899 5208; baseline 0 -17"><span class='ocrx_word' id='word_1_655' title='bbox 232 5135 301 5191; x_wconf 82' lang='lat' dir='ltr'><strong>in</strong></span> <span class='ocrx_word' id='word_1_656' title='bbox 321 5137 558 5191; x_wconf 60' lang='lat' dir='ltr'><strong>Mena</strong></span> <span class='ocrx_word' id='word_1_657' title='bbox 584 5132 775 5204; x_wconf 85' lang='lat' dir='ltr'><strong>gloria</strong></span> <span class='ocrx_word' id='word_1_658' title='bbox 820 5134 1056 5207; x_wconf 72' lang='lat' dir='ltr'><strong>appetit</strong></span> <span class='ocrx_word' id='word_1_659' title='bbox 1076 5134 1132 5189; x_wconf 84' lang='lat' dir='ltr'><strong>si</strong></span> <span class='ocrx_word' id='word_1_660' title='bbox 1162 5138 1321 5190; x_wconf 86' lang='lat' dir='ltr'><strong>esset</strong></span> <span class='ocrx_word' id='word_1_661' title='bbox 1369 5134 1651 5207; x_wconf 89' lang='lat' dir='ltr'><strong>possibile</strong></span> <span class='ocrx_word' id='word_1_662' title='bbox 1675 5136 1738 5191; x_wconf 89' lang='lat' dir='ltr'><strong>in</strong></span> <span class='ocrx_word' id='word_1_663' title='bbox 1768 5151 1899 5208; x_wconf 83' lang='lat' dir='ltr'><strong>per-</strong></span> 
     </span>
    </p>
   </div>
   <div class='ocr_carea' id='block_1_86' title="bbox 232 5224 1897 5297">
    <p class='ocr_par' dir='ltr' id='par_1_86' title="bbox 232 5224 1897 5297">
     <span class='ocr_line' id='line_1_86' title="bbox 232 5224 1897 5297; baseline 0.001 -18"><span class='ocrx_word' id='word_1_664' title='bbox 232 5227 493 5297; x_wconf 80' lang='lat' dir='ltr'><strong>petuum</strong></span> <span class='ocrx_word' id='word_1_665' title='bbox 516 5237 896 5297; x_wconf 79' lang='lat' dir='ltr'><strong>permanere.</strong></span> <span class='ocrx_word' id='word_1_666' title='bbox 928 5226 1158 5280; x_wconf 86' lang='lat' dir='ltr'><strong>Nomen</strong></span> <span class='ocrx_word' id='word_1_667' title='bbox 1185 5236 1363 5279; x_wconf 88' lang='lat' dir='ltr'><strong>suum</strong></span> <span class='ocrx_word' id='word_1_668' title='bbox 1404 5224 1465 5279; x_wconf 90' lang='lat' dir='ltr'><strong>in</strong></span> <span class='ocrx_word' id='word_1_669' title='bbox 1503 5224 1716 5297; x_wconf 86' lang='lat' dir='ltr'><strong>plateis</strong></span> <span class='ocrx_word' id='word_1_670' title='bbox 1746 5224 1897 5281; x_wconf 89' lang='lat' dir='ltr'><strong>cele-</strong></span> 
     </span>
    </p>
   </div>
   <div class='ocr_carea' id='block_1_87' title="bbox 238 5311 1899 5384">
    <p class='ocr_par' dir='ltr' id='par_1_87' title="bbox 238 5311 1899 5384">
     <span class='ocr_line' id='line_1_87' title="bbox 238 5311 1899 5384; baseline -0.001 -16"><span class='ocrx_word' id='word_1_671' title='bbox 238 5311 419 5368; x_wconf 81' lang='lat' dir='ltr'><strong>brare</strong></span> <span class='ocrx_word' id='word_1_672' title='bbox 440 5312 678 5383; x_wconf 87' lang='lat' dir='ltr'><strong>gaudet,</strong></span> <span class='ocrx_word' id='word_1_673' title='bbox 711 5327 852 5367; x_wconf 85' lang='lat' dir='ltr'><strong>cum</strong></span> <span class='ocrx_word' id='word_1_674' title='bbox 872 5311 1051 5381; x_wconf 85' lang='lat' dir='ltr'><strong>longe</strong></span> <span class='ocrx_word' id='word_1_675' title='bbox 1074 5311 1310 5383; x_wconf 79' lang='lat' dir='ltr'><strong>lateque</strong></span> <span class='ocrx_word' id='word_1_676' title='bbox 1335 5311 1748 5384; x_wconf 84' lang='lat' dir='ltr'><strong>operationem</strong></span> <span class='ocrx_word' id='word_1_677' title='bbox 1778 5328 1899 5367; x_wconf 76' lang='lat' dir='ltr'><strong>suae</strong></span> 
     </span>
    </p>
   </div>
   <div class='ocr_carea' id='block_1_88' title="bbox 216 5399 1896 5474">
    <p class='ocr_par' dir='ltr' id='par_1_88' title="bbox 216 5399 1896 5474">
     <span class='ocr_line' id='line_1_88' title="bbox 216 5399 1896 5474; baseline -0.001 -17"><span class='ocrx_word' id='word_1_678' title='bbox 216 5401 571 5474; x_wconf 73' lang='lat' dir='ltr'><strong>iniquitatis</strong></span> <span class='ocrx_word' id='word_1_679' title='bbox 608 5400 902 5459; x_wconf 78' lang='lat' dir='ltr'><strong>extendit.</strong></span> <span class='ocrx_word' id='word_1_680' title='bbox 951 5400 1066 5457; x_wconf 86' lang='lat' dir='ltr'><strong>Sed</strong></span> <span class='ocrx_word' id='word_1_681' title='bbox 1116 5400 1261 5472; x_wconf 79' lang='lat' dir='ltr'><strong>quia</strong></span> <span class='ocrx_word' id='word_1_682' title='bbox 1314 5400 1420 5456; x_wconf 90' lang='lat' dir='ltr'><strong>diu</strong></span> <span class='ocrx_word' id='word_1_683' title='bbox 1450 5401 1579 5455; x_wconf 68' lang='lat' dir='ltr'><strong>haec</strong></span> <span class='ocrx_word' id='word_1_684' title='bbox 1610 5399 1896 5472; x_wconf 88' lang='lat' dir='ltr'><strong>iniquitas</strong></span> 
     </span>
    </p>
   </div>
   <div class='ocr_carea' id='block_1_89' title="bbox 236 5489 1898 5560">
    <p class='ocr_par' dir='ltr' id='par_1_89' title="bbox 236 5489 1898 5560">
     <span class='ocr_line' id='line_1_89' title="bbox 236 5489 1898 5560; baseline -0.001 -13"><span class='ocrx_word' id='word_1_685' title='bbox 236 5506 369 5547; x_wconf 88' lang='lat' dir='ltr'><strong>non</strong></span> <span class='ocrx_word' id='word_1_686' title='bbox 388 5490 608 5548; x_wconf 75' lang='lat' dir='ltr'><strong>sinitur</strong></span> <span class='ocrx_word' id='word_1_687' title='bbox 634 5490 856 5560; x_wconf 73' lang='lat' dir='ltr'><strong>extolli,</strong></span> <span class='ocrx_word' id='word_1_688' title='bbox 884 5489 1102 5546; x_wconf 75' lang='lat' dir='ltr'><strong>dicitur</strong></span> <span class='ocrx_word' id='word_1_689' title='bbox 1136 5506 1148 5543; x_wconf 91' lang='lat'><strong>:</strong></span> <span class='ocrx_word' id='word_1_690' title='bbox 1172 5490 1459 5547; x_wconf 80' lang='lat' dir='ltr'><strong>Memoria</strong></span> <span class='ocrx_word' id='word_1_691' title='bbox 1495 5491 1663 5546; x_wconf 78' lang='lat' dir='ltr'><strong>illius</strong></span> <span class='ocrx_word' id='word_1_692' title='bbox 1693 5496 1898 5559; x_wconf 85' lang='lat' dir='ltr'><strong>pereat</strong></span> 
     </span>
    </p>
   </div>
   <div class='ocr_carea' id='block_1_90' title="bbox 241 5580 877 5653">
    <p class='ocr_par' dir='ltr' id='par_1_90' title="bbox 241 5580 877 5653">
     <span class='ocr_line' id='line_1_90' title="bbox 241 5580 877 5653; baseline -0.006 -16"><span class='ocrx_word' id='word_1_693' title='bbox 241 5580 318 5637; x_wconf 82' lang='lat' dir='ltr'><strong>de</strong></span> <span class='ocrx_word' id='word_1_694' title='bbox 338 5586 525 5636; x_wconf 88' lang='lat' dir='ltr'><strong>terra.</strong></span> <span class='ocrx_word' id='word_1_695' title='bbox 563 5580 877 5653; x_wconf 88' lang='lat' dir='ltr'><strong>Sequitur:</strong></span> 
     </span>
    </p>
   </div>
   <div class='ocr_carea' id='block_1_91' title="bbox 1998 2994 3655 3065">
    <p class='ocr_par' dir='ltr' id='par_1_91' title="bbox 1998 2994 3655 3065">
     <span class='ocr_line' id='line_1_91' title="bbox 1998 2994 3655 3065; baseline 0.005 -18"><span class='ocrx_word' id='word_1_696' title='bbox 1998 2998 2452 3065; x_wconf 80' lang='lat' dir='ltr'><strong>praecesserant,</strong></span> <span class='ocrx_word' id='word_1_697' title='bbox 2488 2994 2689 3050; x_wconf 83' lang='lat' dir='ltr'><strong>Enoch</strong></span> <span class='ocrx_word' id='word_1_698' title='bbox 2716 2994 2935 3051; x_wconf 89' lang='lat' dir='ltr'><strong>scilicet</strong></span> <span class='ocrx_word' id='word_1_699' title='bbox 2964 3000 3021 3052; x_wconf 86' lang='lat' dir='ltr'><strong>et</strong></span> <span class='ocrx_word' id='word_1_700' title='bbox 3053 2996 3227 3064; x_wconf 86' lang='lat' dir='ltr'><strong>Elias,</strong></span> <span class='ocrx_word' id='word_1_701' title='bbox 3260 2998 3340 3054; x_wconf 88' lang='lat' dir='ltr'><strong>ad</strong></span> <span class='ocrx_word' id='word_1_702' title='bbox 3385 2998 3655 3056; x_wconf 83' lang='lat' dir='ltr'><strong>medium</strong></span> 
     </span>
    </p>
   </div>
   <div class='ocr_carea' id='block_1_92' title="bbox 1996 3082 3658 3154">
    <p class='ocr_par' dir='ltr' id='par_1_92' title="bbox 1996 3082 3658 3154">
     <span class='ocr_line' id='line_1_92' title="bbox 1996 3082 3658 3154; baseline 0.004 -17"><span class='ocrx_word' id='word_1_703' title='bbox 1996 3086 2373 3145; x_wconf 86' lang='lat' dir='ltr'><strong>revocantur,</strong></span> <span class='ocrx_word' id='word_1_704' title='bbox 2426 3087 2485 3138; x_wconf 80' lang='lat' dir='ltr'><strong>et</strong></span> <span class='ocrx_word' id='word_1_705' title='bbox 2541 3082 2901 3139; x_wconf 86' lang='lat' dir='ltr'><strong>crudelitatis</strong></span> <span class='ocrx_word' id='word_1_706' title='bbox 2944 3084 3080 3154; x_wconf 86' lang='lat' dir='ltr'><strong>ejus</strong></span> <span class='ocrx_word' id='word_1_707' title='bbox 3125 3085 3413 3142; x_wconf 64' lang='lat' dir='ltr'><strong>saevitiam</strong></span> <span class='ocrx_word' id='word_1_708' title='bbox 3452 3086 3519 3143; x_wconf 82' lang='lat' dir='ltr'><strong>in</strong></span> <span class='ocrx_word' id='word_1_709' title='bbox 3547 3103 3658 3144; x_wconf 78' lang='lat' dir='ltr'><strong>sua</strong></span> 
     </span>
    </p>
   </div>
   <div class='ocr_carea' id='block_1_93' title="bbox 1997 3170 3651 3245">
    <p class='ocr_par' dir='ltr' id='par_1_93' title="bbox 1997 3170 3651 3245">
     <span class='ocr_line' id='line_1_93' title="bbox 1997 3170 3651 3245; baseline 0.004 -18"><span class='ocrx_word' id='word_1_710' title='bbox 1997 3170 2200 3227; x_wconf 87' lang='lat' dir='ltr'><strong>adhuc</strong></span> <span class='ocrx_word' id='word_1_711' title='bbox 2224 3172 2461 3227; x_wconf 86' lang='lat' dir='ltr'><strong>mortali</strong></span> <span class='ocrx_word' id='word_1_712' title='bbox 2493 3187 2671 3228; x_wconf 76' lang='lat' dir='ltr'><strong>carne</strong></span> <span class='ocrx_word' id='word_1_713' title='bbox 2713 3172 2956 3244; x_wconf 86' lang='lat' dir='ltr'><strong>passuri</strong></span> <span class='ocrx_word' id='word_1_714' title='bbox 2992 3178 3150 3230; x_wconf 77' lang='lat' dir='ltr'><strong>sunt.</strong></span> <span class='ocrx_word' id='word_1_715' title='bbox 3180 3174 3372 3245; x_wconf 82' lang='lat' dir='ltr'><strong>Hujus</strong></span> <span class='ocrx_word' id='word_1_716' title='bbox 3412 3175 3568 3232; x_wconf 82' lang='lat' dir='ltr'><strong>vires</strong></span> <span class='ocrx_word' id='word_1_717' title='bbox 3595 3175 3651 3233; x_wconf 77' lang='lat' dir='ltr'><strong>in</strong></span> 
     </span>
    </p>
   </div>
   <div class='ocr_carea' id='block_1_94' title="bbox 1996 3260 3659 3336">
    <p class='ocr_par' dir='ltr' id='par_1_94' title="bbox 1996 3260 3659 3336">
     <span class='ocr_line' id='line_1_94' title="bbox 1996 3260 3659 3336; baseline 0.004 -20"><span class='ocrx_word' id='word_1_718' title='bbox 1996 3266 2162 3317; x_wconf 85' lang='lat' dir='ltr'><strong>tanta</strong></span> <span class='ocrx_word' id='word_1_719' title='bbox 2202 3264 2493 3333; x_wconf 81' lang='lat' dir='ltr'><strong>potestate</strong></span> <span class='ocrx_word' id='word_1_720' title='bbox 2522 3260 2755 3318; x_wconf 80' lang='lat' dir='ltr'><strong>laxatae</strong></span> <span class='ocrx_word' id='word_1_721' title='bbox 2788 3261 3100 3318; x_wconf 88' lang='lat' dir='ltr'><strong>novissimi</strong></span> <span class='ocrx_word' id='word_1_722' title='bbox 3126 3262 3578 3336; x_wconf 84' lang='lat' dir='ltr'><strong>obstupescunt,</strong></span> <span class='ocrx_word' id='word_1_723' title='bbox 3601 3269 3659 3323; x_wconf 87' lang='lat' dir='ltr'><strong>et</strong></span> 
     </span>
    </p>
   </div>
   <div class='ocr_carea' id='block_1_95' title="bbox 1998 3348 2861 3422">
    <p class='ocr_par' dir='ltr' id='par_1_95' title="bbox 1998 3348 2861 3422">
     <span class='ocr_line' id='line_1_95' title="bbox 1998 3348 2861 3422; baseline -0.001 -17"><span class='ocrx_word' id='word_1_724' title='bbox 1998 3348 2175 3421; x_wconf 84' lang='lat' dir='ltr'><strong>primi</strong></span> <span class='ocrx_word' id='word_1_725' title='bbox 2202 3353 2500 3405; x_wconf 87' lang='lat' dir='ltr'><strong>metuunt.</strong></span> <span class='ocrx_word' id='word_1_726' title='bbox 2544 3350 2820 3422; x_wconf 78' lang='lat' dir='ltr'><strong>Sequitur</strong></span> <span class='ocrx_word' id='word_1_727' title='bbox 2846 3367 2861 3404; x_wconf 89' lang='lat'>:</span> 
     </span>
    </p>
   </div>
   <div class='ocr_carea' id='block_1_96' title="bbox 2072 3438 3658 3513">
    <p class='ocr_par' dir='ltr' id='par_1_96' title="bbox 2072 3438 3658 3513">
     <span class='ocr_line' id='line_1_96' title="bbox 2072 3438 3658 3513; baseline 0.004 -20"><span class='ocrx_word' id='word_1_728' title='bbox 2072 3441 2239 3495; x_wconf 72' lang='lat' dir='ltr'><strong>Vnus.</strong></span> <span class='ocrx_word' id='word_1_729' title='bbox 2270 3443 2359 3494; x_wconf 79' lang='lat' dir='ltr'><strong>2t.</strong></span> <span class='ocrx_word' id='word_1_730' title='bbox 2390 3439 2555 3509; x_wconf 82' lang='lat' dir='ltr'><strong>Ergo</strong></span> <span class='ocrx_word' id='word_1_731' title='bbox 2588 3438 2712 3495; x_wconf 64' lang='lat' dir='ltr'><strong>haec</strong></span> <span class='ocrx_word' id='word_1_732' title='bbox 2739 3446 2882 3496; x_wconf 87' lang='lat' dir='ltr'><strong>sunt</strong></span> <span class='ocrx_word' id='word_1_733' title='bbox 2937 3440 3334 3497; x_wconf 81' lang='lat' dir='ltr'><strong>tabernacula</strong></span> <span class='ocrx_word' id='word_1_734' title='bbox 3358 3442 3575 3513; x_wconf 82' lang='lat' dir='ltr'><strong>iniqui,</strong></span> <span class='ocrx_word' id='word_1_735' title='bbox 3598 3446 3658 3499; x_wconf 84' lang='lat' dir='ltr'><strong>ct</strong></span> 
     </span>
    </p>
   </div>
   <div class='ocr_carea' id='block_1_97' title="bbox 1996 3530 3657 3603">
    <p class='ocr_par' dir='ltr' id='par_1_97' title="bbox 1996 3530 3657 3603">
     <span class='ocr_line' id='line_1_97' title="bbox 1996 3530 3657 3603; baseline 0.002 -18"><span class='ocrx_word' id='word_1_736' title='bbox 1996 3531 2107 3585; x_wconf 87' lang='lat' dir='ltr'><strong>iste</strong></span> <span class='ocrx_word' id='word_1_737' title='bbox 2137 3530 2301 3585; x_wconf 81' lang='lat' dir='ltr'><strong>locus</strong></span> <span class='ocrx_word' id='word_1_738' title='bbox 2330 3532 2458 3599; x_wconf 84' lang='lat' dir='ltr'><strong>ejus</strong></span> <span class='ocrx_word' id='word_1_739' title='bbox 2478 3531 2586 3601; x_wconf 85' lang='lat' dir='ltr'><strong>qui</strong></span> <span class='ocrx_word' id='word_1_740' title='bbox 2606 3531 2846 3600; x_wconf 78' lang='lat' dir='ltr'><strong>ignorat</strong></span> <span class='ocrx_word' id='word_1_741' title='bbox 2866 3532 3077 3588; x_wconf 85' lang='lat' dir='ltr'><strong>Deum.</strong></span> <span class='ocrx_word' id='word_1_742' title='bbox 3099 3562 3168 3572; x_wconf 89' lang='lat'><strong>—-</strong></span> <span class='ocrx_word' id='word_1_743' title='bbox 3194 3531 3657 3603; x_wconf 76' lang='lat' dir='ltr'><strong>Superiusenim</strong></span> 
     </span>
    </p>
   </div>
   <div class='ocr_carea' id='block_1_98' title="bbox 1997 3620 3659 3690">
    <p class='ocr_par' dir='ltr' id='par_1_98' title="bbox 1997 3620 3659 3690">
     <span class='ocr_line' id='line_1_98' title="bbox 1997 3620 3659 3690; baseline 0.002 -15"><span class='ocrx_word' id='word_1_744' title='bbox 1997 3620 2229 3676; x_wconf 85' lang='lat' dir='ltr'><strong>dixerat</strong></span> <span class='ocrx_word' id='word_1_745' title='bbox 2260 3637 2273 3674; x_wconf 88' lang='lat'><strong>:</strong></span> <span class='ocrx_word' id='word_1_746' title='bbox 2302 3620 2594 3689; x_wconf 69' lang='lat' dir='ltr'><strong>Expettat</strong></span> <span class='ocrx_word' id='word_1_747' title='bbox 2620 3636 2750 3676; x_wconf 84' lang='lat' dir='ltr'><strong>eum</strong></span> <span class='ocrx_word' id='word_1_748' title='bbox 2780 3621 2856 3677; x_wconf 84' lang='lat' dir='ltr'><strong>de</strong></span> <span class='ocrx_word' id='word_1_749' title='bbox 2886 3622 3017 3677; x_wconf 79' lang='lat' dir='ltr'><strong>luce</strong></span> <span class='ocrx_word' id='word_1_750' title='bbox 3067 3622 3149 3677; x_wconf 86' lang='lat' dir='ltr'><strong>ad</strong></span> <span class='ocrx_word' id='word_1_751' title='bbox 3177 3621 3470 3690; x_wconf 83' lang='lat' dir='ltr'><strong>tenebras,</strong></span> <span class='ocrx_word' id='word_1_752' title='bbox 3506 3628 3561 3678; x_wconf 84' lang='lat' dir='ltr'><strong>et</strong></span> <span class='ocrx_word' id='word_1_753' title='bbox 3584 3621 3659 3678; x_wconf 79' lang='lat' dir='ltr'><strong>de</strong></span> 
     </span>
    </p>
   </div>
   <div class='ocr_carea' id='block_1_99' title="bbox 1992 3709 3655 3782">
    <p class='ocr_par' dir='ltr' id='par_1_99' title="bbox 1992 3709 3655 3782">
     <span class='ocr_line' id='line_1_99' title="bbox 1992 3709 3655 3782; baseline 0.002 -18"><span class='ocrx_word' id='word_1_754' title='bbox 1992 3709 2139 3765; x_wconf 88' lang='lat' dir='ltr'><strong>orbe</strong></span> <span class='ocrx_word' id='word_1_755' title='bbox 2158 3709 2493 3778; x_wconf 81' lang='lat' dir='ltr'><strong>transferat</strong></span> <span class='ocrx_word' id='word_1_756' title='bbox 2510 3724 2669 3775; x_wconf 88' lang='lat' dir='ltr'><strong>eum,</strong></span> <span class='ocrx_word' id='word_1_757' title='bbox 2693 3709 2868 3779; x_wconf 79' lang='lat' dir='ltr'><strong>cujus</strong></span> <span class='ocrx_word' id='word_1_758' title='bbox 2899 3725 3037 3766; x_wconf 89' lang='lat' dir='ltr'><strong>cum</strong></span> <span class='ocrx_word' id='word_1_759' title='bbox 3059 3709 3222 3766; x_wconf 84' lang='lat' dir='ltr'><strong>mala</strong></span> <span class='ocrx_word' id='word_1_760' title='bbox 3243 3709 3655 3782; x_wconf 77' lang='lat' dir='ltr'><strong>subjungeret.</strong></span> 
     </span>
    </p>
   </div>
   <div class='ocr_carea' id='block_1_100' title="bbox 1998 3797 3657 3870">
    <p class='ocr_par' dir='ltr' id='par_1_100' title="bbox 1998 3797 3657 3870">
     <span class='ocr_line' id='line_1_100' title="bbox 1998 3797 3657 3870; baseline 0.001 -16"><span class='ocrx_word' id='word_1_761' title='bbox 1998 3797 2275 3868; x_wconf 81' lang='lat' dir='ltr'><strong>adjunxit</strong></span> <span class='ocrx_word' id='word_1_762' title='bbox 2307 3815 2320 3852; x_wconf 92' lang='lat'><strong>:</strong></span> <span class='ocrx_word' id='word_1_763' title='bbox 2351 3799 2496 3854; x_wconf 64' lang='lat' dir='ltr'><strong>Haec</strong></span> <span class='ocrx_word' id='word_1_764' title='bbox 2514 3804 2653 3854; x_wconf 77' lang='lat' dir='ltr'><strong>sunt</strong></span> <span class='ocrx_word' id='word_1_765' title='bbox 2683 3798 3078 3855; x_wconf 77' lang='lat' dir='ltr'><strong>tabernacula</strong></span> <span class='ocrx_word' id='word_1_766' title='bbox 3102 3800 3323 3870; x_wconf 77' lang='lat' dir='ltr'><strong>iniqui,</strong></span> <span class='ocrx_word' id='word_1_767' title='bbox 3355 3806 3411 3856; x_wconf 87' lang='lat' dir='ltr'><strong>et</strong></span> <span class='ocrx_word' id='word_1_768' title='bbox 3434 3801 3545 3856; x_wconf 83' lang='lat' dir='ltr'><strong>iste</strong></span> <span class='ocrx_word' id='word_1_769' title='bbox 3571 3801 3657 3856; x_wconf 83' lang='lat' dir='ltr'><strong>to-</strong></span> 
     </span>
    </p>
   </div>
   <div class='ocr_carea' id='block_1_101' title="bbox 1999 3887 3661 3961">
    <p class='ocr_par' dir='ltr' id='par_1_101' title="bbox 1999 3887 3661 3961">
     <span class='ocr_line' id='line_1_101' title="bbox 1999 3887 3661 3961; baseline 0.001 -17"><span class='ocrx_word' id='word_1_770' title='bbox 1999 3903 2104 3944; x_wconf 90' lang='lat' dir='ltr'><strong>cus</strong></span> <span class='ocrx_word' id='word_1_771' title='bbox 2135 3890 2263 3957; x_wconf 74' lang='lat' dir='ltr'><strong>eius</strong></span> <span class='ocrx_word' id='word_1_772' title='bbox 2289 3889 2395 3958; x_wconf 79' lang='lat' dir='ltr'><strong>qui</strong></span> <span class='ocrx_word' id='word_1_773' title='bbox 2418 3889 2660 3957; x_wconf 85' lang='lat' dir='ltr'><strong>ignorat</strong></span> <span class='ocrx_word' id='word_1_774' title='bbox 2689 3889 2897 3944; x_wconf 87' lang='lat' dir='ltr'><strong>Deum.</strong></span> <span class='ocrx_word' id='word_1_775' title='bbox 2932 3887 3210 3944; x_wconf 88' lang='lat' dir='ltr'><strong>Videlicet</strong></span> <span class='ocrx_word' id='word_1_776' title='bbox 3234 3888 3480 3956; x_wconf 88' lang='lat' dir='ltr'><strong>indicat,</strong></span> <span class='ocrx_word' id='word_1_777' title='bbox 3510 3889 3661 3961; x_wconf 83' lang='lat' dir='ltr'><strong>quia</strong></span> 
     </span>
    </p>
   </div>
   <div class='ocr_carea' id='block_1_102' title="bbox 1996 3974 3660 4047">
    <p class='ocr_par' dir='ltr' id='par_1_102' title="bbox 1996 3974 3660 4047">
     <span class='ocr_line' id='line_1_102' title="bbox 1996 3974 3660 4047; baseline 0.001 -16"><span class='ocrx_word' id='word_1_778' title='bbox 1996 3976 2049 4031; x_wconf 84' lang='lat' dir='ltr'><strong>is</strong></span> <span class='ocrx_word' id='word_1_779' title='bbox 2089 3976 2194 4047; x_wconf 90' lang='lat' dir='ltr'><strong>qui</strong></span> <span class='ocrx_word' id='word_1_780' title='bbox 2222 3991 2384 4031; x_wconf 86' lang='lat' dir='ltr'><strong>nunc</strong></span> <span class='ocrx_word' id='word_1_781' title='bbox 2436 3979 2625 4031; x_wconf 83' lang='lat' dir='ltr'><strong>Deum</strong></span> <span class='ocrx_word' id='word_1_782' title='bbox 2674 3974 3013 4045; x_wconf 85' lang='lat' dir='ltr'><strong>ignorando</strong></span> <span class='ocrx_word' id='word_1_783' title='bbox 3036 3975 3358 4047; x_wconf 78' lang='lat' dir='ltr'><strong>extollitur,</strong></span> <span class='ocrx_word' id='word_1_784' title='bbox 3412 3980 3555 4032; x_wconf 72' lang='lat' dir='ltr'><strong>hinc</strong></span> <span class='ocrx_word' id='word_1_785' title='bbox 3576 3977 3660 4033; x_wconf 83' lang='lat' dir='ltr'><strong>ad</strong></span> 
     </span>
    </p>
   </div>
   <div class='ocr_carea' id='block_1_103' title="bbox 2000 4062 3662 4135">
    <p class='ocr_par' dir='ltr' id='par_1_103' title="bbox 2000 4062 3662 4135">
     <span class='ocr_line' id='line_1_103' title="bbox 2000 4062 3662 4135; baseline 0.001 -17"><span class='ocrx_word' id='word_1_786' title='bbox 2000 4063 2245 4135; x_wconf 85' lang='lat' dir='ltr'><strong>propria</strong></span> <span class='ocrx_word' id='word_1_787' title='bbox 2290 4062 2682 4118; x_wconf 81' lang='lat' dir='ltr'><strong>tabernacula</strong></span> <span class='ocrx_word' id='word_1_788' title='bbox 2736 4062 3026 4133; x_wconf 86' lang='lat' dir='ltr'><strong>pervenit,</strong></span> <span class='ocrx_word' id='word_1_789' title='bbox 3068 4062 3319 4134; x_wconf 83' lang='lat' dir='ltr'><strong>quando</strong></span> <span class='ocrx_word' id='word_1_790' title='bbox 3371 4078 3512 4118; x_wconf 88' lang='lat' dir='ltr'><strong>eum</strong></span> <span class='ocrx_word' id='word_1_791' title='bbox 3552 4079 3662 4119; x_wconf 89' lang='lat' dir='ltr'><strong>sua</strong></span> 
     </span>
    </p>
   </div>
   <div class='ocr_carea' id='block_1_104' title="bbox 1999 4150 3660 4224">
    <p class='ocr_par' dir='ltr' id='par_1_104' title="bbox 1999 4150 3660 4224">
     <span class='ocr_line' id='line_1_104' title="bbox 1999 4150 3660 4224; baseline 0 -17"><span class='ocrx_word' id='word_1_792' title='bbox 1999 4151 2282 4224; x_wconf 86' lang='lat' dir='ltr'><strong>iniquitas</strong></span> <span class='ocrx_word' id='word_1_793' title='bbox 2341 4151 2402 4206; x_wconf 89' lang='lat' dir='ltr'><strong>in</strong></span> <span class='ocrx_word' id='word_1_794' title='bbox 2440 4150 2738 4223; x_wconf 80' lang='lat' dir='ltr'><strong>supplicia</strong></span> <span class='ocrx_word' id='word_1_795' title='bbox 2765 4150 3078 4221; x_wconf 88' lang='lat' dir='ltr'><strong>demergit,</strong></span> <span class='ocrx_word' id='word_1_796' title='bbox 3134 4155 3193 4208; x_wconf 90' lang='lat' dir='ltr'><strong>et</strong></span> <span class='ocrx_word' id='word_1_797' title='bbox 3220 4150 3423 4207; x_wconf 82' lang='lat' dir='ltr'><strong>locum</strong></span> <span class='ocrx_word' id='word_1_798' title='bbox 3480 4166 3660 4208; x_wconf 89' lang='lat' dir='ltr'><strong>suum</strong></span> 
     </span>
    </p>
   </div>
   <div class='ocr_carea' id='block_1_105' title="bbox 2002 4240 3663 4314">
    <p class='ocr_par' dir='ltr' id='par_1_105' title="bbox 2002 4240 3663 4314">
     <span class='ocr_line' id='line_1_105' title="bbox 2002 4240 3663 4314; baseline 0.002 -18"><span class='ocrx_word' id='word_1_799' title='bbox 2002 4240 2369 4313; x_wconf 84' lang='lat' dir='ltr'><strong>quandoque</strong></span> <span class='ocrx_word' id='word_1_800' title='bbox 2392 4240 2623 4296; x_wconf 84' lang='lat' dir='ltr'><strong>invenit</strong></span> <span class='ocrx_word' id='word_1_801' title='bbox 2648 4240 2944 4308; x_wconf 83' lang='lat' dir='ltr'><strong>tenebras,</strong></span> <span class='ocrx_word' id='word_1_802' title='bbox 2975 4240 3081 4314; x_wconf 84' lang='lat' dir='ltr'><strong>qui</strong></span> <span class='ocrx_word' id='word_1_803' title='bbox 3108 4240 3261 4298; x_wconf 83' lang='lat' dir='ltr'><strong>dum</strong></span> <span class='ocrx_word' id='word_1_804' title='bbox 3279 4240 3376 4297; x_wconf 86' lang='lat' dir='ltr'><strong>hic</strong></span> <span class='ocrx_word' id='word_1_805' title='bbox 3404 4240 3480 4298; x_wconf 87' lang='lat' dir='ltr'><strong>de</strong></span> <span class='ocrx_word' id='word_1_806' title='bbox 3509 4240 3663 4299; x_wconf 83' lang='lat' dir='ltr'><strong>falsa</strong></span> 
     </span>
    </p>
   </div>
   <div class='ocr_carea' id='block_1_106' title="bbox 2004 4329 3657 4407">
    <p class='ocr_par' dir='ltr' id='par_1_106' title="bbox 2004 4329 3657 4407">
     <span class='ocr_line' id='line_1_106' title="bbox 2004 4329 3657 4407; baseline 0.001 -21"><span class='ocrx_word' id='word_1_807' title='bbox 2004 4329 2289 4401; x_wconf 88' lang='lat' dir='ltr'><strong>gauderet</strong></span> <span class='ocrx_word' id='word_1_808' title='bbox 2317 4330 2448 4386; x_wconf 89' lang='lat' dir='ltr'><strong>luce</strong></span> <span class='ocrx_word' id='word_1_809' title='bbox 2495 4329 2757 4401; x_wconf 64' lang='lat' dir='ltr'><strong>justitiie,</strong></span> <span class='ocrx_word' id='word_1_810' title='bbox 2806 4330 3016 4407; x_wconf 84' lang='lat' dir='ltr'><strong>locum</strong></span> <span class='ocrx_word' id='word_1_811' title='bbox 3056 4330 3297 4387; x_wconf 87' lang='lat' dir='ltr'><strong>tenebat</strong></span> <span class='ocrx_word' id='word_1_812' title='bbox 3350 4330 3657 4399; x_wconf 76' lang='lat' dir='ltr'><strong>alienum;</strong></span> 
     </span>
    </p>
   </div>
   <div class='ocr_carea' id='block_1_107' title="bbox 2001 4419 3659 4493">
    <p class='ocr_par' dir='ltr' id='par_1_107' title="bbox 2001 4419 3659 4493">
     <span class='ocr_line' id='line_1_107' title="bbox 2001 4419 3659 4493; baseline 0.002 -18"><span class='ocrx_word' id='word_1_813' title='bbox 2001 4420 2266 4493; x_wconf 84' lang='lat' dir='ltr'><strong>perversi</strong></span> <span class='ocrx_word' id='word_1_814' title='bbox 2291 4419 2453 4476; x_wconf 89' lang='lat' dir='ltr'><strong>enim</strong></span> <span class='ocrx_word' id='word_1_815' title='bbox 2482 4420 2543 4475; x_wconf 89' lang='lat' dir='ltr'><strong>in</strong></span> <span class='ocrx_word' id='word_1_816' title='bbox 2572 4419 2930 4493; x_wconf 79' lang='lat' dir='ltr'><strong>omniqnod</strong></span> <span class='ocrx_word' id='word_1_817' title='bbox 2959 4436 3067 4493; x_wconf 90' lang='lat' dir='ltr'><strong>per</strong></span> <span class='ocrx_word' id='word_1_818' title='bbox 3096 4420 3543 4478; x_wconf 80' lang='lat' dir='ltr'><strong>simulationem</strong></span> <span class='ocrx_word' id='word_1_819' title='bbox 3568 4421 3659 4478; x_wconf 79' lang='lat' dir='ltr'><strong>fa-</strong></span> 
     </span>
    </p>
   </div>
   <div class='ocr_carea' id='block_1_108' title="bbox 2000 4509 3661 4583">
    <p class='ocr_par' dir='ltr' id='par_1_108' title="bbox 2000 4509 3661 4583">
     <span class='ocr_line' id='line_1_108' title="bbox 2000 4509 3661 4583; baseline 0.002 -20"><span class='ocrx_word' id='word_1_820' title='bbox 2000 4509 2184 4576; x_wconf 89' lang='lat' dir='ltr'><strong>ciunt,</strong></span> <span class='ocrx_word' id='word_1_821' title='bbox 2211 4524 2435 4566; x_wconf 86' lang='lat' dir='ltr'><strong>nomen</strong></span> <span class='ocrx_word' id='word_1_822' title='bbox 2466 4509 2668 4579; x_wconf 81' lang='lat' dir='ltr'><strong>gloriae</strong></span> <span class='ocrx_word' id='word_1_823' title='bbox 2716 4510 3023 4581; x_wconf 86' lang='lat' dir='ltr'><strong>justorum</strong></span> <span class='ocrx_word' id='word_1_824' title='bbox 3046 4510 3224 4583; x_wconf 86' lang='lat' dir='ltr'><strong>quasi</strong></span> <span class='ocrx_word' id='word_1_825' title='bbox 3242 4510 3452 4567; x_wconf 77' lang='lat' dir='ltr'><strong>locum</strong></span> <span class='ocrx_word' id='word_1_826' title='bbox 3480 4526 3661 4567; x_wconf 84' lang='lat' dir='ltr'><strong>occu-</strong></span> 
     </span>
    </p>
   </div>
   <div class='ocr_carea' id='block_1_109' title="bbox 2000 4599 3111 4673">
    <p class='ocr_par' dir='ltr' id='par_1_109' title="bbox 2000 4599 3111 4673">
     <span class='ocr_line' id='line_1_109' title="bbox 2000 4599 3111 4673; baseline -0.005 -17"><span class='ocrx_word' id='word_1_827' title='bbox 2000 4614 2145 4673; x_wconf 84' lang='lat' dir='ltr'><strong>pare</strong></span> <span class='ocrx_word' id='word_1_828' title='bbox 2175 4599 2440 4656; x_wconf 74' lang='lat' dir='ltr'><strong>aﬁenum</strong></span> <span class='ocrx_word' id='word_1_829' title='bbox 2462 4599 2752 4656; x_wconf 80' lang='lat' dir='ltr'><strong>nituntur.</strong></span> <span class='ocrx_word' id='word_1_830' title='bbox 2785 4600 3065 4671; x_wconf 77' lang='lat' dir='ltr'><strong>Sequitur</strong></span> <span class='ocrx_word' id='word_1_831' title='bbox 3098 4615 3111 4651; x_wconf 90' lang='lat'><strong>:</strong></span> 
     </span>
    </p>
   </div>
   <div class='ocr_carea' id='block_1_110' title="bbox 2624 4706 3012 4762">
    <p class='ocr_par' dir='ltr' id='par_1_110' title="bbox 2624 4706 3012 4762">
     <span class='ocr_line' id='line_1_110' title="bbox 2624 4706 3012 4762; baseline -0.003 0"><span class='ocrx_word' id='word_1_832' title='bbox 2624 4706 2848 4762; x_wconf 79' lang='lat' dir='ltr'><strong>CAPUT</strong></span> <span class='ocrx_word' id='word_1_833' title='bbox 2888 4708 3012 4761; x_wconf 74' lang='lat' dir='ltr'><strong>XIX.</strong></span> 
     </span>
    </p>
   </div>
   <div class='ocr_carea' id='block_1_111' title="bbox 2071 4776 3659 4849">
    <p class='ocr_par' dir='ltr' id='par_1_111' title="bbox 2071 4776 3659 4849">
     <span class='ocr_line' id='line_1_111' title="bbox 2071 4776 3659 4849; baseline 0.001 -17"><span class='ocrx_word' id='word_1_834' title='bbox 2071 4782 2242 4833; x_wconf 76' lang='lat' dir='ltr'><strong>Vens.</strong></span> <span class='ocrx_word' id='word_1_835' title='bbox 2277 4784 2327 4845; x_wconf 78' lang='grc' dir='ltr'><strong>ί,</strong></span> <span class='ocrx_word' id='word_1_836' title='bbox 2358 4783 2412 4834; x_wconf 77' lang='lat'><strong>2.</strong></span> <span class='ocrx_word' id='word_1_837' title='bbox 2436 4777 2817 4846; x_wconf 74' lang='lat' dir='ltr'><strong>Respondeas</strong></span> <span class='ocrx_word' id='word_1_838' title='bbox 2845 4782 3042 4832; x_wconf 81' lang='lat' dir='ltr'><strong>autem</strong></span> <span class='ocrx_word' id='word_1_839' title='bbox 3067 4776 3182 4831; x_wconf 83' lang='lat' dir='ltr'><strong>Job</strong></span> <span class='ocrx_word' id='word_1_840' title='bbox 3201 4776 3361 4833; x_wconf 59' lang='lat' dir='ltr'><strong>dixit</strong></span> <span class='ocrx_word' id='word_1_841' title='bbox 3391 4792 3405 4830; x_wconf 91' lang='lat'><strong>:</strong></span> <span class='ocrx_word' id='word_1_842' title='bbox 3441 4777 3659 4849; x_wconf 77' lang='lat' dir='ltr'><strong>Usque-</strong></span> 
     </span>
    </p>
   </div>
   <div class='ocr_carea' id='block_1_112' title="bbox 2003 4865 3661 4939">
    <p class='ocr_par' dir='ltr' id='par_1_112' title="bbox 2003 4865 3661 4939">
     <span class='ocr_line' id='line_1_112' title="bbox 2003 4865 3661 4939; baseline 0.002 -17"><span class='ocrx_word' id='word_1_843' title='bbox 2003 4882 2117 4939; x_wconf 82' lang='lat' dir='ltr'><strong>quo</strong></span> <span class='ocrx_word' id='word_1_844' title='bbox 2139 4866 2413 4936; x_wconf 69' lang='lat' dir='ltr'><strong>afﬂigitur</strong></span> <span class='ocrx_word' id='word_1_845' title='bbox 2439 4867 2703 4922; x_wconf 69' lang='lat' dir='ltr'><strong>annnam</strong></span> <span class='ocrx_word' id='word_1_846' title='bbox 2731 4870 3013 4927; x_wconf 85' lang='lat' dir='ltr'><strong>meam,et</strong></span> <span class='ocrx_word' id='word_1_847' title='bbox 3037 4865 3295 4921; x_wconf 79' lang='lat' dir='ltr'><strong>atteritis</strong></span> <span class='ocrx_word' id='word_1_848' title='bbox 3323 4880 3415 4922; x_wconf 87' lang='lat' dir='ltr'><strong>me</strong></span> <span class='ocrx_word' id='word_1_849' title='bbox 3440 4881 3661 4925; x_wconf 66' lang='lat' dir='ltr'><strong>semio-</strong></span> 
     </span>
    </p>
   </div>
   <div class='ocr_carea' id='block_1_113' title="bbox 2003 4953 3660 5029">
    <p class='ocr_par' dir='ltr' id='par_1_113' title="bbox 2003 4953 3660 5029">
     <span class='ocr_line' id='line_1_113' title="bbox 2003 4953 3660 5029; baseline 0.001 -18"><span class='ocrx_word' id='word_1_850' title='bbox 2003 4956 2178 5011; x_wconf 85' lang='lat' dir='ltr'><strong>nibus</strong></span> <span class='ocrx_word' id='word_1_851' title='bbox 2197 4955 2226 5009; x_wconf 77' lang='lat' dir='ltr'><strong>‘I</strong></span> <span class='ocrx_word' id='word_1_852' title='bbox 2256 4985 2325 4994; x_wconf 89' lang='lat'><strong>—</strong></span> <span class='ocrx_word' id='word_1_853' title='bbox 2350 4954 2547 5011; x_wconf 80' lang='lat' dir='ltr'><strong>Sancti</strong></span> <span class='ocrx_word' id='word_1_854' title='bbox 2602 4954 2710 5009; x_wconf 89' lang='lat' dir='ltr'><strong>viri</strong></span> <span class='ocrx_word' id='word_1_855' title='bbox 2757 4953 3018 5026; x_wconf 73' lang='lat' dir='ltr'><strong>eloquia,</strong></span> <span class='ocrx_word' id='word_1_856' title='bbox 3066 4958 3135 5010; x_wconf 75' lang='lat' dir='ltr'><strong>ut</strong></span> <span class='ocrx_word' id='word_1_857' title='bbox 3163 4969 3324 5029; x_wconf 59' lang='lat' dir='ltr'><strong>sape</strong></span> <span class='ocrx_word' id='word_1_858' title='bbox 3346 4956 3476 5027; x_wconf 89' lang='lat' dir='ltr'><strong>jam</strong></span> <span class='ocrx_word' id='word_1_859' title='bbox 3514 4956 3660 5013; x_wconf 80' lang='lat' dir='ltr'><strong>dixi-</strong></span> 
     </span>
    </p>
   </div>
   <div class='ocr_carea' id='block_1_114' title="bbox 2005 5042 3664 5119">
    <p class='ocr_par' dir='ltr' id='par_1_114' title="bbox 2005 5042 3664 5119">
     <span class='ocr_line' id='line_1_114' title="bbox 2005 5042 3664 5119; baseline 0.002 -19"><span class='ocrx_word' id='word_1_860' title='bbox 2005 5060 2142 5100; x_wconf 90' lang='lat' dir='ltr'><strong>mus</strong></span> <span class='ocrx_word' id='word_1_861' title='bbox 2184 5042 2515 5116; x_wconf 85' lang='lat' dir='ltr'><strong>aliquando</strong></span> <span class='ocrx_word' id='word_1_862' title='bbox 2565 5060 2641 5100; x_wconf 80' lang='lat' dir='ltr'><strong>ex</strong></span> <span class='ocrx_word' id='word_1_863' title='bbox 2694 5058 2960 5116; x_wconf 89' lang='lat' dir='ltr'><strong>persona</strong></span> <span class='ocrx_word' id='word_1_864' title='bbox 3018 5045 3283 5118; x_wconf 85' lang='lat' dir='ltr'><strong>propria,</strong></span> <span class='ocrx_word' id='word_1_865' title='bbox 3332 5044 3664 5119; x_wconf 79' lang='lat' dir='ltr'><strong>aliquando</strong></span> 
     </span>
    </p>
   </div>
   <div class='ocr_carea' id='block_1_115' title="bbox 2004 5132 3662 5206">
    <p class='ocr_par' dir='ltr' id='par_1_115' title="bbox 2004 5132 3662 5206">
     <span class='ocr_line' id='line_1_115' title="bbox 2004 5132 3662 5206; baseline 0.002 -18"><span class='ocrx_word' id='word_1_866' title='bbox 2004 5148 2148 5189; x_wconf 85' lang='lat' dir='ltr'><strong>vero</strong></span> <span class='ocrx_word' id='word_1_867' title='bbox 2173 5148 2245 5188; x_wconf 81' lang='lat' dir='ltr'><strong>ex</strong></span> <span class='ocrx_word' id='word_1_868' title='bbox 2274 5146 2421 5189; x_wconf 86' lang='lat' dir='ltr'><strong>voce</strong></span> <span class='ocrx_word' id='word_1_869' title='bbox 2478 5132 2706 5205; x_wconf 83' lang='lat' dir='ltr'><strong>capitis.</strong></span> <span class='ocrx_word' id='word_1_870' title='bbox 2767 5132 3101 5206; x_wconf 82' lang='lat' dir='ltr'><strong>aliquando</strong></span> <span class='ocrx_word' id='word_1_871' title='bbox 3154 5140 3358 5191; x_wconf 86' lang='lat' dir='ltr'><strong>autem</strong></span> <span class='ocrx_word' id='word_1_872' title='bbox 3415 5150 3488 5191; x_wconf 81' lang='lat' dir='ltr'><strong>ex</strong></span> <span class='ocrx_word' id='word_1_873' title='bbox 3516 5139 3662 5205; x_wconf 79' lang='lat' dir='ltr'><strong>typo</strong></span> 
     </span>
    </p>
   </div>
   <div class='ocr_carea' id='block_1_116' title="bbox 2005 5219 3663 5292">
    <p class='ocr_par' dir='ltr' id='par_1_116' title="bbox 2005 5219 3663 5292">
     <span class='ocr_line' id='line_1_116' title="bbox 2005 5219 3663 5292; baseline -0.002 -13"><span class='ocrx_word' id='word_1_874' title='bbox 2005 5222 2355 5278; x_wconf 79' lang='lat' dir='ltr'><strong>universalis</strong></span> <span class='ocrx_word' id='word_1_875' title='bbox 2403 5221 2673 5279; x_wconf 79' lang='lat' dir='ltr'><strong>Ecclesiae</strong></span> <span class='ocrx_word' id='word_1_876' title='bbox 2712 5223 3044 5292; x_wconf 86' lang='lat' dir='ltr'><strong>sentienda,</strong></span> <span class='ocrx_word' id='word_1_877' title='bbox 3077 5223 3258 5280; x_wconf 87' lang='lat' dir='ltr'><strong>Valde</strong></span> <span class='ocrx_word' id='word_1_878' title='bbox 3282 5236 3432 5290; x_wconf 81' lang='lat' dir='ltr'><strong>ergo</strong></span> <span class='ocrx_word' id='word_1_879' title='bbox 3456 5219 3663 5287; x_wconf 63' lang='lat' dir='ltr'><strong>inﬂigi-</strong></span> 
     </span>
    </p>
   </div>
   <div class='ocr_carea' id='block_1_117' title="bbox 2002 5307 3662 5385">
    <p class='ocr_par' dir='ltr' id='par_1_117' title="bbox 2002 5307 3662 5385">
     <span class='ocr_line' id='line_1_117' title="bbox 2002 5307 3662 5385; baseline -0.004 -17"><span class='ocrx_word' id='word_1_880' title='bbox 2002 5316 2102 5368; x_wconf 85' lang='lat' dir='ltr'><strong>tur</strong></span> <span class='ocrx_word' id='word_1_881' title='bbox 2131 5311 2339 5367; x_wconf 90' lang='lat' dir='ltr'><strong>anima</strong></span> <span class='ocrx_word' id='word_1_882' title='bbox 2388 5311 2708 5382; x_wconf 88' lang='lat' dir='ltr'><strong>justorum,</strong></span> <span class='ocrx_word' id='word_1_883' title='bbox 2771 5312 3022 5385; x_wconf 84' lang='lat' dir='ltr'><strong>quando</strong></span> <span class='ocrx_word' id='word_1_884' title='bbox 3066 5312 3150 5368; x_wconf 90' lang='lat' dir='ltr'><strong>illi</strong></span> <span class='ocrx_word' id='word_1_885' title='bbox 3206 5312 3416 5366; x_wconf 74' lang='lat' dir='ltr'><strong>contra</strong></span> <span class='ocrx_word' id='word_1_886' title='bbox 3464 5307 3662 5363; x_wconf 82' lang='lat' dir='ltr'><strong>bonos</strong></span> 
     </span>
    </p>
   </div>
   <div class='ocr_carea' id='block_1_118' title="bbox 2005 5397 3661 5476">
    <p class='ocr_par' dir='ltr' id='par_1_118' title="bbox 2005 5397 3661 5476">
     <span class='ocr_line' id='line_1_118' title="bbox 2005 5397 3661 5476; baseline -0.003 -15"><span class='ocrx_word' id='word_1_887' title='bbox 2005 5402 2306 5461; x_wconf 80' lang='lat' dir='ltr'><strong>districtas</strong></span> <span class='ocrx_word' id='word_1_888' title='bbox 2330 5407 2652 5458; x_wconf 64' lang='lat' dir='ltr'><strong>sententias</strong></span> <span class='ocrx_word' id='word_1_889' title='bbox 2694 5402 3061 5476; x_wconf 83' lang='lat' dir='ltr'><strong>intorquent,</strong></span> <span class='ocrx_word' id='word_1_890' title='bbox 3114 5400 3216 5471; x_wconf 85' lang='lat' dir='ltr'><strong>qui</strong></span> <span class='ocrx_word' id='word_1_891' title='bbox 3266 5398 3419 5451; x_wconf 84' lang='lat' dir='ltr'><strong>bene</strong></span> <span class='ocrx_word' id='word_1_892' title='bbox 3461 5397 3661 5456; x_wconf 75' lang='lat' dir='ltr'><strong>vivere</strong></span> 
     </span>
    </p>
   </div>
   <div class='ocr_carea' id='block_1_119' title="bbox 2002 5484 3661 5563">
    <p class='ocr_par' dir='ltr' id='par_1_119' title="bbox 2002 5484 3661 5563">
     <span class='ocr_line' id='line_1_119' title="bbox 2002 5484 3661 5563; baseline 0 -17"><span class='ocrx_word' id='word_1_893' title='bbox 2002 5490 2305 5562; x_wconf 80' lang='lat' dir='ltr'><strong>ignorant,</strong></span> <span class='ocrx_word' id='word_1_894' title='bbox 2330 5496 2392 5548; x_wconf 88' lang='lat' dir='ltr'><strong>et</strong></span> <span class='ocrx_word' id='word_1_895' title='bbox 2415 5507 2489 5548; x_wconf 85' lang='lat' dir='ltr'><strong>ex</strong></span> <span class='ocrx_word' id='word_1_896' title='bbox 2519 5508 2665 5548; x_wconf 88' lang='lat' dir='ltr'><strong>voce</strong></span> <span class='ocrx_word' id='word_1_897' title='bbox 2696 5492 2809 5548; x_wconf 91' lang='lat' dir='ltr'><strong>sibi</strong></span> <span class='ocrx_word' id='word_1_898' title='bbox 2824 5490 3117 5562; x_wconf 80' lang='lat' dir='ltr'><strong>justitiam</strong></span> <span class='ocrx_word' id='word_1_899' title='bbox 3136 5484 3459 5551; x_wconf 79' lang='lat' dir='ltr'><strong>vindicant,</strong></span> <span class='ocrx_word' id='word_1_900' title='bbox 3472 5503 3661 5563; x_wconf 81' lang='lat' dir='ltr'><strong>quam</strong></span> 
     </span>
    </p>
   </div>
   <div class='ocr_carea' id='block_1_120' title="bbox 2012 5575 3661 5653">
    <p class='ocr_par' dir='ltr' id='par_1_120' title="bbox 2012 5575 3661 5653">
     <span class='ocr_line' id='line_1_120' title="bbox 2012 5575 3661 5653; baseline -0.002 -16"><span class='ocrx_word' id='word_1_901' title='bbox 2012 5580 2287 5637; x_wconf 88' lang='lat' dir='ltr'><strong>moribus</strong></span> <span class='ocrx_word' id='word_1_902' title='bbox 2329 5580 2711 5653; x_wconf 89' lang='lat' dir='ltr'><strong>impugnant.</strong></span> <span class='ocrx_word' id='word_1_903' title='bbox 2760 5579 3107 5634; x_wconf 82' lang='lat' dir='ltr'><strong>Atteruntur</strong></span> <span class='ocrx_word' id='word_1_904' title='bbox 3153 5575 3315 5633; x_wconf 71' lang='lat' dir='ltr'><strong>enim</strong></span> <span class='ocrx_word' id='word_1_905' title='bbox 3356 5576 3511 5636; x_wconf 62' lang='lat' dir='ltr'><strong>boni</strong></span> <span class='ocrx_word' id='word_1_906' title='bbox 3534 5592 3661 5634; x_wconf 64' lang='lat' dir='ltr'><strong>.m-</strong></span> 
     </span>
    </p>
   </div>
  </div>
