4128 6158
536 138 640 194 263

1585 132 1640 190 S.
1683 127 1942 189 ODONIS
1982 117 2286 180 ABBATIS
2325 124 2829 189 CLUNIACENSIS
2869 131 2913 186 ll

3875 129 3990 188 ω,

539 259 824 319 monibus
843 257 1211 332 iniquorum,
1257 255 1508 330 quando
1542 258 1751 313 contra
1801 251 1884 310 illi
1913 252 1975 309 in
1998 247 2199 306 verbis
2237 247 2286 300 A
2388 251 2560 308 Vens.
2589 258 2640 309 5.
2675 254 2756 309 At
2802 269 2901 310 vos
2930 260 3142 310 contra
3189 267 3279 310 me
3331 252 3650 324 erigimini.
3708 285 3779 296 -υ
3820 255 3906 309 Ac
3938 251 3990 308 si

543 353 790 407 tument.
819 346 1097 420 Sequitur
1127 365 1140 403 :
2132 424 2164 434 ﬂ

614 440 774 493 Vens.
808 441 861 493 3.
895 438 991 493 En
1020 436 1210 494 decies
1237 435 1598 505 confudistis
1620 449 1731 522 me.
1765 463 1833 472 -—-
1857 428 2200 522 ﬁumeratis

539 524 770 582 vicibus
814 524 1186 582 locutionum
1239 523 1574 581 amicorum
1615 521 1746 588 Job,
1799 517 1999 575 adhuc
2028 517 2202 587 quin-

539 613 710 687 quies
728 613 962 671 locutos
990 630 1093 672 eos
1134 629 1262 670 esse
1288 611 1730 684 cognoscimus.
1791 607 1905 664 Sed
1957 606 2202 678 propter

539 702 656 760 hoc
704 702 870 776 quod
930 702 1009 760 ab
1060 702 1145 759 eis
1214 700 1533 775 quinquies
1588 696 2028 771 increpationes
2090 707 2199 748 au-

539 792 751 863 dierat,
821 807 1081 865 quorum
1129 789 1639 864 increpationibus
1692 785 2017 861 quinquies
2069 783 2198 856 ipse

539 879 873 954 respondit,
905 881 1101 938 decies
1125 897 1188 937 se
1215 879 1489 954 perhibet
1513 893 1640 934 esse
1670 875 1992 933 confusum
2016 890 2029 927 :
2053 871 2200 946 quia

540 974 598 1026 et
624 970 684 1026 in
714 986 786 1026 eo
815 971 1070 1040 graviter
1098 968 1393 1026 laboravit
1415 967 1582 1040 quod
1612 966 1830 1022 frustra
1853 965 2198 1035 increpatus

539 1064 646 1127 est,
677 1065 735 1116 et
779 1061 841 1115 in
891 1076 963 1116 eo
1021 1059 1437 1116 confusionem
1493 1055 1752 1129 pertulit,
1807 1053 1974 1128 quod
2013 1052 2199 1109 verba

540 1148 826 1205 doctrina
852 1164 974 1204 non
995 1147 1379 1204 audientibus
1407 1146 1573 1202 dixit.
1597 1145 1698 1201 Sin
1717 1160 1860 1202 vero
1876 1143 1955 1201 ad
1984 1147 2198 1215 typum

541 1241 760 1294 sancta
792 1236 1062 1293 Ecclesia
1087 1236 1216 1292 hac
1246 1235 1433 1292 verba
1456 1233 1792 1302 referimus,
1818 1233 2005 1306 liquet
2033 1231 2200 1304 quod

540 1341 834 1397 magnum
859 1330 948 1382 est
967 1325 1260 1396 gaudium
1290 1340 1529 1382 servare
1557 1323 1834 1393 Deealogi
1874 1325 2195 1396 pracepta.

539 1415 655 1470 Sed
707 1415 863 1472 hanc
914 1414 1178 1488 perversi
1230 1414 1428 1471 decies
1459 1413 1856 1480 confundunt,
1909 1411 2054 1485 quia
2091 1424 2200 1483 per

539 1517 720 1559 omne
747 1503 916 1576 quod
944 1508 1218 1576 peccant,
1248 1502 1448 1576 pravis
1465 1503 1588 1558 suis
1618 1501 1892 1558 moribus
1921 1498 2199 1568 Deealogi

2311 341 2577 412 apertius
2601 343 2869 400 dicatur:
2905 343 3015 410 Qui
3043 343 3189 414 erigi
3217 347 3427 399 contra
3455 343 3858 416 vosmetipsos
3913 359 3988 398 ex

2308 444 2450 486 mea
2476 434 2886 502 persecutione
2915 431 3226 490 debuistis.
3291 431 3449 488 Ordo
3479 432 3704 506 quippe
3735 431 3990 494 erectio-

2307 518 2404 574 nis
2460 519 2521 576 in
2577 522 2742 579 bono
2767 523 2874 579 iste
2901 527 3006 585 est,
3059 526 3123 578 ut
3175 521 3441 595 primum
3471 527 3680 579 contra
3723 537 3862 590 nos,
3931 526 3990 578 et

2308 609 2704 680 postmodum
2758 616 2965 668 contra
3020 609 3212 668 malos
3269 610 3592 681 erigamur.
3662 614 3820 668 Nam
3878 610 3985 684 qui

2309 702 2521 754 contra
2570 699 2765 757 bonos
2816 700 3081 772 erigitur,
3139 717 3247 774 per
3304 699 3653 773 superbiam
3705 699 3982 759 inﬂatur.

2310 785 2531 842 Contra
2545 789 2944 862 nosmetipsos
2973 787 3136 844 enim
3165 787 3471 858 erigimur,
3521 787 3774 860 quando
3815 789 3985 846 mala

2308 875 2555 947 propria
2579 881 3090 948 recognoscentes,
3121 877 3388 933 districta
3404 877 3815 950 nosmetipsos
3848 895 3986 951 pa-

2309 963 2570 1020 nitentia
2603 965 2824 1021 ultione
2854 965 3120 1034 ferimus,
3150 965 3400 1038 quando
3430 981 3819 1039 nequaquam
3866 983 3984 1024 no-

2308 1051 2402 1108 bis
2423 1051 2486 1107 in
2516 1054 2776 1124 peccatis
2805 1054 3132 1126 parcimus,
3191 1060 3249 1111 et
3286 1053 3466 1110 nullis
3496 1070 3639 1125 erga
3668 1071 3783 1112 nos
3813 1057 3986 1126 cogi-

2311 1139 2605 1197 tationum
2632 1141 3062 1198 blandimentis
3092 1143 3476 1200 inclinamur.

2383 1230 2493 1296 Qui
2523 1231 2571 1286 si
2595 1231 2855 1288 districte
2885 1233 3052 1305 prius
3070 1238 3277 1292 nostra
3305 1233 3365 1290 in
3414 1234 3591 1291 nobis
3618 1235 3786 1292 mala
3815 1235 3984 1292 inse-

2309 1319 2574 1391 quimur,
2588 1321 2823 1390 justum
2847 1337 3094 1395 quoque
3114 1328 3219 1391 est,
3255 1328 3320 1380 ut
3345 1323 3526 1380 etiam
3547 1330 3754 1382 contra
3775 1325 3987 1382 aliena

2311 1407 2476 1465 mala
2501 1409 2716 1466 utiliter
2752 1410 3076 1482 erigamur,
3110 1417 3167 1468 et
3220 1427 3293 1469 ea
3318 1429 3457 1486 qua
3481 1413 3544 1470 in
3572 1413 3751 1471 nobis
3793 1415 3984 1487 puni-

2311 1512 2469 1564 mus,
2497 1497 2678 1555 etiam
2705 1498 2767 1554 in
2821 1498 2953 1555 aliis
3001 1499 3423 1572 redarguendo
3462 1517 3846 1575 superemus.
3883 1506 3986 1561 Se-

540 1597 839 1664 pracepta
863 1591 1228 1665 relinquunt.
1252 1591 1528 1665 Sequitur
1553 1607 1565 1646 :
1591 1593 1664 1648 Et
1692 1606 1813 1648 non
1855 1589 2199 1647 erubescitis
2235 1599 2282 1653 Β
2310 1585 2515 1658 quitur
2546 1603 2559 1642 :
2593 1588 2671 1643 Et
2689 1589 2947 1659 arguitis
2969 1605 3061 1646 me
3083 1591 3420 1660 opprobriis
3451 1593 3614 1648 meis.
3639 1624 3705 1632 —
3745 1594 3982 1650 Omnes

537 1681 936 1750 opprimentes
965 1695 1059 1736 me
1078 1683 1106 1735 ?
1133 1711 1202 1720 —
1229 1679 1377 1736 Sunt
1433 1678 1702 1736 nonnulli
1761 1694 1916 1752 quos
1947 1677 2027 1735 ad
2070 1691 2200 1750 per-

538 1768 899 1840 petrandam
925 1768 1258 1841 nequitiam
1289 1767 1502 1825 oborta
1531 1767 1732 1824 subito
1773 1766 2000 1824 malitia
2053 1765 2200 1821 invi-

538 1860 642 1925 tat,
698 1857 804 1913 sed
851 1861 1053 1914 tamen
1105 1858 1377 1914 humana
1437 1857 1801 1914 verecundia
1852 1859 2114 1925 revocat,
2143 1859 2200 1911 et

537 1945 895 2019 plerumque
922 1962 1029 2019 per
1056 1947 1172 2003 hoc
1201 1946 1368 2019 quod
1417 1947 1676 2003 exterius
1706 1946 2090 2010 erubescunt,
2120 1944 2197 2000 ad

536 2035 818 2093 interiora
847 2052 958 2093 sua
985 2037 1259 2105 redeunt,
1317 2039 1377 2093 et
1419 2040 1629 2093 contra
1679 2051 1740 2092 se
1779 2036 2082 2092 internum
2107 2034 2200 2105 ju-

536 2123 763 2180 dicium
793 2129 1057 2181 sumunt.
1093 2129 1159 2181 Et
1205 2129 1342 2181 sunt
1394 2124 1688 2195 nonnulli,
1719 2125 1826 2197 qui
1871 2127 2196 2198 postquam

537 2214 727 2269 Deum
752 2213 816 2268 in
845 2217 1044 2269 mente
1091 2213 1579 2286 contempserint,
1634 2212 1822 2270 multo
1866 2212 2060 2282 magis
2090 2212 2199 2268 hu-

536 2317 722 2358 mana
761 2302 991 2373 judicia
1043 2307 1352 2376 spernunt.
1404 2303 1552 2359 Hinc
1603 2308 1692 2360 est
1737 2302 1899 2360 enim
1923 2301 2092 2371 quod
2120 2301 2195 2357 de

535 2390 908 2464 quibusdam
937 2391 1272 2465 impudenti
1302 2392 1494 2450 fronte
1525 2393 1915 2465 peccantibus
1967 2391 2190 2447 dictum

535 2485 624 2537 est
651 2498 664 2536 ε
699 2504 727 2532 ‹‹
757 2485 822 2539 Et
851 2487 1167 2554 peccatum
1195 2499 1372 2538 suum
1402 2483 1574 2555 quasi
1604 2481 1869 2540 Sodoma
1911 2481 2198 2555 pradica-

531 2574 750 2625 verunt
774 2570 914 2641 (Isa.
957 2585 1040 2640 in,
1072 2570 1146 2640 9).
1184 2592 1211 2619 »
1266 2570 1628 2643 Plerumque
1659 2573 1822 2626 enim
1871 2569 2018 2627 tales
2059 2573 2198 2626 sunt

533 2655 862 2713 adversarii
919 2659 1139 2713 sancta
1195 2657 1491 2725 Ecclesia,
1541 2657 1646 2731 qui
1703 2673 1741 2715 a
1778 2657 2195 2731 perpetrandis

537 2745 734 2817 malis,
764 2761 875 2803 nec
906 2745 1120 2803 timore
1173 2746 1428 2817 Domini,
1475 2762 1587 2803 nec
1615 2746 1848 2820 pudore
1877 2746 2194 2804 hominum

537 2834 934 2892 refrenantur.
967 2833 1244 2907 Sequitur
1275 2851 1287 2889 :

2310 1675 2553 1749 reprobi
2574 1692 2757 1748 grave
2786 1678 3183 1752 opprobrium
3212 1680 3505 1754 deputant
3531 1681 3692 1740 mala
3735 1686 3986 1755 tempo-

2308 1765 2479 1834 ralia,
2511 1770 2567 1822 et
2595 1770 2760 1824 tanto
2790 1783 2919 1823 esse
2949 1783 3446 1844 unumquemque
3489 1787 3528 1827 a
3561 1772 3678 1828 Deo
3722 1771 3984 1845 despec-

2309 1857 2439 1910 tum
2460 1854 2730 1923 credunt,
2759 1862 2990 1928 quanto
3033 1858 3194 1914 hunc
3234 1857 3523 1914 afﬂictum
3552 1875 3620 1916 ex
3637 1861 3985 1933 percussio-

2310 1943 2403 1999 nis
2431 1944 2668 2015 ﬂagello
2700 1945 3094 2018 conspiciunt.
3128 1947 3215 2004 Nil
3269 1948 3429 2004 enim
3454 1949 3518 2004 in
3565 1949 3861 2018 moribus,
3891 1949 3980 2006 nil

2308 2031 2370 2088 in
2396 2033 2628 2089 actibus
2657 2040 2955 2107 quarunt,
2987 2036 3091 2092 sed
3119 2036 3421 2108 quoslibet
3442 2053 3598 2110 quos
3626 2037 3686 2094 in
3706 2038 3826 2096 hac
3857 2040 3983 2096 vita

2308 2120 2566 2178 viderint
2592 2137 2911 2195 percussos
2942 2139 3092 2189 esse,
3137 2124 3268 2195 jam
3297 2124 3500 2182 divino
3534 2126 3764 2198 judicio
3793 2127 3979 2184 dam-

2308 2214 2483 2266 natos
2512 2210 2897 2268 arbitrantur.
2941 2213 3218 2286 Sequitur
3248 2231 3261 2269 :

2380 2302 2545 2356 Vens.
2599 2303 2651 2356 6.
2709 2302 2937 2358 Saltem
2994 2317 3156 2358 nunc
3208 2303 3547 2374 intelligite,
3609 2306 3755 2377 quia
3813 2308 3981 2363 Deus

2306 2405 2426 2446 non
2457 2391 2869 2462 aquojudicio
2894 2393 3192 2461 afﬂixerit
3220 2408 3330 2449 me.
3361 2425 3428 2435 -
3453 2396 3496 2450 0
3526 2410 3716 2467 quam
3746 2395 3982 2453 durum

2307 2482 2487 2534 sonat
2535 2493 2650 2535 vox
2694 2479 2838 2550 justi
2897 2480 3245 2536 verberibus
3290 2480 3511 2551 aﬂlicti,
3544 2498 3735 2554 quam
3767 2488 3982 2542 tamen

2305 2582 2430 2623 non
2455 2566 2654 2637 elatio,
2688 2567 2794 2624 sed
2823 2567 2998 2626 dolor
3017 2570 3330 2642 expressit.
3355 2571 3472 2628 Sed
3490 2571 3688 2642 justus
3727 2588 3857 2630 non
3887 2580 3984 2631 est

2305 2656 2410 2728 qui
2434 2656 2729 2728 justitiam
2759 2657 2822 2714 in
2845 2657 3052 2715 dolore
3081 2659 3319 2716 deserit.
3348 2661 3564 2717 Beatus
3602 2667 3808 2719 autem
3837 2663 3980 2733 Job,

2304 2745 2450 2818 quia
2475 2745 2618 2802 mite
2662 2762 2766 2804 cor
2792 2747 3025 2816 habuit,
3066 2755 3176 2805 nec
3202 2749 3264 2805 in
3293 2749 3448 2807 dura
3494 2767 3642 2808 voce
3673 2753 3978 2824 peccavit.

2306 2837 2454 2890 Nam
2502 2834 2551 2890 si
2597 2835 2758 2891 hunc
2806 2851 3092 2908 peccasse
3134 2837 3196 2893 in
3239 2838 3353 2896 hac
3383 2854 3526 2895 voce
3555 2839 3840 2911 dicimus,
3866 2842 3982 2899 im-

605 2923 780 2981 Veas.
811 2927 865 2980 4.
906 2925 1132 2994 Nempe
1159 2929 1213 2981 et
1238 2925 1292 2980 si
1311 2925 1608 2996 ignoravi,
1640 2940 1867 2982 mecum
1897 2927 2010 2982 erit
2032 2926 2197 2996 igno-
2234 2951 2276 3005 ε
2306 2923 2498 2996 plesse
2550 2924 2862 2981 diabolum
2912 2927 3240 2983 astruimus
3293 2927 3460 3000 quod
3507 2930 3833 3002 proposuit
3888 2931 3980 2988 di-

536 3013 746 3070 rantia
768 3027 920 3070 mea.
950 3041 1021 3054 —-
1054 3011 1287 3068 Habent
1338 3013 1453 3070 hoc
1482 3012 1743 3069 haretici
1774 3013 2108 3087 proprium,
2132 3017 2196 3069 ut

531 3101 607 3158 de
630 3101 797 3158 inani
827 3101 1084 3159 scientia
1112 3118 1238 3158 sua
1269 3103 1615 3174 arrogantia
1633 3103 1934 3171 inﬂentur,
1954 3107 2011 3159 et
2037 3106 2195 3160 recte

531 3191 905 3248 credentium
985 3191 1430 3264 simplicitatem
1492 3209 1650 3266 sape
1729 3191 2062 3257 derideant,
2139 3196 2196 3248 et

529 3281 753 3337 nullius
809 3296 939 3336 esse
988 3279 1181 3336 meriti
1232 3281 1416 3338 vitam
1471 3281 1791 3337 humilium
1832 3281 2076 3338 ducant.
2125 3283 2195 3338 At

531 3373 759 3438 contra,
821 3372 1032 3425 sancta
1085 3368 1344 3426 Ecclesia
1399 3369 1460 3426 in
1509 3369 1677 3426 omni
1708 3369 1876 3442 quod
1902 3370 2196 3427 veraciter

531 3459 706 3532 sapit,
740 3473 985 3514 sensum
1017 3473 1197 3514 suum
1237 3457 1540 3516 humiliter
1567 3458 1866 3531 deprimit,
1900 3475 1975 3515 ne
2006 3459 2194 3516 scien-

531 3546 611 3603 tia
637 3546 894 3614 inﬂetur,
927 3562 1003 3602 ne
1028 3546 1409 3619 inquisitione
1440 3547 1812 3604 occultorum
1857 3551 2103 3619 tumeat,
2135 3553 2194 3606 et

531 3634 893 3708 perscrutari
941 3634 1145 3708 aliqua
1172 3651 1308 3708 qua
1340 3635 1495 3693 ultra
1518 3636 1674 3692 vires
1700 3640 1840 3693 sunt
1857 3636 2013 3693 illius
2042 3653 2192 3710 pra-

529 3727 747 3779 sumat.
777 3722 980 3780 Utilius
1005 3723 1225 3780 etenim
1277 3723 1476 3781 studet
1505 3724 1732 3781 nescire
1756 3741 1893 3798 qua
1921 3741 2191 3798 perscru-

527 3812 639 3868 tari
662 3827 787 3869 non
814 3813 972 3870 valet
1000 3829 1188 3887 quam
1217 3813 1504 3872 audacter
1531 3813 1788 3871 diﬂinire
1817 3830 1952 3888 qua
1974 3818 2183 3874 nescit.

529 3903 826 3976 Scriptum
876 3909 965 3961 est
1014 3903 1240 3977 quippe
1282 3923 1294 3960 :
1330 3926 1359 3955 ι(
1391 3905 1553 3962 Sicut
1597 3905 1702 3978 qui
1755 3905 1872 3961 mel
1927 3907 2186 3964 multum

526 3991 808 4062 comedit,
856 4007 981 4049 non
1011 3996 1100 4049 est
1129 3991 1183 4047 ei
1226 3991 1480 4062 bonum,
1532 3992 1615 4049 sic
1644 3993 1749 4066 qui
1781 3998 2072 4052 scrutator
2100 3999 2190 4052 est

524 4079 874 4152 majestatis,
933 4080 1294 4156 opprimitur
1351 4081 1540 4153 gloria
1599 4083 1800 4156 (Prov.
1844 4100 1980 4152 xxv,
2003 4088 2116 4153 27).
2156 4107 2184 4134 »

527 4168 791 4226 Dulcedo
821 4171 1042 4228 etenim
1072 4169 1287 4241 mellis,
1323 4171 1371 4227 si
1420 4171 1746 4246 plusquam
1787 4188 2030 4229 necesse
2077 4176 2184 4240 est,

526 4258 800 4326 sumitur,
832 4259 994 4315 unde
1015 4259 1342 4316 delectatur
1366 4276 1456 4330 os,
1487 4260 1626 4317 inde
1664 4261 1788 4319 vita
1815 4262 2184 4318 comedentis

523 4345 792 4397 necatur.
821 4342 1020 4398 Dulcis
1045 4357 1289 4414 quoque
1346 4349 1435 4400 est
1490 4344 1797 4417 requisitio
1830 4346 2180 4418 majestatis,

525 4427 633 4484 sed
660 4429 765 4501 qui
793 4429 951 4485 hanc
978 4428 1117 4502 plus
1177 4431 1425 4488 scrutari
1479 4433 1723 4504 appetit,
1755 4449 1944 4506 quam
1973 4435 2188 4492 huma-

524 4515 725 4573 nitatis
779 4516 1043 4587 cognitio
1098 4517 1404 4590 permittit,
1459 4518 1592 4592 ipsa
1620 4520 1781 4576 hunc
1816 4521 1946 4593 ejus
1995 4521 2183 4592 gloria

523 4603 830 4676 opprimit,
889 4604 1035 4678 quia
1090 4603 1252 4661 velut
1279 4605 1674 4665 immoderate
1712 4608 1832 4665 mel
1873 4613 2184 4682 sumptum

522 4689 948 4762 perscrutantis
979 4703 1244 4758 sensum,
1293 4691 1442 4748 dum
1471 4707 1594 4749 non
1627 4692 1877 4766 capitur,
1935 4696 2179 4768 rumpit.

522 4778 846 4837 Nobiscum
875 4795 1017 4837 vero
1060 4795 1189 4836 esse
1223 4779 1459 4852 dicitur,
1500 4783 1666 4857 quod
1722 4799 1832 4856 pro
1867 4782 2043 4842 nobis
2072 4790 2179 4854 est,

523 4869 582 4923 et
603 4882 843 4924 rursum
898 4884 1023 4926 non
1048 4869 1373 4926 nobiscum
1419 4887 1551 4928 esse
1581 4872 1814 4940 dicitur,
1847 4873 2017 4946 quod
2045 4889 2185 4931 con-

524 4960 617 5012 tra
665 4973 779 5012 nos
805 4961 916 5014 est.
949 4959 1101 5024 Quia
1152 4975 1296 5031 ergo
1327 4960 1572 5019 scientia
1624 4978 1735 5019 sua
1778 4979 1881 5020 cor
1920 4964 2182 5021 haretici

522 5043 710 5113 inﬂat,
759 5045 952 5102 ﬁdelis
1002 5051 1208 5104 autem
1237 5049 1500 5120 cognitio
1525 5051 1876 5123 ignorantia
1912 5069 2038 5110 sua
2073 5055 2184 5111 hu-

521 5131 730 5202 miliat,
784 5133 947 5191 dicat
1000 5134 1211 5192 beatus
1262 5136 1372 5194 Job
1430 5155 1540 5196 sua
1591 5155 1758 5209 voce,
1801 5141 1963 5198 dicat
1999 5143 2181 5200 etiam

522 5221 897 5280 confessione
921 5222 1273 5280 universalis
1305 5226 1598 5297 Ecclesia,
1630 5245 1857 5286 mecum
1880 5233 1994 5287 erit
2019 5233 2182 5302 igno-

523 5315 729 5370 rantia
754 5328 906 5370 mea.
939 5315 1006 5369 Et
1061 5312 1207 5386 quia
1229 5314 1359 5371 hac
1385 5316 1523 5388 ipsa
1568 5317 1827 5375 haretici
1866 5337 2003 5393 qua
2033 5321 2181 5378 scire

523 5407 820 5474 quarunt,
849 5402 929 5460 ad
957 5418 1137 5459 usum
1171 5403 1357 5460 solius
1409 5405 1682 5463 elationis
1739 5408 2057 5480 accipiunt,
2117 5415 2183 5468 ut

525 5495 733 5548 contra
784 5492 992 5550 ﬁdeles
1043 5497 1099 5550 et
1150 5492 1406 5550 humiles
1462 5494 1623 5552 docti
1661 5495 1993 5568 videantur,
2025 5505 2180 5557 recte

525 5579 659 5652 subj
668 5581 910 5652 ungitur
936 5599 949 5639 :

2305 3027 2447 3068 cens
2480 3031 2492 3069 :
2521 3015 2772 3085 «Tange
2803 3028 2872 3070 os
2929 3015 3060 3086 ejus
3091 3020 3148 3072 et
3197 3031 3464 3086 carnem,
3493 3017 3543 3072 si
3567 3033 3692 3075 non
3729 3019 3794 3075 in
3821 3020 3978 3078 facie

2302 3100 2674 3158 benedixerit
2704 3101 2808 3158 tibi
2836 3102 2962 3172 (Job
2988 3119 3048 3174 ιι,
3081 3105 3154 3175 5).
3190 3127 3217 3154 »
3249 3105 3454 3162 Gravis
3480 3105 3683 3179 itaque
3713 3110 3979 3181 quastio

2303 3189 2506 3246 oritur.
2566 3190 2624 3246 Si
2671 3190 2886 3246 etenim
2933 3207 3058 3248 non
3105 3194 3374 3265 peccavit
3409 3193 3472 3250 in
3501 3211 3573 3251 eo
3618 3197 3791 3269 quod
3829 3198 3982 3255 dicit

2303 3279 2515 3335 saltem
2561 3294 2724 3338 nunc
2753 3279 3094 3352 intelligite,
3146 3284 3290 3353 quia
3319 3284 3476 3339 Deus
3519 3301 3638 3340 non
3665 3301 3837 3358 aquo
3872 3290 3982 3356 ju-

2303 3366 2460 3422 dicio
2508 3368 2807 3437 afﬂixerit
2853 3385 2962 3426 me.
2999 3371 3186 3426 Deum
3212 3370 3381 3444 quod
3409 3371 3528 3428 dici
3555 3372 3727 3430 nefas
3758 3378 3852 3430 est
3890 3375 3980 3431 in-

2298 3453 2456 3524 juste
2477 3455 2667 3526 egisse
2689 3455 2917 3529 aliquid
2949 3458 3377 3515 consentimus.
3403 3461 3620 3518 Beatus
3650 3461 3820 3519 enim
3859 3463 3976 3520 Job

2305 3541 2488 3599 vitam
2518 3561 2692 3601 suam
2713 3546 3066 3613 attenderat,
3098 3551 3154 3604 et
3206 3563 3277 3605 ea
3305 3565 3443 3621 qua
3473 3550 3820 3622 patiebatur
3859 3553 3977 3609 ﬂa-

2301 3631 2457 3702 gella
2485 3634 2798 3705 pensabat,
2829 3640 2885 3693 et
2915 3635 3158 3693 videbat
3186 3654 3430 3711 aquum
3459 3655 3582 3696 non
3611 3657 3766 3712 esse,
3795 3648 3866 3699 ut
3889 3643 3977 3700 ad

2300 3719 2481 3778 talem
2525 3722 2665 3780 talia
2699 3721 2936 3795 ﬂagella
2963 3726 3269 3799 reciperet,
3317 3732 3373 3784 et
3405 3745 3542 3784 cum
3572 3729 3715 3787 dicit
3739 3747 3874 3799 non
3909 3749 3977 3790 se

2299 3825 2476 3883 aquo
2523 3811 2751 3882 judicio
2800 3813 3108 3884 afﬂictum,
3168 3816 3284 3873 hoc
3313 3816 3520 3874 libenti
3547 3834 3695 3876 voce
3724 3819 3976 3878 locutus

2299 3904 2407 3970 est,
2435 3900 2603 3973 quod
2621 3901 2683 3957 in
2713 3908 2938 3960 secreto
2989 3920 3098 3961 suo
3134 3907 3425 3980 Dominus
3449 3907 3524 3964 de
3553 3907 3654 3964 illo
3685 3909 3978 3968 adversa-

2297 3987 2385 4044 rio
2414 3990 2544 4061 ejus
2572 3989 2839 4048 dixerat:
2874 4015 2902 4044 ‹‹
2928 3995 3314 4052 Commovisti
3343 4012 3441 4053 me
3480 3996 3774 4055 adversus
3797 4015 3971 4066 eum,

2297 4081 2364 4134 ut
2412 4077 2740 4149 aﬂligerem
2787 4097 2928 4138 eum
2985 4081 3208 4141 frustra
3256 4085 3378 4156 (Job
3412 4103 3469 4155 ιι,
3499 4085 3578 4157 3).
3611 4108 3640 4135 »
3682 4087 3875 4158 Igitur
3915 4093 3977 4146 et

2296 4183 2440 4225 vera
2462 4169 2573 4225 Job
2601 4163 2768 4242 dixit,
2802 4171 2950 4228 dum
2982 4171 3168 4230 vitam
3198 4189 3338 4231 cum
3390 4175 3627 4247 ﬂagello
3656 4179 3970 4250 pensavit,

2297 4263 2354 4315 et
2372 4259 2527 4314 Deus
2573 4275 2697 4316 non
2747 4261 2970 4332 injusto
2995 4262 3224 4333 judicio
3257 4263 3367 4321 Job
3398 4264 3625 4334 afﬂixit,
3654 4267 3806 4339 quia
3833 4285 3974 4326 me-

2293 4346 2408 4403 rita
2451 4363 2524 4402 ex
2557 4346 2794 4420 ﬂagello
2826 4349 3174 4418 cumulavit,
3204 4357 3262 4410 et
3302 4352 3581 4411 diabolus
3629 4356 3798 4428 quod
3827 4373 3976 4430 pro-

2293 4435 2558 4501 miserat,
2579 4452 2703 4494 non
2717 4438 3006 4512 implevit,
3031 4441 3176 4514 quia
3197 4441 3409 4500 beatus
3435 4443 3547 4500 Job
3567 4444 3722 4501 inter
3751 4447 3971 4516 verba,

2292 4540 2429 4597 qua
2450 4526 2673 4583 durum
2705 4532 2942 4597 sonant,
2975 4534 3033 4586 et
3061 4546 3098 4587 a
3117 4547 3258 4588 vera
3286 4533 3598 4602 sententia,
3622 4539 3680 4591 et
3703 4551 3743 4591 a
3759 4543 3975 4594 mente

2291 4613 2609 4670 humilium
2641 4630 2765 4672 non
2793 4617 3054 4674 recessit.
3082 4619 3360 4693 Sequitur
3391 4639 3404 4677 :
3437 4622 3515 4678 Et
3539 4625 3808 4694 ﬂagellis
3837 4627 3973 4682 suis

2291 4716 2382 4758 me
2408 4704 2688 4760 cinxerit.
2722 4736 2791 4744 —
2820 4704 2997 4761 Aliud
3017 4706 3243 4780 quippe
3272 4713 3384 4777 est,
3424 4710 3679 4782 ﬂagellis
3702 4715 3968 4784 percuti,

2291 4788 2457 4846 aliud
2511 4790 2688 4861 cingi.
2741 4792 3014 4864 Flagellis
3069 4809 3336 4869 namque
3389 4798 3784 4869 percutimur,
3818 4816 3971 4856 cum

2291 4877 2763 4936 consolationem
2844 4885 2900 4937 et
2960 4882 3022 4937 in
3086 4882 3397 4940 doloribus
3455 4902 3531 4942 ex
3592 4887 3776 4944 rebus
3829 4888 3974 4945 aliis

2289 4966 2607 5024 habemus.
2663 4972 2810 5026 Nam
2864 4986 3002 5027 cum
3054 4975 3220 5030 tanta
3279 4989 3391 5030 nos
3447 4974 3688 5032 afﬂictio
3760 4976 3974 5052 depri-

2290 5053 2418 5123 mit,
2473 5061 2537 5113 ut
2593 5073 2667 5113 ex
2734 5057 2957 5116 nullius
3032 5061 3118 5116 rei
3189 5062 3600 5122 consolatione
3657 5066 3974 5138 respirare

2291 5144 2532 5200 animus
2588 5148 2798 5219 possit,
2875 5165 2998 5207 non
3047 5149 3178 5222 jam
3243 5151 3494 5224 ﬂagellis
3563 5153 3975 5215 solummodo

2290 5232 2556 5305 ferimur,
2592 5237 2698 5293 sed
2742 5237 2921 5295 etiam
2951 5239 3268 5310 cingimur,
3319 5242 3464 5315 quia
3495 5243 3976 5303 tribulationum

2290 5323 2535 5381 verbere
2589 5342 2661 5382 ex
2722 5328 2890 5384 omni
2945 5334 3114 5402 parte
3168 5331 3635 5389 circumdamur.
3715 5336 3979 5392 Cinctus

2290 5412 2449 5469 enim
2525 5414 2774 5485 ﬂagellis
2847 5417 3062 5473 Paulus
3147 5419 3340 5476 fuerat
3419 5437 3557 5477 cum
3638 5423 3895 5481 dicebat
3961 5445 3976 5482 :

2291 5524 2318 5551 «
2353 5503 2512 5558 Foris
2550 5518 2788 5576 pugna,
2841 5506 3022 5566 intus.
3059 5507 3301 5566 timores
3355 5512 3412 5578 (Ι
3459 5511 3596 5566 Cor.
3653 5529 3761 5582 vn,
3822 5516 3908 5584 5).
3947 5540 3977 5564 υ

2288 5592 2564 5666 Sequitur
2596 5611 2608 5649 :
