4154 6160
243 131 376 182 -265
859 149 863 152 ’
1093 130 1388 185 EPITOME
1427 127 1788 184 MORALIUM
1829 125 1884 180 S.
1927 123 2129 178 GREG.
2171 121 2236 177 IN
2275 124 2416 178 JOB.
2460 154 2528 162 —
2569 126 2701 181 LIB.
2744 127 2876 180 XIV.

342 253 516 308 Vens.
550 258 602 307 7.
637 254 785 309 Ecce
813 253 1081 310 clamabo
1109 254 1224 308 vim
1251 254 1506 322 patiens,
1540 257 1593 306 et
1624 265 1792 306 nemo
1822 264 1924 303 au-
1957 252 2002 302 A
2043 245 2419 318 prophetam,
2453 269 2481 296 «
2516 253 2698 320 caput
2722 253 2779 306 et
2808 250 3003 307 cauda
3054 251 3188 321 (Isa.
3221 266 3295 314 υς,
3325 251 3407 322 lt)
3443 275 3468 299 ››

268 341 388 396 dict
423 342 819 410 vociferabor,
854 349 905 398 et
931 358 1043 397 non
1069 349 1152 398 est
1181 344 1286 413 qui
1312 342 1565 411 judicet.
1621 371 1686 378 —
1732 337 1929 395 Omni-

268 434 488 503 potens
517 432 672 486 Deus
728 431 872 504 quid
913 431 1082 487 nobis
1133 430 1512 504 profuturum
1562 427 1935 484 esse.valeat

269 520 490 587 sciens,
523 520 862 576 dissimulat
912 521 1190 576 exaudire
1226 537 1433 576 vocem
1483 519 1836 582 dolentium,
1872 520 1936 570 ut

270 613 494 679 augeat
525 609 853 676 utilitatem,
885 615 942 666 et
971 615 1258 682 purgetur
1287 609 1404 665 vita
1438 625 1542 682 per
1574 623 1840 681 panam,
1871 608 1938 659 ut

269 697 490 770 quietis
519 697 936 770 tranquillitas,
989 714 1121 771 qua
1144 699 1239 754 hic
1289 697 1538 753 inveniri
1589 711 1710 751 non
1760 693 1933 760 valet,

270 785 416 842 alibi
446 791 768 859 quaratur.
801 788 880 842 Et
925 803 1043 842 non
1093 793 1176 843 est
1228 788 1333 858 qui
1373 787 1630 856 judicet.
1678 787 1805 840 Non
1853 785 1940 837 est

273 875 434 931 enim
455 875 559 948 qui
584 875 812 947 judicet
840 875 1074 943 dicitur,
1103 875 1351 948 quando
1361 875 1633 946 judicare
1658 871 1938 928 dissimu-

272 964 374 1020 lat.
402 964 680 1038 Sequitur
714 981 726 1018 :

347 1056 512 1110 Vens.
537 1057 590 1109 8.
628 1055 914 1110 Semitam
941 1069 1130 1110 meam
1155 1053 1583 1123 circumsepsit,
1607 1058 1661 1107 et
1681 1050 1940 1106 transire

274 1158 395 1198 non
433 1158 676 1212 possum
722 1147 778 1198 et
833 1143 896 1197 in
931 1143 1087 1198 calle
1133 1158 1257 1198 meo
1310 1141 1581 1198 tenebras
1621 1140 1840 1210 posuit.
1871 1170 1937 1176 —

272 1231 749 1304 Circumseptam
806 1231 1158 1287 verberibus
1217 1231 1491 1286 semitam
1549 1246 1721 1284 suam
1771 1225 1935 1294 vidit,

272 1336 413 1377 cum
445 1319 697 1376 transire
727 1319 805 1376 ad
833 1321 1211 1376 securitatem
1242 1319 1512 1392 cupiens,
1542 1318 1797 1374 evadere
1829 1317 1936 1372 ﬂa-

272 1408 429 1478 gella
449 1424 571 1464 non
601 1408 811 1481 potuit,
840 1412 899 1464 et
945 1407 1090 1480 quia
1139 1423 1201 1463 se
1249 1407 1477 1479 percuti
1531 1405 1781 1478 aspexit,
1827 1419 1938 1460 nec

273 1503 474 1554 tamen
504 1496 888 1570 percussione
918 1496 1166 1568 dignam
1198 1497 1383 1552 vitam
1409 1495 1469 1550 in
1501 1494 1828 1566 semetipso
1843 1507 1936 1547 re-

255 1587 445 1661 .perit,
477 1587 650 1659 quasi
674 1587 734 1642 in
765 1586 913 1642 calle
944 1601 1047 1642 cor
1085 1585 1438 1656 ignorantia
1489 1601 1612 1640 sua
1656 1583 1935 1640 tenebras
1969 1605 2009 1658 Β

273 1676 522 1744 invenit,
549 1675 653 1750 qui
679 1693 784 1733 cur
808 1676 888 1732 ita
919 1675 1319 1746 flagellaretur
1344 1679 1653 1748 penetrare
1683 1689 1806 1730 non
1833 1688 1937 1744 po-

277 1767 408 1822 tuit.
441 1765 609 1832 Quod
637 1765 716 1822 ad
742 1766 983 1822 inﬁrma
1006 1781 1249 1839 quoque
1279 1764 1554 1820 membra
1587 1768 1808 1820 sancta
1843 1764 1941 1816 Ec-

278 1855 471 1913 clesia
527 1870 650 1911 non
680 1855 1008 1926 incongrue
1056 1853 1324 1910 refertur.
1372 1853 1523 1920 Quia
1566 1853 1742 1922 igitur
1781 1866 1940 1922 sape

277 1944 642 2010 inﬁrmitate,
677 1958 1118 2015 nonnunquam
1148 1958 1290 1998 vero
1328 1940 1686 2011 ignorantia,
1737 1955 1944 2012 pecca-

279 2039 396 2101 tur,
428 2049 503 2089 ex
543 2032 989 2088 inﬁrmantibus
1034 2031 1324 2087 membris
1364 2031 1614 2086 dicitur:
1659 2031 1942 2086 Semitam

279 2138 476 2180 meam
506 2122 934 2190 circumsepsit,
981 2126 1034 2176 et
1090 2120 1352 2175 transire
1401 2135 1520 2174 non
1571 2135 1826 2188 possum.
1863 2121 1944 2173 Ex

281 2211 368 2268 eis
400 2226 542 2266 vero
567 2209 670 2283 qui
695 2209 774 2266 ad
804 2209 1003 2282 ipsum
1031 2224 1187 2282 opus
1214 2207 1447 2264 bonum
1489 2207 1656 2280 quod
1703 2207 1943 2277 eligant,

278 2298 561 2369 caligant,
595 2297 906 2354 subditur:
953 2299 1036 2352 Et
1079 2297 1142 2351 in
1173 2298 1327 2353 calle
1355 2312 1480 2352 meo
1527 2296 1798 2353 tenebras
1833 2311 1944 2364 po-

277 2389 422 2444 suit.
464 2388 528 2443 In
559 2386 707 2442 calle
735 2403 877 2457 ergo
908 2401 1018 2442 suo
1043 2385 1323 2442 tenebras
1349 2385 1594 2449 invenit,
1626 2384 1730 2457 qui
1755 2383 1815 2438 in
1845 2384 1942 2440 his

279 2493 417 2551 qua
457 2491 634 2547 agere
683 2476 926 2549 appetit,
983 2474 1131 2547 quid
1186 2474 1398 2545 eligere
1452 2473 1687 2540 debeat,
1731 2473 1940 2529 nescit.

281 2569 499 2623 Contra
523 2565 651 2621 bac
676 2568 930 2636 utraque
958 2579 1064 2636 per
1094 2562 1467 2620 Psalmistam
1494 2562 1708 2619 dicitur
1742 2579 1754 2616 :
1780 2585 1806 2610 «
1832 2565 1943 2618 Do-

281 2655 483 2728 minus
514 2652 868 2710 illuminatio
894 2667 1052 2720 mea,
1101 2657 1160 2709 et
1188 2652 1349 2708 salus
1378 2669 1515 2708 mea
1557 2652 1747 2722 (Psal.
1796 2668 1940 2719 xxvi,

287 2749 361 2812 1).
401 2767 427 2793 ››
463 2743 739 2816 Sequitur
771 2759 784 2796 :

355 2834 521 2887 Vens.
555 2837 607 2888 9.
635 2831 1019 2901 Exspoliavit
1050 2847 1140 2887 me
1164 2832 1364 2901 gloria
1393 2845 1544 2893 mea,
1595 2836 1647 2885 et
1696 2829 1944 2885 abstulit

283 2921 669 3010 coronamﬂde
692 2921 888 3010 capite
908 2935 1052 3010 meo.
1083 2950 1156 2959 —
1186 2919 1358 2984 Quod
1384 2922 1602 2974 cuncta
1630 2919 1758 3010 hac
1787 2917 1947 3010 beati
1976 2956 2016 3010 ε

281 3010 396 3066 viri
423 3011 484 3066 in
513 3009 831 3066 afﬂictione
862 3008 1039 3081 positi
1091 3023 1366 3081 persona
1413 3006 1793 3073 conveniant,
1842 3005 1948 3062 du-

282 3099 455 3156 bium
481 3115 606 3155 non
635 3104 741 3155 est.
781 3096 894 3154 Sed
922 3097 1068 3170 quia
1097 3096 1355 3153 historia
1382 3095 1568 3152 verba
1595 3099 1818 3168 patent,
1853 3111 1949 3151 ex-

283 3189 580 3262 positione
639 3188 813 3258 juxta
867 3186 1121 3242 litteram
1179 3201 1304 3241 non
1359 3184 1645 3256 indigent.
1707 3186 1950 3257 Oportet

283 3293 429 3348 ergo
460 3281 526 3333 ut
549 3291 655 3349 per
681 3291 894 3331 sensus
922 3274 1138 3330 debeat
1165 3273 1449 3346 mysticos
1490 3272 1852 3343 investigari,
1885 3271 1948 3328 id

285 3372 398 3436 est,
423 3365 655 3438 justitia
681 3365 760 3421 ab
790 3363 1044 3420 inﬁrmis
1073 3363 1275 3421 ablata
1299 3368 1406 3434 est,
1439 3379 1575 3436 qua
1601 3362 1679 3418 ab
1709 3361 1793 3418 eis
1839 3377 1946 3417 au-

285 3456 424 3512 ferri
450 3471 575 3511 non
599 3453 813 3527 possit,
847 3452 956 3509 sed
975 3452 1198 3508 idcirco
1219 3452 1414 3525 potuit
1442 3450 1582 3517 tolli,
1611 3450 1755 3523 quia
1781 3465 1948 3506 more

284 3543 623 3601 vestimenti
650 3542 906 3599 exterius
955 3541 1226 3599 adhasit.
1280 3543 1409 3607 Qua
1456 3539 1518 3595 in
1567 3555 1630 3595 re
1682 3555 1948 3612 quaren-

285 3635 435 3691 dum
463 3639 552 3692 est
568 3632 879 3707 quomodo
912 3637 1133 3690 sancta
1185 3631 1459 3688 Ecclesia
1508 3630 1784 3686 membra
1831 3629 1948 3686 dici

285 3724 526 3782 valeant
569 3723 674 3797 qui
718 3727 1042 3796 potuerunt
1089 3721 1381 3793 justitiam
1434 3721 1703 3793 perdere,
1761 3736 1948 3792 quam

285 3819 484 3872 tenere
512 3813 891 3870 videbantur.
935 3811 1050 3870 Sed
1100 3810 1415 3867 sciendum
1470 3813 1560 3866 est
1616 3808 1783 3882 quod
1830 3807 1952 3881 ple-

284 3917 544 3976 rumque
567 3919 604 3958 a
631 3899 919 3957 membris
947 3900 1080 3971 ejus
1109 3897 1556 3955 inﬁrmantibus
1599 3897 1827 3967 justitia
1873 3896 1951 3952 ad

253 3997 528 4064 .tempus
590 3989 896 4055 amittitur,
955 3987 1062 4043 sed
1118 4002 1223 4058 per
1283 3985 1686 4056 cognitionem
1761 3985 1951 4057 culpa

281 4079 681 4156 postmodum
711 4077 791 4133 ad
812 4075 1222 4149 paenitentiam
1269 4075 1538 4140 redeunt,
1595 4089 1846 4145 seseque
1875 4073 1954 4129 ad

282 4169 574 4229 eamdem
624 4166 916 4240 justitiam
969 4165 1178 4222 fortius
1233 4180 1422 4237 quam
1474 4162 1827 4219 credebatur
1864 4179 1954 4218 as-

285 4261 574 4330 tringunt.
601 4257 878 4331 Sequitur
903 4273 915 4310 :
948 4257 1021 4312 Et
1052 4254 1302 4312 abstulit
1331 4267 1613 4310 coronam
1658 4253 1732 4308 (te
1761 4253 1956 4321 capite

287 4366 433 4408 meo.
471 4381 538 4389 ——
569 4348 729 4406 Sicut
757 4351 941 4419 caput
968 4345 1236 4418 corporis
1290 4342 1487 4416 prima
1533 4358 1674 4414 pars
1712 4347 1822 4412 est,
1873 4341 1953 4397 ita

263 4437 618 4513 principale
646 4435 940 4492 interioris
965 4433 1227 4490 hominis
1246 4448 1420 4488 mens
1439 4435 1544 4486 est.
1562 4431 1795 4487 Corona
1816 4445 1954 4486 vero

295 4527 551 4585 victoria
579 4523 896 4600 pramium
928 4527 1039 4594 est,
1072 4522 1239 4596 quod
1267 4522 1528 4594 desuper
1576 4521 1838 4593 ponitur,
1891 4524 1955 4575 ut

291 4616 393 4690 qui
421 4614 730 4673 certaverit
759 4616 1190 4669 remuneretur.
1226 4609 1376 4677 Quia
1397 4625 1539 4680 ergo
1566 4609 1737 4666 multi
1752 4609 1955 4666 adver-

292 4705 566 4762 sitatibus
590 4701 780 4776 pressi
809 4701 1056 4758 minime
1085 4700 1146 4756 in
1176 4698 1498 4756 certamine
1521 4698 1872 4770 perdurant,
1897 4697 1958 4752 in

292 4795 377 4852 eis
399 4797 609 4850 sancta
641 4790 898 4848 Ecclesia
926 4791 1102 4864 quasi
1132 4790 1206 4845 de
1237 4789 1428 4861 capite
1461 4803 1752 4844 coronam
1791 4787 1960 4844 amit-

293 4883 384 4941 tit.
421 4886 659 4940 Corona
689 4879 914 4954 quippe
944 4880 1006 4934 in
1035 4878 1229 4951 capite
1259 4880 1348 4933 est
1384 4880 1646 4950 su'perna
1689 4891 1962 4932 remune-

289 4970 442 5030 ratio
488 4987 530 5027 n
560 4973 780 5026 mente.
825 4971 890 5024 Et
925 4972 1063 5024 sunt
1090 4966 1359 5040 plerique
1387 4965 1492 5038 qui
1516 4965 1664 5021 dum
1703 4965 1965 5022 adversi-

290 5061 517 5119 tatibus
546 5060 896 5130 afﬂiguntur
937 5073 1198 5131 superna
1241 5055 1493 5130 pramia
1547 5054 1806 5125 cogitare
1861 5071 1963 5111 ne-

295 5151 552 5223 gligant,
607 5153 666 5205 et
718 5148 795 5206 ad
853 5147 1276 5221 perfectionem
1333 5144 1593 5200 victoria
1651 5144 1962 5217 pervenire

291 5255 421 5298 non
450 5242 726 5314 possunt.
763 5237 825 5293 In
852 5237 945 5293 his
989 5237 1190 5310 itaque
1239 5250 1463 5292 corona
1506 5233 1582 5289 de
1631 5234 1823 5306 capite
1854 5249 1962 5289 au-

292 5331 500 5401 fertur,
547 5328 692 5402 quia
724 5342 1055 5400 supernum
1099 5329 1156 5381 et
1205 5323 1470 5397 spiritale
1515 5322 1834 5396 pramium
1890 5322 1964 5378 de

293 5419 514 5476 mentis
540 5415 899 5488 cogitatione
926 5413 1163 5469 tollitur.
1188 5411 1288 5466 Vel
1315 5416 1468 5468 certe
1495 5414 1676 5482 caput
1694 5409 1964 5466 ﬁdelium

294 5523 420 5564 non
480 5505 779 5562 immerito
848 5500 1187 5557 sacerdotes
1253 5500 1601 5573 accipimus,
1664 5499 1767 5571 qui
1826 5513 1966 5569 pars

294 5595 716 5653 membrorum
762 5589 997 5650 Domini
1040 5587 1290 5662 pramia
1337 5594 1493 5646 sunt.
1543 5587 1707 5645 Unde
1759 5591 1816 5642 et
1861 5603 1968 5659 per

696 5685 940 5738 PAIROL.
983 5679 1252 5736 CXXXIII.

1985 4305 2026 4358 D

3592 134 3694 186 266

3516 257 3701 308 exter»

2043 335 2257 390 minari
2289 335 2520 392 dicitur.
2574 339 2807 394 Corona
2855 355 2997 408 ergo
3047 340 3122 394 de
3171 340 3361 411 capite
3413 342 3696 406 aufertur,

2043 441 2181 480 cum
2214 441 2484 495 supernae
2513 427 3014 483 remunerationis
3067 429 3315 500 pramia
3363 430 3540 486 etiam
3589 429 3700 502 ipsi

2043 513 2346 580 deserunt,
2380 515 2484 586 qui
2513 515 2572 570 in
2604 517 2717 570 hoc
2743 516 3001 572 Ecclesia
3031 534 3280 590 corpore
3329 535 3579 591 praeesse
3618 520 3700 575 vi-

2044 601 2362 657 debantur.
2398 603 2672 675 Sequitur
2700 623 2710 658 :

2119 691 2292 746 Vens.
2315 693 2726 748 t0.Destru.rit
2752 710 2844 750 me
2870 695 3133 766 undique
3157 701 3211 750 et
3233 712 3432 765 pereo,
3449 704 3500 753 et
3532 699 3706 769 quasi

2045 781 2276 836 avulsa
2313 781 2521 836 arbori
2543 783 2786 838 abstulit
2817 799 2976 854 spem
3008 799 3218 840 meam.
3252 817 3319 824 —
3350 787 3522 841 Buasi
3549 786 3704 842 indi-

2045 885 2164 940 que
2203 869 2361 924 enim
2415 870 2672 927 Ecclesia
2709 872 3048 944 destruitur,
3104 877 3283 946 atque
3336 874 3394 929 in
3452 875 3706 930 inﬁrmis

2047 958 2334 1013 membris
2383 959 2631 1032 deperit,
2671 961 2918 1032 quando
2967 963 3098 1034 ipsa
3153 979 3288 1035 qua
3350 963 3708 1019 videbantur

2047 1048 2219 1103 fortia
2247 1053 2550 1115 corruunt,
2585 1051 2832 1121 quando
2858 1067 3082 1107 corona
3105 1051 3178 1107 de
3201 1052 3390 1124 capite
3412 1052 3705 1109 abstrahi-

2049 1140 2159 1192 tur.
2194 1135 2383 1190 Arbor
2431 1137 2656 1210 quippe
2703 1143 2880 1194 vento
2927 1138 3247 1211 impellitur
3291 1145 3353 1196 ut
3411 1141 3606 1208 cadat,
3652 1145 3710 1196 et

2047 1241 2229 1296 quem
2259 1225 2434 1280 mina
2468 1230 2686 1282 terrent
2707 1232 2769 1282 ut
2799 1227 2875 1282 ad
2906 1227 3212 1297 injustiam
3258 1235 3513 1297 corruat,
3561 1228 3709 1302 quid

2048 1314 2210 1369 aliud
2241 1331 2426 1386 quam
2459 1315 2694 1371 arboris
2719 1317 2864 1372 ﬂatu
2889 1321 3135 1372 ventum
3184 1318 3439 1390 pertulit,
3487 1323 3543 1375 et
3592 1323 3710 1376 sta-

2049 1408 2174 1459 tum
2207 1420 2329 1458 sua
2360 1405 2727 1460 rectitudinis
2753 1406 2994 1462 amisit?
3028 1407 3304 1479 Sequitur
3342 1425 3353 1462 :

2119 1493 2290 1548 Vens.
2330 1498 2413 1548 Η.
2465 1496 2668 1550 Iratus
2714 1501 2795 1551 est
2835 1489 3020 1564 furor
3068 1499 3197 1564 ejus
3246 1503 3459 1553 contra
3497 1515 3606 1566 me,
3658 1505 3710 1554 et

2049 1585 2133 1639 sic
2163 1599 2254 1638 me
2283 1583 2490 1639 habuit
2518 1586 2693 1656 quasi
2721 1586 2942 1641 hostem
2969 1601 3164 1641 suum.
3198 1619 3266 1626 —
3321 1587 3715 1644 Pradicatore

2050 1673 2275 1746 quippe
2341 1677 2658 1731 attestante
2715 1674 3054 1743 didicimus,
3115 1676 3260 1748 quia
3316 1676 3570 1732 «fidelis
3625 1682 3718 1733 est

2053 1766 2224 1831 Deus,
2257 1767 2312 1818 et
2342 1778 2464 1819 non
2503 1765 2724 1837 patitur
2770 1781 2880 1821 nos
2931 1765 3141 1821 tentari
3197 1782 3384 1838 supra
3434 1766 3494 1822 id
3548 1767 3715 1839 quod

2051 1869 2375 1925 possumus
2402 1853 2570 1919 ferre,
2601 1853 2705 1910 sed
2738 1854 2876 1910 facit
2914 1871 3053 1911 cum
3092 1856 3414 1912 tentatione
3463 1872 3716 1929 proven-

2054 1945 2201 2009 tum,
2251 1946 2312 1996 ut
2356 1941 2659 2014 possimus
2701 1943 2989 1998 sustinere
3034 1945 3089 2012 (Ι
3119 1943 3254 2000 Cor.
3288 1961 3348 2014 x,
3389 1943 3492 2014 l3).
3529 1969 3557 1994 ››
3605 1945 3716 2000 Per

2052 2031 2410 2102 prophetam
2465 2047 2708 2102 quoque
2761 2031 2902 2087 dicit
2948 2033 3274 2088 Dominus:
3324 2033 3562 2104 «Plaga
3603 2034 3715 2090 ini-

2055 2118 2215 2184 mici,
2269 2119 2536 2189 percussi
2578 2125 2632 2174 te
2681 2120 3071 2189 castigatione
3128 2121 3351 2176 crudeli
3399 2124 3544 2188 (Jer.
3579 2140 3714 2196 xxx,

2063 2207 2166 2276 It).
2207 2229 2232 2255 ››
2266 2207 2376 2272 Qui
2403 2223 2544 2276 ergo
2575 2207 2654 2262 ita
2683 2208 3029 2280 percutitur,
3064 2214 3127 2264 ut
3165 2210 3320 2264 vires
3347 2210 3501 2265 illius
3525 2229 3560 2267 a
3589 2227 3719 2284 per-

2057 2295 2332 2351 cussione
2383 2300 2761 2368 superentur,
2816 2312 2940 2352 non
2982 2298 3142 2353 hunc
3195 2298 3485 2354 Dominus
3541 2300 3719 2371 quasi

2054 2383 2243 2439 ﬁlium
2275 2400 2382 2456 per
2410 2383 2816 2457 disciplinam,
2849 2385 2955 2441 sed
2981 2385 3158 2458 quasi
3178 2386 3418 2442 hostem
3442 2403 3549 2458 per
3568 2387 3720 2445 iram

2053 2471 2202 2528 ferit.
2239 2471 2517 2544 Sequitur
2550 2489 2562 2527 :

2125 2564 2294 2618 Vens.
2332 2565 2416 2616 12.
2443 2561 2638 2618 Simul
2668 2569 2957 2620 venerunt
3002 2564 3266 2621 latrones
3298 2566 3446 2634 ejus,
3483 2570 3538 2621 et
3561 2567 3718 2635 fece-

2053 2658 2197 2708 runt
2220 2651 2334 2708 sibi
2363 2652 2522 2709 viam
2547 2668 2660 2722 per
2688 2668 2796 2710 me.
2821 2684 2891 2694 —
2923 2654 3208 2710 Latrones
3251 2669 3518 2727 namque
3566 2655 3718 2727 ejus,

2053 2741 2299 2811 maligni
2341 2746 2478 2798 sunt
2504 2741 2766 2814 spiritus,
2817 2743 2922 2815 qui
2967 2744 3349 2816 exquirendis
3398 2745 3717 2802 hominum

2055 2830 2348 2886 mortibus
2377 2836 2769 2903 occupantur,
2799 2832 2905 2903 qui
2933 2833 3094 2888 viam
3125 2833 3236 2888 sibi
3266 2833 3327 2888 in
3353 2834 3715 2890 aﬂlictorum

2056 2919 2339 2975 cordibus
2366 2918 2608 2986 faciunt,
2637 2919 2886 2992 quando
2915 2919 3066 2976 inter
3095 2920 3350 2978 adversa
3378 2939 3514 2993 qua
3564 2927 3717 2978 exte-

2057 3010 2181 3064 rius
2216 3008 2485 3075 tolerant,
2519 3008 2906 3077 cogitationes
2948 3025 3191 3081 quoque
3234 3025 3454 3080 pravas
3495 3011 3719 3067 immit-

2059 3102 2178 3154 tere
2217 3113 2341 3153 non
2389 3096 2703 3152 desistunt.
2758 3096 3078 3168 Sequitur:
3129 3098 3207 3151 Et
3255 3099 3607 3154 obsederunt
3659 3101 3720 3154 in

2055 3204 2209 3260 gyro
2240 3187 2696 3242 tabernaculum
2730 3201 2942 3242 meum.
2976 3217 3046 3226 ——
3075 3185 3138 3241 In
3161 3201 3309 3258 gyro
3333 3187 3494 3242 enim
3527 3186 3717 3242 taber-

2058 3275 2347 3333 naculum
2392 3275 2689 3336 obsident,
2741 3274 2987 3347 quando
3031 3291 3102 3331 ex
3143 3275 3308 3330 omni
3367 3275 3549 3332 latere
3599 3276 3722 3331 suis

2057 3364 2482 3422 teutationibus
2533 3369 2798 3420 mentem
2824 3364 3090 3434 cingunt,
3123 3381 3258 3437 qua
3286 3370 3484 3424 tamen
3512 3366 3719 3432 verba,

2058 3459 2123 3511 ut
2147 3456 2275 3527 jam
2307 3455 2716 3528 praediximus.
2748 3454 2926 3510 beato
2954 3454 3084 3520 Job,
3127 3455 3306 3510 etiam
3327 3455 3500 3526 juxta
3543 3456 3722 3512 histo-

2058 3546 2230 3611 riam,
2263 3549 2621 3615 congruunt,
2651 3544 2755 3616 qui
2782 3543 2930 3600 dum
2951 3543 3113 3600 mala
3143 3561 3278 3616 qua
3311 3545 3720 3617 pertulit,ante

2058 3635 2265 3692 oculos
2293 3634 2610 3705 congessit,
2645 3651 2768 3690 non
2797 3634 2974 3706 quasi
3015 3633 3225 3701 tilium,
3260 3635 3367 3691 sed
3399 3635 3576 3708 quasi
3616 3636 3721 3691 ho-

2060 3730 2209 3782 stem
2240 3740 2597 3797 percussum
2627 3740 2688 3779 se
2714 3740 2843 3780 esse
2868 3723 3171 3780 indicavit.
3203 3728 3307 3780 Per
3335 3742 3519 3797 quem
3543 3725 3721 3782 etiam

2062 3814 2173 3870 sibi
2201 3813 2464 3869 latrones
2495 3813 2624 3884 ejus
2656 3812 2817 3868 viam
2838 3812 3120 3879 fecerunt,
3157 3813 3300 3884 quia
3331 3813 3580 3882 maligni
3609 3814 3722 3886 spi-

2059 3903 2206 3958 ritus
2232 3905 2439 3956 contra
2483 3917 2620 3955 cum
2669 3900 2969 3955 licentiam
3012 3901 3416 3971 percussionis
3465 3917 3718 3973 accepe-

2061 3995 2218 4047 runt.
2248 3990 2430 4059 Cujus
2446 3989 2505 4044 in
2523 4005 2673 4060 gyro
2695 3987 3154 4043 tabernaculum
3171 3988 3540 4055 obsiderunt,
3559 3989 3720 4059 quia,

2065 4077 2317 4135 sublatis
2346 4077 2526 4132 rebus
2555 4081 2612 4132 et
2632 4076 2788 4143 ﬁliis,
2814 4075 2994 4130 etiam
3016 4091 3234 4147 corpus
3250 4077 3379 4146 ejus
3402 4093 3580 4132 omne
3605 4077 3726 4132 vul-

2063 4162 2308 4219 neribus
2339 4163 2701 4218 attriverant.
2736 4162 2850 4218 Sed
2879 4161 3099 4218 mirum
3133 4161 3306 4218 valde
3335 4168 3446 4232 est,
3471 4180 3607 4219 cum
3642 4166 3727 4220 la-

2068 4259 2264 4309 trones
2303 4251 2542 4319 diceret,
2589 4268 2695 4307 cur
2743 4250 2974 4308 addidit
3003 4254 3150 4322 ejus.
3205 4254 3272 4308 Ut
3315 4251 3586 4310 videlicet
3625 4270 3722 4309 eo.

2067 4343 2237 4399 sdem
2265 4342 2524 4398 latrones
2558 4341 2655 4397 Dei
2686 4357 2816 4397 esse
2836 4346 3214 4411 monstraret,
3251 4342 3362 4399 Sed
3390 4343 3531 4416 quia
3562 4344 3622 4399 in
3639 4343 3724 4400 eis

2066 4438 2123 4490 et
2150 4433 2424 4489 voluntas
2452 4432 2675 4503 injusta
2704 4436 2810 4502 est,
2844 4437 2901 4488 et
2929 4437 3195 4504 potestas
3224 4432 3407 4504 justa,
3442 4438 3499 4490 et
3546 4433 3725 4490 latro-

2065 4539 2172 4578 nes
2203 4522 2482 4578 dicuntur
2511 4522 2667 4594 ejus,
2698 4526 2754 4578 et
2787 4521 2906 4578 Dei.
2953 4522 3067 4579 Sed
3096 4522 3258 4595 quia,
3291 4528 3352 4578 ut
3400 4540 3557 4595 sape
3597 4525 3726 4595 jam

2065 4609 2348 4674 diximus,
2383 4614 2624 4665 sanctus
2657 4609 2745 4664 vir
2779 4608 3010 4680 positus
3040 4608 3100 4664 in
3127 4609 3330 4665 dolore
3384 4625 3726 4681 poenarum,

2065 4699 2250 4754 modo
2300 4698 2446 4766 suis,
2498 4697 2682 4752 modo
2725 4697 3017 4761 Ecclesia,
3077 4697 3262 4751 modo
3321 4696 3729 4768 Redemptoris

2067 4786 2249 4843 nostri
2282 4785 2534 4840 vocibus
2561 4785 2764 4848 utitur,
2785 4789 2842 4840 et
2869 4783 3223 4856 plerumque
3255 4784 3336 4838 sic
3367 4799 3476 4840 sua
3505 4790 3726 4857 narrat,

2069 4880 2134 4931 ut
2159 4879 2358 4931 tamen
2390 4890 2497 4946 per
2527 4877 2760 4946 typum,
2793 4889 2865 4930 ea
2889 4889 3025 4946 qua
3053 4877 3192 4928 sunt
3217 4878 3433 4929 sancta
3457 4874 3728 4932 Ecclesia

2070 4979 2140 5019 ac
2181 4961 2592 5034 Redemptoris
2637 4961 2823 5016 nostri
2864 4960 3147 5033 proferat,
3199 4963 3531 5035 postposita
3585 4981 3730 5021 cura

2069 5052 2350 5120 historia,
2377 5051 2682 5123 paulisper
2710 5050 2771 5105 in
2799 5049 2893 5105 his
2930 5067 3066 5122 qua
3097 5051 3428 5123 subjungit,
3478 5054 3731 5125 qualiter

2073 5139 2483 5212 Redemptoris
2510 5139 2692 5194 nostri
2725 5137 2971 5194 vocibus
3001 5147 3313 5209 congruat,
3365 5141 3730 5196 demonstre-

2072 5246 2228 5286 mus.
2267 5228 2543 5300 Sequitur
2571 5247 2584 5283 :

2145 5321 2311 5374 Vens.
2345 5317 2428 5373 13.
2458 5319 2704 5374 Fratres
2736 5335 2888 5376 meos
2923 5321 3097 5391 longe
3121 5320 3268 5388 fecit
3301 5332 3337 5372 a
3367 5329 3458 5369 me
3505 5318 3556 5367 et
3605 5315 3733 5370 noti

2073 5408 2189 5463 mei
2215 5408 2392 5478 quasi
2417 5409 2605 5464 alieni
2630 5414 2996 5465 recesserunt
3037 5423 3074 5462 a
3102 5421 3211 5458 me.
3253 5432 3321 5442 ——
3370 5404 3486 5455 Hoc.
3516 5402 3730 5458 melius

2074 5495 2467 5561 ostendimus,
2484 5497 2529 5551 si
2543 5497 2789 5552 Joannis
2803 5495 2880 5551 ad
2896 5493 3164 5549 medium
3180 5487 3582 5546 testimonium
3600 5508 3733 5564 pro-

2079 5585 2364 5656 feramus,
2385 5586 2490 5660 qui
2505 5586 2586 5644 ait
2609 5605 2622 5641 :
2652 5610 2678 5633 ‹‹
2701 5588 2762 5641 lu
2795 5579 3038 5654 propria
3069 5577 3244 5647 venit,
3268 5583 3324 5636 et
3339 5580 3429 5636 sui
3450 5596 3590 5636 eum
3609 5595 3733 5638 non

3341 5671 3374 5722 9
