4154 6160
448 159 552 211 267
1087 125 1094 132 ’
1499 145 1554 199 s.
1597 141 1853 198 oneras
1893 137 2186 193 ABBATIS
2227 137 2729 192 CLUNIACENSIS
2769 137 2811 190 ιι
3769 131 3878 184 268

447 279 801 348 receperunt
847 275 1036 339 (Joan.
1093 287 1128 340 ι,
1183 269 1290 339 ll).
1329 292 1354 317 ››
1413 267 1575 322 Adeo
1617 265 1842 336 quippe
1897 262 2107 316 fratres
2140 262 2186 313 Α
2219 275 2451 325 sumus,
2499 265 2556 314 ut
2610 259 2786 315 creati
2813 273 2918 329 per
2963 255 3179 311 saecula
3227 252 3676 325 producamur?
3722 253 3879 306 Deus

449 367 624 434 longe
652 363 784 418 facti
812 364 968 426 sunt,
1001 364 1058 415 et
1083 360 1207 414 noti
1239 360 1631 424 recesserunt,
1665 354 1809 428 quia
1839 356 2107 408 tenentes

449 453 638 522 legem
668 449 1022 522 prophetare
1053 447 1280 504 Hebraei
1310 449 1622 514 noverant,
1655 449 1709 497 et
1748 443 2104 514 praesentem

448 539 694 596 minime
723 536 1254 608 recognoscebant.
1290 535 1452 591 Unde
1485 539 1541 589 et
1565 537 1720 588 recte
1751 531 1964 586 dicitur
1992 546 2003 581 :

518 651 685 702 Vens.
721 649 806 700 14.
837 647 914 700 Et
945 645 1410 714 ‘dereliquerzmt
1463 658 1552 698 me
1592 639 1925 710 propinqui
1971 638 2099 698 mei,

450 744 506 795 et
526 739 630 809 qui
657 751 749 792 me
776 739 1067 791 noverant
1093 734 1416 789 oblitisunt
1440 734 1570 788 mei.
1596 727 1864 786 ~~luda2i
1887 727 2103 782 etenim

448 824 774 901 propinqui
802 839 910 896 per
949 838 1214 892 carnem,
1265 822 1389 877 noti
1438 837 1544 894 per
1587 819 1732 885 legis
1768 815 2103 872 instructio-

449 931 611 985 nem,
639 913 815 986 quasi
839 911 1003 967 obliti
1035 914 1174 966 sunt
1205 926 1384 982 quem
1405 909 1934 982 prophetaverunt,
1957 905 2106 958 dum

453 1021 592 1062 eum
617 1007 674 1059 et
700 1001 1139 1058 incarnandum
1165 999 1364 1056 verbis
1397 1000 1540 1068 legis
1579 999 1876 1065 canerent,
1928 999 1984 1048 et
2021 992 2106 1048 in-

453 1093 830 1150 carnandum
857 1090 1050 1147 verbis
1080 1089 1344 1162 perﬁdiae
1372 1093 1675 1157 negarent.
1713 1084 1986 1157 Sequitur
2019 1099 2031 1136 :

527 1220 700 1274 Vens.
740 1222 823 1273 15.
855 1216 1155 1287 [aquilini
1181 1216 1389 1270 domus
1419 1229 1563 1270 mea.)
1603 1221 1658 1268 et
1691 1211 1935 1268 ancilla:
1962 1225 2107 1265 mete

453 1310 605 1365 sicut
627 1308 890 1363 alienum
921 1305 1258 1361 habuerunt
1301 1320 1408 1360 me.
1462 1335 1529 1342 ——
1569 1299 1843 1373 quuilini
1890 1298 2107 1352 domus

454 1397 556 1454 Dei
584 1397 819 1451 fuerant
843 1393 1198 1461 sacerdotes,
1226 1409 1485 1465 quorum
1513 1391 1680 1462 origo
1714 1389 1771 1444 in
1804 1387 1902 1443 Dei
1933 1385 2108 1442 servi-

454 1487 556 1556 tio,
587 1485 940 1556 deputatum
967 1483 1094 1553 jam
1135 1499 1241 1556 per
1263 1481 1552 1538 miﬁcium
1596 1481 1658 1536 in
1704 1476 2105 1534 conditionem

2215 364 2378 417 ergo,
2410 348 2514 420 qui
2540 352 2740 404 manet
2765 350 2900 402 ante
2935 343 3174 411 saecula,
3223 341 3365 398 uteri
3399 341 3486 395 sui
3543 341 3698 395 ﬁlios
3741 356 3876 396 ora-

2217 437 2313 507 vit,
2359 437 2503 509 quia
2550 452 2652 492 eos
2696 451 2851 508 quos
2881 440 3154 508 potenter
3183 448 3288 504 per
3317 429 3670 499 dignitatem
3702 444 3876 484 suam

2215 525 2481 582 condidit
2509 525 2853 582 incarnatus
2883 523 3125 578 veniens
3153 519 3453 576 humiliter
3488 518 3745 587 rogavit.
3778 520 3878 573 Se-

2215 614 2417 686 quitur
2450 631 2463 668 :

2285 705 2450 757 Vnus.
2488 706 2570 757 18.
2602 703 2791 758 Stutti
2812 715 3040 771 quoque
3067 699 3466 768 despiciebant
3509 713 3618 753 me.
3659 729 3722 735 —-
3774 698 3877 752 Sa-

2213 791 2514 863 pientibus
2545 807 2581 847 a
2607 791 2868 847 veritatis
2901 789 3018 844 lide
3041 787 3413 852 cadentibus,
3448 790 3604 841 recte
3635 784 3711 840 de
3738 785 3878 840 stul‘

2214 880 2287 936 tis
2317 880 2556 936 additur
2585 895 2848 952 quoque,
2891 877 2994 949 qui
3039 878 3186 931 dum
3231 874 3506 931 Pharisaei
3556 873 3876 930 Dominum

2217 984 2285 1022 ac
2336 967 2656 1039 legisperiti
2701 967 3097 1037 despicerert,
3143 979 3348 1018 eorum
3403 961 3877 1018 incredulitatem

2217 1055 2391 1110 etiam
2420 1055 2630 1128 populi
2659 1055 2751 1110 sui
2781 1054 2957 1110 turba
2988 1059 3188 1109 secuta
3215 1057 3320 1121 est,
3344 1068 3479 1124 quae
3511 1052 3570 1107 in
3610 1068 3684 1107 eo
3711 1050 3882 1122 quod

2216 1145 2524 1200 hominem
2556 1144 2720 1213 vidit,
2745 1142 3154 1214 Redemptoris
3181 1141 3394 1197 mundi
3409 1141 3882 1213 prmdicamenta

2219 1232 2508 1304 despexit.
2543 1233 2854 1304 Sequitur:
2888 1233 2964 1287 Et
3007 1247 3137 1287 cum
3170 1231 3246 1287 ab
3277 1232 3358 1286 eis
3394 1231 3752 1286 recessissem
3785 1230 3879 1286 de-

2221 1321 2540 1378 trahebant
2591 1322 2758 1376 mihi.
2812 1353 2878 1360 —-
2924 1319 3102 1386 Quasi
3163 1319 3490 1374 accedebat
3529 1317 3756 1391 quippe
3803 1317 3881 1376 ad

2221 1411 2406 1466 corda
2431 1411 2797 1484 populorum
2821 1411 3133 1476 Dominus,
3167 1425 3304 1465 cum
3337 1409 3421 1464 eis
3469 1407 3758 1464 miracula
3783 1407 3885 1463 de-

2219 1505 2600 1563 monstraret,
2634 1507 2688 1557 et
2718 1501 2893 1572 quasi
2941 1499 3278 1568 recedebat,
3327 1515 3467 1554 eum
3505 1497 3672 1553 nulla
3709 1498 3884 1566 signa

451 1575 783 1665 tenebatur.
811 1572 1050 1665 Ancillte
1082 1576 1280 1665 autem
1313 1587 1435 1626 non
1453 1569 1748 1665 immerito
1779 1565 2109 1665 intelligun:
2143 1611 2184 1665 Β
2219 1591 2572 1647 ostenderet.
2631 1565 2756 1645 Sed’
2791 1590 3088 1645 recedenti
3144 1565 3393 1644 Domino
3465 1565 3882 1650 detrahebat.

455 1671 549 1723 tur
569 1663 881 1721 levitarum
913 1661 1130 1717 animae
1162 1660 1241 1715 ad
1271 1665 1498 1716 secreta
1527 1655 1914 1725 tabernaculi,
1937 1655 2110 1728 quasi

455 1754 536 1811 ad
563 1751 842 1809 interiora
873 1748 1084 1806 cubilis
1110 1748 1461 1804 familiarius
1493 1747 1828 1807 servientes,
1877 1741 1982 1816 qui
2024 1741 2109 1796 in-

454 1845 769 1900 carnatum
845 1837 1184 1903 Dominum,
1251 1853 1434 1909 quem
1507 1834 1739 1891 dudum
1803 1847 1908 1905 per
1961 1829 2109 1900 legis

453 1931 639 1990 verba
684 1929 1102 2003 praedixerant,
1154 1942 1512 1996 cognoscere
1563 1942 1632 1980 ac
1689 1921 1957 1979 venerari
2001 1937 2108 1974 no-

454 2021 709 2077 luerunt.
745 2019 1048 2092 Sequitur:
1080 2018 1159 2073 Et
1191 2018 1364 2089 quasi
1375 2017 1730 2087 peregrinus
1759 2014 1857 2084 fui
1888 2014 1946 2067 in
1979 2028 2111 2067 oeu-

459 2112 530 2167 lis
555 2125 776 2166 eorum.
809 2140 877 2148 -—
905 2107 1263 2180 Redemptor
1291 2106 1505 2161 etenim
1538 2109 1738 2160 noster
1767 2103 1912 2158 dum
1936 2119 1972 2157 a
2001 2104 2106 2173 Sy-

453 2214 696 2269 nagoga
723 2197 996 2268 cognitus
1019 2213 1143 2252 non
1174 2201 1280 2265 est,
1309 2195 1368 2251 in
1396 2195 1580 2249 domo
1611 2209 1720 2248 sua
1745 2191 1919 2264 quasi
1950 2207 2112 2264 pere-

454 2287 662 2360 grinus
692 2285 924 2342 exstitit.
961 2285 1132 2352 Quod
1160 2289 1362 2358 aperte
1394 2283 1688 2356 propheta
1728 2284 1976 2336 testatur
2025 2279 2110 2334 di-

454 2395 595 2435 cens
629 2395 642 2432 :
673 2377 913 2443 «Quare
941 2374 1090 2431 sicut
1117 2373 1368 2430 colonus
1399 2373 1630 2426 futurus
1657 2387 1721 2425 es
1746 2370 1808 2424 in
1847 2373 2020 2434 terra,
2055 2372 2111 2422 et

453 2466 625 2539 quasi
652 2465 841 2520 viator
869 2463 1178 2518 declinans
1207 2463 1285 2517 ad
1315 2459 1688 2516 manendum
1709 2459 1736 2513 ?
1770 2481 1796 2507 ››
1823 2458 1966 2528 (Jer.
1991 2473 2106 2523 xw,

455 2557 530 2624 8).
563 2552 840 2624 Sequitur
869 2569 882 2606 :

521 2661 688 2713 Vens.
727 2657 808 2712 l6.
842 2657 1096 2712 Servum
1119 2669 1312 2711 meum
1355 2655 1580 2722 vocavi,
1608 2658 1660 2709 et
1712 2669 1834 2709 non
1873 2667 2110 2721 respon-

450 2748 560 2803 dit.
600 2777 669 2786 —
717 2744 870 2808 Quid
898 2743 1060 2800 enim
1095 2742 1376 2800 Judaicus
1406 2742 1667 2814 populus
1695 2741 1823 2810 fuit,
1853 2741 1964 2796 nisi
1995 2759 2109 2797 ser-

447 2851 584 2906 vus,
615 2834 722 2906 qui
749 2849 874 2890 non
925 2849 1131 2890 amore
1179 2831 1285 2886 lilii
1338 2831 1784 2904 obsequebatur
1833 2831 2106 2898 Domino,

2220 1703 2358 1742 cum
2384 1687 2749 1743 amiraculis
2792 1685 3122 1758 quiescenti
3171 1686 3438 1758 priebere
3484 1683 3669 1738 ﬁdem
3714 1682 3882 1739 nolo-

2218 1774 2385 1831 bant.
2418 1775 2692 1847 Sequitur
2724 1793 2736 1829 :

2289 1867 2456 1919 Vens.
2495 1865 2576 1920 19.
2611 1863 2958 1919 Abominati
2983 1867 3240 1917 suntme
3269 1862 3566 1933 quondam
3601 1861 3880 1916 consilia—

2220 1955 2300 2009 rii
2326 1955 2446 2010 mei
2471 1959 2525 2010 et
2554 1969 2722 2024 quem
2754 1955 3016 2008 maxime
3044 1952 3367 2022 diligebam
3411 1951 3765 2007 adversatus
3798 1957 3883 2005 est

2218 2045 2385 2100 mihi.
2419 2076 2486 2083 —
2517 2043 2736 2098 Scriba:
2767 2043 2969 2114 itaque
3001 2046 3058 2097 et
3086 2041 3232 2110 legis
3279 2041 3554 2096 doctores
3601 2041 3704 2112 qui
3748 2055 3880 2095 eru-

2219 2132 2344 2188 dire
2361 2131 2618 2204 populos
2663 2131 2740 2186 ad
2790 2131 2975 2185 vitam
3026 2133 3480 2194 consueverant,
3529 2129 3677 2200 quid
3720 2127 3883 2183 aliud

2218 2236 2406 2292 quam
2432 2219 2662 2274 venturi
2687 2219 3102 2290 Redemptoris
3122 2217 3441 2274 consiliarii
3466 2217 3754 2272 fuerunt?
3777 2217 3882 2280 Qui

2220 2315 2421 2364 tamen
2451 2308 2599 2363 dum
2643 2307 3020 2363 incarnatum
3076 2306 3395 2362 Dominum
3444 2307 3882 2379 conspicerent,

2217 2397 2480 2453 consiliis
2515 2397 2639 2451 suis
2671 2397 2889 2452 multos
2913 2395 2991 2451 ab
3021 2397 3150 2466 ejus
3170 2394 3288 2450 ﬁde
3306 2395 3646 2459 diviserunt,
3669 2412 3884 2468 quam-

2219 2485 2310 2541 vis
2339 2485 2505 2558 prius
2537 2485 2618 2540 ad
2666 2486 3034 2540 credendum
3077 2484 3552 2540 incarnationem
3597 2486 3728 2555 ejus
3779 2502 3885 2556 per

2219 2574 2654 2646 prophetarum
2687 2573 2872 2630 verba
2923 2573 3146 2630 multos
3195 2573 3470 2629 docuisse
3517 2573 3878 2630 viderentur.

2221 2667 2352 2736 Ipse
2383 2663 2541 2718 enim
2573 2663 2724 2718 ordo
2748 2663 3040 2718 suadente
3081 2663 3329 2735 perﬁdia
3385 2679 3422 2718 a
3461 2661 3580 2718 ﬁde
3621 2663 3882 2718 veritatis

2219 2769 2467 2808 aversus
2498 2757 2603 2820 est,
2631 2751 2734 2823 qui
2760 2752 2924 2823 prius
2955 2751 3012 2807 in
3044 2751 3250 2806 labore
3296 2751 3740 2822 praedicationis
3771 2768 3884 2807 ser-

2221 2843 2392 2898 viens
2422 2843 2684 2898 maxime
2715 2841 3092 2911 diligebatur.
3127 2841 3404 2914 Sequitur
3436 2858 3448 2895 :

449 2925 558 3016 sed
591 2925 798 2982 timore
820 2923 1016 2981 SBI‘Vili
1037 2925 1064 2978 ἵ)
1092 2922 1664 3016 Οιῇολϐοηιιίειιῐιοῦἱε
1705 2939 1812 3016 pel:
1859 2921 2106 3016 Paulum
2139 2961 2181 3016 ο
2290 2934 2458 2987 Vens.
2492 2935 2579 2986 20.
2609 2931 2768 2986 Petti
2787 2946 2928 2986 mea
2956 2932 3319 3000 consumptis
3351 2930 3633 2986 carnibus
3679 2932 3884 2987 adhae—

447 3014 702 3071 dicitur:
752 3037 780 3064 α
813 3017 942 3070 Non
971 3011 1284 3086 accepistis
1337 3011 1614 3084 spiritum
1663 3010 1956 3066 servitutis
2007 3011 2108 3067 ite-

445 3121 581 3162 rum
651 3105 710 3160 in
767 3103 1000 3170 timore,
1059 3102 1166 3157 sed
1225 3101 1498 3174 spiritum
1565 3099 1904 3172 adoptionis
1956 3099 2106 3156 ﬁlio—

444 3211 604 3260 rum,
654 3193 715 3250 in
763 3211 886 3266 quo
935 3192 1271 3248 clamamus
1305 3209 1317 3246 :
1351 3190 1542 3258 Abba,
1587 3193 1754 3245 Pater
1776 3190 1961 3258 (Rom.
1989 3206 2104 3252 vin,

451 3284 555 3354 15).
587 3306 615 3332 »
646 3286 813 3338 Hunc
842 3281 1018 3350 igitur
1045 3295 1288 3336 servum
1330 3279 1567 3334 vocavit
1614 3278 1920 3344 Dominus,
1966 3279 2108 3350 quia

447 3369 678 3425 collatis
724 3367 1076 3424 muneribus
1124 3366 1298 3438 quasi
1349 3366 1580 3420 emissis
1633 3365 1879 3421 vocibus
1924 3367 2000 3422 ad
2045 3384 2106 3422 se

447 3476 586 3516 eum
617 3459 836 3515 ducere
866 3455 1110 3524 studuit,
1145 3457 1251 3511 sed
1288 3473 1402 3510 non
1458 3457 1779 3524 respondit,
1831 3456 1974 3528 quia
2019 3458 2105 3513 di-

449 3565 568 3616 gna
599 3564 784 3618 opera
812 3546 988 3600 donis
1019 3545 1150 3615 ejus
1193 3544 1440 3599 reddere
1498 3545 1871 3616 contempsit.
1930 3549 2108 3603 Vocat

449 3637 610 3692 enim
640 3652 752 3691 nos
785 3633 1096 3702 Dominus,
1131 3650 1268 3687 cum
1301 3631 1652 3688 muneribus
1680 3634 1986 3704 praevenit.
2015 3636 2106 3692 Se-

447 3725 650 3796 quitur
677 3741 688 3778 :
727 3725 840 3779 Ore
864 3739 986 3779 meo
1027 3721 1396 3791 deprecabar
1425 3722 1619 3777 illum.
1650 3754 1718 3762 -—
1747 3727 1827 3778 Ac
1857 3723 1905 3778 si
1934 3740 2105 3796 aper-

449 3814 563 3870 tius
609 3813 946 3870 diceretur:
1002 3815 1121 3881 Ego
1160 3809 1254 3866 ille
1299 3810 1403 3882 qui
1447 3815 1583 3866 ante
1631 3811 2105 3870 incarnationem

449 3918 650 3958 meam
682 3906 765 3958 tot
791 3904 840 3956 ci
873 3904 1171 3974 praecepta
1198 3899 1474 3956 facienda
1522 3916 1628 3972 per
1674 3901 2102 3973 prophetarum

449 4007 556 4048 ora
587 3990 1017 4046 mandaveram
1044 3989 1388 4045 incarnatus
1419 3988 1498 4044 ad
1527 4005 1666 4046 eum
1709 3991 1973 4060 veniens,
2003 4008 2104 4048 ore

450 4097 590 4138 eum
617 4079 860 4154 proprio
891 4078 1276 4152 deprecabar.
1317 4078 1459 4133 Hinc
1490 4094 1596 4150 per
1627 4095 1914 4150 sponsam
1964 4080 2106 4136 dici-

447 4173 544 4227 tur
573 4187 586 4226 :
621 4193 647 4220 «
681 4169 987 4226 Osculetur
1017 4185 1112 4224 me
1140 4167 1346 4222 oseulo
1373 4167 1491 4222 oris
1523 4167 1612 4222 sui
1661 4170 1860 4231 (Cant.
1897 4187 1935 4237 ι,
1973 4170 2043 4236 1).
2073 4190 2100 4221 »

449 4261 608 4316 Bene
652 4263 850 4314 autem
896 4257 1130 4320 dicitur,
1167 4257 1554 4324 deprecabar,
1610 4257 1753 4328 quia
1809 4257 1868 4313 in
1927 4275 2104 4316 carne

451 4349 840 4408 monstratus,
872 4345 1020 4400 dum
1071 4344 1360 4399 mandata
1404 4344 1533 4398 vita:
1589 4346 1886 4401 humiliter
1938 4347 2103 4414 dixit,

451 4433 630 4506 quasi
674 4433 1116 4504 supeibicntem
1168 4447 1408 4486 servum
1453 4437 1514 4486 ut
1561 4433 1802 4497 viveret,
1854 4439 2103 4506 rogavit.

452 4521 728 4595 Sequitur
762 4539 774 4577 :

525 4631 690 4686 Vnus.
727 4633 812 4684 l7.
849 4629 1122 4684 Halitum
1160 4643 1355 4683 meum
1400 4628 1713 4683 exhorruit
1758 4644 1916 4686 mror
1956 4648 2104 4689 mea.

452 4753 522 4762 -
553 4717 704 4786 Quid
739 4733 888 4774 uxor
915 4715 1169 4782 Domini,
1201 4716 1314 4772 nisi
1345 4718 1664 4788 Synagoga
1693 4718 1999 4792 accipitur,
2049 4723 2108 4778 in

453 4810 600 4877 legis
629 4808 850 4864 frrdere
879 4807 1101 4864 carnali
1129 4806 1183 4862 ei
1213 4805 1599 4875 intelligentia
1636 4806 1954 4879 subjecta?
2002 4812 2112 4868 Ha-

453 4897 592 4952 litus
623 4912 764 4952 vero
788 4912 858 4952 ex
891 4911 1070 4952 carne
1101 4900 1209 4960 est,
1244 4894 1349 4950 sed
1378 4894 1633 4952 inﬁdelis
1677 4897 1938 4970 populus
1980 4917 2108 4957 car-

453 5001 590 5040 nem
629 4984 861 5040 Domini
891 4983 1203 5039 carnaliter
1231 4983 1532 5050 intellexit,
1554 4985 1695 5056 quia
1713 5001 1931 5057 purum
1949 4989 2110 5044 hunc

453 5073 760 5129 hominem
792 5071 1056 5127 credidit.
1089 5071 1344 5126 llalitum
1375 5087 1518 5140 ergo
1549 5073 1680 5144 ejus
1709 5090 1860 5130 uxor
1903 5077 2110 5133 exhor-

451 5163 587 5231 ruit,
620 5161 762 5234 quia
788 5162 1109 5232 Synagoga
1135 5175 1273 5215 eum
1304 5176 1487 5231 quem
1513 5161 1758 5219 videbat
1775 5164 2105 5235 hominem,

454 5256 640 5308 Deum
669 5249 908 5306 credere
937 5248 1190 5321 expavit.
1221 5250 1494 5321 Sequitur
1527 5267 1540 5305 :
1573 5253 1648 5306 Et
1675 5255 1924 5310 orabam
1950 5257 2109 5325 ﬁlios

453 5342 612 5396 uteri
658 5340 792 5396 mei.
838 5370 906 5379 —
936 5336 998 5392 1n
1043 5340 1212 5392 utero
1266 5342 1466 5393 autem
1516 5339 1712 5412 proles
1757 5343 2105 5415 concipitur,

452 5444 588 5500 qum
614 5429 676 5482 in
703 5431 816 5484 hac
844 5427 964 5482 vita
992 5426 1304 5497 profertur.
1339 5427 1488 5490 Quid
1537 5445 1679 5498 ergo
1711 5435 1943 5489 uterum
1997 5436 2106 5488 Do-

454 5517 618 5582 mini,
669 5518 783 5571 nisi
819 5520 946 5587 ejus
991 5515 1307 5571 cousilium
1357 5517 1650 5574 debemus
1705 5519 1994 5591 accipere,
2046 5521 2106 5575 in

450 5621 575 5679 quo
603 5609 738 5662 ante
787 5606 1007 5662 secula
1048 5622 1158 5678 per
1203 5605 1787 5678 praedestinationem
1831 5609 2103 5681 concepti

2215 3021 2294 3075 sit
2323 3036 2384 3076 os
2414 3035 2628 3076 meum.
2657 3051 2726 3060 —
2755 3023 2818 3074 In
2862 3035 3000 3074 osse
3026 3019 3328 3088 fortitudo,
3360 3019 3422 3074 in
3459 3019 3742 3075 carnibus
3787 3035 3883 3076 ve—

2214 3125 2284 3164 ro
2335 3108 2651 3164 inﬁrmitas
2715 3109 2981 3180 corporis
3059 3109 3426 3178 designatur.
3485 3109 3636 3175 Quia
3705 3111 3885 3179 igitur

2215 3197 2478 3253 Christus
2515 3203 2570 3254 et
2598 3197 2858 3254 Ecclesia
2889 3213 3008 3254 una
3043 3214 3306 3271 persona
3335 3203 3444 3265 est,
3474 3197 3622 3271 quid
3661 3215 3772 3271 per
3813 3216 3883 3255 os

2217 3287 2330 3341 nisi
2354 3287 2481 3358 ipse
2518 3287 2802 3342 Dominus
2829 3285 3226 3355 designatur?
3275 3286 3424 3358 quid
3473 3302 3580 3360 per
3637 3303 3885 3344 carnem

2216 3375 2330 3431 nisi
2355 3375 2654 3448 discipuli,
2685 3375 2789 3447 qui
2825 3375 3121 3448 passionis
3172 3376 3312 3446 ejus
3341 3381 3610 3449 tempore
3638 3376 3883 3434 inﬁrma

2217 3469 2546 3538 sapuerunt
2576 3464 2602 3520 't
2638 3467 2748 3521 Per
2772 3464 2989 3538 pellem
3036 3481 3178 3521 vero
3221 3481 3356 3538 quae
3407 3465 3662 3523 exterior
3702 3483 3885 3522 carne

2216 3560 2420 3610 manet
2448 3556 2508 3608 in
2539 3569 2808 3626 corpore,
2835 3554 2983 3627 quid
3005 3555 3116 3610 nisi
3145 3555 3257 3609 illae
3285 3560 3506 3611 sancta:
3537 3556 3775 3612 feminae
3817 3556 3884 3612 ﬁ-

2216 3648 2527 3714 gurantur,
2559 3660 2692 3716 quas
2721 3646 2799 3700 ad
2828 3645 3231 3717 praeparanda
3277 3645 3552 3704 subsidia
3583 3647 3880 3720 corporis,

2215 3733 2608 3789 exterioribus
2639 3733 2892 3790 Domino
2923 3733 3264 3791 ministeriis
3307 3735 3694 3793 serviebant?
3732 3739 3884 3794 Nam

2215 3839 2354 3883 cum
2382 3823 2512 3894 ejus
2539 3821 2839 3896 discipuli,
2863 3824 3142 3896 quamvis
3162 3824 3424 3880 necdum
3441 3825 3603 3881 ﬁrmi
3621 3826 3887 3883 veritatis

2213 3911 2396 3968 ﬁdem
2453 3911 2694 3984 populis
2749 3913 3166 3984 praedicarent,
3217 3913 3340 3969 ossi
3368 3930 3481 3970 suo
3509 3915 3886 3972 inhaerebant

2213 4017 2442 4069 carnes,
2472 4006 2696 4057 etcum
2755 4007 2976 4058 sanctae
3031 4003 3312 4059 mulieres
3363 4019 3434 4060 ea
3490 4021 3628 4077 quae
3681 4019 3886 4062 neces-

2215 4089 2371 4146 saria
2423 4094 2590 4146 erant
2644 4096 3074 4164 praepararent,
3133 4093 3308 4165 quasi
3363 4091 3576 4165 puellis
3623 4091 3888 4148 exterius

2214 4180 2499 4236 manebat
2525 4180 2584 4236 in
2615 4197 2883 4254 corpore.
2913 4183 3092 4248 Quasi
3119 4198 3263 4250 ergo
3301 4187 3662 4254 consumpta
3702 4197 3884 4237 carne

2213 4284 2283 4324 os
2325 4269 2597 4324 'Domini
2666 4270 2806 4342 pelli
2868 4286 2992 4325 suae
3060 4271 3333 4337 adhaesit,
3395 4271 3541 4344 quia
3597 4271 3883 4328 fortitudo

2214 4358 2344 4428 ejus
2375 4358 2668 4428 passionis
2701 4363 2968 4431 tempore
2996 4359 3362 4428 fugientibus
3391 4359 3720 4432 discipulis,
3745 4359 3885 4430 jux-

2215 4451 2277 4504 ta
2302 4463 2364 4502 se
2400 4447 2676 4504 mulieres
2707 4448 2950 4504 invenit.
2987 4449 3299 4522 Sequitur:
3331 4451 3406 4504 Et
3425 4451 3714 4508 derelicta
3744 4455 3882 4507 tan-

2218 4537 2518 4593 tummodo
2567 4538 2732 4594 labia
2761 4539 2926 4596 circa
2955 4539 3156 4596 dentes
3195 4555 3369 4596 meos.
3403 4569 3471 4580 --
3524 4538 3677 4602 Quid
3719 4538 3884 4596 enim

2217 4626 2375 4682 circa
2403 4627 2612 4682 dentes
2645 4627 2808 4684 aliud
2835 4644 3024 4700 quam
3070 4628 3232 4684 labia
3280 4629 3614 4699 habemus,
3645 4627 3884 4685 etiamsi

2214 4715 2384 4772 nulla
2412 4715 2650 4786 ﬂagella
2679 4717 2980 4788 patiamur
3010 4716 3036 4770 ?
3067 4718 3179 4774 Sed
3209 4717 3356 4790 quid
3404 4734 3511 4791 per
3551 4717 3734 4786 labia,
3766 4717 3884 4774 nisi

2216 4803 2458 4872 locutio,
2489 4806 2636 4878 quid
2667 4821 2774 4878 per
2801 4806 3031 4879 dentes,
3064 4807 3176 4862 nisi
3211 4807 3403 4864 sancti
3431 4807 3686 4880 apostoli
3727 4807 3886 4863 desi-

2218 4892 2524 4962 gnantur?
2577 4893 2691 4951 Sed
2741 4894 2887 4966 quia
2939 4895 3236 4969 passionis
3281 4897 3412 4968 ejus
3469 4902 3759 4969 tempore,
3787 4896 3885 4952 isti

2215 4983 2425 5038 dentes
2482 4999 2606 5056 ριιεε
2685 4985 2896 5042 timore
2954 4985 3162 5042 mortis
3220 4986 3551 5042 amiserunt
3608 5001 3884 5042 morsum

2216 5073 2625 5144 correptionis,
2658 5075 2987 5132 amiserunt
3015 5075 3302 5131 ﬁduciam
3361 5077 3614 5141 roboris,
3667 5077 3890 5132 amise-

2214 5165 2355 5217 runt
2383 5162 2712 5220 efﬁcaciam
2743 5165 3106 5221 omnimodae
3138 5167 3527 5238 operationis,
3555 5167 3635 5222 ita
3665 5171 3732 5222 ut
3757 5166 3886 5223 duo

2217 5251 2596 5309 ambulantes
2615 5258 2752 5326 post
2772 5255 2901 5325 ejus
2917 5259 3173 5311 mortem
3195 5271 3268 5312 ac
3294 5256 3792 5314 resurrectionem
3819 5255 3886 5310 in

2214 5341 2314 5397 via
2333 5341 2798 5415 loquerentur,et
2818 5344 3112 5401 dicerent:
3132 5368 3160 5395 ‹‹
3177 5349 3291 5402 Nos
3313 5347 3715 5419 sperabamus
3736 5345 3891 5419 quia

2214 5430 2340 5503 ipse
2395 5438 2549 5487 esset
2589 5432 3008 5506 redempturus
3059 5435 3234 5491 lsrael
3282 5437 3447 5504 (Luc.
3497 5452 3656 5502 xxw,
3687 5437 3815 5504 2t);
3849 5458 3882 5484 ››

2213 5526 2367 5577 recte
2399 5538 2558 5577 nunc
2586 5523 2832 5578 dicitur:
2863 5525 2945 5580 Et
2974 5525 3264 5582 derelicta
3288 5533 3428 5582 sunt
3465 5525 3885 5583 tantummodo

2215 5611 2379 5668 labia
2404 5613 2566 5669 circa
2587 5614 2790 5670 dentes
2810 5631 2983 5672 meos.
3008 5647 3078 5658 --
3097 5615 3655 5675 Confabulabantur
3673 5614 3886 5673 adhuc
