4154 6160
205 170 295 222 ιδθ
814 161 818 166 '
993 167 1287 223 EPITOME
1326 143 1688 221 nomnen
1729 167 1781 220 s.
1827 163 2034 220 esse.
2080 167 2144 219 1N
2182 166 2325 221 JOB.
2368 195 2436 205 -
2478 167 2608 220 LIB.
2651 167 2783 222 xw.

3508 173 3614 227 270

204 289 268 346 de
295 304 382 357 eo,
413 286 521 342 sed
548 287 679 359 jam
703 287 763 344 in
791 288 890 345 illo
922 289 1165 346 minime
1195 289 1537 346 credebant.
1578 289 1835 345 Peractis
1877 293 1921 344 A
1953 288 2181 353 Judiea,
2213 289 2583 362 exprimitur,
2628 306 2765 362 quae
2796 293 3113 366 praecepta
3144 292 3245 349 Dci
3268 297 3325 349 et
3373 291 3500 350 sine
3525 293 3612 350 la»

198 380 387 450 itaque
416 376 510 432 his
564 392 699 449 quas
748 377 809 435 in
840 394 982 434 voce
1008 378 1218 451 capitis
1271 378 1438 446 dixit,
1492 379 1571 435 ad
1601 379 1847 451 propria

198 465 373 523 verba
393 464 554 521 beati
577 464 687 521 Job
717 466 1022 522 revertitur
1047 466 1253 522 dicens
1279 484 1290 520 :
1498 458 1501 463 ’

269 557 427 609 Vens.
462 557 551 609 2t.
584 554 944 610 Miseremini
966 556 1465 622 mei,miseremini
1485 558 1615 623 mei,
1634 555 1843 611 saltem

196 662 291 704 vos
318 648 491 704 amici
528 647 662 709 mei,
689 647 832 717 quia
862 663 1075 704 manus
1108 649 1350 705 Domini
1392 649 1580 718 tetigit
1613 661 1721 703 me.
1777 678 1844 685 —

194 737 307 792 Hoc
352 734 573 791 habere
632 734 779 790 solet
828 736 1163 808 proprium,
1186 752 1356 793 meus
1382 736 1651 809 priorum
1678 735 1846 808 quod

196 840 324 881 cum
351 824 572 895 injusta
636 823 715 879 ab
744 823 1106 881 adversariis
1163 826 1401 898 patitur,
1436 842 1559 881 non
1622 830 1740 880 tam
1767 823 1843 879 ad

194 914 335 970 iram
359 928 544 984 quam
572 913 652 969 ad
676 929 851 984 prces
883 920 1180 984 movetur,
1223 920 1286 971 ut
1324 931 1385 970 se
1416 913 1715 971 moderari
1745 929 1843 968 eo-

192 1019 315 1059 rum
343 1002 609 1076 pravitas
638 1002 915 1075 placitate
949 1004 1161 1061 valeat.
1172 1003 1306 1075 plus
1324 1003 1634 1075 deprecari
1657 1019 1844 1075 quam

194 1091 351 1147 irasci
394 1090 641 1161 eligunt.
705 1091 1046 1147 Notandum
1097 1108 1340 1165 quoque
1386 1091 1553 1164 quod
1595 1091 1679 1147 eis
1708 1108 1843 1164 quie

193 1185 404 1236 secreto
437 1180 603 1252 apud
638 1181 823 1235 Deum
877 1187 1042 1249 gesta
1091 1186 1253 1251 sunt,
1304 1180 1461 1237 beati
1514 1180 1618 1236 viri
1643 1181 1703 1235 in
1735 1196 1841 1252 pu—

189 1268 334 1325 blico
361 1268 549 1325 verba
570 1269 959 1324 concordant.
989 1272 1035 1322 A
1062 1272 1238 1325 Satan
1267 1270 1492 1342 quippe
1525 1286 1843 1341 percussus

190 1359 387 1425 fuerat,
427 1373 537 1414 nec
569 1363 769 1414 tamen
795 1360 1242 1429 percussionem
1276 1375 1451 1414 suam
1484 1362 1717 1416 Satanae
1740 1359 1839 1414 tri-

193 1448 330 1518 buit,
358 1448 468 1503 sed
514 1453 716 1504 tamen
747 1463 808 1502 se
866 1464 1055 1503 manu
1113 1449 1341 1504 Domini
1376 1449 1656 1521 appellat,
1690 1449 1844 1504 sicut

188 1537 305 1609 ipsc
331 1552 578 1608 quoque
611 1537 788 1593 Satan
810 1537 1076 1593 dixerat:
1110 1560 1135 1586 ‹‹
1170 1538 1320 1593 Mitte
1360 1554 1614 1593 manum
1652 1543 1836 1605 tuam,

188 1629 239 1681 et
266 1630 439 1695 tange
470 1642 536 1680 os
569 1629 625 1680 et
659 1641 902 1681 carnem
935 1626 1089 1693 (Job.
1122 1642 1179 1696 n,
1208 1627 1284 1695 5).
1318 1649 1343 1674 ››
1374 1627 1689 1698 Sequitur:

252 1716 414 1771 Vens.
445 1719 531 1771 22.
596 1715 792 1782 Quare
844 1717 1209 1787 perquimini
1264 1731 1357 1772 me
1381 1718 1533 1772 sicut
1571 1718 1742 1785 Deus,
1784 1721 1836 1771 et

188 1805 461 1860 carnibus
493 1807 609 1862 mei
635 1807 999 1862 saturamini
1016 1806 1044 1860 ?
1074 1838 1141 1845 ——
1202 1810 1329 1862 Non
1376 1805 1657 1861 abhorret
1685 1821 1722 1862 a
1750 1805 1837 1861 lo-

186 1892 416 1949 cutione
446 1894 705 1967 pietatis,
734 1896 901 1967 quod
929 1911 963 1951 a
996 1898 1113 1951 Deo
1144 1910 1206 1950 se
1237 1894 1508 1967 perhibet
1539 1894 1834 1967 persequi.

184 1982 280 2038 Est
304 1999 575 2055 namque
603 1989 950 2055 persecutor
979 1984 1197 2045 bonus,
1233 1985 1385 2038 sicut
1412 1983 1485 2038 de
1514 1983 1839 2055 semetipso

184 2086 288 2127 ore
319 2072 673 2143 prophetico
735 2071 1024 2126 Dominus
1048 2072 1226 2127 dicit:
1285 2073 1698 2127 Detrahentem
1743 2088 1839 2127 oc-

185 2160 341 2215 culte
374 2159 686 2225 adversus,
719 2160 1063 2232 proximum
1120 2172 1297 2215 suum
1329 2161 1490 2216 hunc
1520 2176 1842 2232 perseque-

185 2250 296 2306 bar
327 2252 513 2316 (Psal.
543 2267 593 2306 c.
630 2253 704 2322 5).
742 2273 768 2301 ››
797 2253 944 2307 Cum
997 2266 1137 2306 vero
1171 2256 1416 2306 sanctus
1445 2252 1703 2323 quisque
1733 2251 1841 2307 ﬂa-

186 2337 388 2407 gellari
415 2337 792 2410 permittitur,
825 2339 930 2395 scit
983 2339 1148 2411 quod
1198 2340 1673 2410 persecutionem
1705 2354 1841 2395 con-

186 2431 270 2482 tra
291 2427 621 2483 commissa
644 2428 789 2483 vitia
811 2444 881 2484 ex
913 2428 1144 2484 interna
1173 2427 1622 2500 dispensatione
1652 2428 1838 2499 patia-

190 2518 299 2569 tur.
333 2514 614 2571 Crudeles
671 2520 868 2570 autem
922 2521 1152 2571 mentes
1202 2521 1653 2587 persecutorum
1699 2531 1836 2572 cum

186 2607 533 2674 potestatem
588 2604 836 2660 feriendi
866 2610 1159 2677 appetunt
1188 2610 1394 2660 contra
1423 2605 1723 2661 bonorum
1754 2606 1836 2661 vi-

189 2696 324 2759 tam,
357 2708 481 2749 non
513 2693 711 2750 studio
763 2694 1158 2766 purgationis,
1189 2694 1293 2750 sed
1346 2694 1542 2750 livoris
1574 2694 1837 2750 fascibus

188 2782 612 2838 accenduntur.
669 2786 733 2837 Et
782 2784 1028 2855 quidem
1059 2783 1174 2839 hoc
1204 2783 1449 2852 faciunt,
1481 2783 1648 2856 quod
1688 2788 1837 2839 Deus

181 2871 562 2943 omnipotens
620 2870 744 2927 ﬁeri
805 2872 1120 2944 permittit;
1156 2872 1261 2927 sed
1291 2873 1434 2928 dum
1480 2889 1601 2929 una
1653 2889 1840 2928 causa

176 2975 303 3013 cum
338 2962 470 3015 Deo
502 2960 681 3015 etiam
732 2976 837 3031 per
866 2977 967 3015 eos
998 2960 1213 3029 agitur,
1247 2978 1365 3016 non
1400 2966 1600 3017 tamen
1626 2962 1837 3016 volun-
1867 2990 1907 3043 ο

178 3052 261 3103 tas
287 3064 411 3104 una
449 3047 515 3103 in
549 3048 763 3104 eadem
805 3065 987 3104 causa
1020 3054 1311 3117 servatur,
1342 3049 1483 3121 quia
1527 3066 1665 3105 cum
1699 3052 1837 3106 Om-

182 3135 451 3209 nipotens
480 3137 748 3193 amando
776 3137 1194 3209 purgationem
1216 3137 1839 3208 exhibet,injustorum

182 3225 438 3296 pravitas
470 3225 770 3281 saeviendo
816 3225 1105 3282 malitiam
1154 3231 1428 3290 exercet;
1460 3227 1625 3298 quod
1676 3226 1840 3282 intel-

182 3311 278 3385 ligi
306 3320 362 3371 et
406 3314 582 3373 aliter
614 3319 826 3386 potest,
860 3319 1026 3371 tanto
1056 3315 1213 3372 enim
1249 3324 1403 3371 Deus
1434 3315 1837 3388 omnipotens,

178 3403 364 3473 justus
397 3403 663 3476 [justius]
715 3403 910 3459 aliena
944 3404 1080 3458 vitia
1106 3404 1358 3476 percutit
1405 3409 1632 3477 quanto
1662 3404 1721 3459 in
1755 3420 1839 3459 se-

183 3493 429 3566 metipso
487 3492 634 3548 nihil
663 3492 845 3549 habet
898 3493 1194 3548 vitiorum.
1244 3493 1527 3549 Homines
1556 3510 1691 3549 cum
1734 3508 1840 3566 per

180 3579 556 3655 disciplinam
585 3580 732 3638 alios
760 3580 993 3649 feriunt,
1024 3581 1107 3637 sic
1138 3582 1395 3638 alienam
1427 3581 1836 3639 inﬁrmitatem

182 3668 396 3728 debent
423 3674 753 3745 percutere,
786 3674 849 3727 ut
873 3671 1051 3728 etiam
1090 3672 1169 3728 ad
1200 3688 1377 3728 suam
1417 3672 1623 3729 oculos
1654 3687 1837 3729 nove-

182 3757 290 3816 rint
306 3774 616 3817 revocare.
646 3763 727 3815 Ac
758 3759 807 3815 si
852 3765 1053 3833 aperte
1103 3760 1399 3817 diceretur
1424 3777 1436 3815 :
1468 3764 1549 3817 tta
1579 3776 1651 3817 ex
1674 3761 1837 3816 inﬁr-

181 3846 486 3905 mitatibus
536 3848 686 3904 meis
725 3847 1003 3917 aﬂligitis,
1037 3865 1107 3903 ac
1134 3849 1182 3903 si
1234 3864 1403 3905 more
1441 3849 1540 3904 Dei
1567 3849 1643 3904 de
1671 3849 1838 3905 inﬁr-

179 3937 379 3994 mitate
410 3936 560 3993 nihil
586 3936 877 3993 habeatis.
908 3938 1072 3993 Unde
1103 3942 1159 3993 et
1190 3938 1505 3994 subditur:
1536 3939 1611 3993 Et
1643 3941 1842 3994 carni-

180 4026 280 4083 bus
310 4029 463 4083 meis
491 4026 857 4082 saturamini
875 4026 903 4080 ?
932 4028 1200 4091 Quorum
1228 4043 1398 4082 mens
1429 4027 1845 4099 proximorum

174 4131 395 4189 poenas
422 4113 626 4181 esurit,
661 4114 917 4169 saturari
972 4114 1181 4187 procul
1208 4114 1394 4170 dubio
1420 4114 1628 4171 alienis
1660 4115 1849 4170 carni-

176 4205 288 4261 bus
328 4202 568 4277 quterit.
620 4201 940 4258 Sciendum
968 4218 1235 4275 quoque,
1267 4201 1413 4275 quia
1449 4201 1511 4258 hi
1539 4202 1717 4258 etiam
1744 4202 1848 4275 qui

178 4293 385 4352 alienae
416 4292 550 4350 vitae
580 4292 944 4350 detractione
970 4296 1323 4366 pascuntur,
1373 4292 1604 4350 alieniis
1635 4293 1846 4365 procul

179 4381 361 4441 dubio
390 4382 679 4439 carnibus
710 4382 1022 4439 satiantur.
1078 4382 1243 4439 Unde
1298 4398 1408 4455 per
1455 4382 1837 4441 Salomonem

178 4469 385 4529 dicitur
411 4489 425 4527 :
462 4493 491 4521 ‹‹
523 4470 649 4528 Noli
676 4486 809 4527 esse
836 4472 898 4527 in
929 4471 1217 4528 conviviis
1250 4475 1616 4544 potatorum,
1649 4487 1844 4544 neque

182 4561 463 4618 comedas
495 4576 632 4617 cum
664 4561 749 4615 eis
781 4560 886 4633 qui
917 4575 1128 4615 carnes
1186 4560 1265 4615 ad
1299 4559 1670 4616 vescendum
1699 4576 1843 4616 con-

182 4648 371 4707 ferunt
399 4652 609 4720 (Prov.
645 4666 807 4717 χχιιι,
838 4654 952 4718 20).
990 4674 1018 4698 υ
1054 4650 1370 4723 Sequitur:

246 4741 414 4797 Vens.
443 4744 539 4807 23,
570 4743 660 4796 24.
715 4741 856 4806 Quis
886 4740 1036 4796 mihi
1061 4740 1181 4805 det,
1213 4746 1277 4795 ut
1323 4747 1655 4797 emerentur
1682 4742 1745 4796 in
1778 4742 1846 4796 li-

186 4826 282 4884 bro
304 4831 447 4886 stilo
477 4830 699 4899 fer-reo,
734 4835 840 4885 aut
860 4830 1101 4900 plumbi
1123 4831 1352 4886 lamina
1381 4832 1474 4887 vel
1506 4836 1663 4886 certe
1688 4831 1842 4885 scul-

182 4924 405 4984 pantur
451 4921 521 4975 in
571 4920 739 4975 silice
767 4924 987 4975 cuncta
1042 4934 1181 4991 quae
1202 4919 1467 4991 pertuli?
1513 4918 1663 4984 Quia
1711 4917 1847 4974 forti

182 5006 420 5065 Patrum
445 5008 831 5065 sententia....
868 5009 1067 5079 gravis
1096 5008 1191 5064 ille
1221 5008 1562 5065 Judseorum
1583 5008 1848 5082 populus

186 5098 446 5169 agnovit,
510 5099 649 5153 stilo
701 5097 900 5167 ferreo
953 5104 1009 5154 et
1050 5098 1290 5167 plumbi
1343 5100 1572 5155 lamina
1624 5098 1848 5170 scripta

188 5188 354 5255 sunt;
383 5188 534 5261 quia
562 5204 701 5244 vero
745 5189 872 5245 haec
896 5188 1079 5246 etiam
1132 5189 1287 5245 dura
1327 5188 1634 5259 gentilium
1663 5188 1849 5245 corda

186 5281 501 5342 noverunt,
533 5276 681 5349 quid
711 5292 782 5333 ea
812 5277 922 5333 nisi
956 5277 1189 5350 scuplta
1249 5277 1309 5333 in
1341 5277 1503 5333 silice
1532 5277 1849 5332 videmus?

188 5364 250 5418 Et
271 5365 634 5434 notandum,
663 5365 806 5439 quia
835 5366 896 5421 in
924 5365 1182 5437 plumbo
1211 5366 1380 5438 quod
1410 5364 1689 5422 scribitur
1717 5365 1850 5437 ipsa

190 5454 407 5510 metalli
436 5454 660 5512 molitie
711 5454 884 5509 citius
929 5452 1182 5509 doletur.
1246 5458 1309 5509 In
1340 5455 1503 5510 silice
1552 5470 1693 5510 vero
1737 5458 1850 5509 tar-

193 5539 319 5597 dius
348 5543 598 5616 quidem
630 5544 830 5600 valent
860 5542 1067 5598 littera:
1109 5542 1382 5615 exprimi,
1415 5544 1518 5600 sed
1548 5541 1847 5599 difﬁcilius

195 5624 389 5689 deleri.
428 5636 556 5690 Non
607 5650 750 5706 ergo
780 5629 1081 5688 immerito
1133 5646 1240 5703 per
1293 5632 1527 5704 plumbi
1554 5632 1848 5690 laminam

1954 376 2101 433 bore
2146 377 2430 450 percepit,
2482 382 2536 434 et
2585 392 2724 433 cum
2766 379 3062 437 ceteritate
3115 380 3390 454 perdidit.
3442 384 3647 439 Recte-

1953 465 2250 535 gentilitas
2275 481 2380 538 per
2409 464 2670 522 scilicem
2706 465 3023 537 ﬁguratur,
3073 485 3210 541 quae
3235 470 3423 526 verba
3462 470 3614 527 sacri

1952 554 2172 627 eloquii
2196 555 2295 611 vix
2314 553 2715 611 custodienda
2767 555 3069 629 suscipere
3125 558 3337 629 potuit,
3393 558 3500 616 sed
3531 564 3613 616 ta-

1952 657 2094 698 men
2116 642 2340 699 fortiter
2371 646 2650 715 suscepta
2696 648 2910 700 servat.
2944 647 3051 700 Per
3080 645 3282 702 stilum
3325 663 3468 704 vero
3498 647 3615 704 fer-

1950 747 2143 799 reum,
2175 730 2325 804 quid
2350 730 2515 787 aliud
2554 747 2742 804 quam
2770 731 2938 789 fortis
2983 733 3084 789 Dei
3133 735 3425 792 sententia
3457 736 3614 793 desi-

1951 819 2213 889 gnatur?
2244 819 2408 876 Unde
2434 823 2489 874 ct
2526 835 2633 892 per
2661 820 3019 893 prophetam
3046 821 3260 877 dicitur
3287 839 3299 877 :
3336 844 3363 873 α
3396 825 3614 880 Pecca-

1954 911 2079 962 tum
2107 906 2274 962 Judas
2304 906 2594 979 scriptum
2639 912 2727 964 est
2753 907 2884 964 stilo
2916 908 3105 966 ferreo
3130 910 3192 965 in
3243 925 3448 981 ungue
3474 911 3617 967 ada-

1951 994 2223 1051 mantino
2245 995 2390 1066 (Jer.
2426 1012 2561 1062 xvu,
2598 996 2667 1068 t).
2704 1020 2732 1045 »
2765 999 2935 1052 Recte
2962 1014 3207 1070 quoque
3235 1013 3342 1070 per
3373 997 3613 1071 plumbi

1949 1083 2242 1143 laminam
2272 1100 2375 1141 eos
2405 1085 2736 1157 accipimus
2757 1102 2909 1158 quos
2939 1087 3195 1143 avaritiae
3222 1087 3462 1159 pondus
3482 1104 3615 1160 gra-

1949 1178 2072 1245 vat,
2103 1174 2326 1246 quibus
2347 1191 2455 1247 per
2505 1175 2920 1248 increpantem
2972 1177 3327 1249 Prophetam
3352 1177 3567 1235 dicitur
3595 1194 3607 1231 :

1951 1286 1979 1312 «
2013 1263 2139 1318 Filii
2164 1264 2502 1330 hominum,
2531 1281 2849 1337 usquequo
2871 1280 3084 1336 graves
3113 1265 3290 1322 corde
3308 1267 3335 1321 ?
3366 1288 3393 1315 ‹‹
3422 1267 3609 1335 (Psal,

1949 1368 2027 1417 ιν,
2053 1352 2128 1423 3).
2154 1353 2259 1406 Per
2289 1350 2611 1423 plumbum
2642 1367 2928 1425 namque,
2971 1353 3145 1425 cujus
3170 1357 3383 1409 natura
3414 1353 3613 1424 gravis

1949 1444 2037 1496 est
2064 1440 2371 1512 ponderis,
2420 1446 2737 1513 peccatum
2786 1441 3050 1498 avaritias
3080 1442 3412 1511 specialiter
3463 1443 3615 1499 desi-

1948 1534 2185 1598 gnatiu',
2218 1528 2383 1601 quod
2413 1534 2678 1585 mentem
2724 1547 2911 1603 quam
2956 1531 3225 1587 infecerit
3252 1532 3332 1587 ita
3366 1547 3611 1602 gravem
3648 1578 3653 1585 .

1868 1644 1909 1699 Β
1946 1617 2159 1686 reddit,
2196 1624 2257 1674 ut
2312 1618 2391 1674 ad
2442 1619 2785 1691 appetenda
2834 1619 3119 1676 sublimia
3148 1620 3335 1676 attolli
3378 1637 3610 1694 nequa-

1945 1722 2133 1779 quam
2155 1707 2362 1779 possit.
2391 1707 2537 1763 Hinc
2563 1708 2726 1764 enim
2757 1707 2923 1781 apud
2943 1708 3293 1765 Zachariam
3325 1709 3613 1782 scriptum

1947 1800 2070 1852 est:
2106 1819 2132 1845 (ι
2166 1799 2319 1854 Leva
2347 1797 2555 1854 oculos
2589 1802 2812 1866 tuos,et
2838 1797 2995 1869 vide,
3013 1798 3160 1871 quid
3192 1802 3281 1854 est
3302 1798 3416 1855 hoc
3445 1798 3613 1870 quod

1947 1885 2284 1954 egreditur:
2320 1890 2376 1942 et
2400 1886 2543 1942 dixi.
2604 1886 2905 1953 Quidnam
2935 1892 3024 1943 est
3048 1888 3061 1942 t
3089 1892 3147 1944 et
3175 1888 3293 1943 ait:
3329 1888 3464 1944 Haec
3514 1891 3604 1943 est

1948 1974 2249 2046 amphora
2279 1974 2610 2044 egrediens.
2650 1978 2713 2032 Et
2757 1975 2941 2032 dixit:
2977 1979 3110 2033 Haec
3141 1980 3229 2033 est
3273 1977 3484 2033 oculus
3514 1992 3611 2034 eo-

1950 2078 2085 2117 rum
2112 2062 2174 2118 in
2228 2068 2379 2118 terra
2405 2063 2704 2132 universa,
2760 2069 2818 2121 et
2842 2080 2979 2121 ecce
3037 2065 3327 2122 talentum
3372 2064 3611 2138 plumbi

1951 2150 2303 2222 portabatur
2334 2152 2616 2222 (Zaeh.v,
2636 2158 2689 2222 5,
2721 2157 2798 2222 7).
2843 2176 2872 2204 ››
2905 2155 3048 2219 Quae
3075 2159 3277 2210 tamen
3301 2154 3481 2211 beato
3496 2154 3606 2211 Job

1950 2238 2133 2295 verba
2161 2244 2383 2295 sanctae
2410 2239 2681 2296 Ecclesiae
2701 2257 2945 2313 quoque
2968 2246 3469 2315 congruunt,qute
3488 2242 3612 2301 duo

1951 2329 2103 2386 sacri
2129 2328 2352 2402 eloquii
2380 2333 2756 2387 Testamenta
2805 2332 3167 2399 custodiens,
3197 2332 3377 2405 quasi
3407 2348 3615 2387 secun-

1947 2418 2095 2474 dum
2127 2435 2437 2476 sermones
2471 2436 2615 2477 suos
2645 2420 2903 2476 scribere
2948 2420 3111 2494 petit.
3143 2423 3285 2487 Qure
3307 2420 3450 2493 quia
3479 2421 3613 2477 forti

1947 2508 2240 2565 sententia
2256 2509 2439 2565 modo
2457 2525 2563 2582 per
2579 2509 2823 2582 pondus
2840 2510 3102 2567 avaritiae
3115 2510 3404 2581 gravibus
3426 2510 3612 2566 modo

1947 2603 2150 2653 autem
2202 2596 2369 2653 duris
2414 2598 2698 2655 cordibus
2750 2598 3036 2671 loquitur,
3099 2600 3233 2657 stilo
3297 2600 3487 2657 ferreo
3545 2600 3610 2657 in

1945 2686 2181 2758 plumbi
2198 2686 2448 2757 lamina,
2482 2688 2573 2744 vel
2594 2691 2749 2744 certe
2769 2688 2832 2744 in
2863 2688 3023 2746 silice
3045 2688 3268 2746 scribit.
3294 2690 3602 2764 Sequitur:

2018 2778 2189 2830 Vens.
2344 2777 2480 2832 Scio
2536 2778 2693 2832 enim
2719 2778 2879 2849 quod
2934 2779 3299 2848 Redemptur
3332 2796 3495 2837 meus
3526 2780 3610 2835 vi-

1948 2865 2053 2920 vit.
2086 2894 2159 2904 —-
2188 2864 2298 2928 Qui
2349 2865 2511 2920 enim
2540 2881 2662 2921 non
2694 2866 2776 2921 ait
2833 2867 3134 2937 Conditor,
3195 2869 3302 2924 sed
3358 2868 3610 2925 Redem-

1948 2956 2101 3024 ptor,
2136 2957 2339 3025 aperte
2368 2970 2507 3009 eum
2557 2953 2889 3024 denuntiat,
2940 2956 3042 3027 qui
3075 2960 3141 3011 ut
3182 2972 3294 3012 nos
3323 2956 3399 3014 de
3429 2956 3613 3029 capti-

1948 3041 2123 3097 vitate
2178 3041 2516 3110 redimeret,
2560 3042 2712 3097 inter
2741 3058 2853 3098 nos
2902 3044 3249 3100 incarnatus
3306 3045 3607 3117 apparuit,

1950 3145 2179 3201 suaque
2207 3130 2486 3202 passione
2518 3146 2628 3185 nos
2659 3147 2695 3187 a
2747 3135 3037 3203 perpetua
3067 3137 3257 3187 morte
3314 3132 3607 3190 liberavit.

1952 3220 2016 3273 Et
2045 3219 2383 3274 notandum
2412 3222 2640 3292 quanta
2694 3219 2813 3275 ﬁde
2844 3236 2905 3275 se
2938 3219 2999 3275 in
3056 3220 3268 3277 virtute
3310 3221 3441 3292 ejus
3471 3221 3613 3277 divi-

1947 3306 2145 3363 nitatis
2200 3307 2472 3379 astringit
2526 3308 2600 3364 de
2653 3325 2776 3381 quo
2826 3313 2881 3364 et
2933 3325 3039 3381 per
3068 3309 3318 3365 Paulum
3359 3309 3608 3368 dicitur:

1950 3419 1979 3444 «
2015 3397 2163 3462 Quia
2188 3403 2244 3453 et
2274 3397 2592 3454 cruciﬁxus
2618 3403 2706 3455 est
2733 3415 2804 3454 ex
2836 3398 3199 3465 inﬁrmitate,
3232 3400 3337 3456 sed
3369 3400 3512 3457 vivit
3539 3418 3612 3458 ex

1947 3488 2161 3542 Virtute
2188 3486 2287 3542 Dei
2316 3488 2405 3559 (II
2428 3488 2752 3559 Cor.xm,4.
2792 3511 2818 3539 »
2844 3489 2938 3545 Ait
2960 3505 3261 3562 namque:
3293 3491 3428 3546 Scio
3456 3492 3612 3548 enim

1948 3577 2107 3647 quod
2130 3578 2486 3647 Redemptor
2514 3594 2675 3634 meus
2699 3580 2862 3635 vivit.
2896 3584 2974 3635 Ac
3023 3578 3070 3634 si
3102 3580 3323 3653 apertis
3356 3580 3606 3637 vocibus

1947 3665 2143 3722 dicat:
2173 3666 2435 3723 lnﬁdelis
2485 3668 2744 3742 quisque
2797 3667 2969 3725 illum
3025 3668 3417 3739 ﬂagellatum,
3461 3670 3613 3727 deri-

1948 3772 2105 3824 sum,
2134 3755 2351 3828 palmis
2377 3772 2623 3828 cassum,
2682 3772 2908 3815 corona
2966 3757 3175 3830 spinea
3222 3765 3603 3833 coronatum,

1950 3842 2138 3914 sputis
2180 3842 2412 3910 illitum;
2456 3844 2832 3912 cruciﬁxum,
2863 3850 3170 3901 mortuum
3212 3847 3459 3916 noverit,
3497 3864 3612 3919 ego

1950 3931 2120 3986 illum
2149 3936 2285 4003 post
2338 3936 2593 3987 mortem
2624 3936 2823 3987 vivere
2879 3937 3039 3988 certa
3074 3932 3191 3989 ﬁde
3250 3935 3449 3992 credo.
3498 3936 3614 3993 Sed

1953 4019 2103 4091 quid
2190 4019 2402 4074 beatus
2479 4020 2588 4075 Job
2678 4035 2786 4091 per
2884 4021 3385 4077 resurrectionem
3457 4023 3613 4078 illius

1956 4106 2137 4162 etiam
2209 4106 2284 4161 de
2329 4110 2447 4161 tuae
2532 4106 2730 4162 carnis
2807 4107 3240 4163 resurrectione
3339 4109 3613 4165 conﬁdis.

1955 4198 2162 4267 aperta
2208 4209 2559 4266 quaisumus
2615 4210 2761 4251 voce
2816 4194 3115 4268 proﬁtere.
3173 4196 3479 4269 Sequitur:
3532 4199 3613 4255 Et

1955 4286 2271 4341 novissimo
2297 4285 2393 4341 die
2418 4290 2582 4342 terra
2603 4292 2985 4344 surrecturus
3035 4302 3185 4343 sum.
3245 4320 3315 4327 —
3359 4288 3509 4353 Quia
3534 4288 3614 4346 vi-

1955 4373 2166 4431 delicet
2220 4364 2716 4431 resurrectionem
2776 4392 2965 4449 quam
3019 4375 3081 4432 in
3125 4394 3187 4433 se
3233 4378 3509 4446 ostendit,
3550 4378 3612 4436 in

1954 4462 2131 4519 nobis
2157 4462 2337 4520 etiam
2368 4464 2738 4538 quandoque
2763 4465 3031 4522 facturus
3072 4471 3182 4522 est.
3217 4467 3611 4525 Resurrectio-

1952 4569 2093 4609 nem
2149 4553 2373 4627 quippe
2424 4570 2612 4627 quam
2664 4554 2725 4610 in
2757 4572 2818 4610 se
2846 4556 3125 4625 ostendit,
3174 4557 3350 4612 nobis
3385 4558 3609 4629 promi-

1955 4643 2044 4705 sit,
2074 4644 2217 4716 quia
2248 4644 2338 4699 sui
2382 4644 2594 4716 capitis
2640 4645 2890 4722 gloriam
2927 4650 3282 4722 sequuntur
3312 4647 3607 4701 membra.

1956 4732 2070 4788 Sed
2094 4748 2233 4788 ecce
2290 4732 2788 4789 resurrectionem
2828 4720 3051 4802 audio,
3084 4733 3361 4789 effectum
3412 4738 3611 4789 tamen

1953 4821 2226 4892 ejusdem
2276 4820 2726 4877 resurrectionis
2780 4820 3051 4892 exquiro.
3106 4821 3296 4877 Credo
3347 4837 3613 4896 namque

1953 4910 2099 4982 quia
2146 4914 2584 4965 resurrecturus
2614 4909 2751 4976 sim,
2806 4909 2913 4964 sed
2972 4910 3106 4965 volo
3159 4911 3365 4967 audire
3395 4913 3609 4984 qualis.

1954 4998 2232 5070 Sequitur
2255 5015 2268 5052 :

2028 5104 2195 5157 Vens.
2226 5105 2313 5156 26.
2352 5101 2428 5157 Et
2458 5117 2556 5156 rm
2570 5118 2699 5157 sum
2733 5102 3153 5160 eireumdabor
3180 5106 3338 5174 pelle
3365 5121 3515 5163 mea.
3551 5135 3612 5146 ~—

1958 5193 2109 5245 Dum
2139 5194 2342 5263 aperte
2372 5190 2541 5262 pellis
2555 5190 2791 5259 dicitur,
2809 5191 3005 5248 omnis
3035 5193 3328 5250 dubitatio
3351 5210 3503 5248 verse
3529 5207 3615 5246 re-

1958 5278 2337 5335 surrectionis
2359 5278 2795 5352 aufertur,quia
2814 5297 2957 5348 nou,
2982 5281 3131 5337 sicut
3155 5280 3410 5336 Euticius
3429 5279 3614 5332 Cons-

1958 5365 2466 5440 tantinopolitanae
2482 5367 2645 5422 urbis
2668 5368 2988 5440 episcopus
3014 5367 3494 5437 scripsit,corpus
3513 5379 3618 5422 no-

1959 5462 2146 5511 strum
2168 5457 2229 5511 in
2254 5455 2355 5511 illa
2376 5458 2823 5513 resurrectionis
2854 5457 3040 5527 gloria
3066 5455 3172 5508 erit
3202 5451 3613 5526 impalpabile,

1958 5546 2151 5600 ventis
2178 5560 2436 5617 aereque
2459 5546 2753 5602 subtilius.
2771 5545 2831 5598 In
2854 5542 2953 5596 illa
2983 5540 3142 5594 enim
3168 5542 3616 5599 resurrectionis

1960 5633 2148 5703 gloria
2176 5634 2285 5690 erit
2317 5650 2538 5707 corpus
2565 5636 2839 5690 nostrum
2887 5626 3101 5684 subtile
3131 5629 3378 5702 quidem
3403 5647 3510 5704 per
3540 5631 3621 5686 ef-
