4128 6158
548 114 646 166 271

1608 113 1665 166 S.
1707 112 1965 168 ODONIS
2004 110 2304 170 ABBATIS
2342 112 2840 178 CLUNIACENSIS
2879 118 2925 174 Il

3874 111 3992 170 272

548 233 770 290 fectum
793 231 1070 304 spiritalis
1092 232 1390 305 potentiae,
1415 233 1521 290 sed
1545 234 1848 308 palpabile
1870 250 1975 307 per
1995 235 2205 291 verita-
2232 237 2280 290 A
2310 241 2446 298 sinu
2471 261 2615 302 meo,
2675 276 2744 284 —
2798 240 2949 298 Nihil
2977 255 3090 295 nos
3122 211 3338 294 certius
3385 235 3610 292 habere
3640 233 3986 304 credimus,

549 326 669 378 tem
696 325 942 376 naturae.
980 321 1144 378 Unde
1169 321 1348 378 etiam
1383 323 1742 397 Redemptor
1767 328 1982 389 noster,
2025 323 2203 378 dubi-

547 409 812 466 tantibus
844 408 920 464 de
951 424 1062 465 sua
1103 411 1532 468 resurrectione
1581 410 1911 484 discipulis,
1945 410 2204 468 ostendit

545 512 766 554 manus
797 501 853 553 et
880 496 1059 566 latus,
1079 496 1508 572 palpandaque
1531 515 1672 555 ossa
1695 497 1950 572 praebuit
1973 498 2199 554 dicens:

547 609 576 636 ‹‹
607 586 848 659 Palpate
877 590 935 642 et
962 587 1178 657 videte,
1226 587 1372 660 quia
1398 587 1640 661 spiritus
1679 604 1922 644 carnem
1951 592 2009 644 et
2064 603 2204 645 ossa

547 691 671 733 non
719 675 920 746 habet,
972 676 1124 733 sicut
1159 692 1256 731 me
1295 676 1509 734 videtis
1557 677 1781 734 habere
1819 677 1985 747 (Luc.
2036 693 2201 746 xxxv,

547 767 656 838 39).
692 790 721 816 »
755 767 1061 838 Sequitur:
1098 767 1178 822 Et
1208 767 1270 822 in
1303 782 1486 824 carne
1512 781 1641 824 mea
1669 765 1871 823 videbo
1899 767 2108 824 Deum.
2134 799 2202 808 -—

547 857 694 910 Ecce
741 856 1254 924 resurrectionem,
1301 873 1438 912 ecce
1483 855 1722 929 pellem,
1776 871 1908 912 ecce
1958 872 2204 914 carnem

547 941 767 1012 apertis
791 943 1042 999 vocibus
1071 943 1302 999 fatetur.
1353 943 1509 1010 Quid
1534 959 1677 1014 ergo
1723 948 2009 1013 remanet,
2044 945 2203 1002 unde

548 1029 734 1100 possit
786 1047 957 1086 mens
1005 1036 1209 1088 nostra
1255 1031 1580 1088 dubitare?
1643 1032 1700 1089 Si
1746 1031 1948 1104 itaque
1977 1031 2086 1088 iste
2118 1029 2204 1086 vir

547 1123 789 1175 sanctus
835 1121 1112 1177 effectum
1163 1121 1612 1178 resurrectionis
1659 1120 1978 1177 Dominicae
2030 1120 2202 1176 redu-

548 1207 801 1263 cendam
835 1225 1076 1265 carnem
1093 1209 1154 1266 in
1183 1209 1414 1280 integro
1447 1214 1602 1266 statu
1634 1210 1906 1282 credidit,
1924 1210 2064 1284 quis
2097 1208 2206 1265 erit

547 1301 743 1352 reatus
774 1302 992 1354 nostrae
1036 1297 1448 1368 dubitationis,
1488 1300 1538 1355 si
1588 1317 1731 1356 vera
1780 1299 1977 1356 carnis
2007 1315 2203 1355 resur-

545 1385 746 1454 rectio,
779 1401 888 1442 nec
918 1391 1054 1459 post
1084 1387 1430 1460 exemplum
1463 1388 1722 1445 creditur
1752 1388 2204 1462 Redemptoris?

545 1474 821 1546 Sequitur
845 1491 857 1528 :

2312 349 2497 406 quam
2523 335 2638 390 hoc
2654 331 2822 407 quod
2836 331 2897 386 in
2915 329 3050 384 sinu
3070 327 3447 384 tenemus.ln
3464 325 3600 381 sinu
3630 339 3777 393 ergo
3805 339 3992 380 suam

2315 435 2483 493 spem
2514 421 2838 496 repositam
2873 417 3055 475 tenuit
3079 415 3184 488 qui
3212 430 3354 470 vera
3383 411 3741 470 certitudine
3765 411 3844 469 de
3878 427 3989 486 spe

2312 510 2756 567 resurrectionis
2786 505 3188 582 praesumpsit.
3225 503 3504 577 Sequitur
3529 520 3542 558 ε

2384 603 2548 657 Vens.
2580 605 2669 657 28.
2704 599 2902 668 Quare
2924 612 3064 668 ergo
3093 611 3213 652 non
3245 595 3492 651 dicitis:
3529 594 3990 664 Persequamur

2313 704 2464 757 eum,
2494 698 2546 746 et
2577 689 2840 746 radicem
2869 686 3035 744 verbi
3057 685 3436 742 inveniamus
3467 689 3685 740 contra
3706 697 3844 738 eum
3861 683 3890 739 ?
3916 713 3987 721 —

2311 779 2494 835 Priori
2539 779 2762 853 quippe
2807 775 3097 834 sententia
3154 773 3502 848 iniquorum
3563 772 3722 829 facta
3783 786 3992 844 repre-

2311 867 2536 939 hendit,
2583 867 2853 942 sequenti
2900 870 3102 923 autem
3149 880 3223 920 ex
3273 862 3483 920 divino
3508 861 3736 935 judicio
3763 875 3989 935 poenas

2311 957 2584 1014 innotuit.
2617 957 2708 1014 Ait
2735 957 2934 1013 enim:
2965 956 3163 1024 Quare
3191 969 3333 1024 ergo
3360 967 3524 1008 nunc
3547 951 3781 1008 dicitis:
3835 951 3989 1006 Per-

2311 1061 2632 1118 sequamur
2660 1061 2792 1103 eum
2818 1051 2874 1102 et
2905 1043 3186 1118 radicem
3217 1041 3386 1118 verbi
3427 1041 3804 1118 inveniamus
3832 1054 3986 1095 con-

2315 1111 2413 1174 tra
2441 1133 2570 1174 eum
2593 1119 2620 1172 ?
2656 1115 2919 1172 Perversi
2956 1113 3207 1187 quilibet
3236 1112 3400 1170 malo
3429 1111 3628 1168 studio
3659 1111 3814 1167 bene
3845 1125 3993 1183 pro-

2312 1206 2434 1263 lata
2460 1207 2733 1274 audiunt,
2764 1210 2822 1262 et
2847 1205 2910 1261 in
2938 1203 3147 1274 lingua
3171 1202 3320 1275 justi
3372 1200 3774 1258 accusationis
3807 1197 3987 1254 audi-

2315 1301 2442 1353 tum
2471 1297 2738 1354 invenire
2763 1299 3072 1368 appetunt,
3129 1291 3277 1365 quid
3331 1291 3493 1348 aliud
3525 1307 3716 1364 quam
3763 1293 3987 1346 contra

2313 1401 2453 1442 eum
2483 1385 2650 1442 verbi
2679 1384 2943 1442 radicem
2992 1385 3290 1456 quaerunt,
3322 1397 3394 1438 ex
3437 1396 3561 1453 qua
3598 1377 3874 1435 videlicet
3899 1377 3987 1433 lo-

2310 1476 2536 1549 quendi
2565 1474 2858 1544 originem
2887 1476 3150 1542 sumant,
3173 1475 3229 1528 et
3247 1487 3450 1528 ramos
3478 1485 3678 1543 pravae
3704 1467 3983 1541 loquaci-

619 1565 788 1618 Veas.
820 1567 908 1618 27.
946 1563 1127 1630 Quem
1179 1567 1419 1622 visurus
1449 1582 1580 1622 sum
1619 1583 1724 1637 ego
1778 1567 1919 1636 ipse,
1949 1572 2004 1622 et
2043 1568 2206 1622 oculi
2236 1589 2275 1643 Β
2315 1565 2447 1621 tatis
2476 1563 2537 1619 in
2569 1562 3014 1620 accusationem
3043 1560 3310 1618 dilatent.
3333 1558 3646 1632 Sequitur:

548 1655 668 1708 mei
691 1655 1074 1722 conspecturi
1091 1659 1252 1721 sunt,
1285 1664 1337 1710 et
1382 1671 1500 1710 non
1523 1657 1698 1712 alius.
1727 1686 1802 1695 -—
1833 1655 1886 1712 Si
1918 1655 2100 1724 enim,
2131 1655 2204 1711 si-

545 1745 645 1796 cut
667 1741 915 1813 quidam
957 1756 1226 1798 errorum
1283 1760 1574 1816 sequaces
1634 1743 2015 1813 arbitrantur,
2054 1743 2201 1816 quia

543 1835 681 1903 post
708 1829 1200 1887 resurrectionem
1229 1849 1448 1905 corpus
1477 1833 1782 1906 palpabile
1802 1849 1925 1888 non
1943 1833 2067 1900 erit,
2092 1833 2199 1889 sed

541 1919 847 1976 invisibilis
877 1920 1141 1992 corporis
1164 1921 1456 1978 subtilitas
1481 1938 1620 1978 caro
1643 1921 1970 1988 vocabitur,
1989 1937 2201 1994 quam-

541 2008 633 2064 vis
692 2008 1026 2065 substantia
1083 2010 1280 2066 carnis
1337 2027 1462 2067 non
1490 2011 1582 2082 sit,
1614 2011 1880 2084 profecto
1929 2011 2080 2067 alius
2109 2016 2198 2067 est

540 2097 647 2169 qui
677 2097 946 2167 moritur,
999 2097 1152 2154 alius
1210 2099 1314 2171 qui
1369 2099 1640 2169 resurgit.
1701 2100 1812 2155 Sed
1841 2099 2056 2156 beatus
2084 2099 2194 2156 Job

537 2186 697 2242 hanc
727 2185 810 2242 eis
832 2187 1186 2244 sententiam
1207 2187 1469 2245 veridica
1497 2205 1644 2245 voce
1663 2189 1929 2257 destruit,
1949 2189 2049 2262 qui
2081 2189 2191 2245 ait:

541 2276 720 2343 Quem
754 2277 990 2332 visurus
1011 2292 1144 2333 sum
1193 2279 1336 2347 ipse,
1382 2284 1438 2334 et
1467 2280 1630 2335 oculi
1657 2280 1772 2335 mei
1819 2279 2198 2348 conspecturi

535 2371 699 2432 sunt,
724 2371 778 2421 et
807 2380 928 2421 non
955 2366 1133 2421 alius.
1165 2369 1279 2422 Nos
1307 2371 1505 2422 autem
1559 2366 1720 2422 beati
1757 2366 1866 2423 Job
1891 2366 2076 2423 ﬁdem
2107 2383 2196 2424 se-

538 2456 810 2525 quentes,
831 2456 888 2508 et
903 2451 1312 2526 Redemptoris
1329 2454 1513 2510 nostri
1534 2461 1670 2526 post
1697 2455 2194 2512 resurrectionem

532 2555 752 2612 corpus
781 2540 1084 2614 palpabile
1113 2541 1395 2598 veraciter
1415 2541 1744 2614 credentes,
1779 2543 2037 2600 fatemur
2065 2559 2192 2600 car-

532 2645 674 2686 nem
699 2634 967 2686 nostram
998 2635 1134 2704 post
1171 2631 1666 2689 resurrectionem
1705 2633 1969 2690 futuram
1999 2633 2190 2690 diver-

537 2723 764 2786 sam,et
791 2718 1089 2775 eamdem.
1113 2719 1400 2776 Eamdem
1430 2737 1538 2794 per
1566 2725 1867 2792 naturam,
1890 2721 2189 2778 diversam

532 2826 642 2884 per
671 2809 923 2881 gloriam
943 2829 956 2878 ;
975 2810 1254 2868 eamdem
1283 2828 1391 2885 per
1414 2812 2053 2881 veritatem,diversam
2082 2829 2191 2886 per

532 2900 880 2972 potentiam.
910 2899 1202 2973 Sequitur:
1236 2903 1519 2972 Reposito
1549 2908 1634 2958 est
1667 2903 1792 2960 haec
1821 2919 1950 2974 spes
1973 2899 2199 2960 mea'in

551 3067 882 3084 ﬂ

2382 1655 2550 1708 Vens.
2583 1655 2671 1709 29.
2705 1653 2885 1724 Fugit
2917 1666 3058 1722 ergo
3099 1665 3136 1706 a
3161 1651 3322 1720 facie
3363 1648 3586 1718 gladii,
3638 1647 3784 1718 quia
3811 1647 3989 1702 uttor

2315 1741 2702 1812 iniquitatum
2725 1740 2972 1812 gladius
3007 1744 3111 1810 est,
3145 1743 3201 1795 et
3244 1738 3452 1794 scitote
3491 1750 3614 1793 esse
3641 1734 3984 1806 judicium.

2309 1861 2381 1870 —
2407 1829 2614 1886 Omnis
2643 1829 2745 1902 qui
2775 1843 3055 1901 perverse
3102 1826 3245 1898 agit,
3273 1842 3344 1882 eo
3394 1825 3528 1898 ipso
3554 1840 3677 1897 quo
3703 1824 3821 1880 hoc
3848 1822 3989 1879 des-

2309 1919 2472 1992 picit,
2489 1934 2620 1974 esse
2653 1918 2752 1974 Dei
2777 1917 3071 1989 judicium
3089 1915 3293 1972 nescit.
3312 1915 3369 1972 Si
3385 1913 3545 1970 enim
3566 1915 3682 1969 hoc
3706 1912 3983 1968 timendo

2311 2007 2506 2074 sciret,
2537 2023 2671 2080 quae
2697 2006 2758 2062 in
2783 2006 2884 2062 illo
2917 2009 3055 2061 sunt
3078 2003 3384 2078 punienda
3413 2017 3536 2058 non
3564 2005 3788 2072 ageret.
3824 2004 3981 2056 Nam

2311 2100 2456 2151 sunt
2479 2093 2744 2168 plerique
2774 2093 2879 2167 qui
2909 2096 3244 2149 extremum
3273 2106 3402 2148 esse
3428 2089 3726 2161 judicium
3757 2087 3981 2144 verbo-

2309 2190 2484 2242 tenus
2518 2184 2733 2253 sciunt,
2767 2183 2874 2240 sed
2916 2197 3197 2255 perversa
3242 2179 3480 2252 agendo
3509 2183 3803 2236 testantur
3831 2179 3982 2252 quia

2307 2275 2600 2334 nesciunt.
2653 2274 2766 2340 Qui
2811 2273 2973 2330 enim
3002 2273 3116 2329 hoc
3147 2287 3270 2328 non
3319 2268 3619 2337 formidat,
3674 2274 3742 2325 ut
3769 2268 3979 2339 debet,

2305 2365 2568 2426 necdum
2593 2363 2872 2436 cognovit
2901 2378 3040 2419 cum
3067 2365 3297 2436 quanto
3327 2359 3563 2417 turbine
3596 2359 3843 2416 terroris
3874 2358 3981 2414 ad-

2304 2453 2524 2510 veniat.
2556 2453 2612 2510 Si
2641 2452 2803 2509 enim
2841 2466 3095 2525 pensare
3142 2449 3386 2524 pondus
3425 2449 3703 2506 trementi
3747 2447 3982 2504 exami-

2303 2544 2398 2599 nis
2429 2547 2648 2609 nosset,
2679 2543 2781 2598 iraa
2811 2541 2972 2598 diem
3001 2541 3206 2614 utique
3237 2538 3547 2598 tremendo
3575 2541 3976 2612 praecaveret.

2301 2631 2536 2688 Faciem
2591 2647 2836 2703 quoque
2895 2629 3080 2702 gladii
3127 2629 3332 2700 fugere
3381 2632 3504 2712 est:
3580 2626 3978 2684 animadver-

2302 2721 2486 2778 sionis
2517 2720 2796 2777 districta;
2827 2719 3203 2786 sententiam,
3264 2717 3618 2791 priusquam
3651 2723 3976 2790 appareat,

2300 2811 2560 2885 placare.

1495 3243 1834 3330 LIBER
1912 3241 2386 3347 QUINTUS
2469 3239 2980 3329 DECIMUS.

605 3607 755 3672 Quia
784 3606 961 3663 amici
1009 3605 1170 3661 beati
1193 3605 1303 3661 Job
1347 3621 1737 3678 nequaquam
1766 3606 2031 3678 perversi
2057 3621 2186 3661 esse
2220 3605 2260 3658 C
2300 3605 2468 3678 prius
2509 3606 2676 3678 justa
2727 3621 2901 3676 agere
2928 3609 2986 3662 et
3013 3603 3406 3678 postmodum
3457 3617 3676 3676 pmnas
3714 3600 3975 3660 tolerare

530 3696 830 3770 potuerint
878 3695 1110 3768 Sophar
1141 3695 1487 3751 Naamatitis
1532 3693 1717 3750 verba
1744 3698 2056 3766 testantur,
2087 3694 2192 3768 qui

530 3785 606 3841 de
635 3801 736 3841 ore
761 3784 892 3856 ejus
921 3789 1206 3840 terrorem
1235 3783 1464 3839 venturi
1492 3781 1702 3854 judicii
1729 3781 1984 3838 audiens
2010 3781 2191 3856 proti-

529 3885 644 3926 nus
683 3868 960 3941 adjungit
983 3885 995 3924 :

1178 3957 1401 4014 CAPUT
1438 3960 1541 4013 XX.

598 4051 774 4106 Vsus.
813 4055 862 4120 1,
894 4054 946 4104 2.
977 4048 1214 4104 Idcirco
1254 4047 1642 4117 cogitationes
1668 4060 1808 4102 meae
1844 4047 2030 4102 varix
2057 4061 2188 4101 suc-

527 4141 746 4196 cedunt
772 4137 904 4205 sibi,
933 4143 988 4193 et
1017 4151 1180 4193 mens
1211 4137 1274 4190 in
1326 4137 1564 4192 diversa
1607 4137 1872 4206 rapitur.
1933 4167 2002 4176 —-
2025 4139 2106 4190 Ac
2138 4134 2186 4190 si

527 4226 745 4298 apertis
773 4225 1025 4280 vocibus
1054 4223 1248 4278 dicat:
1282 4222 1425 4295 quia
1463 4227 1798 4279 extremum
1839 4221 2052 4294 judicii
2079 4227 2188 4279 ter-

526 4329 724 4370 rorem
751 4312 1084 4379 considero,
1113 4309 1335 4366 idcirco
1371 4310 1802 4381 cogitationum
1832 4310 2186 4368 tumultibus

525 4402 588 4457 in
643 4402 915 4458 timorem
945 4399 1302 4456 confundor.
1335 4402 1520 4456 Tanto
1576 4400 1801 4474 quippe
1851 4416 1914 4456 se
1944 4400 2186 4457 animus

526 4489 787 4564 amplius
817 4489 878 4544 in
915 4487 1272 4559 cogitatione
1302 4487 1567 4555 dilaniat,
1597 4489 1847 4560 quando
1875 4489 2025 4544 illud
2053 4505 2184 4545 esse

525 4578 780 4635 terribile
801 4577 964 4650 quod
994 4575 1266 4632 imminet
1285 4579 1516 4649 pensat.
1553 4576 1860 4650 Sequitur:

595 4669 772 4724 Vens.
807 4673 858 4723 3.
894 4667 1272 4732 Doctrinam,
1300 4681 1420 4737 qua
1449 4681 1540 4722 me
1569 4668 1796 4738 arguis,
1830 4667 2097 4735 audiam,
2129 4671 2184 4722 et

529 4759 781 4827 spiritus
808 4756 1228 4826 intelligentiw
1247 4771 1388 4811 mea:
1413 4755 1788 4825 respondebit
1819 4755 1984 4812 mihi.
2009 4787 2077 4795 —
2102 4758 2182 4810 Ac

524 4845 572 4900 si
603 4851 804 4918 aperte
833 4844 1029 4900 dicat:
1065 4847 1189 4900 Tua
1244 4843 1492 4916 quidem
1521 4843 1704 4900 verba
1733 4844 1932 4906 audio,
1968 4843 2074 4900 sed
2102 4858 2181 4900 an

2299 3695 2626 3768 conspexit,
2641 3709 2887 3750 omnem
2902 3694 2962 3750 in
2980 3693 3082 3750 illo
3101 3691 3471 3767 hypocrisim
3487 3690 3749 3748 aestimat
3776 3689 3976 3748 fuisse

2297 3782 2465 3856 quod
2495 3782 2655 3850 vidit,
2673 3781 2816 3856 quia
2831 3781 3159 3854 videliceta
3180 3783 3336 3853 iusto
3359 3781 3479 3838 Deo
3502 3780 3744 3852 justum
3761 3778 3976 3836 famu-

2295 3869 2424 3926 lum
2452 3869 2636 3942 afﬂigi
2680 3886 2861 3944 posse
2919 3887 3043 3928 non
3080 3870 3346 3927 credidit.
3399 3868 3512 3928 Sed
3564 3884 3678 3925 nos
3725 3868 3973 3924 intuea-

2294 3975 2452 4032 mur,
2473 3975 2660 4032 quam
2689 3975 2830 4016 vera
2849 3959 3009 4028 dicit,
3039 3960 3088 4016 si
3115 3960 3244 4016 haec
3270 3962 3478 4016 contra
3493 3957 3715 4032 impios
3747 3957 3971 4032 loque—

2292 4053 2472 4106 retur.
2497 4048 2668 4122 Impii
2697 4049 2898 4123 itaque
2922 4048 3067 4122 quia
3085 4052 3443 4122 praesentem
3460 4047 3649 4104 vitam
3670 4045 3971 4118 diligunt,

2291 4138 2355 4194 in
2383 4155 2455 4196 eo
2479 4138 2690 4212 procul
2717 4137 2904 4196 dubio
2933 4138 3092 4210 elati,
3135 4139 3439 4212 percipere
3483 4137 3731 4194 laudem
3775 4153 3960 4210 qua:-

2291 4232 2449 4299 runt,
2476 4228 2694 4298 linguae
2721 4228 3026 4286 favoribus
3055 4228 3436 4296 extolluntur,
3469 4242 3581 4284 nec
3620 4241 3755 4283 esse
3779 4225 3972 4301 boni,

2294 4317 2401 4373 sed
2425 4316 2541 4373 dici
2565 4321 2874 4390 appetunt.
2907 4318 3101 4383 Quam
3127 4316 3401 4373 videlicet
3427 4315 3674 4373 laudem
3699 4314 3971 4386 longam

2291 4421 2424 4462 esse
2454 4405 2753 4463 aestimant
2779 4405 2930 4462 dum
2977 4409 3406 4479 assequuntur,
3459 4404 3566 4461 sed
3588 4403 3847 4460 brevem
3879 4405 3975 4462 in-

2292 4494 2562 4568 telligunt
2585 4493 2769 4551 fuisse
2799 4494 2947 4551 dum
2997 4496 3296 4551 amittunt.
3351 4497 3411 4550 ln
3441 4493 3562 4550 ﬁne
3608 4493 3845 4567 quippe
3878 4496 3972 4552 eis

2291 4584 2622 4641 ostenditur
2651 4600 2839 4657 quam
2864 4583 2945 4640 nil
2963 4583 3073 4640 fuit
3101 4583 3267 4657 quod
3297 4587 3678 4651 amaverunt,
3708 4586 3766 4638 et
3790 4599 3971 4658 saepe

2291 4672 2584 4744 hyocrita,
2635 4671 2782 4728 dum
2841 4676 3116 4728 sanctum
3178 4688 3240 4728 se
3294 4671 3539 4728 simulat
3577 4675 3636 4728 et
3669 4670 3968 4745 iniquum

2291 4760 2570 4817 exhibere
2620 4760 2866 4816 minime
2923 4759 3224 4827 formidat,
3256 4759 3337 4816 ab
3376 4758 3663 4816 omnibus
3693 4759 3969 4816 honora-

2291 4852 2406 4920 tur,
2429 4849 2602 4922 eique
2629 4849 2956 4906 sanctitatis
2979 4849 3170 4920 gloria
3198 4848 3459 4905 defertur
3489 4847 3567 4905 ab
3594 4847 3690 4904 bis
3714 4847 3829 4922 qui
3859 4864 3968 4906 ex-

521 4940 676 4992 rectc
689 4935 920 5008 prolata
943 4934 1279 5007 sintspiritu
1298 4950 1443 4990 mete
1463 4934 1863 5003 intelligentiae
1879 4934 2177 4991 discerno.
2211 4959 2254 5014 ο
2292 4939 2509 4996 teriora
2537 4943 2807 5004 cernunt,
2823 4939 2928 4996 sed
2955 4939 3236 4997 interiora
3254 4940 3595 5012 prospicere
3615 4942 3964 5012 nequeunt.

523 5026 800 5099 Sequitur
823 5043 836 5080 :

591 5119 757 5172 Vnus.
791 5118 844 5184 4,
878 5120 928 5170 5.
963 5115 1093 5170 Hoc
1120 5117 1240 5172 scio
1289 5131 1322 5170 ιι
1349 5117 1651 5186 principio
1689 5132 1766 5172 ex
1803 5133 1919 5187 quo
1947 5117 2176 5184 positus

518 5212 598 5264 est
632 5206 803 5262 homo
829 5219 1008 5273 super
1035 5210 1279 5274 terram,
1311 5205 1472 5276 quod
1503 5205 1635 5262 laus
1675 5206 1997 5276 impiorum
2047 5205 2176 5260 bre-

519 5298 603 5352 vis
635 5298 732 5362 sit,
766 5301 819 5353 et
839 5295 1131 5366 gaudium
1162 5295 1498 5368 hypocrita:
1521 5296 1604 5352 ad
1633 5297 1830 5352 instar
1855 5296 2176 5365 puncti.—

518 5384 723 5456 Liquet
749 5400 912 5441 nunc
941 5383 1085 5458 quia
1101 5401 1223 5440 sure
1245 5384 1646 5454 intelligentiae
1677 5383 1886 5456 spiritu
1904 5381 2172 5452 inﬂatus,

516 5488 617 5529 eas
641 5490 796 5543 quas
828 5479 1034 5530 contra
1062 5474 1280 5546 impios
1311 5473 1635 5529 sententias
1668 5471 1912 5544 profert,
1944 5470 2003 5526 in
2037 5471 2172 5527 bea-

516 5565 643 5619 tum
698 5561 808 5617 Job
860 5562 1384 5634 redargutionibus
1447 5561 1708 5619 inﬂectit.
1764 5564 1954 5627 Quem
2010 5561 2168 5618 enim

2295 5027 2409 5084 Sed
2435 5027 2572 5095 hoc,
2605 5044 2815 5084 eorum
2842 5027 3134 5099 gaudium
3165 5027 3476 5084 aeternitati
3501 5031 3964 5100 comparatum,

2287 5117 2434 5188 quid
2489 5117 2617 5187 erit,
2669 5117 2938 5190 quando,
2994 5118 3253 5173 irruente
3283 5117 3495 5173 mortis
3541 5116 3821 5188 articulo,
3873 5117 3968 5172 ita

2286 5206 2658 5263 consumitur
2686 5223 2756 5263 ac
2783 5207 3104 5279 silomnino
3155 5223 3277 5263 non
3315 5206 3490 5263 fuerit
3514 5208 3542 5263 τ
3567 5207 3750 5278 Cujus
3778 5207 3969 5263 nimi-

2284 5311 2421 5352 rum
2450 5295 2657 5365 gaudii
2681 5294 2883 5352 laetitia
2937 5294 3272 5368 pertransit,
3299 5299 3357 5352 et
3398 5310 3580 5368 pcena
3608 5299 3966 5368 permanet,

2283 5371 2359 5455 et,
2387 5399 2527 5440 cum
2555 5399 2652 5439 res
2680 5383 2986 5450 amittitur,
3018 5399 3202 5440 causa
3231 5383 3452 5440 durat..
3484 5383 3762 5457 Sequitur
3787 5400 3801 5438 :

2352 5475 2524 5528 Vens.
2555 5471 2610 5539 6,
2634 5477 2682 5526 7.
2711 5473 2776 5526 Si
2803 5474 3135 5528 ascenderit
3167 5488 3351 5545 usque
3379 5473 3462 5529 ad
3488 5473 3705 5529 coetum
3731 5487 3967 5542 super-

2284 5560 2380 5618 bia
2400 5563 2548 5631 ejus,
2561 5567 2615 5618 et
2638 5567 2821 5632 caput
2842 5565 2968 5633 ejus
2989 5563 3170 5620 nubes
3189 5563 3468 5634 tetigerit,
3486 5563 3666 5635 quasi
3689 5566 3966 5634 sterqui-
