4146 6156
223 188 323 242 273

1040 177 1336 235 EPITOME
1373 172 1736 231 MORALIUM
1774 168 1829 224 S.
1872 166 2077 222 GREG.
2120 172 2185 227 IN
2223 175 2365 235 JOB.
2409 213 2476 221 —
2518 138 2645 241 ΜΒ.
2693 189 2801 242 XV.

3532 196 3637 248 274

225 309 433 365 linium
463 309 527 364 in
576 309 700 376 ﬁne
745 306 1049 376 perdetur.
1093 334 1163 344 —
1195 298 1487 374 Superbia
1545 293 1872 384 hypocritae
1905 295 1952 346 Α
1985 297 2191 384 rentia
2219 303 2368 373 ejus,
2401 312 2453 361 et
2485 323 2618 365 cum
2648 325 2713 366 eo
2742 313 2804 368 in
2828 316 3075 382 pulvere
3113 316 3636 384 dormient—Quid

219 413 410 470 usque
432 396 508 452 ad
538 395 757 452 ccelum
787 387 1107 450 ascendere
1154 390 1387 455 dicitur,
1440 385 1691 460 quando
1742 382 1872 453 ejus

217 486 393 543 elatio
424 485 726 541 caelestem
754 483 940 540 vitam
966 497 1140 552 agere
1170 478 1420 535 videtur.
1465 477 1648 548 Cujus
1693 472 1873 529 etiam

216 579 403 648 caput
430 574 607 647 quasi
636 574 826 629 nubes
858 569 1327 643 tangit,quando
1349 564 1692 641 principalis
1707 577 1869 636 pars,

214 662 488 719 videlicet
527 661 856 718 intellectus
906 660 1083 729 illius,
1138 662 1486 714 sanctorum
1536 650 1873 726 praeceden-

215 752 366 807 tium
398 749 695 822 coaequari
726 748 949 805 meritis
995 746 1302 811 creditur;
1354 743 1459 800 sed
1500 742 1670 815 quasi
1720 744 1871 794 ster-

216 840 538 912 quilinium
562 840 625 894 in
652 840 772 907 ﬁne
792 838 1102 908 perdetur,
1127 836 1272 909 quia
1292 834 1353 890 in
1370 838 1558 890 morte
1587 845 1698 886 sua
1722 827 1871 884 dum

218 928 293 984 ad
314 931 615 984 tormenta
644 926 902 994 ducitur,
935 930 1266 982 stercorum
1294 923 1574 979 vitiorum
1633 918 1868 991 plenus,

216 1031 252 1072 a
277 1015 558 1086 malignis
588 1014 892 1087 spiritibus
912 1013 1318 1070 conculcatur.
1372 1008 1603 1066 Gaudia
1650 1003 1869 1061 etenim

214 1105 343 1161 vita:
369 1104 680 1178 prtesentis
700 1121 838 1176 quae
866 1103 1071 1173 injusti
1098 1102 1397 1158 aestimant
1431 1112 1657 1167 magna
1681 1095 1866 1158 bona,

206 1194 350 1266 justi
380 1199 643 1250 stercora
671 1192 979 1266 deputant.
1016 1191 1179 1249 Unde
1211 1190 1498 1263 scriptum
1548 1189 1638 1241 est
1665 1203 1677 1241 :
1703 1206 1731 1232 ‹‹
1790 1186 1869 1238 De

210 1288 470 1340 stercore
497 1283 688 1340 boum
716 1282 1018 1356 lapidatus
1046 1286 1134 1337 est
1157 1280 1325 1354 piger
1352 1278 1557 1350 (Eccli.
1580 1291 1722 1339 χχιι,
1745 1274 1817 1344 2).
1840 1294 1867 1321 »

208 1372 490 1446 Sequitur
521 1389 534 1427 :
563 1374 633 1429 Et
656 1372 761 1443 qui
779 1386 909 1428 eum
932 1371 1233 1433 viderunt,
1265 1369 1510 1425 dicent:
1574 1364 1686 1421 Ubi
1734 1362 1867 1418 est?

207 1493 273 1503 --
298 1462 653 1535 Plerumque
676 1461 1129 1534 hypocritarum
1161 1459 1284 1515 vita
1310 1458 1488 1514 etiam
1541 1454 1621 1510 ab
1670 1452 1865 1509 homi-

203 1549 391 1606 nibus
420 1549 682 1623 reproba
701 1550 762 1605 in
782 1549 902 1604 ﬁne
941 1552 1354 1619 cognoscetur,
1386 1548 1454 1601 ut
1503 1543 1689 1614 signis
1736 1542 1864 1612 jam

204 1638 606 1713 apertioribus
629 1639 733 1711 qui
790 1638 1005 1694 fuerint
1059 1636 1470 1694 ostendantur.
1532 1632 1643 1699 Qui
1686 1630 1865 1702 igitur
1897 1643 1936 1697 Β

200 1728 371 1783 hunc
400 1727 623 1784 elatum
644 1727 941 1795 viderunt,
986 1726 1060 1782 de
1111 1725 1399 1781 exstincto
1450 1721 1692 1777 dicent:
1755 1715 1867 1772 Ubi

201 1822 292 1873 est
320 1816 576 1882 ?—Quia
602 1831 798 1889 neque
826 1815 922 1871 hic
954 1815 1056 1871 ubi
1103 1814 1293 1870 elatus
1348 1811 1541 1867 fuerat
1591 1808 1861 1881 apparet,

198 1921 406 1979 neque
434 1906 497 1961 in
516 1905 857 1961 teternitatis
902 1904 1105 1978 requie
1135 1902 1209 1959 de
1243 1916 1369 1975 qua
1422 1915 1551 1956 esse
1605 1894 1863 1970 putaba-

198 1999 322 2051 tur.
358 1994 522 2051 Unde
547 1994 824 2051 subditur
853 2015 866 2049 :

276 2084 456 2141 Vens.
479 2088 532 2140 8.
564 2085 734 2141 Velut
762 2084 1055 2140 somnium
1074 2082 1324 2138 avolans
1354 2094 1475 2135 non
1505 2075 1864 2142 invenietur,

198 2174 463 2230 transiet
492 2174 647 2230 sicut
678 2174 823 2229 visio
851 2177 1174 2232 nocturna.
1204 2202 1272 2210 —
1293 2168 1445 2234 Quid
1474 2171 1562 2222 est
1592 2164 1711 2221 vita
1754 2162 1866 2234 hy-

195 2262 470 2334 pocrita,
493 2261 607 2317 nisi
638 2261 922 2334 quaedam
935 2260 1085 2316 visio
1101 2256 1565 2333 phantasmatis,
1597 2269 1732 2327 quae
1757 2254 1867 2307 hoc

195 2350 467 2407 ostendit
496 2350 557 2406 in
587 2350 854 2421 imagine
883 2348 1045 2422 quod
1069 2364 1193 2405 non
1248 2346 1429 2404 habet
1455 2346 1518 2401 in
1571 2342 1808 2400 veritate
1839 2342 1866 2396 ?

200 2438 376 2495 Unde
397 2444 551 2495 recte
583 2454 828 2512 quoque
861 2438 1095 2494 somnio
1126 2439 1531 2508 comparatur,
1553 2432 1698 2505 quia
1746 2446 1869 2487 om-

197 2528 299 2584 nis
330 2528 464 2584 laus
493 2533 550 2584 et
578 2527 787 2599 gloria,
820 2527 994 2600 quasi
1049 2526 1199 2582 dum
1254 2528 1505 2594 tenetur,
1556 2519 1863 2578 amittitur.

200 2618 379 2691 Saepe
408 2633 676 2691 namque
705 2617 769 2672 in
796 2621 1092 2674 nocturna
1116 2615 1345 2671 visione
1388 2610 1663 2669 nonnulli
1717 2625 1865 2682 pau-

197 2723 381 2779 peres
408 2708 596 2763 factos
625 2722 688 2763 se
708 2706 920 2764 divites
948 2705 1343 2770 admirantur,
1362 2702 1465 2758 sed
1487 2704 1729 2773 repente
1750 2698 1865 2754 evi-

197 2796 461 2868 gilantes
489 2797 805 2852 inveniunt
822 2811 1010 2869 quam
1036 2794 1253 2851 falsum
1286 2791 1461 2848 fuerit
1486 2806 1611 2863 quo
1640 2788 1866 2860 gaude-

192 2886 355 2943 bant
384 2905 399 2956 ;
432 2902 656 2959 eosque
686 2886 1001 2957 evigilasse
1032 2883 1296 2957 poenitet,
1323 2883 1469 2954 quia
1520 2878 1867 2949 evigilantes

194 2975 477 3048 inopiam
502 2990 708 3032 veram
735 2978 954 3032 tenent.
987 2974 1078 3029 Sic
1135 2970 1587 3044 hypocritarum
1637 2971 1867 3023 mentes
1896 2991 1937 3044 ο

194 3064 357 3121 dum
369 3064 534 3121 aliud
565 3067 652 3121 est
670 3064 837 3138 quod
862 3066 1069 3134 agunt,
1094 3066 1273 3134 atque
1302 3058 1468 3115 aliud
1486 3056 1653 3130 quod
1677 3054 1867 3111 homi-

195 3153 388 3210 nibus
420 3153 765 3222 ostendunt,
787 3153 999 3210 laudes
1022 3151 1097 3207 de
1126 3150 1261 3222 ipsa
1291 3146 1618 3205 sanctitatis
1671 3149 1868 3201 osten-

196 3244 433 3300 tatione
462 3243 778 3316 recipiunt,
813 3243 919 3299 sed
947 3242 1099 3298 inter
1127 3241 1256 3297 haec
1305 3236 1552 3295 occultae
1603 3235 1867 3291 vocatio-

193 3333 301 3389 nis
322 3333 475 3390 hora
500 3333 774 3406 surrepit,
805 3336 863 3388 et
890 3348 1029 3388 cum
1055 3330 1255 3387 carnis
1303 3326 1514 3385 oculos
1555 3325 1868 3393 claudunt,

192 3424 424 3480 mentis
453 3424 746 3496 aperiunt,
768 3437 1033 3494 moxque
1073 3426 1140 3479 ut
1167 3418 1461 3493 supplicia
1502 3423 1724 3477 (eterna
1779 3436 1871 3478 re-

193 3512 490 3586 ceperint,
513 3513 596 3569 ibi
637 3512 843 3569 vident
892 3529 1081 3585 quam
1137 3512 1425 3567 virtutum
1478 3509 1870 3567 aestimatione

194 3603 424 3659 divites
454 3603 514 3658 in
547 3604 776 3659 somnis
802 3603 1061 3659 fuerunt.
1085 3601 1361 3675 Sequitur
1390 3617 1401 3654 :

271 3694 446 3747 Vens.
475 3698 529 3749 9.
563 3693 785 3749 Oculus
833 3694 941 3764 qui
989 3707 1120 3748 eum
1171 3691 1403 3748 viderat
1453 3706 1575 3746 non
1629 3690 1867 3760 videbit,

194 3795 396 3852 neque
416 3782 583 3837 ultra
612 3781 947 3837 intuebitur
975 3794 1107 3837 eum
1136 3782 1298 3836 locus
1342 3778 1735 3843 suus.—Quid
1783 3783 1870 3833 est

192 3868 374 3925 locus
393 3869 745 3943 hypocriten,
776 3868 891 3924 nisi
911 3884 1016 3925 cor
1043 3867 1420 3924 adulantium
1449 3867 1478 3921 ‘I
1507 3866 1594 3921 Ibi
1643 3866 1870 3938 quippe

190 3959 543 4031 requiescit,
576 3958 679 4014 ubi
704 3958 938 4014 favores
971 3956 1276 4012 invenerit.
1301 3955 1521 4011 Oculus
1576 3970 1719 4025 ergo
1765 3954 1872 4026 qui

194 4064 340 4104 eum
374 4048 612 4102 viderat
638 4061 765 4101 non
793 4044 1036 4113 videbit,
1068 4044 1212 4116 quia
1239 4044 1573 4099 substratus
1628 4043 1691 4098 in
1715 4057 1871 4097 mor-
1903 4048 1912 4057 °

196 4142 343 4202 tem,
380 4134 577 4192 stultis
607 4134 981 4190 amatoribus
1011 4134 1135 4188 suis
1155 4131 1564 4199 absconditur,
1596 4132 1702 4203 qui
1731 4146 1870 4186 eum

198 4229 646 4285 consueverant
696 4222 1057 4280 admirando
1107 4237 1472 4295 conspicere.
1542 4224 1658 4278 Nec
1716 4221 1871 4277 ultra

1983 385 2183 481 itaque
2213 390 2616 481 adolescentia
2643 399 2824 470 hujus
2862 402 3190 475 hypocrita;
3228 406 3341 461 nisi
3395 407 3637 463 inchoa-

1982 474 2400 571 tio-pravitatis
2427 490 2514 541 est
2540 488 2567 542 ?
2596 488 2659 543 In
2699 474 3100 549 adolescentia
3131 495 3355 568 quippe
3380 497 3509 567 jam
3563 497 3633 553 li-

1980 560 2475 659 bidotervescere
2506 576 2765 647 inchoat,
2790 584 2847 636 et
2874 585 3011 637 tunc
3042 560 3508 642 adolescentiam
3529 588 3635 659 hy-

1981 655 2209 744 pocrita
2236 659 2438 731 habet,
2472 682 2606 723 eum
2641 674 2917 741 appetere
2944 674 2997 726 et
3027 672 3302 744 amplecti
3324 655 3633 732 libidinem

1982 740 2183 811 glorise
2206 752 2468 821 cceperit.
2504 740 2696 820 Quam
2718 740 2778 813 in
2809 774 2879 813 eo
2903 759 3051 815 dum
3073 740 3448 819 adulantium
3464 764 3633 820 blan-

1981 831 2060 887 da
2108 834 2372 896 fomenta
2418 845 2832 918 multiplicant,
2897 849 3294 907 robustiorem
3351 854 3630 923 reddunt,

1980 925 2039 976 et
2061 925 2235 1013 quasi
2263 927 2322 983 in
2354 946 2492 987 ossa
2514 940 2883 993 convertunt.
2919 939 3041 994 Hoc
3066 940 3226 995 enim
3263 940 3429 1013 quod
3477 941 3633 996 male

1979 1012 2178 1082 coepit,
2212 1017 2385 1085 pejus
2413 1022 2678 1092 quotidie
2708 1041 2815 1097 per
2830 1012 3328 1084 consuetudinem
3350 1029 3592 1086 roborat
3617 1046 3629 1084 :

1979 1115 2113 1199 quae
2146 1102 2430 1164 nimirum
2461 1127 2601 1168 ossa
2627 1130 2765 1170 cum
2797 1132 2867 1171 eo
2898 1116 2955 1171 in
3011 1117 3255 1190 pulvere
3311 1119 3629 1187 dormient,

1977 1204 2121 1260 quia
2149 1208 2221 1248 eo
2254 1211 2440 1269 usque
2472 1199 2530 1255 in
2558 1201 2657 1257 illo
2683 1203 2902 1276 iniqme
2925 1207 3389 1263 consuetudines
3419 1208 3635 1280 perdu-

1976 1282 2109 1377 rant
2160 1298 2282 1353 quo
2308 1285 2469 1377 hunc
2519 1290 2597 1345 ad
2648 1293 2855 1348 mortis
2910 1294 3218 1367 pulverem
3263 1298 3629 1369 pertrahant.

2190 1412 2197 1466 ἰ
2230 1388 2367 1466 cum
2395 1376 2708 1450 hypocrita
2736 1381 2883 1437 levis
2914 1365 2984 1439 ac
3007 1384 3243 1440 mobilis
3263 1365 3452 1441 multa
3484 1404 3629 1458 pue-

1977 1456 2156 1513 riliter
2182 1458 2197 1511 .’
2250 1463 2345 1532 cit,
2368 1466 2543 1522 etiam
2578 1472 2639 1524 in
2669 1470 2763 1525 his
2796 1488 2932 1544 quae
2963 1473 3136 1529 fortia
3158 1475 3360 1545 egerit,
3390 1476 3449 1530 in
3484 1456 3630 1533 vitio

1978 1546 2240 1604 mollesc‘
2260 1553 2293 1608 '.
2322 1555 2463 1619 Qum
2492 1557 2758 1616 videlicet
2785 1562 2916 1632 ejus
2947 1578 3105 1631 ossa,
3134 1579 3273 1618 cum
3302 1565 3457 1619 eoin
3496 1565 3630 1637 pul-

1977 1652 2112 1693 vere
2139 1638 2458 1711 dormiant,
2492 1648 2633 1718 quia
2661 1650 2936 1706 videlicet
2966 1651 3119 1707 sicut
3144 1653 3340 1724 pulvis
3369 1658 3456 1709 est
3498 1670 3629 1709 om-

1974 1725 2067 1815 nis
2088 1727 2387 1788 simulatio
2406 1733 2505 1790 illa
2534 1753 2720 1809 quam
2742 1741 2882 1809 agit,
2915 1740 2997 1796 ita
3028 1740 3089 1796 in
3128 1741 3227 1797 illo
3279 1746 3335 1797 et
3382 1742 3430 1797 si
3482 1744 3630 1815 quid

1974 1812 2460 1904 habetvalidum,
2496 1826 2660 1880 omni
2692 1826 2986 1884 soliditate
3043 1835 3350 1900 vacuatur,
3410 1836 3473 1887 ut
3501 1812 3632 1904 _per

1972 1902 2215 1962 virtutes
2258 1913 2669 1982 arrogantium
2697 1917 2812 1971 hoc
2842 1933 3087 1990 quoque
3115 1920 3328 1991 perdat
3350 1902 3544 1992 quod—
3567 1921 3630 1976 in

1974 2008 2045 2048 eo
2076 1997 2270 2066 potuit
2288 2014 2417 2055 esse
2439 2002 2688 2059 virtutis.
2724 2006 3000 2078 Sequitur
3033 2025 3046 2062 :

2045 2086 2216 2140 Vens.
2246 2091 2327 2143 t2.
2358 2091 2498 2146 Cum
2527 2094 2682 2149 enim
2706 2095 2884 2152 dulce
2906 2098 3096 2165 fuerit
3126 2100 3189 2153 in
3215 2115 3317 2155 ore
3345 2103 3472 2168 ejus
3501 2115 3629 2155 ma-

1978 2171 2122 2260 lum,
2141 2174 2458 2233 abscondet
2474 2180 2634 2236 illud
2650 2184 2759 2238 sub
2788 2186 2998 2254 lingua
3022 2191 3290 2241 sua.—ln
3314 2203 3415 2243 ore
3436 2188 3629 2260 hypo—

1976 2259 2133 2317 critae
2165 2262 2395 2321 malum
2424 2266 2597 2324 dulce
2623 2286 2654 2325 e
2673 2276 2729 2339 st,
2760 2272 2901 2343 quia
2921 2273 2972 2328 ei
3003 2273 3286 2346 iniquitas
3318 2259 3540 2332 suavis
3569 2277 3629 2332 in

1975 2354 2193 2419 mente,
2219 2368 2288 2408 os
2311 2354 2535 2429 quippe
2561 2359 2758 2415 cordis
2775 2361 3054 2430 cogitatio
3077 2368 3183 2433 est,
3208 2364 3281 2418 de
3302 2381 3426 2437 qua
3452 2365 3633 2437 scrip-

1976 2443 2103 2495 tum
2134 2446 2224 2497 est
2254 2461 2266 2498 :
2302 2466 2327 2493 ‹‹
2367 2446 2546 2503 Labia
2576 2447 2792 2505 dolosa
2818 2449 2879 2505 in
2901 2451 3079 2507 corde
3101 2456 3158 2507 et
3205 2453 3383 2508 corde
3435 2453 3634 2511 locuta

1976 2535 2115 2586 sunt
2142 2531 2305 2589 mala
2339 2535 2527 2601 (Psal.
2555 2553 2635 2607 x1,
2666 2541 2743 2603 3).
2771 2562 2799 2587 ››
2830 2540 2944 2595 Sed
2964 2540 3077 2596 hoc
3108 2541 3335 2597 malum
3367 2543 3533 2614 quod
3571 2544 3632 2598 in

1976 2634 2078 2675 ore
2110 2620 2434 2693 hypocritee
2467 2623 2641 2681 dulce
2668 2631 2772 2691 est,
2799 2627 2915 2683 sub
2942 2628 3150 2699 lingua
3172 2629 3299 2698 ejus
3321 2628 3635 2684 abscondi-

1975 2712 2089 2776 tur,
2112 2710 2256 2781 quia
2277 2714 2569 2785 asperitas
2597 2716 2857 2785 malitize,
2882 2734 3017 2790 quae
3044 2717 3261 2774 latetin
3278 2721 3496 2785 mente,
3519 2716 3634 2772 sub

1978 2798 2237 2867 tegmine
2259 2799 2494 2857 blandas
2510 2802 2824 2860 locutionis
2838 2806 3118 2878 operitur.
3139 2806 3355 2863 Malum
3368 2822 3634 2878 namque

1977 2884 2039 2940 in
2058 2886 2266 2957 lingua
2295 2893 2353 2945 et
2379 2905 2502 2946 non
2528 2892 2641 2947 sub
2659 2891 2865 2963 lingua
2885 2899 3058 2961 esset,
3089 2895 3137 2949 si
3163 2895 3418 2967 loquens
3447 2895 3637 2967 hypo-

1978 2975 2124 3031 crita
2148 2976 2438 3034 malitiam
2464 2996 2583 3035 suae
2612 2981 2919 3053 pravitatis
2939 2984 3211 3056 aperiret.
3244 2982 3520 3054 Sequitur
3548 3001 3560 3037 :

2050 3067 2213 3120 Vens.
2243 3070 2326 3121 15.
2362 3068 2581 3124 Parcet
2608 3070 2725 3140 illi,
2755 3076 2811 3127 et
2856 3085 2975 3126 non
3028 3072 3399 3142 derelinquel
3455 3069 3632 3135 illud,

1978 3160 2033 3210 et
2064 3155 2279 3210 celabit
2310 3157 2372 3211 in
2400 3163 2646 3228 gutture
2674 3175 2801 3216 suo.
2831 3192 2900 3200 —
2925 3158 3140 3216 Malum
3169 3159 3331 3215 enim
3354 3158 3519 3231 quod
3544 3158 3635 3213 di-

1977 3242 2104 3313 ligit
2129 3244 2339 3317 parcit,
2370 3246 2516 3319 quia
2544 3263 2667 3303 non
2698 3248 2815 3305 hoc
2843 3249 2904 3305 in
2940 3249 3259 3320 semetipso
3290 3246 3636 3319 pcenitendo

1977 3334 2376 3405 persequitur.
2413 3335 2576 3392 Unde
2606 3342 2663 3393 et
2690 3337 2931 3394 additur
2962 3355 2973 3392 :
3007 3339 3143 3393 Non
3161 3337 3531 3407 derelinquet
3564 3337 3633 3390 il-

1979 3422 2104 3477 lud.
2156 3422 2213 3479 Si
2242 3423 2401 3479 enim
2430 3425 2603 3481 vellet
2652 3426 3008 3499 relinquere,
3060 3440 3449 3498 nequaquam
3501 3439 3635 3496 par-

1977 3515 2152 3579 ceret,
2185 3511 2328 3583 quia
2355 3520 2831 3586 persequeretur.
2860 3516 2972 3570 Scd
3004 3516 3118 3570 hoc
3142 3514 3293 3570 celat
3346 3513 3408 3568 in
3438 3516 3635 3582 guttu-

1975 3599 2227 3672 re,quia
2256 3605 2454 3656 servat
2476 3601 2538 3657 in
2568 3603 2946 3671 cogitatione,
2994 3607 3059 3658 ut
3107 3617 3443 3675 numquam
3502 3616 3635 3673 pro-

1976 3689 2125 3745 ferat
2144 3690 2206 3744 in
2235 3706 2399 3746 voce.
2424 3691 2700 3763 Sequitur
2732 3709 2745 3746 :

2044 3778 2223 3833 Vnas.
2258 3780 2340 3833 14.
2369 3781 2557 3836 Panis
2587 3783 2716 3850 ejus
2741 3782 2802 3836 in
2831 3788 2999 3838 utero
3029 3783 3197 3837 illius
3244 3786 3510 3837 vertetur
3568 3781 3632 3835 in

1970 3868 2061 3937 fel
2089 3868 2369 3937 aspidum
2399 3870 2775 3926 intrinsecus.
2802 3902 2870 3910 —
2896 3870 3065 3935 Quod
3096 3871 3272 3942 panis
3324 3870 3383 3924 in
3440 3873 3629 3940 utero,

1974 3956 2089 4011 hoc
2115 3961 2203 4011 est
2232 3958 2469 4012 satietas
2498 3958 2839 4030 temporalis
2866 3958 3272 4013 delectationis
3299 3958 3361 4013 in
3412 3962 3628 4012 mente.

1978 4044 2231 4100 Sati'etur
2252 4060 2395 4112 ergo
2424 4061 2583 4100 nunc
2614 4046 2928 4116 hypocrita
2952 4045 3115 4101 illata
3152 4044 3353 4112 laude,
3386 4044 3633 4099 delecte-

1975 4138 2071 4189 tur
2097 4133 2451 4200 honoribus,
2480 4134 2654 4207 panis
2684 4135 2813 4204 ejus
2835 4135 2895 4190 in
2922 4140 3089 4191 utero
3116 4134 3273 4189 illius
3304 4133 3632 4190 verteturin

1976 4222 2055 4279 fel
2106 4223 2384 4296 aspidum
2436 4224 2810 4293 intrinsecus,
2868 4224 3012 4298 quia
3060 4225 3299 4281 satietas
3359 4224 3632 4280 transito-

198 4333 341 4374 eum
375 4316 544 4372 locus
561 4331 709 4371 suus
731 4311 1076 4379 intuebitur,
1091 4312 1236 4385 quia
1263 4310 1472 4381 lingua
1494 4309 1870 4367 adulantium
1902 4331 1948 4386 ι)
1976 4314 2079 4371 riae
2103 4314 2511 4371 delectationis
2536 4314 2597 4371 in
2619 4315 3021 4372 retributionis
3049 4315 3167 4371 ﬁne
3221 4316 3299 4372 ad
3343 4315 3630 4371 amaritu-

198 4407 368 4463 hunc
394 4406 473 4463 ad
494 4405 791 4477 judicium
841 4403 1147 4460 favoribus
1194 4417 1318 4458 non
1372 4405 1724 4474 sequuntur.
1775 4403 1870 4459 Se-

201 4497 411 4569 quitur
442 4512 455 4549 :

274 4588 447 4641 Vens.
476 4588 559 4640 to.
589 4584 738 4639 Filii
755 4586 882 4653 eius
928 4588 1269 4639 atterentur
1326 4587 1585 4652 egestate
1621 4614 1689 4621 —
1715 4581 1866 4637 Scri-

200 4680 381 4748 ptum
401 4677 526 4729 est:
553 4696 578 4721 α
616 4676 678 4728 ln
700 4671 1063 4728 malevolam
1112 4670 1379 4727 animam
1430 4685 1554 4725 non
1603 4670 1870 4727 introibit

202 4762 503 4837 sapientia
536 4764 698 4834 (Sap.
732 4778 772 4833 1,
791 4763 865 4833 4).
897 4780 926 4814 »
960 4764 1027 4816 Et
1056 4776 1161 4833 per
1186 4759 1571 4816 Psalmistam
1606 4759 1822 4816 dicitur
1850 4776 1862 4814 :

208 4876 228 4904 ι
269 4853 490 4910 Divites
517 4856 811 4923 eguerunt
829 4856 887 4907 et
906 4851 1241 4907 esuriemnt
1277 4850 1659 4921 (Psal.xxx1u,
1691 4850 1800 4921 tl).
1833 4868 1863 4903 ›

202 4942 337 4999 Filii
366 4941 567 5015 itaque
597 4942 782 5013 hujus
839 4940 1168 5014 hypocrita;
1217 4942 1541 4996 atterentur
1581 4942 1862 5009 egestate,

201 5033 355 5105 quia
381 5030 444 5087 hi
472 5030 577 5104 qui
596 5032 659 5087 in
679 5030 1049 5103 hypocrisim
1076 5045 1150 5085 ex
1200 5030 1330 5101 ejus
1376 5028 1704 5085 imitatione
1754 5044 1863 5086 na-

203 5125 476 5187 scuntur,
499 5120 646 5175 dum
676 5119 936 5175 veritatis
960 5117 1318 5175 soliditatem
1368 5132 1492 5173 non
1539 5121 1758 5185 tenent,
1803 5116 1865 5173 in

203 5206 408 5265 cordis
437 5211 698 5278 egestate
718 5206 1022 5263 deﬁciunt.
1052 5206 1330 5280 Sequitur
1361 5223 1374 5261 :
1406 5206 1487 5261 Et
1523 5221 1737 5262 manus
1787 5206 1864 5261 il-

207 5299 326 5353 lius
343 5297 591 5354 reddent
629 5298 727 5353 illi
766 5298 1028 5353 dolorem
1068 5313 1261 5353 suum.
1294 5328 1363 5337 —
1392 5294 1545 5361 Quid
1588 5310 1696 5367 per
1742 5311 1867 5351 ma-

204 5405 323 5445 nus
356 5388 473 5444 nisi
498 5403 685 5460 opera
722 5386 1115 5457 designantur
1143 5387 1172 5440 ?
1210 5388 1415 5442 Manus
1457 5385 1658 5457 itaque
1710 5384 1865 5440 illius

206 5480 260 5535 ei
289 5477 563 5534 dolorem
596 5476 863 5543 reddent,
895 5474 1039 5548 quia
1068 5474 1519 5532 damnationem
1535 5476 1765 5546 justam
1795 5491 1866 5530 ex

208 5567 417 5639 iniqua
445 5565 686 5639 recipiet
710 5565 1076 5638 operatione.
1104 5564 1413 5636 Sequitur:

260 5648 452 5713 'Vns.
488 5660 573 5714 tt.
624 5656 770 5714 Ossa
808 5657 937 5726 ejus
983 5654 1394 5724 implebantur
1436 5658 1594 5714 vitiis
1643 5656 1871 5714 adoles-

1976 4405 2182 4461 dinem
2211 4404 2469 4460 vertitur.
2504 4407 2570 4460 Et
2586 4406 2676 4475 fel
2712 4406 3007 4475 aspidum,
3063 4404 3125 4460 id
3177 4410 3284 4477 est,
3334 4404 3630 4475 maligno-

1976 4512 2112 4552 rum
2182 4495 2498 4568 spirituum
2580 4495 2890 4568 persuasio
2964 4494 3151 4550 fuisse
3227 4494 3627 4565 cognoscitur,

1975 4588 2142 4660 quod
2167 4587 2263 4643 hic
2295 4586 2428 4642 laus
2475 4584 2676 4656 gloriae
2730 4601 2861 4641 esse
2905 4585 3277 4641 credebatur.
3321 4583 3420 4638 Vel
3475 4589 3629 4639 certe

1974 4678 2118 4750 quia
2155 4676 2332 4749 panis
2366 4675 2680 4747 Scripturas
2728 4689 2908 4729 sacrae
2950 4672 3332 4742 intelligentia
3380 4688 3502 4727 non
3546 4672 3631 4726 in-

1975 4765 2396 4823 convenienter
2453 4762 2743 4835 accipitur
2773 4805 2785 4828 ,
2863 4777 2998 4833 quae
3063 4766 3322 4817 mentem
3391 4759 3579 4815 reﬁcit
3612 4803 3626 4830 ,

1974 4857 2147 4929 eique
2200 4854 2346 4910 boni
2399 4852 2597 4925 operis
2654 4851 2805 4907 vires
2863 4850 3107 4923 praebet.
3164 4853 3229 4906 Et
3273 4848 3629 4923 plerumque

1973 4943 2289 5019 hypocrita
2336 4943 2517 4999 etiam
2558 4941 2710 4997 sacri
2774 4939 2993 5013 eloquii
3063 4939 3283 4996 erudiri
3328 4940 3626 5012 mysteriis

1974 5034 2217 5103 studet,
2276 5047 2388 5087 nec
2463 5035 2663 5087 tamen
2722 5033 2788 5086 ut
2843 5045 2913 5085 ex
2971 5028 3196 5086 eisdem
3274 5029 3454 5099 vivat,
3522 5027 3628 5085 sed

1974 5128 2038 5180 ut
2106 5121 2331 5179 caeteris
2393 5118 2741 5178 hominibus
2806 5135 2993 5192 quam
3045 5119 3120 5176 sit
3173 5119 3386 5176 doctus
3437 5134 3628 5191 appa-

1972 5215 2137 5278 reat;
2167 5211 2275 5266 sed
2297 5209 2445 5265 dum
2475 5209 2550 5265 de
2592 5225 2775 5265 sacrte
2825 5208 2972 5279 legis
3020 5208 3267 5265 scientia
3316 5205 3622 5276 gloriatur,

1974 5300 2109 5356 vitae
2131 5304 2343 5372 potum
2375 5298 2665 5355 convertit
2694 5298 2809 5354 sibi
2851 5298 2909 5354 in
2954 5297 3168 5354 veneni
3220 5293 3527 5367 poculum,
3570 5293 3627 5345 et

1975 5390 2114 5447 inde
2139 5388 2433 5461 reprobus
2464 5388 2714 5444 moritur
2744 5389 2903 5445 unde
2931 5388 3010 5444 ad
3030 5388 3214 5442 vitam
3272 5377 3489 5435 erudiri
3538 5379 3624 5436 vi-

1977 5480 2249 5535 debatur.
2275 5481 2473 5551 Neque
2494 5479 2609 5535 hoc
2634 5478 3118 5535 inconvenienter
3133 5469 3440 5542 accipitur,
3458 5470 3626 5543 quod

1978 5584 2417 5643 nonnunquam
2434 5568 2749 5641 hypocrita
2768 5574 2916 5623 dum
2932 5563 3215 5621 doctrinas
3234 5560 3419 5619 verbo
3436 5560 3514 5615 ad
3536 5576 3628 5615 os-

1981 5658 2311 5715 tensionem
2322 5656 2538 5725 studet,
2556 5655 2759 5711 divino
2766 5652 2990 5725 judicio
3006 5655 3280 5714 caecatus,
3296 5652 3412 5707 hoc
3425 5652 3624 5724 ipsum
