4154 6160
471 208 576 260 275

1499 198 1556 253 S.
1599 196 1860 254 ODONIS
1902 190 2186 250 ABBATIS
2226 188 2730 246 CLUNIACENSIS
2807 190 2849 242 11

3791 187 3912 240 276

471 327 726 385 verbum
757 339 938 398 prave
969 321 1258 391 intelligit.
1284 320 1450 394 quod
1481 319 1636 375 male
1667 318 1895 390 quaerit,
1917 322 2133 372 etcum
2167 319 2211 368 Λ
2249 311 2560 380 colligitur.
2593 310 2696 368 Mel
2723 310 2922 382 itaque
2947 325 3019 364 ex
3047 323 3202 398 aere,
3265 307 3550 398 butyrum
3599 322 3685 398 ex;
3719 321 3914 363 carne

474 417 534 472 in
565 429 824 471 errorem
857 413 1152 467 htrreseos
1179 410 1419 475 labitur,
1445 408 1733 476 contingit
1753 407 1824 468 ei,
1879 411 1940 460 ut
1985 405 2135 460 sicut

473 503 548 560 de
569 501 702 558 felle
733 500 1035 574 aspidum,
1061 499 1144 554 sic
1173 498 1376 554 infelix
1413 497 1488 552 de
1514 512 1670 569 pane
1719 495 2026 556 moriatur,
2079 497 2134 548 et

471 593 533 648 in
557 590 830 647 doctrina
863 605 976 645 sua
1021 593 1274 644 mortem
1323 586 1580 652 invenit;
1627 585 1770 657 quia
1831 583 1887 638 in
1936 581 2131 637 verbis

472 680 610 738 vitae
636 679 820 735 vitam
853 677 1098 734 minime
1127 675 1421 748 quaesivit.
1459 674 1734 746 Sequitur
1763 689 1775 726 :

546 769 720 825 Vens.
756 769 840 823 1:5.
865 767 1140 834 Divitias,
1173 780 1321 836 quas
1348 765 1676 832 devoravit,
1711 767 1951 824 evomat.
1985 767 2040 817 et
2064 761 2137 816 de

473 865 682 916 ventre
712 858 882 913 illius
911 855 1184 911 extrahet
1215 870 1311 910 eas
1339 855 1514 910 Deus.
1549 883 1616 892 -—
1647 851 1777 906 Vult
1821 849 2134 922 hypocrita

475 948 626 1004 scire
653 946 860 1002 divina
893 944 1151 1018 eloquia,
1185 959 1293 998 nec
1317 947 1514 998 tamen
1538 941 1750 1006 facere,
1806 939 1932 993 vult
1963 939 2132 993 docte

475 1034 662 1109 loqui,
694 1049 804 1090 nec
827 1033 1039 1088 vivere.
1069 1035 1176 1087 l’ro
1208 1048 1277 1085 eo
1303 1030 1464 1103 quod
1493 1045 1616 1084 non
1638 1029 1719 1084 ait
1769 1044 1905 1100 quas
1950 1027 2130 1095 novit,

478 1124 658 1180 etiam
681 1123 795 1178 hoc
825 1121 992 1194 quod
1029 1119 1194 1176 novit
1215 1119 1447 1175 amittit.
1475 1117 1716 1173 Divitias
1747 1116 1926 1187 igitur
1951 1131 2133 1170 sacrie

475 1212 622 1283 legis
652 1227 804 1284 quas
832 1209 1088 1280 legendo
1105 1207 1430 1274 devoravit,
1459 1206 1870 1262 obliviscendo
1891 1204 2132 1270 evomit,

465 1286 702 1372 ’easque
723 1299 798 1354 de
829 1303 1029 1354 ventre
1058 1297 1216 1352 illius
1271 1293 1545 1364 extrahit,
1608 1294 1752 1366 quia
1810 1294 1921 1348 hoc
1970 1291 2135 1365 quod

477 1403 714 1446 servare
733 1385 942 1455 noluit,
965 1385 1127 1456 justo
1146 1384 1376 1456 judicio
1407 1383 1480 1438 de
1503 1384 1633 1453 ejus
1665 1382 1954 1436 memoria
1985 1379 2133 1436 evel-

475 1477 561 1548 lit,
593 1492 668 1533 ne
692 1479 992 1549 praecepta
1017 1474 1119 1528 Dei
1141 1472 1352 1528 saltem
1377 1471 1436 1527 in
1466 1471 1672 1540 lingua
1729 1475 1942 1530 teneat,
2000 1484 2135 1540 quia

476 1581 600 1622 non
633 1567 834 1620 servat
863 1563 924 1618 in
953 1563 1089 1618 vita.
1148 1560 1312 1617 Unde
1342 1576 1451 1632 per
1478 1559 1835 1631 Prophetam
1877 1557 2093 1612 dicitur
2119 1573 2132 1612 :

2243 407 2346 457 est.
2383 400 2611 456 Summi
2641 405 2842 456 autem
2869 397 3049 454 Patris
3080 397 3445 465 Unigenitus,
3477 413 3616 452 cum
3643 396 3716 452 sit
3747 399 3910 454 Deus

2244 507 2422 563 super
2450 489 2673 556 omnia,
2703 490 2886 544 homo
2918 488 3110 542 factus
3141 490 3233 542 est
3277 486 3438 541 inter
3489 485 3695 542 omnia
3728 505 3742 553 ;
3797 487 3906 558 qni

2242 595 2381 635 cum
2402 593 2514 634 nos
2543 577 2865 635 divinitatis
2889 592 3012 632 suae
3033 574 3349 630 dulcedine
3375 579 3433 630 et
3470 573 3764 645 mysterio
3810 573 3906 631 in-

2241 669 2602 725 carnationis
2624 667 2892 741 replevit,
2920 666 3093 722 melle
3138 680 3250 720 nos
3307 664 3525 737 pariter
3577 668 3633 720 et
3682 663 3908 736 butyro

2245 758 2499 813 satiavit.
2527 757 2674 823 Quia
2706 773 2848 828 ergo
2877 755 3125 828 Spiritus
3156 753 3368 810 Christi
3411 757 3676 810 mentem
3712 769 3908 826 quam

2243 846 2574 918 repleverit,
2603 850 2660 901 et
2679 844 3002 900 divinitatis
3032 845 3166 914 ejus
3190 841 3527 910 dulcedine,
3558 842 3913 898 etincama—

2243 934 2420 990 tionis
2453 933 2570 989 title
2629 934 2904 1000 ltetiticat,
2949 932 3040 988 isti
3083 931 3258 986 rivuli
3307 930 3581 986 torrentis
3636 929 3910 988 ﬂuminis

2243 1024 2436 1080 mellis
2471 1025 2644 1080 simul
2678 1029 2732 1079 et
2758 1023 2959 1096 butyri
2990 1038 3121 1078 esse
3145 1025 3575 1077 memorantur.
3599 1021 3907 1094 Sequitur:

2315 1112 2495 1168 Vens.
2535 1113 2613 1168 18.
2643 1114 2787 1168 Luet
2819 1127 2952 1183 qum
2977 1111 3121 1180 fecit
3150 1110 3371 1174 omnia,
3405 1123 3514 1164 nec
3543 1115 3742 1165 tamen
3770 1123 3914 1166 con-

2242 1193 2895 1258 sumetur.—Persolvit
2920 1200 3080 1256 enim
3118 1199 3179 1254 in
3211 1203 3506 1254 tormento
3532 1213 3602 1253 ea
3627 1214 3766 1270 quae
3809 1198 3911 1254 hic

2245 1289 2443 1346 illicite
2497 1289 2757 1346 servavit
2809 1289 3123 1359 desideria,
3174 1294 3230 1344 et
3277 1288 3540 1344 ﬂammis
3598 1287 3912 1344 ultricibus

2250 1379 2500 1435 traditus
2522 1395 2758 1453 semper
2781 1381 3050 1438 moritur.
3110 1377 3254 1450 quia
3309 1393 3550 1449 semper
3598 1377 3658 1433 in
3713 1381 3910 1434 morte

2247 1473 2535 1524 servatur.
2567 1473 2690 1524 Non
2717 1469 2876 1524 enim
2898 1468 2958 1523 in
2992 1474 3180 1524 morte
3201 1467 3608 1524 consumitur:
3669 1466 3816 1540 quia
3858 1466 3906 1522 si

2246 1564 2698 1615 consumeretur
2759 1559 2878 1614 vita
2959 1557 3302 1626 morientis,
3359 1573 3500 1612 cum
3557 1557 3676 1612 vita
3725 1557 3907 1612 etiam

479 1679 508 1706 α
539 1652 841 1710 Peccatori
870 1656 1072 1707 autem
1102 1651 1251 1706 dixit
1283 1653 1435 1705 Deus
1469 1666 1481 1703 :
1541 1650 1736 1714 Quare
1774 1652 1836 1702 tu
1893 1662 2136 1703 enarras
2171 1669 2208 1720 Β
2245 1663 2428 1722 pmna
2455 1647 2742 1710 finiretur,
2777 1649 2882 1702 sed
2915 1639 2982 1702 ut
3008 1649 3132 1702 sine
3172 1646 3289 1702 ﬁne
3347 1646 3660 1713 crucietur,
3709 1646 3908 1702 vivere

471 1743 732 1816 justitias
789 1756 956 1796 meas
998 1744 1054 1796 et
1109 1739 1370 1794 assumis
1429 1741 1850 1792 testamentum
1906 1751 2014 1808 per
2066 1750 2136 1790 os

477 1838 648 1890 tuum
679 1833 706 1888 ‘?
732 1856 758 1881 ››
790 1831 974 1903 (Psat.
1003 1847 1196 1894 vam,
1233 1832 1342 1895 16.)
1387 1827 1660 1898 Sequitur
1697 1843 1709 1880 :

550 1921 723 1976 Vens.
761 1921 843 1974 16.
880 1919 1073 1988 Caput
1105 1917 1380 1987 aspidum
1407 1921 1597 1985 suget,
1652 1920 1709 1970 et
1737 1915 1960 1969 occidet
2006 1929 2138 1968 eum

480 2012 692 2080 lingua
721 2005 1208 2078 viperea—Aspis
1263 2020 1489 2077 parvus
1515 2008 1606 2059 est
1635 2017 1906 2074 serpens,
1940 2002 2141 2074 vipera

479 2097 816 2172 prolixioris
839 2100 928 2153 est
950 2097 1239 2168 corporis.
1274 2094 1494 2166 Vipera
1557 2094 1720 2149 enim
1776 2091 2010 2158 dicitur,
2067 2107 2138 2146 eo

366 2245 382 2259 _
479 2187 646 2260 quod
675 2187 728 2242 vi
754 2186 966 2260 pariat.
997 2184 1151 2251 Quid
1171 2200 1314 2255 ergo
1339 2197 1446 2256 per
1472 2181 1712 2256 aspides
1753 2198 1973 2254 parvos
2029 2181 2138 2235 nisi

480 2277 728 2334 latentes
753 2274 1165 2344 suggestiones
1195 2271 1650 2330 immundorum
1681 2271 1954 2343 spiritum
1986 2270 2138 2338 figu-

479 2371 711 2436 rantur,
741 2365 846 2437 qui
871 2363 1152 2420 cordibus
1171 2362 1487 2419 hominum
1509 2376 1697 2434 parva
1725 2360 1891 2430 prius
1913 2359 2139 2413 suasio-

479 2471 556 2512 ne
587 2458 912 2526 surrepunt
938 2456 966 2508 ?
989 2453 1141 2516 Quid
1161 2467 1302 2506 vero
1331 2467 1438 2522 per
1467 2450 1736 2518 linguam
1765 2449 2002 2520 viperae,
2027 2447 2140 2502 nisi

480 2543 743 2598 violenta
769 2539 994 2596 diaboli
1017 2538 1264 2596 tentatio
1307 2537 1711 2607 designatur?
1766 2537 1930 2591 Prius
1979 2537 2138 2590 enim

481 2629 693 2684 leniter
713 2626 986 2698 surrepit,
1009 2623 1400 2697 postmodum
1452 2639 1595 2679 vero
1624 2623 1803 2680 etiam
1855 2623 2142 2679 violenter

483 2715 680 2772 trahit.
709 2715 898 2786 Caput
925 2714 1126 2786 itaque
1171 2712 1453 2786 aspidum
1509 2712 1684 2781 sugit,
1730 2712 1873 2786 quia
1906 2713 2140 2784 initium

482 2802 881 2872 suggestionis
908 2801 1174 2869 occultae,
1202 2801 1369 2875 prius
1398 2817 1656 2874 parvum
1685 2801 1746 2856 in
1778 2801 1958 2856 corde
2000 2816 2139 2857 nas-

479 2893 630 2950 citur
663 2912 676 2962 ;
709 2892 814 2949 sed
843 2891 1058 2948 occidit
1080 2907 1219 2947 eum
1245 2891 1451 2961 lingua
1485 2890 1725 2964 viperae,
1780 2891 1924 2963 quia
1976 2895 2141 2964 post-

2247 1737 2372 1793 sine
2400 1737 2598 1792 finein
2627 1753 2803 1809 paena
2844 1737 3238 1810 compellitur,
3292 1741 3374 1803 ut,
3433 1737 3606 1806 cujus
3644 1735 3765 1791 vita
3808 1735 3910 1791 hic

2249 1829 2487 1881 mortua
2516 1824 2626 1880 fuit
2653 1825 2710 1880 in
2743 1825 2942 1898 culpa,
2975 1824 3211 1896 iilicque
3241 1841 3401 1880 mors
3430 1825 3592 1881 vivat
3620 1825 3681 1880 in
3701 1838 3907 1896 pinna.

2251 1913 2527 1986 Sequitur
2581 1930 2593 1967 :
2645 1914 2834 1968 Jurta
2899 1914 3344 1968 multitudinem
3415 1914 3908 1969 adinventimum

2247 2018 2515 2067 suarum,
2548 2005 2632 2057 sic
2653 2009 2706 2060 et
2736 2003 3068 2058 sustinebit.
3103 2035 3172 2043 —
3204 2002 3310 2067 Qui
3365 2002 3522 2057 enim
3587 2001 3777 2058 multa
3825 2003 3912 2057 in-

2250 2091 2408 2147 venit
2434 2092 2511 2147 ad
2539 2091 2802 2164 culpam,
2832 2092 3004 2146 novis
3025 2091 3321 2146 cruciatur
3345 2090 3790 2146 inventionibus
3847 2091 3908 2146 in

2251 2195 2452 2252 paena.
2488 2183 2632 2235 Nam
2657 2179 2822 2252 quod
2854 2179 2949 2234 hic
2983 2180 3270 2252 suspicari
3302 2195 3424 2234 non
3457 2181 3667 2252 potuit,
3694 2179 3808 2234 hoc
3845 2179 3910 2234 il-

2248 2268 2321 2323 lic
2352 2268 2674 2324 ultionibus
2709 2268 2966 2324 traditus
2989 2269 3180 2323 sentit.
3217 2267 3376 2324 Sicut
3417 2269 3576 2324 enim
3607 2268 3908 2324 exercitati

2250 2357 2308 2410 in
2343 2356 2518 2410 bonis
2548 2356 2832 2428 operibus
2855 2356 3018 2412 electi
3049 2372 3490 2429 nonnunquam
3509 2357 3644 2430 plus
3669 2357 3915 2412 student

2250 2458 2426 2512 agere
2457 2461 2642 2516 quam
2669 2445 2752 2500 eis
2773 2445 3058 2514 dignatus
3085 2450 3173 2500 est
3202 2446 3491 2504 Dominus
3515 2444 3725 2516 jubere
3755 2463 3768 2499 :
3824 2445 3913 2500 sic

2250 2532 2603 2604 plerumque
2635 2534 2896 2606 perversi
2923 2535 3148 2607 quique
3206 2535 3264 2590 in
3325 2535 3529 2608 pravis
3574 2533 3916 2590 actionibus

2250 2626 2618 2689 exercentur,
2644 2627 2708 2677 ut
2737 2623 2872 2695 plus
2917 2623 3220 2679 inveniant
3270 2623 3329 2680 in
3381 2638 3661 2696 perversa
3701 2638 3916 2696 opera-

2251 2711 2407 2766 tione
2438 2712 2603 2782 quod
2635 2711 2874 2777 faciant,
2906 2729 3094 2785 quam
3120 2728 3192 2768 ex
3226 2729 3339 2768 usu
3372 2712 3766 2786 reproborum
3793 2712 3913 2768 ini-

2249 2800 2492 2872 quitatis
2521 2806 2862 2874 potuerunt.
2903 2803 3065 2858 Unde
3092 2808 3148 2858 et
3176 2803 3483 2876 amplioris
3507 2802 3916 2858 retributionis

2253 2893 2550 2945 tormento
2580 2889 2889 2948 feriuntur.
2927 2891 3204 2964 Sequitur
3231 2909 3243 2946 :

479 2982 731 3039 modum
762 2985 939 3070 capta
965 2997 1138 3038 mens
1195 2996 1424 3037 veneno
1479 2979 1750 3037 violentae
1801 2979 2141 3036 tentationis
2171 3013 2212 3070 ρ
2323 2978 2495 3032 Vens.
2533 2979 2614 3045 19,
2647 2983 2734 3034 20.
2767 2981 3058 3048 Quoniam
3087 2981 3474 3052 confringens
3491 2981 3744 3037 nudavit
3761 2993 3916 3050 pau-

477 3073 744 3126 necatur.
767 3069 878 3127 Sed
906 3069 1154 3126 fortasse
1184 3068 1312 3124 hth
1340 3067 1474 3140 ipsa
1492 3067 1817 3138 intelligere
1837 3067 2017 3124 etiam
2034 3084 2142 3140 per
2184 3067 2210 3070 ’“
2244 3081 2439 3134 peres,
2461 3081 2724 3138 pomum,
2756 3069 2960 3138 rapuit
2991 3079 3188 3124 etnon
3231 3069 3548 3138 aediﬁca-vit
3607 3083 3759 3133 eam,
3802 3084 3917 3124 nec

477 3159 838 3216 contrariam
871 3157 1416 3231 interpretationem
1461 3156 1752 3214 valemus.
1808 3160 1956 3213 Nam
1996 3155 2142 3228 quia

477 3247 640 3320 aspis
669 3261 902 3302 veneno
934 3262 1046 3302 suo
1076 3245 1325 3311 concito,
1383 3246 1592 3318 vipera
1651 3250 1850 3302 autem
1912 3245 2140 3302 tardius

477 3335 694 3392 occidit
717 3353 730 3401 ;
757 3350 866 3407 per
894 3333 1170 3407 aspidem
1198 3334 1459 3390 violenta
1481 3339 1538 3390 et
1562 3333 1780 3399 subita,
1827 3349 1935 3406 per
1981 3335 2142 3406 vipe-

477 3439 610 3480 ram
630 3422 778 3479 lenis
809 3427 866 3478 et
911 3422 1196 3478 diuturna
1251 3423 1496 3479 tentatio
1553 3421 1924 3493 designatur.
1976 3422 2139 3478 Unde

477 3512 562 3569 illi
592 3527 755 3568 mors
778 3511 1209 3567 insurrectione
1261 3511 1497 3584 capitis,
1553 3511 1766 3583 viperae
1825 3516 2026 3567 autem
2077 3511 2138 3566 in

477 3601 686 3669 lingua
737 3614 866 3656 esse
916 3598 1284 3671 perhibetur,
1337 3599 1483 3671 quia
1529 3600 1842 3672 repentina
1897 3600 2140 3656 tentatio

483 3705 644 3761 saepe
669 3688 1048 3762 inopinatam
1073 3694 1356 3756 mentem,
1392 3705 1533 3746 mox
1556 3694 1621 3745 ut
1672 3689 1878 3758 surgit,
1923 3688 2141 3746 interﬁ-

482 3779 562 3835 cit
591 3797 605 3846 ;
631 3778 814 3848 longa
834 3791 976 3833 vero
1007 3777 1272 3844 tentatio,
1303 3777 1448 3850 quia
1497 3793 1688 3850 prava
1744 3777 1966 3834 diutius
2011 3794 2140 3851 per-

481 3866 794 3924 suadendo
825 3865 1111 3937 suggerit,
1137 3865 1300 3924 velut
1319 3883 1391 3923 ex
1421 3866 1626 3937 lingua
1657 3867 1860 3940 vipera
1902 3866 2136 3924 occidit.

481 3956 756 4031 Sequitur
787 3974 800 4014 :

552 4047 730 4104 Vens.
767 4051 851 4104 l7.
884 4048 1016 4103 Non
1045 4047 1242 4104 videat
1269 4048 1500 4104 rivulos
1516 4047 1804 4118 ﬂuminis,
1849 4051 2140 4104 torrentes

482 4139 676 4197 mellis
703 4143 756 4194 et
791 4137 1018 4208 butyri.
1052 4168 1118 4178 -—
1147 4140 1212 4193 In
1246 4136 1564 4208 Evangelia
1612 4136 1754 4193 dicit
1802 4136 2090 4194 Dominus
2124 4153 2136 4192 :

485 4250 513 4277 «
542 4227 654 4294 Qui
678 4226 862 4284 credit
891 4227 952 4282 in
975 4242 1094 4295 me,
1124 4225 1279 4282 sicut
1331 4226 1474 4283 dicit
1511 4226 1834 4298 Scriptura,
1887 4226 2142 4282 ﬂumina

483 4315 560 4371 de
587 4319 788 4372 ventre
811 4315 942 4385 ejus
971 4313 1160 4370 ﬂuent
1179 4330 1355 4386 aquai
1386 4316 1578 4384 (Joan.
1611 4331 1712 4385 vn,
1743 4317 1851 4384 38).
1885 4334 1914 4368 »
1949 4313 2140 4372 Rivali

485 4418 628 4472 ergo
684 4407 823 4458 sunt
843 4402 1126 4468 ﬂuminis,
1180 4402 1344 4459 dona
1372 4402 1621 4475 Spiritus
1652 4403 1860 4460 sancti.
1892 4403 2140 4460 Rivulus

485 4495 575 4548 est
597 4490 864 4548 ﬂuminis
906 4491 1189 4562 Charitas,
1245 4490 1474 4546 rivulus
1520 4491 1787 4548 ﬂuminis
1841 4492 2012 4554 ﬁdes.
2073 4493 2145 4549 ri-

483 4580 662 4637 vulus
681 4579 948 4637 ﬂuminis
976 4595 1133 4652 spes.
1189 4579 1302 4638 Sed
1351 4579 1641 4653 quoniam
1691 4581 1891 4638 omnis
1946 4583 2144 4656 hypo-

484 4669 632 4728 crita
680 4685 792 4726 nec
851 4672 1036 4728 Deum
1066 4685 1178 4726 nec
1209 4669 1554 4743 proximum
1582 4669 1790 4742 diligit,
1823 4687 1964 4727 cum
1991 4676 2146 4728 tran-

487 4759 754 4818 sitoriam
784 4759 997 4817 mundi
1037 4759 1293 4830 gloriam
1330 4759 1544 4832 quaerit
1595 4758 1822 4816 rivulus
1875 4758 2142 4818 ﬂuminis

485 4863 610 4906 non
632 4849 812 4918 videt,
841 4851 985 4924 quia
1013 4849 1357 4920 irrigatione
1380 4865 1506 4906 non
1536 4849 1976 4923 perinfunditur
2001 4851 2141 4910 cha-

485 4935 690 4994 ritatis.
725 4941 790 4994 Et
819 4939 1156 4996 notandum
1183 4937 1352 5012 quod
1379 4953 1502 4995 non
1533 4939 1714 5005 rivos,
1761 4939 1868 4996 sed
1921 4939 2144 4997 rivulos

486 5023 647 5082 dicit.
669 5026 872 5100 Accipi
901 5027 1062 5084 enim
1090 5027 1265 5084 rivuli
1293 5025 1561 5086 ﬂuminis
1584 5032 1838 5101 possunt
1861 5043 1992 5086 esse
2037 5028 2143 5084 do-

485 5128 568 5172 na
595 5111 905 5186 spiritalia,
935 5131 1072 5188 quia
1097 5116 1162 5172 in
1207 5116 1467 5174 amantis
1494 5122 1693 5174 mente
1721 5116 1803 5174 ita
1830 5117 1907 5174 de
1934 5115 2142 5174 caeles-

486 5203 646 5260 tibus
677 5203 972 5262 subtiliter
997 5211 1262 5274 currunt,
1295 5211 1360 5263 ut
1378 5222 1486 5280 per
1535 5223 1604 5264 os
1653 5208 1852 5264 carnis
1907 5205 2143 5279 impleri

483 5308 606 5351 non
636 5294 891 5368 possint.
920 5293 1160 5351 Fluvius
1181 5299 1385 5354 autem
1415 5301 1646 5354 torrens
1667 5300 1774 5364 est,
1799 5295 1936 5368 ipsa
1962 5294 2140 5352 inun-

483 5380 646 5438 datio
665 5381 915 5454 Spiritus
946 5383 1158 5452 sancti,
1197 5400 1334 5457 quas
1387 5385 1447 5441 in
1500 5383 1960 5456 contemplantis
2010 5381 2138 5439 ani-

485 5483 656 5525 mum
684 5471 1034 5529 exuberanti
1081 5471 1382 5530 inlusione
1411 5473 1726 5543 colligitur,
1771 5487 1912 5530 cum
1966 5487 2138 5528 mens

483 5555 808 5629 plusquam
843 5559 1166 5632 intelligere
1212 5561 1448 5628 sufﬁcit,
1501 5559 1780 5634 repletur.
1830 5559 1935 5618 Mel
1976 5560 2137 5618 enim

486 5645 743 5720 lI.--uper
771 5647 945 5717 cadit,
979 5649 1266 5721 butyrum
1300 5666 1438 5708 vero
1467 5665 1540 5708 ex
1588 5647 1942 5708 animalium
1985 5649 2136 5708 lacte

2249 3161 2334 3211 est
2361 3157 2617 3212 satiatus
2649 3164 2853 3214 venter
2873 3160 3018 3226 ejus.
3055 3190 3122 3198 -—-
3152 3161 3404 3214 Domum
3435 3159 3718 3231 pauperis
3765 3173 3916 3213 con-

2251 3243 2456 3314 fringit
2483 3244 2768 3314 etnudat,
2801 3246 2944 3318 quia
2992 3263 3131 3302 eum
3179 3263 3362 3319 quem
3420 3261 3529 3319 per
3577 3246 3915 3320 potentiam

2251 3333 2518 3402 conterit,
2573 3335 2904 3408 eXspoliare
2969 3353 3212 3409 quoque
3259 3353 3368 3410 per
3417 3337 3726 3393 avaritiam
3783 3352 3912 3393 non

2249 3422 2563 3479 erubescit.
2593 3423 2765 3496 Rapit
2793 3441 2926 3480 eam
2956 3431 3014 3482 et
3040 3441 3163 3482 non
3201 3426 3474 3483 aediﬁcat.
3498 3432 3576 3482 Ac
3605 3427 3654 3482 si
3705 3430 3913 3499 aperte

2249 3510 2544 3567 diceretur
2565 3528 2578 3566 :
2603 3513 2708 3575 Qui
2737 3512 2893 3569 hanc
2911 3513 3208 3570 tediﬁcare
3237 3514 3441 3571 debuit
3461 3515 3707 3588 insuper
3728 3515 3906 3587 rapit.

2249 3600 2470 3668 Rapuit
2502 3615 2666 3669 ergo,
2693 3606 2750 3656 et
2779 3617 2897 3657 non
2927 3603 3245 3671 aediﬁcavit
3273 3617 3422 3672 eam,
3467 3604 3612 3676 quia
3635 3618 3758 3658 non
3808 3618 3910 3658 so-

2247 3687 2374 3744 lum
2404 3687 2478 3744 de
2505 3704 2628 3744 suo-
2647 3689 2728 3744 nil
2755 3689 2976 3758 tribuit,
3012 3691 3115 3746 sed
3144 3691 3349 3757 etiam,
3371 3692 3534 3764 quod
3595 3697 3720 3748 erat
3771 3691 3914 3748 alie-

2247 3794 2418 3844 num,
2475 3777 2644 3835 tulit.
2702 3779 2920 3836 Venter
2966 3781 3193 3854 quippe
3245 3781 3438 3854 iniqui
3492 3781 3740 3838 avaritia
3795 3787 3914 3838 est,

2247 3869 2390 3942 quia
2437 3869 2499 3925 in
2568 3869 2700 3942 ipsa
2755 3870 3070 3941 colligitur.
3122 3872 3418 3946 quidquid
3463 3888 3750 3946 perverso
3799 3871 3912 3928 de-

2250 3957 2467 4014 siderio
2497 3958 2760 4028 glutitur.
2792 3959 2997 4032 Liquet
3025 3976 3166 4016 vero
3197 3961 3342 4033 quia
3371 3961 3618 4020 avaritia
3673 3961 3913 4018 deside-

2249 4047 2390 4103 ratis
2421 4047 2600 4104 rebus
2639 4064 2763 4106 non
2819 4050 3234 4120 exstinguitur,
3285 4051 3389 4107 sed
3433 4055 3711 4121 augetur.
3761 4055 3910 4107 Nam

2251 4153 2416 4193 more
2442 4137 2614 4207 ignis,
2648 4154 2787 4194 cum
2829 4138 2994 4208 ligna
3041 4156 3178 4212 quia
3232 4146 3550 4197 consumat
3593 4139 3910 4212 acceperit,

2251 4227 2553 4283 excrescit.
2587 4229 2864 4300 Sequitur
2896 4245 2908 4282 :
2942 4229 3020 4283 Et
3049 4245 3183 4284 cum
3211 4229 3486 4287 habuerit
3519 4246 3650 4303 qua
3693 4245 3914 4287 concu-

2245 4317 2468 4386 pierat,
2518 4317 2824 4384 possidere
2879 4333 3000 4373 non
3051 4325 3290 4388 poterat.
3326 4351 3393 4362 —-
3425 4320 3658 4391 Majoris
3705 4324 3913 4376 autem

2251 4403 2578 4460 iracundiae
2603 4409 2714 4467 est,
2741 4421 2880 4461 cum
2925 4411 2982 4462 et
3038 4412 3150 4462 hoc
3207 4407 3479 4464 tribuitur
3526 4408 3695 4480 quod
3749 4407 3917 4464 mala

2252 4492 2643 4559 desideratur,
2669 4497 2849 4566 atque
2879 4494 3018 4550 inde
3065 4496 3374 4569 repentina
3424 4496 3569 4553 ultio
3618 4497 3910 4571 sequitur,

2251 4581 2396 4654 quia
2417 4580 2528 4637 hoc
2557 4597 2801 4654 quoque
2821 4581 3078 4639 obtinuit
3102 4586 3269 4656 quod
3297 4587 3415 4642 Deo
3442 4584 3732 4641 irascente
3769 4599 3914 4640 con-

2251 4669 2495 4742 cupivit.
2529 4669 2693 4726 Unde
2722 4674 2780 4726 et
2807 4685 2914 4743 per
2934 4671 3314 4729 Psalmistam
3334 4672 3570 4738 dicitur,
3624 4690 3760 4730 cum
3813 4689 3910 4729 es-

2252 4774 2389 4815 cam
2417 4758 2613 4815 carnis
2643 4758 2799 4815 male
2819 4759 3080 4832 populus
3106 4759 3488 4818 desiderasse
3518 4762 3866 4834 perhibetur
3892 4780 3907 4818 :

2253 4869 2280 4898 (ι
2315 4846 2524 4905 Adhuc
2547 4862 2686 4904 esca
2706 4851 2832 4904 erat
2867 4848 2928 4906 in
2951 4863 3052 4906 ore
3079 4849 3372 4921 ipsorum.
3414 4855 3471 4907 et
3517 4851 3607 4908 ira
3655 4851 3755 4908 Dei
3808 4866 3910 4907 as-

2253 4935 2452 4994 cendit
2479 4951 2660 5008 super
2687 4951 2811 5003 eos,
2843 4941 2900 4995 et
2927 4937 3144 4994 occidit
3161 4937 3456 5012 plurimos
3479 4956 3694 4998 eorum
3712 4941 3905 5012 (Psal.

2251 5040 2459 5094 Lxxvu,
2489 5027 2598 5096 38).
2634 5048 2662 5078 ››
2688 5024 2964 5099 Sequitur
2991 5044 3004 5082 :

2324 5113 2503 5172 Vrsas.
2525 5113 2614 5172 21.
2641 5115 2780 5173 Non
2805 5117 3093 5174 remansit
3112 5116 3188 5173 de
3201 5116 3330 5175 cibo
3355 5117 3764 5188 eius—Cibus
3777 5118 3913 5189 ejus

2250 5208 2343 5262 est
2369 5221 2549 5263 omne
2577 5205 2744 5278 quod
2768 5221 3046 5279 perverso
3065 5205 3367 5265 desiderio
3397 5208 3762 5281 concupivit.
3793 5208 3913 5265 Sed

2249 5311 2532 5369 perverso
2563 5295 2892 5368 hypocritae
2923 5294 3000 5352 de
3027 5295 3164 5354 cibo
3185 5312 3299 5354 suo
3326 5297 3411 5354 nil
3439 5303 3727 5363 remanet,
3761 5299 3916 5370 quia

2248 5399 2388 5441 cum
2416 5384 2543 5458 ipse
2571 5382 2649 5440 ad
2679 5387 2902 5440 aeterna
2936 5383 3230 5456 supplicia
3278 5385 3535 5452 ducitur.
3591 5402 3628 5444 a
3675 5385 3912 5443 cunctis

2246 5472 2423 5530 bonis
2444 5489 2580 5545 quas
2609 5471 2705 5528 hic
2715 5471 3086 5544 possederat,
3111 5472 3422 5532 alienatur.
3445 5473 3610 5532 Unde
3633 5479 3691 5530 et
3705 5472 3912 5532 adhuc

2246 5561 2522 5618 subditur
2541 5579 2552 5616 :
2572 5561 2902 5630 Propterea
2914 5563 3068 5619 nihil
3081 5565 3408 5622 remanebit
3421 5565 3495 5622 de
3505 5564 3670 5622 bonis
3681 5579 3912 5634 qius.—

2249 5650 2306 5708 Si
2333 5650 2495 5710 enim
2524 5649 2600 5708 de
2627 5649 2805 5708 bonis
2823 5651 2946 5708 suis
2971 5651 3157 5728 aliqui
3171 5656 3526 5722 remaneret,
3543 5668 3752 5712 secum
3763 5668 3910 5726 quae
