4146 6156
271 183 373 237 2τ7

1118 181 1409 236 EPITOME
1450 181 1815 237 MORALIUM
1858 178 1913 233 S.
1955 176 2158 231 GREG.
2203 178 2270 234 IN
2309 180 2463 237 JOB.
2498 213 2565 224 -
2606 186 2733 239 LIB.
2763 186 2877 240 XV.

3593 192 3698 244 278

269 305 566 361 habuerat
598 305 828 360 tolleret
854 323 865 363 :
899 304 1003 358 sed
1028 305 1168 376 quia
1194 304 1399 360 omnia
1424 304 1926 361 ambienstimere
1968 303 2016 355 A
2048 300 2121 356 de
2153 304 2543 362 ercultatione
2577 309 2947 375 cogitationis
2986 327 3108 366 suae
3158 326 3264 383 per
3320 311 3696 384 iniquitatem

265 394 535 465 judicem
566 395 776 461 noluit,
810 410 880 449 ex
916 395 1023 449 hac
1054 394 1172 450 vita
1196 394 1557 463 subtractUs,
1593 392 1794 448 nudus
1853 392 1929 447 ad

264 484 538 554 judicem
570 484 754 539 vadit.
784 484 1054 555 Sequitur
1087 502 1098 538 :

346 576 516 629 Vens.
547 579 634 629 2‘2.
668 605 736 613 —
769 575 915 629 Cum
946 575 1200 629 satiatus
1222 576 1435 645 fuerit,
1475 572 1837 630 arctabitur.
1861 600 1929 608 —

270 664 442 718 Prius
487 665 713 736 quippe
768 663 1009 719 anhelat
1060 680 1167 735 per
1219 665 1551 731 avaritiam,
1614 659 1931 732 concupita

267 767 656 821 congregare,
688 756 762 820 et,
795 768 935 807 cum
964 754 1138 825 quasi
1170 754 1230 808 in
1260 754 1529 825 quodam
1559 756 1763 808 ventre
1791 764 1929 805 ava-

265 842 413 898 ritiae
444 841 629 897 multa
661 843 1052 912 congesserit,
1087 842 1356 909 satiatur,
1418 846 1681 897 arctatur
1711 858 1723 903 ;
1784 837 1929 910 quia

265 932 415 985 dum
441 930 721 986 anxiatur
774 930 1030 1002 qualiter
1078 932 1369 1004 acquisita
1421 931 1738 994 custodiat,
1792 928 1928 999 ipsa

268 1036 381 1075 sua
410 1035 549 1074 cum
573 1020 812 1075 satietas
844 1026 1148 1089 angustat.
1181 1021 1457 1092 Sequitur
1482 1038 1494 1075 :
1524 1018 1841 1074 (Estuabit
1871 1022 1923 1070 et

263 1110 459 1165 omnis
490 1110 872 1164 detorti-ruet
894 1125 1076 1178 super
1107 1125 1258 1165 eum.
1314 1141 1381 1149 —
1436 1109 1603 1165 Prius
1660 1121 1925 1177 namque

262 1196 537 1252 dolorem
568 1196 781 1251 habuit
809 1197 868 1251 in
900 1197 1029 1268 ipsa
1052 1213 1175 1252 suae
1193 1196 1690 1269 concupiscentiae
1722 1194 1927 1262 latiga-

266 1286 448 1351 tione,
474 1284 731 1356 qualiter
785 1286 1106 1357 concupita
1149 1290 1399 1357 raperet,
1459 1282 1769 1355 quomodo
1813 1281 1927 1336 alia

265 1374 720 1440 blandimentis,
737 1374 855 1429 alia
877 1376 1196 1429 terroribus
1218 1376 1494 1430 auferret.
1513 1378 1581 1428 At
1604 1377 1924 1443 postquam

263 1463 575 1535 acquisitis
598 1463 781 1519 rebus
801 1464 1069 1535 pervenit
1086 1464 1163 1520 ad
1180 1463 1565 1528 desiderium,
1596 1462 1748 1517 alius
1764 1461 1925 1515 hunc

261 1554 441 1608 dolor
472 1552 695 1623 fatigat,
732 1558 795 1608 ut
840 1570 979 1613 cum
1030 1553 1280 1608 sollicito
1341 1553 1547 1607 timore
1605 1550 1921 1615 custodiat,

2046 391 2216 446 malae
2270 397 2631 465 operationis
2688 399 2969 468 aperitur,
3028 401 3359 455 ostenditur
3414 402 3471 456 in
3512 418 3694 474 opere

2040 480 2235 548 qualis
2264 482 2433 537 latuit
2461 484 2517 538 in
2542 486 2921 554 cogitatione.
2956 478 3364 543 litnotand‘um
3388 490 3553 561 quod
3570 491 3690 559 ait;

2038 568 2305 624 ΕιΙιιρίιις
2332 579 2384 627 et
2414 576 2719 643 egrediens
2752 576 2824 631 de
2852 576 3073 643 vagina
3100 592 3230 633 sua.
3268 577 3549 649 Eductus,
3586 580 3694 637 sci-

2038 658 2167 713 licet
2200 676 2305 731 per
2333 662 2728 734 seductorem,
2761 664 3073 731 egrediens
3096 682 3233 721 vero
3255 683 3361 738 per
3384 670 3692 741 propriam

2042 748 2428 805 voluntatem.
2462 752 2682 821 Fulgur
2706 753 2953 825 quippe,
2985 770 3125 809 cum
3164 760 3404 827 repente
3434 757 3691 830 desuper

2038 838 2216 907 venit,
2250 855 2389 895 cum
2422 846 2641 897 terrore
2654 849 2789 899 ante
2803 842 3008 899 oculos
3031 843 3300 900 clarescit
3325 862 3339 911 ;
3362 846 3691 903 claritatem

2038 930 2312 995 ostendit,
2346 934 2402 985 et
2430 932 2766 1002 anteposita
2813 933 3082 1005 percutit.
3141 933 3232 989 Sic
3270 932 3542 989 videlicet
3585 934 3693 990 ini-

2036 1032 2214 1086 quus,
2249 1035 2386 1074 cum
2416 1020 2666 1083 gloriam
2720 1022 2852 1078 vitae
2909 1023 3216 1093 praesentis
3273 1026 3688 1095 assumpserit,

2038 1107 2196 1161 unde
2228 1108 2286 1164 iu
2315 1109 2428 1164 hoc
2458 1112 2684 1166 mundo
2716 1128 2822 1183 per
2852 1113 3180 1184 potentiam
3206 1112 3403 1169 clarus
3428 1112 3690 1168 ostendi-

2039 1196 2293 1253 tur.inde
2324 1199 2518 1267 agitur
2540 1205 2599 1254 ut
2628 1201 2795 1255 multi
2832 1200 3134 1256 feriantur.
3163 1206 3355 1265 Quare
3386 1201 3686 1271 fulgurare

2036 1285 2222 1356 iniqui
2239 1294 2343 1347 est.
2365 1289 2421 1343 iu
2444 1291 2621 1360 hujus
2645 1291 2776 1345 vitae
2798 1292 3026 1347 honore
3045 1291 3388 1347 clarescere.
3417 1292 3529 1347 Sed
3545 1291 3690 1363 quia

2037 1372 2318 1444 splendor
2342 1377 2542 1443 gloriir
2576 1379 2727 1434 illius
2760 1381 2992 1436 aeternis
3045 1381 3330 1449 gehennae
3382 1380 3688 1452 suppliciis

2034 1465 2429 1536 mancipatur,
2464 1473 2617 1523 recte
2646 1485 2806 1524 nunc
2835 1470 3047 1524 dicitur
3072 1471 3402 1539 fulgurans
3434 1472 3493 1525 in
3528 1484 3691 1526 ama-

2035 1553 2300 1609 ritudine
2321 1570 2452 1611 sua.
2486 1557 2634 1620 Quia
2664 1558 2823 1612 enim
2856 1558 3038 1613 modo
3064 1558 3236 1629 quasi
3261 1574 3332 1613 ex
3390 1544 3609 1613 terrore
3633 1562 3689 1615 et

262 1644 427 1715 quod
458 1659 596 1698 cum
630 1644 795 1712 gravi
820 1642 1028 1698 labore
1063 1643 1332 1698 meminit
1357 1642 1737 1713 acquisitum.
1788 1641 1927 1694 Post
1967 1657 2004 1709 Β
2034 1639 2296 1696 claritate
2329 1642 2544 1700 feriens
2577 1646 2857 1711 gaudent,
2913 1646 3050 1701 inde
3103 1650 3239 1718 post
3283 1646 3580 1717 supplicia
3628 1646 3685 1701 in

263 1733 395 1786 haec
417 1744 657 1803 quoque
687 1732 765 1786 ad
796 1732 1133 1799 gehennam
1161 1731 1416 1797 ducitur,
1443 1730 1677 1785 aeternis
1702 1727 1925 1783 crucia-

262 1822 427 1876 tibus
453 1820 852 1892 mancipatur.
879 1822 1087 1876 Omnis
1117 1836 1260 1890 ergo
1291 1819 1462 1874 dolor
1497 1835 1677 1890 super
1697 1833 1835 1872 eum
1854 1816 1923 1871 ir-

261 1914 420 1979 ruet,
441 1926 625 1982 quem
645 1915 703 1965 et
722 1910 818 1965 hic
839 1912 1005 1982 prius
1025 1926 1204 1980 paena
1230 1908 1751 1980 concupiscentiae,
1768 1910 1927 1978 post-

262 2000 522 2055 modum
548 2015 690 2055 vero
713 1999 1378 2068 curacustodite,etillic
1404 1997 1775 2069 quandoque
1803 2011 1927 2066 pae-

262 2105 350 2145 na
378 2089 617 2144 ultionis
648 2089 957 2144 cremabit.
993 2088 1271 2159 Sequitur
1306 2106 1317 2142 :

340 2182 506 2234 Vsus.
535 2182 622 2233 23.
660 2180 897 2235 Utinam
924 2180 1253 2247 impleatur
1284 2181 1486 2233 venter
1511 2178 1662 2245 ejus,
1722 2181 1774 2230 et
1823 2176 1926 2229 im-

260 2269 465 2323 mittat
492 2270 554 2322 in
577 2284 708 2323 eum
737 2270 893 2322 iram
913 2268 1144 2336 favoris
1172 2267 1285 2333 sui,
1320 2273 1371 2321 et
1408 2267 1583 2334 ptuat
1636 2279 1817 2332 super
1858 2263 1929 2316 it-

263 2360 393 2413 lmn
425 2359 644 2414 bellum
672 2374 866 2413 suum.
895 2390 965 2398 —
992 2359 1181 2429 Super
1207 2358 1366 2411 hunc
1399 2354 1780 2426 hypocritam
1815 2356 1928 2407 Do-

260 2447 469 2503 minus
492 2446 717 2502 bellum
741 2462 918 2502 suum
941 2446 1109 2518 pluit,
1124 2462 1262 2503 cum
1290 2445 1653 2515 judiciorum
1678 2458 1926 2497 suorum

262 2536 482 2605 gladiis
507 2537 637 2607 ejus
663 2551 845 2609 opera
892 2537 1160 2607 percutit.
1216 2535 1435 2589 Bellum
1483 2548 1748 2604 namque
1804 2534 1923 2586 Deo

258 2626 472 2699 pluere
502 2630 608 2689 est,
624 2625 814 2696 iniqui
836 2625 1018 2680 vitam
1039 2624 1320 2679 districtis
1344 2640 1445 2678 seu
1456 2622 1646 2677 tentiis
1670 2621 1930 2692 desuper

260 2716 346 2771 ad
372 2716 677 2770 interitum
702 2730 932 2784 urgere.
971 2713 1245 2785 Sequitur
1272 2730 1283 2766 :

336 2808 504 2861 Vens.
536 2808 625 2861 24.
658 2805 869 2874 Fugiet
895 2819 1065 2859 arma
1092 2803 1316 2872 ferrea,
1337 2809 1390 2858 et
1417 2804 1606 2856 irruet
1632 2802 1691 2855 in
1717 2815 1927 2855 arcum

261 2911 505 2953 aereum.
552 2926 586 2933 α
637 2894 956 2950 Sciendum
983 2893 1149 2964 quod
1176 2892 1424 2946 avaritia
1453 2889 1781 2961 aliquando
1821 2903 1929 2960 per

2032 1735 2389 1801 perpetuum
2421 1735 2686 1790 sustinet.
2724 1736 3040 1807 Sequitur:
3082 1736 3305 1791 Vadent
3346 1741 3399 1791 et
3454 1737 3689 1791 venient

2031 1836 2211 1889 super
2239 1838 2369 1878 eum
2394 1824 2729 1880 horribiles.
2758 1857 2826 1864 ——
2848 1825 2997 1890 Quid
3032 1826 3145 1880 hoc
3188 1825 3318 1880 loco
3373 1824 3688 1880 horribiles

2031 1907 2144 1963 nisi
2178 1910 2421 1976 maligni
2454 1913 2693 1984 SPlI‘lLiS
2726 1913 3144 1985 appellantur!
3203 1913 3379 1969 bonis
3416 1913 3691 1969 videlicet

2034 1997 2334 2053 mentibus
2364 2002 2624 2071 pavendi
2645 2006 2824 2073 atque
2857 2002 3122 2070 fugiendi
3152 2004 3175 2056 ?
3234 2005 3300 2057 Et
3336 2001 3480 2073 quia
3508 2002 3689 2057 iidem

2032 2086 2281 2153 maligni
2311 2088 2550 2159 spiritus
2580 2090 2752 2145 certis
2783 2091 3130 2162 quibusque
3162 2091 3317 2146 vitiis
3345 2091 3563 2161 singuli
3592 2092 3692 2147 ob-

2035 2175 2202 2246 sequi
2233 2182 2371 2233 sunt
2397 2177 2699 2243 credendi,
2729 2197 2869 2234 cum
2898 2196 3210 2250 perversus
3236 2180 3343 2235 iste
3392 2180 3509 2236 alia
3560 2179 3689 2252 qui-

2034 2264 2174 2318 dem
2198 2264 2339 2319 vitia
2366 2265 2444 2320 ad
2471 2272 2846 2324 momentum
2876 2269 3146 2324 deserere
3169 2269 3419 2335 videtur,
3448 2269 3554 2324 sed
3574 2269 3692 2324 alia

2034 2370 2211 2423 agere
2241 2354 2463 2427 incipit,
2498 2357 2763 2427 profecto
2795 2374 2975 2430 super
3015 2359 3175 2413 hunc
3224 2358 3538 2414 horribiles
3591 2373 3692 2414 va-

2034 2443 2184 2499 dunt
2209 2450 2265 2501 et
2292 2445 2554 2513 veniunt,
2573 2447 2717 2518 quia
2742 2449 3003 2519 perversi
3025 2453 3289 2503 mentem
3301 2447 3412 2503 etsi
3429 2447 3547 2503 alia
3566 2463 3689 2503 ma-

2033 2532 2090 2586 la
2120 2533 2418 2601 deserunt,
2452 2534 2568 2590 alia
2598 2541 2916 2606 occupant.
2953 2536 3227 2607 Sequitur
3258 2554 3273 2592 :

2108 2625 2272 2677 Vsus.
2308 2628 2394 2689 26,
2428 2629 2514 2679 27.
2553 2626 2764 2681 Omnes
2791 2625 3043 2680 tenebrae
3066 2625 3426 2681 absconditae
3456 2630 3595 2679 sunt
3626 2626 3689 2679 in

2035 2714 2282 2767 occultis
2313 2715 2458 2781 ejus.
2594 2714 2878 2778 Quamvis
2907 2714 3220 2786 hypocrita
3272 2712 3535 2769 actiones
3580 2713 3689 2769 bo-

2035 2816 2145 2855 nas
2164 2800 2226 2855 in
2255 2801 2567 2871 superﬁcie
2597 2804 2872 2867 ostendit,
2919 2803 3205 2874 quaedam
3253 2806 3454 2859 tamen
3500 2802 3562 2858 in
3619 2818 3691 2859 eo

2037 2889 2332 2944 malorum
2366 2906 2617 2962 operum
2642 2891 2900 2946 tenebrae
2958 2896 3271 2963 apparent,
3331 2892 3438 2947 sed
3487 2895 3689 2948 tamen

259 2984 586 3040 elationem
618 2981 906 3053 subrepit,
940 2980 1268 3050 aliquando
1296 2996 1435 3034 vero
1468 2994 1572 3050 per
1626 2978 1919 3033 timorem.
1967 3004 2007 3055 ο
2039 2978 2239 3033 minus
2268 2979 2469 3049 prodit
2494 2980 2551 3033 in
2577 2995 2778 3050 opere,
2803 2995 2991 3051 quam
3022 2981 3082 3035 in
3105 2981 3235 3050 ejus
3284 2981 3424 3036 latet
3472 2980 3690 3050 cogita-

259 3074 413 3128 Sunt
434 3086 700 3143 namque
725 3069 1021 3133 nonnulli,
1054 3069 1202 3123 dum
1233 3068 1497 3141 potiores
1520 3066 1708 3121 videri
1735 3081 1921 3137 appe-

260 3166 416 3229 tunt,
437 3161 501 3215 in
530 3159 859 3214 alienarum
886 3174 1087 3213 rerum
1108 3157 1404 3213 ambitum
1457 3155 1924 3211 succenduntur.

262 3252 332 3305 Et
356 3254 496 3304 sunt
523 3247 797 3303 nonnulli
824 3246 952 3319 qui,
999 3247 1147 3301 dum
1193 3246 1305 3301 sibi
1364 3244 1774 3301 subsidiorum
1829 3258 1928 3297 ne-

267 3339 534 3395 cessaria
563 3339 773 3395 deesse
802 3337 1031 3406 timent,
1060 3342 1323 3392 mentem
1354 3335 1434 3390 ad
1483 3333 1795 3390 avaritiam
1843 3348 1929 3387 re-

260 3427 475 3483 laxant
501 3432 557 3482 et
580 3426 775 3483 aliena
796 3426 1092 3489 ambiunt,
1123 3440 1262 3480 cum
1308 3424 1421 3479 sibi
1487 3438 1597 3477 sua
1656 3421 1928 3477 sufﬁcere

260 3533 390 3574 non
462 3532 645 3589 posse
711 3515 1107 3588 suspicantur.
1189 3515 1395 3570 Omnis
1455 3527 1600 3580 ergo
1672 3511 1927 3567 necessi-

260 3612 356 3663 tas
411 3622 532 3662 non
585 3606 912 3675 incongrue
964 3605 1187 3660 ferrum
1231 3609 1499 3668 vocatur,
1560 3601 1706 3673 quia
1742 3601 1926 3656 vitam

258 3695 464 3767 inopis
486 3694 757 3750 mmroris
797 3693 1037 3749 vulnere
1058 3694 1300 3757 cruciat,
1337 3692 1488 3746 sicut
1544 3705 1792 3761 quoque
1849 3688 1925 3743 de

258 3786 398 3855 ejus
424 3783 879 3839 necessitatibus
901 3782 1190 3854 scriptum
1240 3786 1348 3850 est,
1396 3779 1501 3851 qui
1553 3795 1590 3834 a
1643 3778 1926 3834 fratribus

258 3872 564 3941 venditus,
598 3870 881 3927 afﬂictam
910 3871 1098 3925 vitam
1126 3869 1407 3925 ducebat.
1461 3890 1486 3914 «
1520 3869 1763 3921 Ferrum
1792 3880 1925 3937 per-

260 3963 535 4018 transivit
554 3961 825 4016 animam
852 3960 983 4028 ejus
1015 3960 1205 4026 (Psat.
1240 3973 1354 4021 Civ,
1386 3958 1491 4021 18).
1526 3980 1554 4004 »
1613 3955 1764 4016 Quid
1784 3970 1927 4023 ergo

257 4056 405 4107 sunt
428 4065 600 4105 arma
631 4049 844 4109 terrea,
875 4047 986 4101 nisi
1018 4048 1400 4102 necessitates
1431 4045 1564 4098 VlttB
1591 4042 1925 4114 praesentis,

257 4157 403 4214 qum
427 4139 579 4194 dure
609 4139 913 4210 premunt,
940 4141 997 4191 et
1028 4136 1212 4190 vitam
1242 4133 1438 4204 inepis
1479 4133 1875 4203 insequuntur
1903 4132 1930 4184 ‘I

260 4233 511 4285 Ferrum
543 4228 772 4299 quippe
798 4240 1002 4293 aerugo
1032 4223 1349 4288 consumit,
1382 4238 1465 4277 aes
1481 4225 1681 4276 autem
1709 4234 1925 4274 consu-

2042 3067 2216 3121 tione.
2250 3071 2396 3121 Nam
2427 3068 2531 3139 qui
2560 3072 2776 3123 cuneta
2804 3069 2981 3123 simul
3009 3069 3067 3123 in
3099 3069 3311 3124 eﬂ‘ectu
3332 3085 3454 3123 non
3471 3069 3687 3140 explet,

2038 3160 2253 3210 cuncta
2279 3171 2413 3227 quas
2443 3161 2698 3212 noceant
2726 3158 2787 3211 in
2818 3162 3015 3213 mente
3045 3157 3258 3213 tacitus
3290 3161 3465 3212 tenet.
3493 3156 3694 3228 Sequi-

2038 3250 2166 3299 tur:
2195 3246 2517 3301 Devorabit
2545 3261 2675 3302 eum
2708 3249 2885 3316 ignis,
2915 3248 3021 3318 qui
3041 3262 3161 3302 non
3183 3247 3586 3302 succenditur.
3622 3276 3690 3287 -—-

2036 3333 2175 3389 Miro
2204 3333 2378 3389 valde
2410 3334 2593 3389 modo
2622 3335 2834 3407 paucis
2860 3335 3054 3390 verbis
3081 3350 3398 3407 expressus
3452 3339 3541 3390 est
3594 3349 3694 3404 ge-

2036 3423 2249 3478 hennae
2288 3424 2459 3493 ignis.
2522 3425 2679 3493 ignis
2733 3440 2999 3497 namque
3049 3440 3397 3498 corporeus,
3450 3428 3514 3480 ut
3562 3439 3692 3479 esse

2035 3511 2192 3581 ignis
2220 3512 2436 3582 valeat,
2471 3513 2774 3585 corporeis
2806 3513 3030 3580 indiget
3064 3513 3362 3583 fomentis,
3390 3512 3495 3585 qui
3550 3527 3690 3568 cum

2034 3617 2275 3657 necesse
2301 3608 2391 3658 est
2413 3606 2477 3658 ut
2506 3608 2787 3670 servetur,
2824 3619 2929 3675 per
2959 3608 3242 3672 congesta
3271 3602 3434 3671 ligna
3480 3600 3690 3675 procul

2034 3691 2222 3746 dubio
2252 3692 2526 3759 nutritur,
2560 3708 2671 3747 nec
2708 3692 2862 3748 valet
2884 3692 2995 3747 nisi
3054 3707 3379 3747 succensus
3431 3707 3584 3759 esse,
3634 3693 3691 3745 et

2034 3779 2147 3833 nisi
2167 3780 2388 3835 refotus
2422 3781 2768 3836 subsistere.
2800 3786 2867 3835 At
2909 3786 3118 3836 contra
3172 3781 3460 3852 gehennae
3509 3779 3686 3847 ignis,

2036 3883 2175 3922 cum
2197 3868 2270 3922 sit
2298 3884 2622 3940 corporeus
2650 3874 2706 3923 et
2734 3870 2793 3923 in
2818 3870 3140 3941 semetipso
3166 3869 3456 3940 reprobos
3483 3883 3693 3940 corpo-

2036 3956 2233 4012 raliter
2254 3962 2483 4026 exurat,
2515 3974 2625 4012 nec
2650 3958 2850 4012 studio
2870 3959 3141 4013 humano
3166 3957 3567 4023 succenditur,
3579 3971 3689 4010 nec

2036 4044 2213 4112 lignis
2236 4046 2511 4115 nutritur,
2546 4046 2651 4099 sed
2705 4050 2940 4100 creatus
2995 4045 3179 4100 semel
3227 4043 3692 4111 inextinguibilis

2038 4132 2235 4202 durat,
2258 4138 2316 4187 et
2340 4134 2729 4188 succensione
2757 4148 2880 4189 non
2913 4133 3157 4204 indiget,
3190 4137 3249 4187 et
3299 4133 3511 4188 ardore
3567 4147 3688 4186 non

2038 4225 2217 4289 caret,
2247 4220 2391 4293 quia
2421 4221 2855 4292 Omnipotentis
2879 4221 3126 4291 justitia,
3150 4220 3487 4276 futurorum
3511 4234 3692 4293 praes-

259 4333 428 4373 mere
453 4315 754 4372 difﬁcilius
776 4315 943 4371 solet.
980 4318 1154 4370 Ferro
1206 4327 1349 4381 ergo
1397 4309 1721 4367 necessitas
1777 4325 1925 4382 prae-
1962 4355 2007 4409 D
2039 4310 2148 4375 cia,
2184 4310 2262 4365 ab
2292 4310 2423 4383 ipsa
2447 4310 2659 4366 mundi
2689 4310 2915 4380 origine
2942 4310 3233 4380 gehennae
3274 4310 3477 4379 ignem
3532 4325 3691 4365 crea-

261 4423 424 4475 sens,
474 4421 610 4477 quas
669 4403 1009 4459 transitoria
1051 4407 1157 4467 est,
1225 4418 1339 4456 iere
1388 4403 1589 4456 autem
1636 4398 1923 4454 sententia

262 4499 489 4551 aeterna
516 4494 826 4563 ﬁguratur.
862 4496 928 4547 Et
947 4491 1092 4564 quia
1116 4491 1410 4561 judicium
1466 4504 1795 4560 supernum
1846 4486 1925 4542 ab

263 4584 459 4655 iniqui
488 4587 683 4639 mente
708 4598 831 4637 non
865 4582 1210 4643 attenditur,
1234 4581 1392 4650 juste
1423 4578 1583 4634 arcui
1616 4592 1927 4649 compara-

266 4680 383 4737 tur,
410 4672 720 4745 quomodo
743 4672 898 4727 velut
929 4688 999 4726 ex
1032 4670 1267 4725 insidiis
1292 4668 1567 4741 percutit,
1594 4668 1739 4723 dum
1782 4666 1927 4721 illud

263 4763 315 4818 is
343 4762 448 4833 qui
472 4762 798 4833 percutitur
826 4776 950 4815 non
983 4759 1252 4815 attendit.
1300 4759 1516 4828 Fugiet
1566 4771 1709 4824 ergo
1754 4771 1927 4812 arma

262 4854 471 4921 ferrea
498 4858 548 4906 et
580 4852 772 4906 irruet
803 4852 865 4905 in
897 4865 1106 4905 arcum
1138 4864 1380 4907 aereum.
1409 4846 1551 4919 quia
1577 4845 1726 4901 dum
1780 4860 1929 4916 prae-

266 4946 467 4995 sentes
496 4940 879 4995 necessitates
907 4943 1179 4994 metuens
1228 4937 1415 4992 multa
1453 4951 1558 5007 per
1613 4933 1925 4991 avaritiam

264 5030 448 5101 rapit,
476 5028 947 5096 extremijudicii
1002 5026 1276 5082 districtis
1321 5042 1381 5079 se
1442 5022 1927 5096 percussionibus

265 5123 597 5190 anteponit.
630 5118 908 5189 Sequitur
941 5134 952 5170 :

342 5211 509 5264 Vsus.
542 5213 628 5263 25.
756 5209 1029 5263 Είιαεειιιε
1055 5212 1107 5263 et
1134 5207 1442 5275 egrediens
1468 5205 1775 5275 devagina
1790 5218 1926 5269 sua,

266 5305 324 5354 et
350 5298 681 5367 fulgurans
706 5299 767 5352 in
797 5296 1207 5352 amaritudine
1231 5311 1361 5351 sua.
1420 5325 1486 5333 -—
1547 5294 1794 5365 Iniquus
1816 5293 1927 5348 iste

266 5386 591 5443 insidiatur
620 5384 1170 5458 deprmdationibus
1190 5385 1627 5455 proximorum,
1651 5383 1757 5437 sed
1779 5382 1926 5437 dum

268 5491 461 5549 prava
488 5475 545 5530 in
569 5475 926 5544 cogitatione
961 5474 1354 5539 machinatur,
1384 5472 1558 5545 quasi
1583 5472 1782 5527 adhuc
1807 5472 1927 5539 gla-

267 5564 409 5620 dius
438 5565 497 5619 in
529 5565 749 5634 vagina
782 5568 887 5619 est.
927 5565 1076 5617 Dum
1098 5578 1238 5617 vero
1270 5562 1498 5618 malum
1520 5562 1685 5634 quod
1711 5561 1929 5631 cogita-

268 5654 372 5725 vit,
398 5654 603 5728 inique
628 5654 877 5727 perﬁcit,
910 5652 986 5709 de
1015 5651 1237 5721 vagina
1268 5668 1378 5709 sua
1425 5652 1742 5723 egreditur.
1779 5652 1929 5718 Quia

2038 4398 2139 4462 vit,
2167 4399 2269 4471 qui
2300 4399 2360 4454 in
2386 4415 2565 4471 paena
2589 4399 2983 4471 reprcborum
3013 4415 3141 4456 esse
3163 4399 3347 4455 semel
3384 4399 3689 4471 inciperet,

2040 4489 2145 4544 sed
2168 4488 2447 4546 ardorem
2473 4506 2649 4544 suum
2681 4490 2862 4545 etiam
2893 4489 3022 4545 sine
3050 4489 3226 4559 lignis
3254 4504 3568 4562 nunquam
3623 4489 3691 4544 ﬂ-

2036 4579 2206 4634 niret.
2238 4579 2513 4651 Sequitur
2554 4595 2567 4634 :
2598 4580 2921 4649 Afﬂigitur
2945 4579 3190 4635 retictus
3247 4580 3309 4634 in
3342 4578 3692 4634 tabernacu-

2040 4669 2094 4722 lo
2125 4684 2248 4723 suo.
2282 4699 2349 4706 ——
2380 4668 2748 4739 lniquienim
2777 4666 3235 4723 tabernaculum
3257 4681 3396 4722 caro
3413 4670 3519 4735 est,
3546 4665 3691 4737 quia

2035 4756 2206 4813 laetus
2236 4756 2432 4827 ipsam
2459 4756 2774 4820 inhabitat,
2807 4762 2883 4823 et,
2914 4755 2963 4810 si
2994 4755 3068 4810 sit
3094 4754 3399 4827 possibile,
3421 4758 3589 4826 optat
3626 4757 3692 4809 ut

2036 4860 2171 4901 eam
2202 4860 2521 4916 nunquam
2546 4844 2845 4916 relinquat
2892 4846 3086 4909 Quam
3116 4843 3384 4899 videlicet
3424 4857 3688 4914 carnem,

2036 4952 2175 4990 cum
2217 4934 2277 4989 in
2310 4934 2739 4990 resurrectione
2782 4933 3125 5006 susceperit,
3166 4948 3305 4989 cum
3347 4948 3420 4990 ea
3473 4935 3691 5003 gehen-

2035 5041 2130 5080 nae
2182 5024 2443 5095 ignibus,
2472 5024 2723 5079 traditus
2754 5024 3003 5080 ardebit.
3060 5026 3220 5080 Tunc
3263 5024 3343 5080 ab
3387 5038 3458 5080 ea
3518 5025 3691 5081 educi

2036 5116 2281 5188 appetit,
2335 5119 2477 5170 tunc
2529 5114 2660 5184 ejus
2718 5118 3031 5181 tormenta,
3082 5113 3131 5169 si
3183 5112 3381 5172 valeat
3416 5114 3687 5177 evadere,

2034 5205 2265 5277 quaerit.
2297 5207 2458 5260 Tunc
2488 5204 2691 5275 incipit
2726 5203 2872 5260 velle
2900 5205 3079 5260 vitare
3125 5204 3289 5276 quod
3312 5203 3557 5269 amavit,
3584 5199 3689 5253 sed

2034 5294 2139 5366 qui
2163 5310 2299 5349 eam
2314 5308 2557 5349 carnem
2589 5296 2706 5349 Deo
2732 5294 3078 5367 prieposuit,
3093 5293 3396 5364 judicante
3424 5293 3543 5343 Deo
3573 5286 3693 5357 agi-

2034 5390 2149 5453 tur,
2186 5389 2249 5439 ut
2268 5401 2341 5439 ex
2361 5400 2431 5440 ea
2452 5383 2711 5456 amplius
2740 5384 2801 5439 in
2832 5385 2969 5454 igne
2998 5382 3309 5438 crucietur.
3359 5377 3456 5431 Hic
3489 5377 3689 5451 itaque

1994 5488 2171 5531 ‘eam
2220 5475 2555 5546 relinquere
2610 5490 2731 5530 non
2784 5474 2924 5537 vult,
2962 5477 3019 5526 et
3071 5476 3270 5525 tamen
3324 5465 3402 5522 ab
3455 5483 3526 5525 ea
3555 5468 3689 5525 abs-

2037 5564 2289 5620 trahitur
2343 5581 2354 5617 :
2414 5562 2532 5618 illic
2578 5579 2713 5618 eam
2797 5561 3132 5629 relinquere
3198 5555 3443 5628 appetit,
3497 5561 3556 5613 et
3604 5562 3691 5613 ta-

2046 5668 2184 5708 men
2217 5652 2278 5708 in
2328 5667 2400 5707 eo
2452 5655 2699 5724 propter
2751 5644 3047 5720 supplicia
3072 5647 3358 5703 servatur.
3416 5646 3509 5700 Ad
3549 5659 3693 5737 aug:
