4128 6158
473 189 596 253 279

1509 188 1564 242 s.
1607 183 1866 241 ODONIS
1903 175 2200 234 ABBATIS
2238 173 2746 238 CLUNIACENSIS
2787 182 2853 235 Il.

3777 189 3888 243 280-
3921 197 3924 200 ’

477 323 748 376 mentum
777 316 978 387 itaque
1005 311 1326 374 tormentit,
1358 314 1416 366 et
1451 310 1546 366 hic
1603 309 1676 364 de
1732 319 1978 379 corpore
2023 317 2132 357 no-
2167 303 2216 354 A
2249 304 2642 378 mans,qu0d
2670 306 2738 374 is,
2792 305 2898 377 qui
2942 320 2978 359 a
3037 303 3288 360 Domino
3347 317 3659 374 percussus
3713 315 3870 380 esset,

477 409 605 465 lens
632 404 919 470 educitur,
945 407 1002 458 et
1029 400 1145 456 illic
1193 400 1252 456 in
1313 413 1562 471 corpore
1611 399 1840 453 tenetur
1893 391 2132 448 invitus.

599 494 758 549 uitur
793 509 806 546 :

599 499 758 549 uitur
793 509 806 546 :

482 499 714 637 seems.
737 580 826 636 28.
861 579 1230 636 Revelabunt
1284 578 1422 634 ειειὶ
1477 575 1854 646 iniquitatem
1879 573 2028 639 ejus,
2082 573 2136 623 et

481 677 648 727 terra
674 673 990 738 consurget
1015 667 1301 722 adversus
1329 681 1479 720 eum.
1536 695 1607 702 —
1658 661 1810 727 Quid
1841 658 2000 714 enim
2031 671 2138 728 per

479 759 682 828 caelos,
715 758 826 814 nisi
851 758 1044 827 justos
1077 773 1091 821 ;
1123 758 1181 810 et
1203 753 1349 826 quid
1381 769 1487 824 per
1517 755 1732 807 terram
1763 748 1875 804 nisi
1929 760 2137 818 pecca-

478 853 638 904 tores
671 845 1004 918 accipimus
1020 846 1046 899 ‘?
1081 843 1244 898 Unde
1265 845 1321 897 et
1345 842 1407 896 in
1429 839 1736 895 Dominica
1753 835 2020 892 oratione
2041 848 2140 906 pe-

481 938 661 993 timus
721 953 734 991 :
785 958 814 988 ‹
847 934 970 990 Fiat
995 932 1276 987 voluntas
1329 935 1434 986 tua
1485 929 1546 984 in
1586 925 1735 983 00310
1779 929 1837 981 et
1890 924 1951 979 in
1985 927 2140 978 terra

482 1027 722 1097 (Matth.
753 1041 832 1094 v1,
871 1027 977 1088 10).
997 1042 1022 1074 ι
1059 1021 1251 1091 Hujus
1280 1020 1480 1091 itaque
1507 1017 1674 1090 impii
1703 1015 1782 1072 ad
1804 1013 1952 1070 illud
1980 1011 2138 1068 terri-

481 1115 598 1171 bile
625 1113 924 1186 judicium
949 1111 1188 1168 deducti
1219 1107 1486 1165 revelant
1534 1105 1666 1162 coeli
1721 1103 2094 1176 iniquitatem
2123 1118 2136 1154 ε

483 1209 538 1261 et
567 1209 722 1259 terra
751 1200 1006 1270 resurgit
1036 1198 1325 1254 adversus
1355 1211 1516 1264 eum,
1537 1199 1602 1251 ut
1633 1194 1738 1267 qui
1758 1194 1851 1249 hic
1877 1208 1988 1248 nec
2037 1191 2142 1246 b0-

482 1293 574 1348 nis
601 1306 872 1362 unquam
905 1305 1014 1344 nec
1043 1287 1220 1343 malis
1249 1285 1534 1359 pepercit,
1585 1284 1644 1340 in
1685 1283 1784 1338 illo
1837 1297 1978 1337 eum
2033 1283 2144 1336 tre-

483 1379 707 1436 mendo
738 1377 1010 1433 examine
1037 1381 1094 1432 et
1134 1376 1436 1446 justorum
1477 1373 1615 1444 vita,
1648 1375 1706 1427 et
1757 1373 2142 1443 peccatorum

480 1469 699 1542 pariter
730 1471 970 1522 accuset
998 1485 1010 1534 ;
1040 1470 1096 1520 et
1122 1464 1322 1536 gravis
1351 1463 1601 1536 quidem
1628 1466 1739 1528 est,
1771 1460 1818 1515 si
1847 1458 1992 1531 quid
2020 1459 2144 1528 jus-

480 1558 554 1614 tis
581 1557 800 1631 potius,
825 1572 1012 1628 quam
1033 1552 1449 1626 peccatoribus
1475 1556 1707 1607 noceat.
1743 1549 1907 1604 Unde
1933 1551 1990 1603 et
2037 1563 2145 1620 per

480 1647 840 1721 prophetam
867 1645 1080 1699 dicitur
1129 1662 1141 1698 :

481 1741 586 1792 est.
625 1737 813 1806 Super
829 1733 1310 1806 limpidissimam
1333 1735 1565 1804 petram
1586 1728 1796 1785 effudit
1823 1744 1962 1783 eum
1984 1745 1998 1795 ;
2019 1741 2142 1782 non

481 1823 690 1880 effudit
719 1823 888 1878 illum
921 1838 1104 1895 super
1137 1825 1376 1891 terram,
1413 1824 1476 1876 ut
1501 1819 1694 1892 possit
1745 1817 1964 1892 operiri
2015 1815 2144 1888 pul-

482 1929 617 1969 vere
647 1913 883 1984 (Ezech.
907 1929 1066 1982 xxiv,
1100 1915 1174 1978 7).
1221 1929 1250 1962 »
1295 1911 1557 1965 Possunt
1583 1924 1725 1964 vero
1781 1923 1888 1980 per
1917 1911 2136 1962 terram

485 2017 606 2056 non
636 2003 980 2072 peccatores
1011 2002 1068 2053 et
1095 1996 1353 2070 reprobi,
1374 1996 1482 2052 sed
1509 1997 1573 2052 hi
1602 1997 1706 2068 qui
1729 1995 1976 2051 terrenis
2007 1993 2146 2050 acti-

480 2090 595 2144 bus
621 2087 922 2160 occupati,
961 2086 1490 2158 eleemosynarum
1517 2089 1574 2140 et
1597 2084 2006 2154 lacrymarum
2029 2097 2143 2154 ope

483 2177 564 2234 ad
592 2181 878 2233 teternam
907 2176 1093 2231 vitam
1121 2173 1496 2248 perveniimt,
1529 2172 1850 2243 designari.
1907 2175 1986 2228 De
2014 2170 2145 2244 qui-

483 2266 600 2322 bus
629 2282 736 2338 per
769 2264 1144 2320 Psalmistam
1165 2264 1400 2333 dicitur,
1440 2279 1580 2318 cum
1605 2262 1807 2318 venire
1859 2261 2145 2317 Dominus

484 2355 562 2412 ad
587 2354 903 2427 judiciium
923 2353 1300 2409 nuntiaretur
1333 2370 1345 2407 :
1374 2375 1400 2401 «
1436 2351 1767 2408 Advocavit
1799 2350 2018 2406 coelum
2043 2349 2145 2405 de-

481 2459 724 2499 sursum
752 2447 810 2498 et
839 2447 1078 2508 terram,
1111 2446 1175 2496 ut
1203 2441 1564 2497 discerneret
1595 2439 1890 2513 populum
1951 2439 2141 2510 (Psat.

482 2549 637 2597 xux,
669 2533 745 2600 4).
787 2553 814 2580 ››
847 2529 1182 2602 Hypocritaa
1213 2529 1417 2601 itaque
1445 2529 1628 2600 hujus
1676 2527 1808 2584 οωΙί
1861 2527 2146 2599 iniquita-

483 2625 603 2674 tem
633 2617 917 2684 revelant,
943 2621 1122 2688 atque
1145 2621 1302 2672 terra
1323 2617 1612 2672 adversus
1639 2631 1779 2671 eum
1802 2619 2144 2685 consurget,

484 2723 624 2762 cum
653 2709 708 2762 et
736 2705 798 2762 hi
818 2704 924 2778 qui
951 2721 1090 2760 cum
1125 2707 1242 2759 Deo
1268 2704 1502 2775 judices
1535 2705 1798 2775 veniunt,
1827 2709 1882 2759 et
1927 2704 1986 2760 hi
2044 2703 2146 2776 qui

484 2809 592 2866 per
615 2792 910 2864 judicium
927 2791 1276 2862 liberantur,
1293 2791 1602 2864 pravitatis
1623 2791 1778 2846 illius
1798 2795 1974 2848 testes
1991 2792 2146 2848 exis-

487 2887 638 2940 tunt.
675 2882 950 2954 Sequitur
979 2898 992 2936 :

2246 399 2461 450 cuncta
2491 394 2652 451 bona
2673 411 2809 468 quae
2840 397 3062 464 egerat,
3088 396 3284 448 mente
3313 391 3567 464 simplici
3597 409 3713 450 non
3737 397 3874 467 egis-

2247 485 2350 536 set.
2385 485 2572 548 Quem
2612 483 2770 539 enim
2801 498 3154 556 percussum
3183 479 3350 540 vidit.
3381 483 3497 536 Deo
3522 480 3875 554 displicuisse

2247 571 2512 628 credidit.
2545 573 2659 629 Sed
2687 573 2899 628 beatus
2930 571 3044 627 Job
3065 586 3231 626 more
3263 574 3482 625 sanctae
3505 571 3875 630 et-universa-

2247 658 2317 714 lis
2371 660 2661 726 Ecclesiae,
2719 677 2850 733 quae
2900 676 2936 716 a
2985 659 3282 732 perversis
3337 657 3654 714 verborum
3693 659 3876 730 jacula

2245 750 2660 821 aequanimiter
2689 749 2914 816 tolerat,
2940 753 2996 804 et
3025 764 3164 804 cum
3197 747 3593 820 superborum
3611 747 3762 806 dicta
3781 766 3876 806 au-

2249 836 2354 906 dit,
2383 837 2734 894 humilitatis
2765 851 2891 893 suae
2909 837 3206 892 tramitem
3226 851 3350 891 non
3365 835 3732 908 derelinquit,
3753 853 3878 894 cum

2249 941 2474 996 magna
2503 927 2700 982 cordis
2729 925 3061 983 humilitate
3089 925 3417 996 subjunxit,
3452 923 3653 980 dicens
3682 943 3694 980 :

2877 1016 3103 1070 CAPUT
3141 1017 3245 1070 XXI
3258 1057 3269 1069 .

2323 1106 2500 1161 Vens.
2539 1111 2586 1173 l,
2617 1107 2672 1172 2,
2705 1109 2758 1176 3,
2790 1105 3027 1172 Audite,
3060 1119 3276 1176 qumso,
3309 1118 3603 1159 sermones
3629 1119 3794 1172 meos,
3833 1112 3882 1162 et

2251 1197 2410 1267 agite
2424 1197 2861 1266 paenitentiam.
2891 1227 2961 1235 —
2991 1194 3101 1260 Qui
3125 1194 3284 1250 enim
3311 1209 3452 1249 cum
3473 1192 3709 1265 diceret,
3731 1196 3884 1250 audi-

2251 1291 2326 1354 te,
2351 1285 2583 1341 addidit
2609 1301 2824 1357 quaeso,
2882 1299 3020 1340 cum
3049 1287 3276 1356 quanta
3307 1282 3638 1338 humilitate
3690 1281 3884 1356 loqua-

2253 1375 2346 1426 tur
2371 1371 2656 1444 insinuat,
2686 1372 2835 1428 dum
2863 1377 3070 1428 contra
3127 1369 3539 1443 superbientes
3595 1375 3776 1440 rogat,
3829 1375 3888 1426 ut

2251 1475 2461 1515 eorum
2491 1477 2737 1517 sensum
2765 1461 2845 1518 ad
2875 1460 3080 1516 salutis
3109 1459 3445 1516 doctrinam
3497 1458 3765 1514 deducat.
3797 1459 3884 1514 Se-

2251 1548 2455 1621 quitur
2487 1567 2499 1604 :
2534 1581 2602 1590 —-
2631 1550 2932 1606 Sustinete
2958 1564 3052 1606 me
3079 1554 3145 1604 ut
3177 1553 3234 1604 et
3262 1563 3366 1618 ego
3410 1548 3645 1618 loquar,
3671 1551 3724 1602 et
3749 1553 3883 1615 post,

1198 1665 1224 1691 ‹‹
1253 1641 1506 1710 Sanguis
1532 1641 1663 1710 ejus
1694 1641 1755 1694 in
1785 1637 1986 1694 medio
2010 1636 2141 1707 ejus
2179 1653 2224 1706 Β
2251 1653 2402 1708 mea,
2433 1640 2487 1694 si
2505 1640 2824 1710 videbitur,
2855 1639 3034 1696 verba
3052 1639 3257 1694 ridete.
3285 1670 3352 1677 —
3377 1635 3515 1692 Boni
3536 1635 3748 1691 etenim
3763 1651 3886 1691 cum

2251 1726 2599 1800 loquuntur,
2633 1727 2756 1784 duo
2784 1731 2924 1784 sunt
2951 1743 3089 1800 quas
3120 1727 3180 1781 in
3217 1725 3340 1780 suis
3368 1724 3764 1781 locutionibus
3811 1728 3888 1779 at-

2255 1817 2524 1886 tendunt,
2557 1821 2622 1874 ut
2643 1817 2912 1874 videlicet
2942 1820 3046 1873 aut
3076 1815 3187 1872 sibi
3213 1821 3268 1871 et
3325 1813 3698 1871 auditoribus
3756 1814 3887 1884 suis,

2254 1910 2358 1962 aut
2383 1907 2620 1963 sibimet
2647 1907 2790 1962 solis
2819 1905 3071 1980 prosint,
3099 1905 3147 1960 si
3197 1903 3576 1960 auditoribus
3627 1902 3890 1976 prodesse

2253 2010 2375 2051 non
2399 2001 2676 2068 possunt.
2711 1998 2856 2052 Cum
2879 1995 3040 2050 enim
3067 1993 3220 2050 bene
3243 1993 3572 2049 audiuntur
3591 1991 3749 2047 bona
3769 2007 3890 2064 qua

2252 2083 2476 2150 dicunt,
2510 2083 2688 2139 simul
2725 2083 2837 2139 sibi
2895 2086 2952 2138 et
3004 2081 3379 2138 auditoribus
3433 2083 3704 2154 prosunt.
3759 2081 3892 2134 Cum

2252 2171 2414 2226 enim
2444 2171 2522 2227 ab
2551 2171 2926 2227 auditoribus
2951 2169 3318 2236 deridentur,
3348 2168 3460 2224 sibi
3485 2167 3696 2241 procul
3725 2166 3892 2222 dubio

2253 2259 2652 2332 praestiterunt
2677 2275 2829 2334 quos
2855 2275 2890 2315 a
2919 2257 3100 2331 culpa
3126 2257 3348 2314 liberos
3370 2257 3658 2313 fecerunt.
3690 2257 3754 2310 Et
3803 2269 3894 2310 no-

2257 2347 2509 2402 tandum
2529 2348 2673 2420 quia
2688 2348 2836 2403 dum
2853 2347 2986 2418 subj
2996 2350 3264 2417 lingeret,
3303 2348 3463 2416 agite
3477 2345 3896 2416 penitentiam,

2255 2436 2541 2508 praemisit
2563 2437 2785 2493 audite.
2816 2438 2961 2491 llum
2991 2450 3133 2491 vero
3163 2434 3463 2502 subderet,
3481 2439 3644 2504 post,
3677 2447 3814 2499 mea,
3853 2431 3898 2486 si

2256 2527 2576 2591 videbitur,
2605 2526 2788 2583 verba
2839 2525 3044 2595 ridete,
3104 2524 3410 2598 praemisit,
3469 2525 3756 2580 sustinete
3797 2536 3892 2577 me.

2255 2615 2474 2671 Audire
2532 2616 2755 2689 quippe
2811 2614 3065 2670 volentis
3118 2618 3228 2679 est,
3275 2613 3570 2670 sustinere
3641 2611 3894 2668 nolentis.

2257 2703 2446 2758 Amici
2487 2718 2628 2773 ergo
2653 2704 2784 2774 ejus
2843 2703 2890 2758 si
2922 2701 3118 2758 doceri
3153 2704 3461 2776 appetunt,
3515 2699 3804 2764 audiant;
3855 2696 3897 2751 si

2257 2795 2460 2848 autem
2489 2792 2731 2848 irridere
2757 2791 2950 2866 parati
2981 2782 3136 2860 sunt,
3164 2791 3494 2847 sustineant
3519 2807 3661 2864 quae
3713 2787 3898 2844 dicun-

2259 2885 2372 2938 tur.
2409 2882 2684 2955 Sequitur
2715 2901 2728 2938 :

555 2974 723 3028 Vens.
757 2974 846 3027 29.
879 2971 1172 3038 Apertum
1193 2971 1308 3026 erit
1343 2985 1586 3040 germen
1615 2971 1822 3026 domus
1843 2970 2032 3040 illius,
2050 2970 2145 3026 de-
2185 3003 2226 3056 ο
2327 2969 2504 3026 Vens.
2537 2971 2590 3026 4.
2648 2971 2943 3043 Nunquid
2990 2975 3202 3027 contra
3242 2970 3544 3027 hominem
3593 2967 3898 3038 disputatio

486 3062 764 3118 trahetur
777 3077 840 3115 in
863 3061 958 3115 die
981 3061 1217 3130 furoris
1235 3060 1362 3116 Dei.
1387 3091 1456 3100 —-
1476 3062 1638 3115 Tunc
1665 3074 1910 3129 germen
1926 3059 2146 3115 domus

483 3149 641 3206 illius
667 3149 949 3222 aperitur,
979 3165 1119 3205 cum
1168 3164 1348 3204 omne
1400 3148 1632 3206 malum
1673 3149 1840 3222 quod
1895 3148 1957 3204 in
2009 3163 2150 3204 con-

486 3240 732 3295 scientia
756 3239 914 3294 illius
944 3237 1326 3306 nascebatur,
1349 3239 1699 3294 ostenditur.
1725 3238 1896 3294 Modo
1919 3239 2145 3310 quippe

486 3343 730 3398 germen
746 3327 968 3383 domus
982 3327 1310 3398 hypocrita;
1323 3331 1529 3383 manet
1545 3327 1868 3397 occultum,
1882 3329 2025 3399 quia
2037 3327 2148 3382 etsi

484 3417 548 3472 in
575 3417 740 3472 bona
765 3415 1028 3484 imagine
1053 3420 1304 3487 apparet
1331 3416 1462 3486 ejus
1509 3415 1797 3488 operatio,
1851 3416 1958 3471 sed
2008 3416 2150 3472 latet

485 3505 750 3561 intentio.
786 3505 850 3559 In
901 3505 1018 3560 hoc
1053 3504 1254 3576 itaque
1274 3505 1593 3577 hypocrita
1631 3521 1878 3575 germen
1929 3504 2148 3562 domus

488 3594 772 3666 aperitur,
801 3593 944 3665 quia
967 3593 1026 3647 in
1059 3593 1189 3663 ejus
1217 3599 1416 3648 mente
1438 3593 1717 3664 cogitatio
1743 3609 2027 3666 perversa
2051 3594 2150 3650 de-

487 3679 720 3750 tegitur,
754 3683 810 3734 et
833 3679 896 3734 in
921 3678 1018 3734 die
1051 3678 1268 3734 furoris
1299 3681 1400 3736 Dei
1442 3680 1804 3752 detrahetur,
1853 3683 1996 3754 quia
2049 3698 2146 3737 os-

488 3769 656 3823 tensa
683 3765 773 3822 ira
793 3765 1010 3836 judicis
1065 3766 1326 3824 ﬂammis
1385 3767 1694 3824 ultricibus
1743 3769 2014 3837 traditus,
2067 3769 2148 3826 ab

488 3855 618 3926 ejus
647 3859 974 3928 conspectu
1003 3860 1337 3928 separatur.
1373 3858 1650 3930 Sequitur
1682 3875 1694 3912 :
1723 3859 1868 3914 ch
1889 3865 1970 3915 est
2003 3874 2144 3929 pars

489 3944 744 4000 hominis
767 3945 939 4014 impii
965 3959 1002 4000 a
1026 3947 1166 4012 Deo,
1199 3952 1254 4001 et
1285 3946 1600 4004 hereditas
1631 3948 1945 4004 verborum
1957 3951 2086 4018 ejus
2107 3965 2145 4006 a

486 4034 760 4090 Domino.
789 4065 858 4074 —
892 4034 950 4091 Si
977 4034 1138 4091 enim
1159 4035 1313 4092 bene
1337 4051 1514 4106 agere
1539 4036 1600 4092 in
1623 4037 1736 4093 hac
1765 4037 1888 4094 vita
1914 4037 2146 4110 positus

486 4123 790 4192 voluisset,
821 4128 1056 4197 partem
1084 4124 1250 4196 apud
1290 4126 1612 4184 Dominum
1665 4127 1920 4183 caelestis
1980 4127 2146 4199 regni

487 4213 856 4269 consortium
885 4214 1154 4284 haberet,
1178 4213 1282 4270 sed
1297 4215 1444 4287 quia
1470 4216 1674 4288 pravis
1703 4215 1882 4272 subdi
1911 4217 2146 4272 deside-

2255 3073 2386 3116 mea
2408 3065 2510 3127 est,
2545 3065 2612 3116 ut
2639 3066 2848 3117 merito
2869 3077 2988 3117 non
3011 3061 3250 3118 debeam
3273 3061 3675 3116 contristari?
3693 3089 3758 3098 —
3777 3058 3900 3114 0m—

2253 3148 2350 3203 nis
2381 3150 2484 3222 qui
2505 3153 2623 3206 Deo
2653 3149 2850 3224 placet
2877 3155 2935 3206 et
2973 3149 3321 3206 hominibus
3365 3149 3647 3222 displicet
3701 3160 3900 3204 causas

2258 3237 2458 3294 tristius
2479 3237 2674 3294 nullas
2691 3239 2891 3296 habet.
2917 3239 3028 3305 Qui
3050 3243 3252 3295 autem
3277 3237 3635 3295 hominibus
3653 3237 3900 3310 placens,

2257 3331 2376 3384 Deo
2410 3328 2704 3401 displicet,
2734 3333 2838 3386 aut
2864 3329 3045 3384 simul
3073 3330 3192 3385 Deo
3223 3333 3282 3385 et
3307 3328 3663 3384 hominibus
3717 3322 3900 3396 displi-

2257 3433 2387 3473 cere
2415 3433 2477 3473 se
2504 3416 2706 3473 credit.
2741 3417 2797 3475 Si
2825 3419 2987 3473 hunc
3021 3417 3252 3474 tristitia
3280 3432 3402 3472 non
3428 3415 3639 3485 afﬁcit,
3670 3431 3706 3472 a
3733 3413 3902 3470 virtu-

2257 3507 2311 3561 te
2343 3505 2646 3579 sapientite
2671 3505 2902 3562 alienus
2931 3506 3142 3562 existit.
3179 3509 3388 3562 Beatus
3420 3510 3628 3562 autem
3665 3503 3776 3559 Job
3793 3499 3902 3556 dis-

2256 3593 2535 3666 plicuisse
2567 3594 2685 3650 Deo
2714 3594 2866 3651 inter
2893 3594 3131 3665 ﬂagella
3161 3611 3222 3651 se
3263 3593 3536 3662 credidit,
3599 3599 3654 3650 et
3701 3591 3904 3648 idcirco

2256 3684 2528 3739 animum
2551 3685 2640 3740 ad
2661 3684 2953 3740 tristitiam
2983 3685 3237 3748 vocavit,
3296 3684 3440 3758 quia
3493 3678 3906 3758 despiciendus

2255 3789 2376 3829 non
2404 3777 2528 3829 erat
2557 3773 2654 3830 cui
2684 3789 2746 3829 se
2776 3772 3154 3845 displicuisse
3183 3773 3580 3829 formidabat.
3611 3769 3901 3844 Sequitur:

2325 3865 2495 3920 Vens.
2527 3868 2577 3919 5.
2607 3863 2914 3920 Attendite
2941 3879 3033 3920 me
3047 3869 3100 3919 et
3127 3863 3542 3933 obstupescite,
3565 3861 3626 3918 id
3649 3867 3758 3926 est,
3781 3871 3906 3914 con-

2257 3953 2512 4009 siderate
2537 3969 2672 4026 qua:
2704 3953 2817 4023 egi,
2843 3957 2898 4009 et
2927 3952 3331 4008 admiremini.
3365 3953 3652 4025 Sequitur
3685 3969 3697 4006 :
3728 3951 3802 4005 Et
3823 3962 3906 4002 su-

2245 4043 2564 4112 perponite
2587 4041 2842 4112 digitum
2885 4043 2980 4097 ori
3032 4045 3248 4098 vestro.
3297 4073 3366 4082 —
3419 4045 3502 4097 Ac
3559 4041 3612 4096 si
3665 4041 3904 4112 aperto:

2257 4130 2516 4188 Scientes
2549 4129 2715 4186 bona
2733 4145 2870 4202 quae
2901 4129 3015 4198 egi,
3041 4134 3098 4186 et
3127 4129 3584 4187 considerantes
3603 4127 3767 4186 mala
3789 4139 3909 4192 quae

2254 4219 2468 4293 patior,
2499 4218 2900 4292 vosmetipsos
2925 4218 3104 4275 etiam
3136 4219 3516 4276 averborum
3549 4219 3732 4293 culpa
3761 4229 3912 4272 com-

486 4300 590 4355 riis
627 4300 823 4370 elegit,
853 4305 1292 4412 partemjsuam
1341 4319 1378 4359 a
1417 4304 1667 4360 Domino
1719 4304 1782 4360 in
1831 4306 2144 4362 tormentis
2183 4359 2228 4412 D
2256 4309 2496 4381 pescite,
2528 4313 2706 4381 atque
2733 4309 2794 4362 in
2819 4307 2967 4363 meis
2990 4308 3508 4380 persecutionibus
3537 4313 3740 4364 vestra
3759 4304 3912 4359 dam-

489 4388 716 4412 :_......:l.
771 4389 904 4412 ..--:-
950 4391 1075 4412 Δὶ---
1130 4405 1216 4412 Α...
1277 4391 1508 4412 Π--,3..ε
1560 4409 1591 4412 _.
1610 4393 1898 4412 ___L:_:u-,:
1966 4395 2133 4412 Lm_19,
2356 4397 2378 4412 ρ
2513 4397 2523 4408 -
2549 4397 2565 4412 ι
2615 4401 2627 4412 ι
2715 4400 2758 4412 -ν
2794 4396 2808 4412 1
2945 4401 2956 4412 ι
3114 4397 3123 4407 -
3209 4397 3246 4412 II
3300 4397 3354 4412 ιι·
3729 4395 3891 4412 1',___

489 4388 735 4455 invenit,
767 4389 912 4460 quia
945 4389 1221 4460 ejusdem
1275 4391 1514 4448 Domini
1560 4393 1902 4466 participari
1957 4395 2148 4464 gratia

487 4491 613 4532 non
641 4476 935 4548 quresivit.
959 4478 1068 4544 Qui
1097 4479 1258 4535 enim
1283 4495 1396 4553 pro
1425 4482 1664 4552 magnis
1689 4482 1862 4538 malis
1891 4483 1952 4539 in
2009 4499 2148 4557 sup-

488 4563 736 4638 plicium
765 4567 1072 4637 mergitur,
1105 4567 1358 4626 fortasse
1383 4570 1740 4628 credebatur
1765 4573 1932 4645 quod
1959 4591 2066 4646 per
2089 4574 2152 4631 id

487 4653 686 4710 verbis
704 4671 841 4728 quae
867 4657 1023 4713 male
1044 4657 1276 4716 dixerat
1307 4660 1554 4718 minime
1591 4661 1978 4733 judicaretur.
2037 4663 2151 4720 Sed

488 4757 628 4798 cum
659 4743 930 4802 districta
959 4747 1390 4820 omnipotentis
1415 4749 1646 4822 justitia
1668 4751 1768 4806 Dei
1787 4751 2148 4826 supplicium

489 4845 527 4886 a
543 4833 818 4904 reprobis
845 4850 956 4908 pro
981 4837 1278 4909 perversis
1305 4839 1540 4896 actibus
1598 4840 1801 4913 exigit,
1851 4842 1938 4898 eis
1987 4841 2150 4900 mala

487 4933 683 4991 usque
721 4923 801 4978 ad
827 4924 1153 4982 verborum
1179 4927 1630 4986 retributionem
1687 4929 1898 4988 reddit.
1950 4933 2149 4989 Sancti

489 5013 694 5065 autem
721 5010 834 5067 viri
859 5029 984 5069 non
1015 5019 1248 5086 partem
1297 5031 1334 5073 a
1385 5019 1638 5076 Domino
1695 5021 1982 5094 accipere,
2041 5022 2146 5078 sed

487 5101 722 5170 partem
743 5114 916 5156 suam
936 5101 1138 5174 ipsum
1169 5105 1491 5162 Dominum
1530 5109 1752 5165 habere
1777 5109 2143 5167 desiderant.

491 5185 655 5242 Unde
685 5189 986 5261 Propheta
1013 5191 1369 5265 deprecatur
1395 5195 1602 5252 dicens
1661 5214 1674 5252 :
1722 5220 1749 5246 ‹‹
1783 5198 1980 5254 Portio
2007 5213 2146 5254 mea

489 5273 778 5332 Dominus
823 5279 1012 5350 (Psal.
1065 5296 1262 5350 cxvm,
1318 5285 1431 5357 57).
1465 5305 1493 5336 »
1545 5287 1790 5360 Iniquus
1835 5303 1992 5356 vero,
2041 5288 2148 5360 qui

487 5363 824 5434 portionem
872 5385 1046 5426 suam
1101 5370 1323 5428 habere
1376 5373 1579 5447 ipsum
1641 5376 1964 5432 Dominum
2021 5390 2146 5431 non

487 5452 785 5524 quassivit,
817 5462 1050 5527 partem
1083 5475 1258 5516 suam
1295 5467 1462 5519 extra
1485 5465 1808 5521 Dominum
1837 5465 2038 5534 ignem
2059 5463 2147 5519 in-

489 5537 668 5594 venit.
703 5543 835 5596 Htec
857 5546 1092 5617 Sophar
1119 5548 1200 5604 ita
1227 5549 1442 5621 intulit,
1467 5559 1532 5610 ut
1551 5569 1657 5626 per
1681 5569 1753 5609 ea
1775 5569 1913 5625 quae
1943 5557 2152 5609 contra

488 5627 868 5702 hypocritam
885 5633 1136 5708 dixerat,
1163 5638 1323 5697 beati
1350 5643 1468 5699 Job
1495 5644 1681 5702 vitam
1711 5642 1925 5710 feriret,
1947 5641 2146 5700 existi-

2255 4413 2336 4454 na
2352 4397 2686 4454 formidato.
2715 4396 2814 4453 Vel
2841 4401 2994 4453 certe
3021 4397 3167 4470 quia
3189 4397 3392 4467 digitis
3415 4413 3684 4470 quasque
3711 4395 3911 4450 discer-

2257 4487 2477 4558 nimus,
2509 4501 2632 4542 non
2661 4486 2992 4556 incongrue
3023 4501 3130 4558 per
3157 4485 3410 4556 digitum
3441 4485 3729 4542 discretio
3773 4477 3911 4537 desi-

2260 4581 2496 4646 gnatur.
2531 4574 2694 4631 Unde
2717 4591 2826 4648 per
2855 4575 3230 4630 Psalmistam
3289 4574 3506 4631 dicitur
3533 4593 3546 4629 :
3577 4595 3608 4628 «ι
3641 4567 3912 4629 Benedic-

2261 4669 2352 4720 tus
2384 4663 2670 4722 Dominus
2703 4667 2854 4720 Deus
2868 4680 3060 4733 meus,
3087 4665 3190 4736 qui
3209 4665 3384 4721 docet
3407 4680 3634 4720 manus
3665 4675 3829 4718 meas
3843 4654 3912 4712 ad

2255 4753 2548 4826 praelium,
2582 4757 2638 4810 et
2667 4753 2888 4823 digitos
2919 4769 3088 4809 meos
3120 4753 3198 4809 ad
3223 4753 3450 4808 bellum
3503 4754 3701 4824 (Psat,
3735 4761 3912 4811 cxuu,

2260 4843 2332 4912 ι).
2387 4861 2416 4896 ›
2498 4842 2724 4914 Digitus
2773 4857 2918 4912 ergo
2979 4842 3066 4899 ori
3126 4841 3574 4916 superponitur,
3628 4856 3770 4897 eum
3822 4831 3916 4908 per

2256 4931 2680 4988 discretionem
2747 4931 2957 5001 lingua
3039 4931 3394 4996 refrenatur,
3469 4945 3546 4987 ne
3625 4944 3738 5003 per
3815 4925 3916 4980 hoc

2254 5020 2422 5092 quod
2477 5019 2744 5092 loquitur
2790 5019 2854 5074 in
2911 5019 3170 5075 stultitiae
3227 5020 3407 5093 culpa
3453 5018 3785 5076 dilabatur.
3835 5013 3918 5068 Se-

2252 5109 2458 5181 quitur
2491 5126 2503 5164 :

2324 5198 2496 5254 Vens.
2525 5199 2577 5252 6.
2605 5197 2686 5253 Et
2709 5211 2816 5269 ego
2845 5199 3086 5268 quando
3116 5199 3466 5256 recordatus
3486 5199 3695 5269 fuero.
3747 5189 3922 5263 pert!"

2251 5291 2538 5352 mesco,et
2563 5288 2828 5343 concutit
2849 5302 3095 5344 carnem
3127 5303 3320 5345 meam
3353 5295 3598 5346 tremor.
3659 5317 3730 5326 -—
3783 5277 3919 5347 Quia

2255 5376 2471 5431 beatus
2501 5375 2616 5432 Job
2647 5381 2893 5432 actuum
2921 5392 3170 5432 suorum
3203 5393 3324 5433 non
3354 5377 3576 5432 oblitus
3607 5373 3804 5438 fuerit,
3835 5382 3922 5424 ex-

2259 5468 2448 5521 trema
2472 5465 2603 5534 ejus
2633 5465 2852 5522 locutio
2881 5466 3160 5522 ostendit.
3189 5469 3317 5532 Qua
3345 5481 3417 5521 ex
3474 5480 3537 5519 re
3593 5465 3714 5519 hoc
3771 5469 3919 5515 nunc

2257 5554 2504 5626 quidem
2535 5553 2615 5609 ab
2641 5569 2713 5610 eo
2738 5554 2947 5610 amicis
2967 5555 3183 5612 dicitur
3209 5573 3221 5610 :
3247 5558 3324 5612 Et
3349 5569 3454 5627 ego
3469 5553 3726 5625 quando
3737 5561 3922 5606 recor-

2261 5643 2442 5698 datus
2463 5642 2661 5714 fuero,
2680 5645 3066 5714 pertimesco;
3085 5643 3616 5702 constatnimirum
3643 5637 3810 5716 quod
3824 5647 3922 5709 per
