4154 6160
229 193 309 247 zu
833 150 835 153 ’
1050 187 1345 245 EPITOME
1383 187 1748 244 MORALIUM
1789 189 1844 244 s.
1887 188 2090 243 esse.
2134 190 2201 244 IN
2237 189 2381 244 JOB.
2411 209 2494 228 —-
2519 191 2648 247 LIB.
2690 194 2798 248 xv.

3523 195 3628 249 282

221 313 537 372 irrisionem
579 312 831 370 dicatur.
877 315 958 369 Ac
987 313 1035 368 si
1082 315 1281 386 aperte
1309 312 1636 368 diceretur:
1669 313 1726 369 Si
1765 329 1861 368 me
1893 318 1949 369 Α·
1972 313 2306 384 rapiuntur,
2347 319 2413 370 ut
2453 329 2563 370 nec
2593 315 2733 371 ﬂere
2785 321 2922 373 ante
2966 320 3219 373 mortem
3271 315 3444 374 liceat
3492 332 3628 389 quae

220 402 432 475 aliquid
463 402 790 475 hypocritae
839 403 1058 459 habere
1091 401 1441 469 meminero,
1475 402 1534 457 in
1569 402 1863 474 paeniten-

222 493 307 548 tiae
335 506 476 548 mox
505 490 648 546 ﬂetu
687 491 1098 548 contremisco.
1131 491 1385 547 Carnem
1415 506 1558 546 vero
1603 507 1777 546 suam
1817 491 1866 546 si

218 579 552 638 recordatus
579 579 750 636 fuerit
785 585 1038 637 tremore
1083 579 1359 654 perhibet
1387 579 1645 647 concuti,
1677 579 1740 636 id
1779 584 1868 636 est

219 668 619 726 infirmitatem
673 669 892 742 operis,
950 669 1194 726 ultionis
1228 685 1453 742 pavore
1484 668 1733 740 fatigati.
1775 669 1870 724 Se-

217 757 408 832 quitur
424 773 438 812 :

281 848 440 901 Vens.
469 850 500 899 '7
529 844 727 913 Quare
746 862 888 917 ergo
918 847 1094 917 impii
1118 848 1351 917 vivunt,
1384 847 1682 902 sublevati
1702 852 1864 912 sunt,

219 934 647 1014 confortatique
676 935 902 992 divitiis
921 940 948 992 ?
977 967 1044 976 ——
1092 935 1211 992 Nisi
1241 951 1344 992 eos
1389 937 1550 992 enim
1582 933 1866 1008 patientia

218 1023 406 1080 divina
426 1022 720 1089 toleraret,
754 1039 1148 1097 nequaquam
1171 1025 1276 1080 diu
1295 1025 1480 1081 vitam
1513 1025 1572 1080 in
1605 1023 1864 1097 peccatis

215 1113 506 1168 ducerent.
537 1112 940 1169 Sublevantur
994 1129 1259 1187 namque
1301 1114 1519 1170 divitiis
1549 1130 1688 1169 cum
1730 1129 1863 1168 esse

215 1206 473 1275 potentes
503 1202 816 1274 incipiunt.
845 1203 1266 1260 Confortantur
1294 1219 1458 1271 vero,
1488 1219 1625 1258 cum
1655 1203 1717 1258 in
1749 1203 1864 1258 hac

211 1291 319 1348 vita
342 1290 450 1346 diu
482 1289 802 1346 subsistere
832 1291 1273 1364 permittuntur.
1310 1294 1468 1357 Quos
1508 1290 1668 1346 enim
1719 1290 1861 1345 sub-

211 1380 419 1437 stantia
469 1379 764 1449 sublevat,
815 1379 874 1435 in
924 1379 1082 1436 fastu
1129 1396 1252 1436 suae
1303 1383 1582 1454 potentiae
1626 1379 1859 1435 dierum

208 1468 513 1538 longitudo
542 1468 856 1526 confortat.
891 1468 995 1524 Vel
1021 1473 1175 1524 certe
1224 1468 1519 1525 sublevati
1551 1473 1607 1525 et
1627 1468 1859 1524 confor-

211 1558 303 1614 tati
330 1557 685 1626 referuntur,
708 1558 850 1631 quia
871 1557 1256 1615 sublevantur
1275 1558 1605 1615 honoribus
1626 1557 1858 1614 confor-

208 1653 400 1704 tantur
429 1647 632 1704 rebus.
667 1647 943 1720 Sequitur
965 1665 978 1702 :

271 1738 436 1792 Vsus.
469 1740 521 1792 8.
552 1737 761 1792 Semen
791 1750 995 1792 eorum
1015 1743 1329 1806 permanet
1346 1751 1547 1794 coram
1578 1738 1678 1794 eis.
1700 1768 1767 1777 —
1795 1739 1858 1792 In

206 1829 525 1895 augmento
553 1839 791 1894 magnae
823 1824 1133 1891 felicitatis,
1159 1841 1297 1880 cum
1325 1841 1548 1895 magno
1578 1825 1863 1897 patrimo-

205 1915 299 1970 nio
325 1914 546 1970 dantur
575 1918 633 1970 et
661 1913 947 1969 haeredes.
982 1917 1062 1968 Ac
1087 1929 1163 1968 ne
1188 1929 1313 1985 qua
1341 1913 1665 1969 necessitas
1717 1917 1863 1968 tem-

203 2004 362 2076 poris
385 2003 595 2059 saltem
611 2001 690 2058 ab
715 2001 903 2057 oculis
930 2001 1246 2056 subtrahat
1271 2017 1395 2067 eos,
1418 2001 1479 2056 in
1501 2001 1724 2073 quibus
1744 2000 1866 2056 ani-

203 2109 341 2147 mus
381 2091 662 2159 exsultat,
712 2089 1014 2162 sequitur:
1059 2091 1546 2160 Propinquorum
1593 2090 1772 2145 turba
1811 2095 1865 2145 et

203 2185 484 2249 nepotum
515 2181 577 2235 in
609 2183 924 2246 conspectu
971 2193 1196 2234 eorum.
1230 2209 1298 2218 —-
1331 2181 1477 2234 Ecce
1523 2177 1692 2234 adest
1723 2177 1864 2246 vita,

202 2267 427 2322 adsunt
479 2267 743 2323 honores
798 2269 856 2321 et
904 2264 1142 2336 divitiae,
1192 2264 1414 2321 adsunt
1459 2263 1583 2332 filii,
1645 2264 1867 2320 adsunt

201 2359 468 2428 nepotes.
506 2355 784 2428 Sequitur
805 2373 818 2410 :

270 2447 436 2500 Vens.
464 2449 496 2500 9
517 2445 744 2500 Domus
775 2458 978 2500 eorum
1015 2457 1241 2499 secura:
1267 2448 1408 2497 sunt
1437 2448 1492 2498 et
1518 2447 1772 2511 pacata,
1807 2449 1860 2499 et

205 2537 372 2605 virga
393 2535 506 2590 Dei
533 2549 652 2589 non
681 2539 765 2589 est
794 2547 974 2602 super
1001 2533 1157 2588 illos.
1189 2563 1262 2573 —
1294 2533 1527 2588 Securae
1553 2535 1610 2586 et
1632 2536 1860 2603 pacata

202 2629 352 2692 sunt,
373 2623 847 2697 quiapeccantes
867 2621 1093 2688 vivunt,
1111 2620 1378 2691 lugenda
1407 2625 1614 2692 agunt,
1639 2625 1696 2676 et
1717 2637 1861 2691 gau-

201 2713 294 2768 dia
309 2728 431 2769 non
461 2712 825 2786 relinquunt,
846 2717 902 2768 et
925 2711 1094 2781 virga
1115 2727 1218 2766 eos
1240 2726 1512 2782 supernae
1528 2709 1858 2782 disciplinae

207 2817 322 2857 non
350 2801 627 2875 percutit.
655 2801 966 2875 Sequitur:

269 2894 416 2948 Vens
452 2891 542 2947 'IO.
575 2892 692 2948 Bos
724 2905 924 2946 eorum
970 2890 1258 2958 concepit,
1292 2893 1345 2943 et
1376 2903 1494 2943 non
1535 2888 1861 2959 [abortivit]

200 2981 431 3048 obortit,
459 2995 649 3038 vacca
674 2980 928 3049 peperit,
960 2985 1012 3035 et
1041 2994 1160 3034 non
1173 2983 1278 3068 est
1301 2978 1548 3046 privata
1574 2978 1704 3068 fetu
1734 2992 1858 3032 suo.
1905 3015 1945 3068 Ο

202 3102 262 3109 -
291 3069 570 3141 Vulgaris
596 3068 913 3124 locutionis
943 3071 1051 3136 est,
1080 3071 1145 3121 ut
1171 3066 1393 3122 bovem
1420 3064 1784 3132 masculum,
1810 3070 1867 3120 et

198 3174 437 3216 vaccam
510 3157 820 3223 feminam,
879 3155 983 3212 sed
1035 3155 1383 3211 litteraturae
1429 3154 1652 3210 locutio
1705 3169 1864 3209 com-

200 3249 392 3304 munis
440 3246 682 3318 generis
737 3245 1017 3318 appellat.
1061 3244 1226 3301 Unde
1265 3259 1427 3300 nunc
1465 3243 1698 3299 dicitur.
1747 3245 1865 3299 Bos

199 3352 393 3394 eorum
448 3336 743 3406 concepit,
777 3341 830 3391 et
865 3351 982 3390 non
1033 3335 1336 3397 abortivit,
1384 3337 1442 3389 et
1468 3332 1716 3405 reliqua.
1751 3335 1865 3388 Do-

199 3427 394 3484 minus
433 3441 693 3498 gregum
724 3425 921 3497 prima
940 3423 1188 3479 felicitas
1215 3426 1322 3490 est,
1348 3426 1394 3478 si
1423 3437 1567 3491 grex
1595 3421 1864 3477 sterilita-

201 3516 311 3570 tem
358 3530 492 3571 non
521 3513 775 3582 habens,
818 3512 1112 3585 concipit;
1160 3511 1427 3568 secunda
1457 3511 1506 3566 si
1538 3514 1866 3582 conceptus

198 3603 270 3658 ad
298 3609 549 3676 partum
580 3603 776 3670 venit;
820 3602 990 3658 tertia
1017 3617 1156 3658 vero
1197 3601 1245 3656 si
1287 3601 1422 3667 hoc,
1447 3599 1614 3673 quod
1660 3605 1866 3672 partu-

198 3691 372 3749 ritum
402 3697 518 3762 est,
551 3708 657 3765 per
685 3692 1049 3748 nutrimenta
1087 3691 1166 3747 ad
1205 3690 1538 3763 profectum
1588 3689 1862 3744 ducatur.

203 3782 263 3836 Ut
327 3797 481 3852 ergo
541 3785 661 3836 tota
728 3779 906 3835 simul
965 3779 1186 3835 adesset
1235 3777 1435 3850 impiis
1497 3777 1869 3832 demonstret

199 3883 410 3926 eorum
469 3884 680 3940 greges
724 3868 938 3923 beatus
995 3867 1104 3922 Job
1157 3867 1370 3922 asserit
1412 3865 1779 3936 concepisse,
1813 3870 1867 3918 et

192 3974 311 4015 non
333 3958 708 4023 orbortiisse,
737 3956 1039 4028 peperisse
1065 3960 1123 4010 et
1151 3956 1272 4010 fetu
1299 3954 1544 4026 proprio
1578 3969 1698 4008 non
1739 3969 1868 4007 esse

197 4048 496 4120 privatos.

267 4140 446 4192 Vens.
503 4139 586 4190 11.
644 4134 1062 4204 Egrediuntur
1119 4131 1292 4202 quasi
1343 4145 1550 4200 greges
1626 4130 1874 4198 parvuli

198 4240 427 4290 eorum,
462 4228 518 4279 et
574 4223 838 4291 infantes
886 4235 1088 4277 eorum
1136 4219 1444 4275 exsultant
1511 4217 1752 4272 lusibus.
1803 4247 1872 4255 —

199 4314 406 4386 Ipsum
431 4326 679 4386 quoque
695 4311 994 4366 infantum
1010 4308 1214 4365 lusum
1238 4307 1300 4363 in
1318 4306 1503 4362 domo
1525 4306 1871 4378 iniquorum

202 4417 272 4457 ne
300 4402 490 4459 vilem
518 4399 690 4457 valde
721 4415 850 4455 esse
876 4399 1279 4466 crederemus,
1305 4395 1439 4465 subj
1451 4410 1682 4463 ungens
1715 4394 1796 4450 ait
1820 4411 1832 4448 :

271 4494 442 4548 Vens.
505 4495 590 4547 l2.
657 4491 876 4546 Tenent
926 4494 1281 4558 tympanum
1341 4491 1395 4542 et
1451 4484 1772 4547 citharam,
1817 4491 1870 4539 et

203 4582 472 4650 gaudent
501 4581 584 4637 ad
611 4581 869 4635 sonitum
900 4578 1138 4648 organi.
1170 4581 1251 4631 Ac
1282 4575 1331 4630 si
1361 4579 1634 4647 patenter
1671 4573 1828 4628 dicat
1855 4591 1867 4628 :

207 4672 349 4726 Cum
381 4669 620 4726 Domini
667 4667 998 4724 honoribus
1037 4671 1093 4722 et
1121 4665 1300 4721 rebus
1333 4668 1582 4733 tument,
1622 4663 1872 4732 subjecti

206 4759 449 4815 ludicris
471 4759 706 4815 actibus
730 4757 1016 4827 gaudent.
1053 4755 1360 4827 Sequitur:

275 4847 453 4904 Vens.
483 4850 570 4902 13.
603 4847 843 4901 Ducunt
866 4846 930 4900 in
961 4844 1126 4901 bonis
1145 4844 1268 4900 dies
1289 4858 1447 4910 suos,
1471 4847 1523 4898 et
1553 4843 1617 4896 in
1644 4847 1872 4910 puncto

207 4937 285 4991 ad
310 4938 567 5007 inferna
595 4934 980 4992 descendunt.
1003 4965 1073 4974 —
1132 4935 1300 5002 Ecce,
1326 4931 1498 4987 beate
1525 4929 1629 4990 vir,
1661 4945 1872 4985 eorum

210 5025 430 5094 gaudia
484 5023 591 5080 diu
648 5038 1026 5092 narraveras,
1079 5019 1388 5094 quomodo
1442 5035 1603 5074 nunc
1649 5017 1870 5074 asseris

210 5116 370 5185 quod
399 5114 464 5170 in
505 5117 733 5188 puncto
760 5111 837 5169 ad
866 5111 1100 5168 inferna
1119 5109 1511 5174 descendant,
1563 5107 1674 5162 nisi
1707 5106 1873 5180 quod

212 5203 406 5258 omnis
433 5201 751 5273 longitudo
785 5200 1069 5274 temporis
1111 5198 1245 5255 vitae
1275 5195 1586 5272 praesentis
1614 5201 1875 5268 punctus

212 5306 336 5346 esse
363 5289 769 5362 cognoscitur,
801 5306 940 5346 cum
964 5289 1082 5345 ﬁne
1120 5285 1518 5344 terminatur?
1562 5286 1623 5339 In
1650 5288 1874 5356 puncto

214 5380 367 5434 enim
401 5379 607 5436 stilum
640 5379 926 5452 ponimus
975 5382 1032 5432 et
1075 5376 1366 5432 levamus.
1393 5373 1574 5440 Quasi
1630 5387 1772 5440 ergo
1815 5373 1875 5427 in

217 5474 438 5538 puncto
472 5469 656 5525 vitam
687 5467 891 5536 tetigit,
923 5467 1066 5537 quia
1093 5465 1253 5520 hunc
1284 5463 1514 5535 accepit
1545 5467 1600 5517 et
1657 5461 1871 5517 amisit.

217 5558 409 5614 Potest
437 5558 503 5613 in
533 5561 758 5632 puncto
798 5556 912 5611 hoc
943 5569 1185 5626 quoque
1217 5553 1481 5624 intelligi,
1509 5551 1676 5626 quod
1716 5566 1878 5623 saepe

217 5644 293 5712 hi,
326 5646 433 5718 qui
466 5645 569 5703 diu
596 5647 656 5704 in
681 5643 991 5718 iniquitate
1013 5641 1240 5698 tolerati
1270 5647 1427 5708 sunt,
1462 5641 1658 5698 subita
1688 5643 1878 5696 morte

1972 407 2388 474 peccaverunt.
2416 403 2720 476 Sequitur:

2045 492 2217 547 Vens.
2256 496 2338 548 14.
2371 494 2484 561 Qui
2511 494 2797 549 dixerunt
2829 496 2980 551 Deo:
3025 496 3246 552 Recede
3274 511 3312 552 a
3340 496 3527 552 nobis.
3560 527 3628 536 ——

1976 583 2108 636 Hinc
2137 580 2334 636 verbis
2359 581 2554 638 dicere
2601 583 2696 638 vel
2737 583 2895 639 stulti
2945 584 3194 639 minime
3235 590 3628 656 prmsumunt,

1975 669 2080 725 sed
2108 673 2308 726 tamen
2329 672 2594 744 perversi
2621 688 2831 728 omnes
2848 675 2966 728 Deo
2984 672 3258 728 recedere
3280 689 3402 728 non
3432 673 3630 729 verbis

1975 759 2080 814 sed
2111 759 2380 815 moribus
2403 761 2628 817 dicunt.
2659 762 2870 818 Dicunt
2898 777 3041 832 ergo
3067 780 3079 817 :
3129 763 3351 818 Recede
3376 777 3413 818 a
3441 763 3626 831 nobis,

1973 847 2077 919 qui
2106 847 2158 902 ei
2188 847 2266 904 ad
2310 863 2371 904 se
2419 849 2648 906 aziitum
2698 849 2962 922 praebere
3009 853 3306 916 recusant,
3367 865 3628 922 eumque

1973 936 2172 1008 pravis
2203 937 2434 993 actibus
2462 939 2801 1011 inpugnant
2829 939 3063 996 etiamsi
3112 938 3312 994 verbis
3333 953 3473 994 eum
3498 938 3627 993 lau-

1973 1025 2116 1082 dare
2168 1025 2502 1083 videantur.
2535 1027 2746 1084 Dicunt
2778 1029 2990 1085 etiam:
3021 1029 3346 1085 Scientiam
3392 1027 3627 1082 viarum

1974 1121 2216 1172 tuarum
2265 1118 2561 1184 nolumus,
2588 1148 2660 1157 —-
2703 1133 2774 1172 eo
2818 1119 2952 1190 ipso
2980 1134 3104 1192 quo
3144 1118 3274 1188 ejus
3319 1115 3628 1172 scientiam

1973 1204 2424 1276 apprehendere
2449 1210 2858 1262 contemnunt.
2887 1206 2989 1262 Via
3018 1211 3218 1262 autem
3251 1205 3348 1260 Dei
3369 1220 3510 1277 pax,
3531 1203 3628 1258 via

1974 1292 2074 1347 Dei
2103 1292 2429 1362 humilitas,
2455 1293 2547 1350 via
2574 1294 2672 1350 Dei
2730 1295 3016 1367 patientia
3046 1298 3155 1351 est.
3191 1294 3302 1350 Sed
3327 1293 3472 1366 quia
3500 1293 3628 1348 haec

1973 1380 2179 1437 omnia
2229 1381 2417 1454 iniqui
2457 1382 2815 1455 despiciunt,
2853 1387 2970 1439 Deo
3017 1383 3256 1438 dicunt:
3307 1382 3627 1437 Scientiam

1975 1470 2232 1524 viarum-
2264 1476 2506 1526 tuarum
2541 1473 2840 1527 nolumus.
2875 1473 3027 1526 Dum
3075 1470 3235 1526 enim
3265 1469 3325 1524 in
3355 1468 3631 1541 praesenti

1973 1559 2091 1614 vita
2139 1559 2511 1632 superbiunt,
2557 1560 2704 1616 dum
2744 1560 3077 1616 honoribus
3118 1560 3424 1628 inﬂantur,
3483 1559 3630 1613 dum

1892 1667 1935 1721 Β
1973 1647 2151 1702 etiam
2183 1647 2230 1702 si
2262 1663 2384 1703 non
2414 1647 2656 1714 habent,
2690 1653 2998 1721 appetunt,
3031 1648 3158 1704 vias
3196 1650 3293 1702 Dei
3325 1648 3386 1702 in
3413 1647 3631 1715 cogita-

1975 1735 2130 1792 tione
2162 1741 2573 1792 contemnunt.
2605 1737 2913 1810 Sequitur:

2042 1826 2218 1881 Vens.
2267 1830 2350 1881 15.
2383 1825 2524 1892 Quis
2549 1832 2633 1882 est
2661 1827 3040 1896 Omnipotens
3070 1829 3136 1879 ut
3170 1823 3499 1880 serviamus
3529 1822 3583 1877 ei
3601 1821 3629 1875 ?

1972 1944 2040 1953 —-
2066 1915 2224 1968 Mens
2278 1913 2441 1968 enim
2480 1913 2740 1969 hominis
2771 1913 2925 1969 male
2964 1911 3222 1968 exterius
3266 1910 3422 1980 fusa,
3455 1908 3538 1964 sic
3567 1908 3628 1964 in

1973 2002 2153 2058 rebus
2197 2002 2500 2075 corporeis
2529 2019 2741 2076 sparsa
2778 2006 2889 2064 est,
2921 2007 2988 2058 ut
3014 2016 3211 2074 neque
3239 1999 3316 2056 ad
3350 1998 3629 2070 semetip-

1977 2107 2107 2146 sam
2136 2091 2294 2147 intus
2322 2091 2588 2159 redeant,
2617 2107 2812 2164 neque
2843 2107 3004 2157 eum,
3035 2089 3138 2163 qui
3177 2093 3266 2144 est
3292 2086 3626 2154 invisibilis,

1977 2179 2235 2249 cogitare
2275 2177 2550 2235 sufﬁciat.
2584 2179 2752 2235 Unde
2787 2179 2892 2235 viri
2943 2178 3214 2235 carnales
3249 2179 3423 2248 jussa
3456 2175 3630 2248 spiri-

1976 2267 2114 2324 talia
2162 2272 2611 2346 contemnentes
2655 2268 2864 2338 Deum,
2901 2267 3044 2340 quia
3083 2265 3466 2338 corporaliter
3507 2279 3631 2318 non

1974 2356 2194 2424 vident,
2244 2355 2613 2429 quandoque
2647 2356 2726 2413 ad
2766 2357 2880 2413 hoc
2933 2355 3310 2428 perveniunt,
3351 2357 3417 2408 ut
3452 2351 3632 2408 etiam

1972 2461 2096 2502 non
2127 2461 2256 2501 esse
2287 2445 2682 2518 suspicentur.
2721 2444 2885 2501 Unde
2917 2444 3206 2516 scriptum
3244 2446 3331 2497 est
3368 2458 3380 2496 :
3421 2463 3448 2489 ‹‹
3482 2440 3634 2496 Dixit

1971 2534 2258 2607 insipiens
2289 2534 2349 2589 in
2390 2534 2569 2590 corde
2619 2550 2762 2590 suo:
2806 2537 2933 2589 Non
2973 2537 3062 2587 est
3099 2534 3250 2587 Deus
3292 2531 3629 2601 (Psal.x1n,

1977 2625 2046 2692 ι).
2073 2648 2102 2674 ››
2137 2623 2413 2696 Sequitur
2445 2641 2458 2679 :
2487 2624 2564 2679 Et
2589 2624 2738 2696 quid
2782 2623 2947 2679 nobis
2973 2621 3237 2692 prodest,
3286 2621 3341 2675 si
3364 2618 3629 2675 oraveri-

1971 2729 2101 2770 mus
2126 2728 2256 2769 eum
2281 2717 2308 2768 ξ)
2329 2745 2395 2752 -
2427 2716 2575 2770 Cum
2606 2715 2762 2769 Deus
2792 2712 2854 2768 in
2883 2711 3149 2768 Oratione
3173 2709 3454 2775 lassatur,
3487 2706 3632 2780 quia

1973 2818 2112 2857 cum
2129 2801 2231 2857 illa
2259 2802 2520 2873 quisque
2540 2800 2805 2874 postulat
2831 2816 2967 2872 qua:
2984 2799 3237 2855 fortasse
3249 2799 3419 2868 juxta
3435 2793 3630 2852 occul-

1973 2894 2100 2946 tum
2126 2889 2422 2960 judicium
2447 2891 2601 2945 Deus
2630 2888 2956 2944 retribuere
2971 2891 3226 2955 recusat,
3244 2886 3370 2958 ipse
3386 2898 3630 2956 quoque

1974 2979 2134 3035 venit
2173 2979 2233 3032 in
2261 2977 2522 3048 fastidio,
2554 2977 2660 3050 qui
2699 2993 2823 3032 non
2852 2976 2981 3031 vult
3007 2975 3150 3031 dare
3180 2973 3347 3046 quod
3373 2976 3627 3028 amatur.

1979 3069 2114 3124 Sese
2158 3067 2353 3136 magis
2398 3066 2686 3122 Dominus
2727 3080 2915 3138 quam
2946 3080 3018 3119 ea
3045 3079 3182 3135 quae
3213 3060 3481 3117 condidit
3509 3059 3633 3115 vult

1975 3156 2187 3222 amari,
2208 3161 2430 3211 aeterna
2457 3153 2658 3228 potius
2681 3169 2868 3226 quam
2896 3157 3126 3208 terrena
3157 3147 3464 3222 postulari,
3485 3147 3636 3202 sicut

1976 3245 2264 3318 scriptum
2285 3248 2408 3300 est:
2443 3265 2472 3294 «
2489 3242 2741 3310 Quaerite
2765 3257 3021 3313 regnum
3049 3240 3169 3301 Dei,
3201 3241 3259 3294 et
3286 3237 3415 3292 haec
3430 3234 3635 3292 omnia

1979 3335 2332 3407 adjicientur
2353 3333 2523 3390 vobis
2544 3333 2784 3404 (Matth.
2814 3348 2893 3396 vn,
2921 3334 3032 3394 33).
3069 3353 3097 3379 »
3127 3327 3434 3401 Sequitur:

2046 3428 2216 3479 Vens.
2264 3423 2346 3479 16.
2391 3424 2808 3480 Verumtamen
2838 3422 2981 3493 quia
3009 3435 3129 3476 non
3168 3423 3308 3474 sunt
3346 3418 3409 3471 in
3448 3430 3633 3471 manu

1977 3531 2179 3571 eorum
2213 3514 2367 3569 bona
2408 3527 2540 3580 sua,
2573 3513 2886 3568 consilium
2928 3511 3247 3580 impiorum
3281 3508 3457 3576 longe
3492 3505 3568 3560 sit
3597 3519 3634 3560 a

1976 3615 2168 3656 me.—
2199 3601 2362 3654 Bona
2389 3597 2451 3654 in
2479 3612 2669 3653 manu
2697 3596 2898 3663 habet,
2931 3595 3036 3667 qui
3062 3589 3453 3665 despiciendo
3485 3594 3632 3645 tem-

1977 3688 2208 3762 poralia
2239 3687 2352 3744 sub
2380 3687 2650 3744 dominio
2679 3686 2895 3742 mentis
2925 3684 3161 3759 premit,
3183 3697 3329 3737 nam
3357 3678 3634 3753 quisquis

1979 3795 2050 3834 ea
2081 3777 2325 3833 minime
2347 3776 2554 3847 diligit,
2586 3791 2648 3831 se
2670 3776 2864 3845 magis
2885 3774 2995 3829 illis
3017 3788 3204 3845 quam
3229 3770 3345 3826 sibi
3369 3768 3472 3823 illa
3498 3782 3636 3839 sup-

1979 3867 2164 3938 ponit.
2199 3864 2621 3936 Quidnamque
2651 3868 2738 3918 est
2766 3863 3111 3933 iniquorum
3143 3857 3481 3922 consilium,
3522 3855 3636 3910 nisi

1981 3961 2276 4010 terrenam
2303 3953 2556 4022 gloriam
2583 3966 2868 4023 quaerere,
2897 3954 3182 4003 aeternam
3212 3945 3511 4015 negligere
3543 3957 3636 3999 sa-

1978 4041 2593 4113 lutem,temporalem
2615 4055 2753 4094 cum
2795 4039 3021 4093 damno
3043 4035 3301 4090 interiori
3335 4035 3636 4104 appetere,

1979 4138 2037 4190 et
2063 4133 2302 4190 dolores
2324 4129 2696 4188 transitorios
2715 4128 2793 4185 ad
2809 4133 3062 4184 aeternos
3091 4123 3348 4194 gemitus
3367 4136 3639 4177 commu-

1982 4226 2106 4278 tare
2128 4219 2154 4272 ?
2187 4217 2288 4273 Vir
2341 4217 2520 4286 igitur
2569 4217 2832 4279 sanctus,
2864 4212 2974 4268 has
3016 4209 3363 4282 iniquorum
3412 4205 3638 4275 cogita-

1982 4311 2172 4366 tiones
2196 4308 2456 4376 intuens,
2490 4307 2842 4377 aspernetur
2861 4306 2919 4358 et
2946 4301 3136 4357 dicat:
3173 4299 3505 4355 Consilium
3530 4293 3637 4352 im-

1977 4401 2220 4470 piorum
2251 4398 2425 4467 longe
2451 4395 2528 4450 sit
2553 4409 2589 4449 a
2619 4407 2728 4448 me.
2765 4391 3073 4464 Sequitur:

2054 4485 2226 4538 Vens.
2252 4487 2333 4536 l7.
2368 4479 2602 4547 Quoties
2631 4478 2878 4534 lucerna
2899 4492 3102 4532 eorum
3123 4473 3638 4545 exstinguitur.—

1985 4579 2149 4647 Saepe
2178 4571 2402 4645 impius
2427 4570 2490 4626 in
2533 4568 2729 4624 lucem
2769 4583 2942 4623 suam
2983 4565 3242 4622 aestimat
3272 4564 3535 4619 ﬁliorum
3556 4561 3640 4616 vi-

1982 4671 2102 4720 tam
2138 4661 2243 4718 sed
2273 4676 2413 4715 cum
2443 4656 2742 4729 ﬁlius,‘qui
2770 4656 2948 4711 nimis
2969 4659 3228 4721 amatur,
3248 4650 3638 4716 subtrahitur,

1981 4753 2225 4807 lucerna
2247 4747 2436 4820 impii,
2465 4761 2600 4818 quae
2633 4743 2969 4809 videbatur,
3001 4742 3291 4798 exstincta
3320 4744 3427 4796 est.
3473 4740 3642 4809 Saepe

1982 4839 2204 4911 impius
2233 4834 2547 4910 praesentis
2566 4830 2814 4888 honoris
2835 4829 3091 4901 gloriam
3118 4829 3428 4885 lucernam
3449 4830 3639 4900 putat,

1985 4928 2091 4983 sed
2139 4926 2286 4982 dum
2336 4922 2576 4979 sublata
2622 4919 2907 4991 dignitate
2949 4918 3242 4990 dejicitur,
3273 4917 3518 4976 lucerna
3547 4933 3644 4974 ex-

1984 5018 2164 5074 tincta
2186 5019 2292 5081 est,
2324 5029 2462 5085 quae
2492 5012 2544 5067 ei
2571 5011 2742 5082 juxta
2772 5008 3137 5065 desiderium
3166 5007 3424 5066 lucebat.
3442 5007 3644 5080 Sequi-

1987 5112 2110 5161 tur:
2145 5106 2222 5160 Et
2251 5102 2623 5172 superveniet
2653 5101 2734 5156 eis
2764 5099 3100 5162 inundatio,
3135 5105 3190 5155 et
3227 5099 3461 5155 dolores
3489 5097 3641 5151 divi-

1986 5195 2082 5250 det
2126 5192 2358 5264 furoris
2415 5192 2528 5246 sui.
2563 5220 2631 5229 —
2675 5187 2992 5244 Inundatio
3035 5187 3234 5260 impiis
3277 5181 3640 5256 supervenit,

1986 5299 2125 5338 cum
2155 5281 2433 5337 dolorum
2463 5279 2679 5334 ﬂuctus
2709 5293 2781 5334 ex
2807 5277 3011 5349 aliqua
3031 5275 3389 5332 adversitate
3411 5267 3644 5340 patiun-

1985 5379 2097 5428 tur.
2133 5373 2288 5426 Bene
2309 5373 2508 5425 autem
2530 5368 2744 5423 dicitur
2768 5383 2780 5420 :
2801 5367 2878 5420 Et
2904 5367 3137 5420 dolores
3164 5359 3386 5415 dividet
3413 5356 3643 5424 furoris

1984 5463 2080 5518 sui
2107 5461 2212 5532 qui
2237 5458 2396 5515 enim
2423 5461 2675 5512 aeternos
2700 5453 2938 5508 dolores
2955 5449 3142 5518 impio
3173 5460 3279 5515 per
3307 5442 3643 5501 retributio-

1986 5566 2127 5607 nem
2153 5553 2368 5617 servat,
2400 5551 2457 5602 et
2487 5542 2814 5617 aliquando
2845 5541 3106 5594 mentem
3137 5533 3267 5604 ejus
3290 5532 3470 5589 etiam
3501 5536 3646 5589 tem-

1988 5637 2178 5711 porali
2207 5636 2413 5692 dolore
2434 5629 2894 5692 transverberat,
2912 5621 3057 5694 quia
3077 5621 3172 5679 hic
3187 5636 3431 5694 quoque
3451 5623 3508 5675 et
3526 5619 3641 5676 illic
