4128 6158
480 118 586 176 283

1545 117 1602 174 S.
1637 116 1897 174 ODONIS
1926 111 2219 170 ABBATIS
2257 113 2758 173 CLUNIACENSIS
2783 120 2850 174 ll.

3809 123 3912 178 2M

475 241 748 316 percutit,
775 240 990 296 furoris
1015 241 1108 296 sui
1134 255 1316 315 super
1342 241 1598 315 impium
1629 241 1868 298 dolores
1900 237 2128 294 dividit.
2165 235 2218 293 Δ
2245 251 2416 292 suam
2448 243 2502 294 et
2528 239 2603 295 de
2626 242 2842 310 furore
2872 241 3303 311 Omnipotentis
3329 241 3498 298 bibet.
3530 275 3600 282 —
3633 244 3745 309 Qui
3773 244 3822 300 si
3849 244 3911 302 in

475 335 674 402 Neque
697 330 858 386 enim
886 345 1067 402 poena
1094 347 1381 404 prmsens,
1412 347 1546 403 quas
1573 331 1776 402 injusti
1802 330 2075 386 animum
2097 343 2131 380 a

471 417 674 490 pravis
703 417 1016 472 desideriis
1042 432 1166 474 non
1207 419 1506 488 immutat,
1541 419 1620 474 ab
1648 417 1878 474 aeternis
1910 414 2134 487 suppli-

471 504 574 562 ciis
594 504 824 562 liberat.
849 506 1018 561 Unde
1039 511 1097 562 et
1125 523 1233 579 per
1256 507 1641 563 Psalmistam
1671 507 1888 562 dicitur
1913 521 1926 558 :
1947 503 2134 559 «Pluit

472 608 656 666 super
709 598 1054 666 peccatores
1108 595 1380 667 laqueos,
1441 595 1596 664 ignis
1649 599 1705 650 et
1761 593 2030 665 sulphur,
2079 597 2130 647 et

473 682 714 756 spiritus
741 682 1160 756 procellarum,
1192 701 1335 758 pars
1383 685 1584 740 calicis
1616 701 1825 741 eorum
1856 684 2043 750 (Psal.
2067 698 2128 751 Χ,

469 774 545 844 6).
589 793 618 821 ››
664 772 927 828 Dicendo
974 775 1194 830 etenim
1234 774 1510 846 laqueos,
1547 774 1724 842 ignis,
1773 772 2044 845 sulphur,
2078 776 2135 827 et

469 859 712 932 spiritus
743 861 1163 934 procellarum,
1201 861 1422 918 multos
1452 862 1739 918 nimirum
1787 861 2024 918 dolores
2048 861 2132 916 in-

469 947 616 1004 tulit.
645 948 761 1004 Sed
787 949 932 1020 quia
957 949 1035 1006 ab
1062 950 1155 1004 his
1191 949 1500 1007 doloribus
1530 954 1828 1024 peccator,
1859 951 1966 1024 qui
2007 965 2128 1006 non

469 1036 799 1107 corrigitur,
852 1038 931 1093 ad
959 1043 1176 1095 aeterna
1224 1039 1519 1112 supplicia
1569 1044 1839 1107 vocatur,
1881 1039 2128 1096 eosdem

468 1124 708 1182 dolores
736 1140 860 1182 non
877 1127 1005 1197 jam
1035 1131 1226 1183 totum
1253 1127 1521 1197 calicem,
1547 1129 1650 1184 sed
1673 1133 1904 1202 partem
1930 1128 2130 1185 calicis

467 1213 634 1283 dixit,
663 1213 810 1286 quia
839 1213 1112 1270 videlicet
1141 1229 1352 1271 eorum
1382 1217 1588 1289 passio
1620 1217 1716 1273 hic
1746 1217 1992 1289 quidem
2023 1231 2131 1288 per

467 1299 705 1356 dolores
726 1301 1025 1375 incipitur,
1055 1303 1161 1358 sed
1190 1303 1251 1359 in
1274 1303 1496 1360 ultione
1529 1311 1818 1378 perpetua
1843 1321 2124 1361 consum-

466 1391 684 1444 matur.
715 1392 795 1444 De
824 1405 1085 1461 quorum
1114 1389 1233 1446 ﬁne
1261 1393 1459 1448 adhuc
1483 1393 1614 1463 subj
1626 1394 1901 1457 ungitur:

538 1478 720 1534 Vens.
756 1483 840 1534 l8.
873 1481 1076 1536 Erunt
1107 1482 1261 1536 sicut
1302 1484 1499 1550 paleae
1524 1489 1666 1539 ante
1692 1485 1909 1552 faciem
1943 1485 2120 1546 venti,

2241 325 2358 380 hac
2403 325 2524 382 vita
2553 328 2805 400 positus,
2841 329 3085 402 culpam
3132 346 3310 386 suam
3352 329 3548 386 videre
3595 332 3910 403 voluisset,

2241 412 2316 467 de
2347 413 2786 486 Omnipotentis
2821 417 3019 474 furore
3054 417 3446 490 postmodum
3494 433 3620 475 non
3655 419 3911 492 biberet,

2241 504 2367 572 sed,
2400 505 2506 576 qui
2541 505 2639 561 hic
2695 508 2906 564 avertit
2941 507 3150 564 oculos
3204 523 3241 565 a
3285 512 3563 581 respectu
3615 509 3910 580 criminis,

2239 590 2353 646 illic
2385 591 2684 650 declinare
2726 611 2849 651 non
2890 596 3046 652 valet
3089 596 3446 652 sententiam
3479 597 3908 654 damnationis.

2243 683 2521 752 Sequitur
2545 701 2560 739 :
3472 691 3482 700 ’

2313 771 2480 824 Vsus.
2510 775 2569 826 24
2587 813 2600 826 .
2629 773 2785 838 Quid
2798 776 2955 830 enim
2977 775 3058 830 ad
3079 791 3208 830 eum
3233 776 3490 844 pertinet
3514 776 3584 832 de
3599 777 3774 832 domo
3795 793 3908 834 sua

2233 864 2370 927 post
2388 873 2450 915 se
2471 862 2498 917 ‘2
2524 862 2605 916 Et
2632 863 2685 917 si
2712 879 2996 920 numerus
3024 866 3312 920 mensium
3345 868 3471 934 ejus
3501 867 3857 922 dimidiatur
3881 869 3910 922 ?

2237 950 2530 1020 -—Neque
2587 951 2743 1006 enim
2774 953 2856 1008 sic
2899 953 3194 1008 debemus
3235 954 3525 1027 accipere,
3561 960 3624 1010 ut
3659 955 3910 1028 iniquus
3978 1002 3983 1012 .

2238 1035 2346 1091 iste
2406 1042 2617 1108 postea
2683 1055 2870 1111 quam
2930 1041 3256 1096 damnatus
3293 1043 3530 1098 aeternis
3594 1043 3910 1116 suppliciis

2239 1125 2431 1194 fuerit,
2463 1126 2540 1182 de
2563 1126 2750 1184 domo
2775 1145 2908 1198 sua,
2931 1129 2990 1184 id
3022 1137 3110 1185 est
3141 1131 3438 1201 cognatis,
3459 1147 3614 1204 quos
3645 1133 3910 1206 relique-

2237 1214 2331 1283 rit,
2363 1215 2608 1273 minime
2641 1219 2944 1289 cogitabit,
2970 1236 3108 1275 cum
3142 1237 3245 1290 [er
3263 1223 3646 1295 semetipsam
3679 1224 3910 1280 Veritas

2236 1303 2416 1360 dicit:
2451 1327 2480 1361 ις
2516 1307 2666 1372 Quia
2692 1307 2884 1377 dives,
2909 1309 3013 1381 qui
3044 1309 3106 1364 in
3133 1309 3368 1366 inferno
3399 1311 3664 1384 sepultus
3685 1312 3905 1381 fuerat,

2235 1391 2312 1448 de
2351 1393 2621 1467 quinque
2671 1395 2978 1463 fratribus,
3011 1413 3168 1470 quos
3209 1398 3551 1470 reliquerat,
3607 1401 3792 1457 etiam
3841 1402 3908 1457 in

2237 1482 2599 1555 supplicium
2626 1486 2858 1558 positus
2888 1503 3096 1543 curam
3123 1488 3371 1557 gerebat
3395 1490 3560 1560 (Luc.
3595 1507 3715 1560 xxx,
3738 1494 3850 1562 28).
3875 1515 3907 1541 ››

464 1571 518 1621 et
549 1572 703 1622 sicut
726 1569 950 1636 favilla
1000 1585 1178 1640 quam
1219 1571 1392 1626 turbo
1433 1573 1742 1642 dispergit.
1782 1605 1850 1612 -—
1884 1573 2126 1645 Iniquus
2163 1591 2206 1646 Β
2236 1570 2444 1624 Omnis
2472 1585 2736 1644 namque
2756 1577 3034 1644 peccator
3062 1575 3328 1646 prudens
3351 1575 3459 1632 erit
3480 1576 3541 1632 in
3567 1591 3772 1648 pcena,
3797 1579 3906 1650 qui

464 1670 603 1710 cum
629 1656 692 1710 in
715 1661 1004 1726 potestate
1031 1659 1415 1730 conspicitur,
1432 1677 1572 1716 cum
1596 1660 1772 1716 valde
1801 1663 1862 1717 in
1881 1677 2126 1734 oppres-

465 1742 738 1799 sionibus
787 1759 858 1800 ac
895 1745 1188 1802 violentiis
1229 1748 1590 1818 effrmnatur,
1625 1751 1704 1804 ab
1747 1749 2123 1807 infirmorum

463 1831 924 1902 cogitationibus
971 1836 1171 1903 gravis
1219 1837 1496 1905 nimium,
1543 1844 1600 1894 et
1627 1841 1802 1912 quasi
1850 1841 1910 1896 in
1962 1841 2123 1896 hunc

463 1920 744 1975 mundun
772 1921 1076 1980 radicatus
1124 1924 1472 1981 aestimatur.
1503 1929 1650 1982 Cum
1688 1927 1848 1984 enim
1879 1929 2122 1984 districti

455 2005 678 2076 judicis
707 2009 998 2064 sententia
1018 2009 1260 2077 venerit,
1285 2027 1497 2066 omnes
1520 2012 1710 2085 iniqui
1733 2015 1908 2086 quasi
1933 2015 2120 2086 palea:

462 2098 599 2150 ante
625 2099 875 2151 ventum
905 2101 1081 2152 erunt
1105 2114 1120 2161 ;
1145 2099 1251 2169 qui
1284 2103 1347 2154 ut
1373 2099 1452 2156 ita
1481 2100 1703 2168 dicam,
1728 2102 1828 2158 irin
1853 2102 2000 2159 ﬂatu
2027 2121 2121 2159 su-

458 2180 586 2236 bito
613 2181 912 2252 levantur,
944 2190 1126 2256 atque
1156 2192 1542 2258 asportantur
1581 2189 1660 2245 ad
1707 2191 1931 2260 ignem,
1967 2209 2122 2264 quos

457 2269 555 2326 hic
583 2271 896 2343 quondam
924 2273 989 2328 in
1017 2273 1144 2328 suis
1181 2275 1569 2347 praeiudiciis,
1601 2279 1775 2350 quasi
1804 2281 1937 2336 duri
1968 2297 2120 2353 pon-

457 2356 616 2414 deris
640 2369 820 2432 super
841 2361 1143 2430 jacentem
1169 2363 1394 2420 molem
1417 2364 1813 2437 indigentium
1836 2368 2120 2440 lacrymaa

457 2461 702 2502 movere
728 2462 852 2503 non
880 2455 1190 2520 poterant;
1225 2455 1284 2507 et
1321 2451 1399 2506 ad
1429 2453 1715 2524 rapientis
1755 2455 1964 2525 judicii
1994 2471 2122 2512 ma-

457 2549 604 2590 num
657 2535 822 2592 leves
884 2543 1041 2604 sunt,
1099 2540 1200 2611 qui
1264 2556 1370 2612 per
1433 2541 1784 2611 injustitiam
1829 2545 2119 2616 proximis

459 2637 674 2692 graves
727 2623 983 2682 fuerunt.
1011 2627 1321 2698 Sequitur:
1351 2631 1428 2685 Et
1461 2631 1615 2687 sicut
1657 2633 1904 2702 favilla,
1937 2649 2117 2703 quam

458 2711 632 2766 turbo
672 2712 983 2784 dispergit.
1013 2745 1084 2756 —-
1127 2720 1276 2774 Ante
1313 2717 1740 2791 omnipotentis
1771 2721 1871 2777 Dei
1911 2722 2118 2778 oculos

458 2797 650 2872 iniqui
677 2801 798 2858 vita
826 2802 1024 2859 favilla
1049 2808 1158 2872 est,
1187 2807 1334 2878 quia
1353 2814 1410 2863 et
1439 2809 1489 2864 si
1512 2808 1590 2864 ad
1613 2815 1986 2867 momentum
2007 2828 2116 2884 ap-

458 2893 631 2959 paret
656 2888 882 2960 viridis,
912 2891 992 2948 ab
1019 2893 1151 2963 ejus
1179 2898 1380 2952 tamen
1397 2896 1624 2966 judicio
1643 2898 1772 2968 jam
1793 2914 2117 2973 consump-

460 2978 520 3030 ta
543 2975 824 3046 cernitur,
837 2977 945 3050 qui
969 2982 1426 3054 consumptioni
1449 2989 1685 3042 aeternis
1701 2991 1789 3042 est
1805 2986 2110 3060 deputata.

454 3061 621 3120 Hanc
650 3063 916 3124 favillam
944 3067 1122 3124 turbo
1149 3070 1458 3144 dispergit,
1493 3073 1637 3144 quia
1666 3097 1692 3123 ‹‹
1721 3077 1874 3130 Deus
1913 3083 2114 3134 noster

453 3153 768 3210 manifeste
798 3156 1016 3224 veniet,
1047 3162 1105 3213 et
1123 3173 1248 3216 non
1274 3159 1468 3216 silebit
1489 3162 1682 3230 (Psai.
1709 3180 1864 3228 xm,
1898 3168 1975 3236 ὅ),
1997 3189 2026 3216 ››
2053 3172 2110 3223 et

447 3241 698 3314 reliqua.
731 3243 1010 3314 Sequitur
1032 3263 1045 3300 :

519 3332 690 3386 Vens.
716 3331 798 3386 19.
818 3332 973 3388 Deus
988 3340 1249 3391 servavit
1261 3336 1406 3404 ﬁliis
1427 3339 1596 3395 illius
1612 3339 1877 3398 dolorem
1887 3347 2106 3414 patris,

449 3424 505 3474 et
531 3433 662 3474 cum
683 3420 1018 3477 reddiderit
1035 3427 1178 3478 tunc
1199 3427 1359 3481 sciet.
1384 3457 1451 3466 -
1476 3430 1543 3484 Et
1561 3443 1803 3486 rursum
1821 3433 2105 3506 scriptum

409 3510 585 3575 ,est:
645 3526 674 3556 ‹‹
733 3507 968 3577 Anima,
1026 3525 1164 3580 quae
1231 3515 1586 3583 peccaverit,
1646 3517 1781 3590 ipsa
1830 3521 2112 3592 punietur

448 3594 684 3665 (Επειδὴ.
735 3611 896 3661 xvm,
927 3600 1004 3664 4).
1047 3621 1076 3648 ››
1121 3602 1432 3658 Peccatum
1479 3605 1705 3678 quippe
1755 3609 2042 3679 originale
2073 3629 2110 3668 a

448 3682 802 3754 parentibus
842 3685 1160 3750 trahimus.
1193 3695 1250 3745 et
1286 3691 1401 3748 nisi
1431 3709 1540 3766 per
1582 3696 1836 3764 gratiam
1881 3699 2107 3772 baptis-

445 3772 625 3829 matis
659 3773 988 3843 solvamur,
1039 3777 1220 3834 etiam
1265 3787 1584 3852 parentum
1628 3791 1874 3857 peccata
1905 3795 2106 3861 porta-

445 3877 604 3931 mus,
633 3862 778 3934 quia
813 3879 1004 3921 unum
1033 3866 1232 3924 adhuc
1261 3869 1536 3928 videlicet
1565 3889 1705 3930 cum
1732 3875 1846 3932 illis
1873 3894 2103 3935 sumus.

444 3949 658 4008 Reddit
709 3968 853 4022 ergo
903 3960 1152 4026 peccata
1205 3963 1448 4030 patrum
1497 3961 1560 4017 in
1611 3963 1766 4034 ﬁliis,
1807 3967 1957 4023 dum
1996 3984 2106 4040 pro

441 4039 622 4114 culpa
647 4043 912 4115 parentis
939 4059 1013 4101 ex
1051 4045 1326 4119 originali
1362 4057 1609 4122 peccato
1637 4053 1840 4112 anima
1865 4039 2107 4127 punitur

449 4129 660 4200 prolis,
687 4136 746 4186 et
771 4147 1014 4188 rursum
1039 4141 1287 4205 peccata
1315 4145 1631 4210 parentum
1667 4157 1788 4198 non
1821 4143 2016 4202 reddit
2041 4147 2104 4202 in

445 4216 602 4286 ﬁliis,
625 4219 770 4291 quia
799 4221 878 4276 ab
908 4221 1185 4291 originali
1202 4226 1381 4298 culpa
1411 4243 1518 4298 per
1543 4229 1915 4301 baptismum
1959 4235 2103 4293 libe-

438 4321 666 4378 ramur,
697 4323 822 4364 non
846 4310 976 4380 jam
1020 4291 1339 4382 parentum
1371 4291 1599 4388 culpas,
1624 4291 1760 4384 sed,
1785 4337 1939 4392 quas
1985 4291 2100 4398 ipsi
2135 4291 2182 4346 υ

439 4395 893 4481 committimus,
919 4399 1242 4456 habemus.
1277 4403 1392 4460 Sed
1421 4409 1627 4462 tamen
1654 4407 1899 4481 intelligi
1917 4395 2099 4470 etiam

437 4479 607 4538 aliter
645 4489 860 4574 potest,
889 4487 1034 4558 quia
1061 4488 1338 4562 quisquis
1368 4494 1542 4565 pravi
1580 4479 1866 4568 parentis-
1885 4499 2097 4574 iniqui-

439 4574 618 4628 tatem
673 4573 960 4643 imitatur,
988 4576 1170 4633 etiam
1221 4595 1296 4636 ex
1327 4581 1458 4652 ejus
1495 4583 1711 4640 delicto
1741 4589 2093 4660 constringi-

435 4661 548 4715 tur.
577 4659 858 4728 Quisquis
887 4668 1091 4721 autem
1121 4669 1386 4738 parentis
1413 4669 1788 4744 iniquitatem
1818 4692 1936 4732 non
1970 4659 2097 4735 imi-

433 4750 610 4839 tatur,
639 4765 1032 4824 nequaquam
1055 4753 1268 4813 delicto
1285 4758 1440 4814 illius
1459 4767 1760 4828 gravatur.
1785 4767 2090 4839 Sequitur:

432 4835 514 4890 Et
532 4851 666 4892 cum
686 4839 1018 4898 reddiderit
1038 4849 1184 4900 tunc
1208 4847 1372 4903 sciet.
1388 4877 1458 4888 —-
1474 4851 1665 4907 Nescit
1687 4853 1846 4910 enim
1870 4835 2093 4930 impius

431 4923 593 4980 mala
621 4939 760 5015 quas
787 4928 944 4996 fecit,
976 4931 1091 4987 nisi
1121 4945 1232 5004 pro
1259 4935 1488 4993 eisdem
1529 4941 1704 4996 malis
1732 4945 1932 5014 puniri
1959 4923 2090 5015 jam

431 5014 694 5086 caperit.
721 5017 885 5074 Unde
913 5023 970 5075 et
999 5035 1106 5092 per
1132 5024 1491 5097 prophetam
1529 5028 1744 5086 dicitur
1767 5052 1779 5088 :
1814 5052 1844 5085 α
1870 5036 1934 5089 Et
1966 5014 2090 5090 tan‘

430 5103 746 5161 tummodo
795 5105 924 5164 sola
973 5110 1204 5167 vexatio
1252 5113 1618 5173 intellectum
1649 5121 1879 5177 auditui
1925 5123 2093 5180 dabit

428 5191 572 5282 (ira.
593 5201 796 5262 ‘xxvm,
827 5195 932 5268 19).
967 5215 998 5250 ›
1029 5201 1190 5256 Tunc
1213 5215 1480 5276 namque
1508 5205 1778 5276 intelligit
1797 5211 1958 5282 quod
1990 5228 2090 5268 au-

427 5280 594 5351 divit,
625 5297 763 5341 cum
788 5301 861 5360 se
893 5286 1023 5357 jam
1067 5303 1174 5360 pro
1205 5297 1556 5366 contemptu
1583 5299 1783 5354 vexari
1811 5280 2084 5356 doluerit.

429 5370 704 5442 Sequitur
728 5390 741 5428 :

497 5461 672 5518 Vitas.
720 5463 810 5520 20.
871 5467 1164 5526 Videbunt
1218 5474 1380 5529 oculi
1430 5475 1558 5542 ejus
1617 5477 2086 5547 interfectionem

2237 1657 2454 1713 stultus
2473 1659 2582 1716 fuit
2608 1661 2670 1716 in
2701 1661 2898 1734 culpa.
2931 1665 3041 1719 Pro
3064 1679 3305 1720 summo
3328 1664 3424 1721 hic
3445 1681 3710 1738 namque
3733 1667 3904 1723 bono

2233 1747 2602 1820 concupiscit
2648 1764 2892 1819 germen
2951 1752 3186 1820 generis
3231 1753 3454 1810 habere
3513 1754 3769 1812 domum
3808 1755 3905 1811 vel

2233 1832 2546 1902 familiam,
2578 1837 2797 1909 opibus
2824 1839 3061 1910 repleri,
3095 1845 3151 1896 et
3172 1840 3279 1897 diu
3307 1841 3368 1898 in
3399 1843 3512 1900 hac
3540 1843 3740 1900 carnis
3773 1860 3905 1899 cor-

2232 1921 2510 1994 ruptione
2534 1924 2749 1980 vivere.
2786 1926 2898 1982 Sed
2933 1927 2982 1982 si
3012 1927 3262 1985 fortasse
3293 1929 3521 2003 aliquid
3545 1931 3625 1988 ad
3643 1932 3779 2002 ejus
3799 1932 3903 1988 de-

2235 2012 2520 2068 siderium
2552 2015 2767 2082 veniat,
2801 2016 2967 2087 quod
2993 2022 3196 2074 tamen
3247 2019 3512 2077 obtinere
3554 2036 3678 2077 non
3708 2023 3899 2094 possit

2231 2099 2346 2154 nisi
2396 2117 2535 2158 cum
2584 2101 2917 2160 offensione
2957 2106 3314 2178 Conditoris,
3345 2108 3478 2179 ejus
3527 2108 3771 2166 animus
3819 2111 3902 2166 ad

2229 2188 2546 2260 paululum
2575 2191 2992 2261 perturbatur;
3021 2194 3243 2264 cogitat
3273 2198 3419 2268 quia
3449 2197 3499 2253 si
3537 2198 3654 2254 hoc
3711 2199 3902 2269 egerit

2230 2275 2391 2331 unde
2419 2275 2716 2334 offensam
2749 2281 2840 2335 sui
2871 2281 3202 2338 Conditoris
3223 2283 3487 2353 incurrit,
3505 2285 3568 2341 in
3593 2286 3804 2353 domo,
3834 2287 3900 2342 in

2227 2365 2388 2435 ﬁliis,
2418 2366 2482 2422 in
2510 2367 2629 2424 vita
2649 2370 2995 2442 percutitur.
3029 2373 3142 2430 Sed
3170 2374 3456 2448 superbia
3478 2376 3756 2448 protinus
3779 2377 3900 2433 ins-

2231 2455 2445 2525 tigatus
2475 2457 2841 2522 obdurescit,
2869 2465 2926 2516 et
2946 2461 3283 2534 quamlibet
3308 2463 3372 2520 in
3411 2465 3528 2522 vita
3555 2466 3900 2538 percussio-

2227 2557 2368 2598 nem
2417 2545 2648 2613 sentiat,
2681 2561 3071 2620 nequaquam
3129 2556 3318 2620 curat,
3364 2552 3704 2610 dummodo
3753 2570 3894 2627 quae

2229 2633 2574 2702 cogitaverit
2593 2635 2850 2708 expleat,
2884 2643 2958 2704 et,
2991 2655 3311 2712 quousque
3357 2641 3519 2714 vivit,
3550 2643 3892 2716 voluptates

2228 2736 2366 2776 suas
2399 2721 2680 2794 perﬁcere
2711 2741 2835 2781 non
2864 2725 3128 2784 desistat.
3159 2732 3228 2786 Et
3253 2730 3315 2786 in
3337 2731 3453 2788 hoc
3479 2746 3622 2802 ergo
3655 2749 3721 2788 se
3747 2749 3891 2805 pec-

2226 2814 2391 2866 cator
2439 2817 2648 2869 contra
2697 2816 2885 2870 Deum
2943 2817 3131 2888 erigit,
3163 2819 3270 2876 ubi
3305 2823 3459 2878 Deus
3501 2821 3892 2895 omnipotens

2225 2899 2354 2969 ejus
2407 2901 2766 2960 creationem
2811 2903 3051 2976 frangit,
3083 2911 3138 2965 et
3180 2924 3290 2966 nec
3347 2909 3511 2968 illata
3575 2912 3890 2983 percussio

2223 2992 2488 3046 mentem
2531 2991 2827 3063 bumiliat,
2863 3010 3047 3066 quam
3094 2996 3157 3052 in
3203 2997 3632 3058 deliberatione
3675 3008 3892 3058 contra

2225 3081 2411 3134 Deum
2440 3078 2762 3137 obstinatio
2790 3082 3069 3140 obdurat.
3106 3087 3412 3158 Sequitur:

2295 3171 2459 3224 Vsus.
2483 3172 2571 3224 22.
2594 3171 2887 3242 Nunquid
2906 3175 3094 3230 Deum
3119 3177 3416 3246 quispiam
3439 3179 3668 3236 docebit
3695 3184 3888 3241 scien-

2223 3257 2390 3328 tiam,
2424 3259 2529 3328 qui
2572 3261 2834 3316 excelsos
2876 3264 3166 3331 judicat?
3212 3297 3280 3306 —
3329 3267 3478 3324 Cum
3507 3269 3602 3325 his
3625 3285 3770 3342 quae
3807 3273 3888 3329 de

2219 3343 2396 3401 nobis
2427 3352 2689 3416 aguntur
2717 3349 3104 3421 ambigimus,
3146 3353 3440 3412 debemus
3469 3357 3586 3414 alia
3613 3375 3758 3430 quae
3778 3376 3886 3416 no-

2217 3432 2312 3488 bis
2343 3439 2481 3490 sunt
2504 3441 2664 3492 certa
2693 3439 3062 3510 conspicere,
3091 3447 3150 3498 et
3189 3458 3325 3500 eam
3372 3461 3510 3517 qua;
3552 3446 3628 3502 de
3667 3455 3886 3508 nostra

2219 3521 2394 3578 nobis
2421 3523 2834 3582 incertitudine
2865 3536 3186 3598 surexerat,
3241 3533 3618 3605 cogitationis
3667 3553 3884 3610 quere-

2218 3610 2342 3666 lam
2365 3611 2626 3684 placare.
2659 3617 2805 3671 Ecce
2835 3617 2996 3674 enim
3015 3620 3183 3692 quod
3213 3622 3430 3680 electos
3458 3625 3536 3682 ad
3562 3627 3748 3684 vitam
3769 3629 3885 3686 ﬂa-

2219 3699 2372 3768 gella
2417 3708 2718 3770 revocant,
2750 3709 2808 3762 et
2836 3707 3010 3763 malis
3040 3710 3272 3768 actibus
3301 3714 3592 3786 reprobos
3621 3731 3737 3774 nec
3768 3719 3884 3774 ﬂa-

2219 3789 2372 3858 gella
2403 3799 2818 3882 compescunt,
2847 3799 3273 3872 omnipotentis
3312 3803 3412 3858 Dei
3447 3805 3675 3876 judicia
3697 3825 3886 3882 super

2217 3894 2329 3934 nos
2358 3879 2532 3936 valde
2563 3883 2798 3940 occulta
2829 3892 2986 3950 sunt,
3021 3894 3079 3944 et
3125 3889 3346 3962 injuste
3393 3909 3516 3950 non
3565 3901 3726 3952 sunt.
3762 3879 3886 3954 Sed

2215 3967 2538 4024 tendamus
2557 3971 2802 4028 oculum
2831 3977 3047 4032 mentis
3078 3979 3157 4034 ad
3177 3983 3505 4052 superiora.
3548 3989 3611 4040 1n
3640 3985 3759 4042 illis
3781 4003 3885 4044 as-

2215 4057 2493 4150 picimus,
2517 4062 2662 4132 quia
2709 4062 2784 4119 de
2821 4065 2995 4121 nobis
3033 4069 3168 4140 quis
3206 4071 3355 4143 quid
3393 4075 3556 4146 juste
3585 4080 3884 4150 conqueri

2214 4162 2339 4203 non
2377 4149 2694 4208 habemus.
2725 4153 3117 4228 Omnipotens
3141 4159 3304 4217 enim
3332 4165 3487 4219 Deus
3515 4149 3885 4235 angelorum

2215 4238 2427 4294 merita
2449 4237 2818 4313 discernens,
2858 4243 3010 4300 alios
3035 4247 3096 4303 in
3123 4253 3349 4308 interna
3377 4252 3508 4310 luce
3538 4255 3668 4312 sine
3696 4255 3888 4330 lapsu

2212 4340 2564 4397 permanere
2603 4331 2923 4399 constituit,
2955 4335 3106 4391 alios
3151 4354 3407 4410 sponsos
3452 4343 3532 4399 ab
3563 4348 3726 4402 statu
3751 4364 3888 4404 sure

2211 4413 2575 4472 celsitudinis
2597 4419 2655 4473 in
2677 4424 2913 4477 aeternae
2929 4423 3340 4485 damnationis
3365 4431 3586 4489 ultione
3609 4442 3888 4507 prostra-

2207 4503 2310 4594 vit.
2333 4505 2648 4563 Nobiscum
2675 4508 2856 4580 igitur
2883 4511 3102 4585 injuste
3122 4517 3271 4574 nihil
3300 4521 3442 4592 agit,
3467 4523 3570 4594 qui
3601 4503 3660 4580 et
3685 4527 3888 4584 subti-

2204 4591 2414 4650 liorem
2443 4596 2618 4651 nobis
2644 4603 2927 4656 naturam
2952 4603 3112 4674 juste
3138 4607 3447 4677 judicavit.
3479 4591 3804 4684 Sequitur:

2279 4685 2444 4738 Vens.
2467 4688 2556 4752 23,
2578 4689 2667 4755 24,
2699 4691 2788 4744 25.
2823 4689 2943 4746 Iste
2968 4695 3226 4750 moritur
3263 4698 3542 4756 robustus
3565 4707 3622 4756 et
3660 4718 3884 4772 sanus,

2205 4772 2366 4828 dives
2413 4779 2468 4830 el
2504 4775 2682 4842 felix.
2729 4778 2962 4836 Viscera
2989 4784 3119 4850 ejus
3161 4786 3350 4853 plena
3385 4795 3526 4844 sunt
3575 4791 3784 4863 adipe,
3827 4803 3886 4851 et

2202 4862 2482 4917 medullis
2509 4878 2641 4919 ossa
2671 4868 2800 4936 ejus
2827 4869 3187 4939 irrigantur.
3236 4875 3413 4932 Alius
3443 4891 3584 4934 vero
3611 4862 3888 4940 moritur

2205 4951 2266 5005 in
2295 4953 2700 5010 amaritudine
2730 4959 2946 5014 animae
2973 4975 3097 5016 suae
3125 4962 3348 5035 absque
3377 4967 3522 5022 ullis
3543 4971 3794 5038 apibus.
3811 5007 3884 5015 —

2205 5042 2322 5094 lsta
2351 5055 2489 5095 cum
2519 5041 2601 5098 ita
2617 5044 2754 5115 sint,
2778 5046 2914 5118 quis
2939 5048 3000 5103 in
3026 5051 3480 5124 Omnipotentes
3502 5064 3736 5116 secreto
3759 5063 3888 5119 dis-

2203 5127 2402 5194 cutiat,
2433 5145 2540 5184 cur
2584 5131 2664 5188 ita
2690 5133 2819 5189 haec
2867 5151 2995 5192 esse
3033 5139 3378 5210 permittat?
3415 5144 3530 5200 Sed
3581 5147 3792 5205 electis
3823 5157 3886 5208 et

2200 5218 2470 5288 reprobis
2499 5219 2616 5277 vita
2646 5223 2891 5294 quidem
2931 5227 3138 5301 dispar
3165 5235 3274 5300 est,
3304 5233 3502 5290 carnis
3557 5243 3769 5296 autem
3813 5242 3880 5298 in

2201 5312 2388 5362 morte
2419 5311 2718 5382 corruptio
2743 5313 2950 5386 dispar
2967 5332 3091 5373 non
3119 5324 3223 5389 est.
3247 5321 3412 5379 Unde
3432 5323 3836 5396 subjungitur
3861 5349 3877 5386 :

2268 5397 2436 5454 Vens.
2455 5402 2545 5454 26.
2562 5401 2639 5455 Et
2659 5407 2858 5460 tamen
2887 5407 3068 5464 simul
3096 5409 3160 5466 in
3186 5413 3439 5480 pulvere
3464 5415 3796 5486 dormierat,
3817 5428 3880 5476 et

2198 5499 2422 5544 vermes
2437 5491 2706 5558 operient
2727 5507 2916 5548 eos.—
2939 5497 3093 5562 Quid
3109 5515 3252 5570 ergo
3271 5501 3515 5574 mirum,
3539 5503 3592 5560 si
3611 5521 3880 5582 prospe-
