4154 6160
287 170 383 224 ses
838 127 842 131 ’
1098 167 1392 224 Epiron
1429 165 1794 224 nassum!
1827 165 1886 220 s.
1926 165 2136 222 esse.
2184 169 2249 223 iN
2288 167 2427 225 JOB.
2469 200 2539 211 --
2578 171 2709 229 LIB.
2754 175 2873 230 xv.

3586 180 3692 237 286

279 292 442 347 ritate
472 289 567 346 vel
595 290 946 346 adversitate
978 293 1284 361 praesentis
1320 289 1529 346 saeculi
1552 288 1918 345 dissimiliter
1958 291 2004 344 A
2035 289 2344 358 ignoratur
2373 292 2453 348 ab
2481 292 2845 358 altero,cum
2864 299 3063 355 verbis
3080 300 3173 356 vel
3199 301 3417 373 opibus
3446 316 3570 358 non
3590 302 3693 359 de-

278 380 349 438 ad
374 384 747 435 momentum
778 384 1038 446 currunt,
1071 379 1175 451 qui
1195 395 1301 452 per
1326 380 1768 451 corruptionem
1791 393 1919 433 car-

278 470 363 526 nis
393 469 473 524 ad
505 472 719 525 terram
750 468 1013 525 similiter
1052 469 1342 527 redeunt?
1392 468 1493 525 Illa
1537 472 1624 524 est
1661 483 1804 539 ergo
1833 482 1922 523 so-

274 558 587 615 lummodo
608 557 725 613 vita
750 557 1163 627 cogitanda,in
1187 573 1467 631 quacum
1491 557 1923 612 resurrectione

277 649 467 703 carnis
495 647 573 702 ad
597 645 778 704 ﬁnem
818 645 1172 703 dissimilem
1209 648 1558 719 pertingitur
1586 645 1921 702 retributio-

274 737 379 793 nis.
412 736 687 808 Sequitur
714 753 726 790 :

340 826 503 879 Vens.
533 828 624 893 27,
652 827 742 880 28.
777 825 951 881 Certe
996 827 1138 881 novi
1179 826 1564 896 cogitationes
1591 831 1839 892 vestras,
1868 829 1923 879 et

271 914 588 970 sententias
634 919 844 969 contra
890 928 984 969 me
1027 915 1287 984 iniquas.
1329 915 1540 969 Dicitis
1583 915 1738 969 enim
1760 928 1782 968 .·
1821 912 1927 967 Ubi

271 1009 347 1058 est
390 1002 601 1058 domus
642 1002 983 1072 principis?
1028 1008 1085 1059 et
1134 1003 1237 1058 ubi
1278 1004 1671 1059 tabernacula
1712 1004 1921 1071 impio-

270 1107 398 1147 rum
417 1094 445 1145 ?
468 1090 727 1164 lmpium
757 1090 921 1147 enim
950 1089 1348 1157 crediderant,
1375 1107 1559 1164 quem
1600 1107 1636 1148 a
1662 1091 1809 1147 lastis
1840 1105 1953 1146 re—v

268 1180 378 1235 bus
428 1178 835 1252 temporaliter
882 1178 1251 1235 destructum
1300 1179 1607 1236 videbant.
1640 1180 1752 1236 Sed
1784 1194 1921 1235 san-

268 1273 394 1324 ctus
439 1268 530 1323 vir
570 1271 736 1323 tanto
782 1283 887 1323 eos
936 1267 1058 1323 alta
1109 1268 1580 1324 consideratione
1610 1268 1921 1339 dijudicat,

266 1361 493 1430 quanto
529 1356 683 1412 inter
730 1355 978 1423 damna,
1010 1371 1148 1429 quae
1178 1357 1521 1429 pertulerat,
1554 1357 1807 1413 infracta
1835 1371 1922 1413 re-

266 1446 549 1503 ctitudine
578 1446 792 1503 stabat.
822 1445 974 1511 Quid
1018 1445 1179 1502 enim
1210 1446 1263 1502 ei
1288 1446 1432 1502 foris
1463 1460 1663 1502 rerum
1694 1446 1920 1503 damna

266 1539 613 1604 nocuerant,
641 1535 746 1607 qui
776 1534 944 1591 illum
969 1550 1093 1590 non
1126 1535 1424 1601 amiserat,
1456 1552 1639 1608 quem
1671 1535 1918 1592 interius

267 1624 556 1685 amabat?
578 1628 945 1681 ALLBGOBICE.
990 1627 1225 1681 Viscera
1246 1628 1373 1696 ejus
1402 1628 1585 1695 plena
1615 1632 1755 1683 sunt
1785 1627 1917 1682 adi-

262 1731 348 1783 pe.
385 1715 547 1771 Sicut
587 1713 748 1770 enim
776 1730 849 1770 ex
896 1713 1230 1771 abundanti
1280 1716 1416 1771 cibo
1468 1715 1681 1789 adeps,
1713 1716 1792 1771 ita
1847 1733 1918 1771 ex

265 1803 637 1860 abundantia
664 1818 868 1859 rerum
904 1803 1189 1875 superbia
1217 1805 1499 1870 nascitur,
1531 1820 1668 1876 quas
1698 1804 1916 1876 impin-

265 1898 365 1962 gat
394 1896 655 1949 mentem
701 1891 916 1961 divitis,
947 1890 1096 1948 dum
1143 1892 1405 1949 elevatur
1433 1893 1675 1949 animus
1719 1908 1921 1964 super-

266 1982 498 2039 bientis.
547 1981 843 2052 Superbia
885 1982 1111 2053 quippe
1164 1981 1381 2051 cordis,
1421 1983 1595 2053 quasi
1638 1981 1919 2053 quaedam

265 2070 574 2143 pinguedo
603 2074 687 2125 est
715 2068 1146 2124 crassitudinis.
1174 2067 1358 2140 Unde,
1389 2070 1535 2142 quia
1560 2069 1830 2141 plerique
1850 2084 1921 2124 ex

268 2158 642 2214 abundantia
666 2161 911 2230 peccata
935 2161 1298 2230 perpetrant,
1319 2173 1427 2231 per
1459 2158 1815 2229 i’rophetam
1839 2158 1923 2212 di-

264 2248 435 2303 citur.
461 2247 894 2319 «Prodiitquasi
911 2261 985 2302 ex
1008 2246 1185 2319 adipe
1201 2246 1482 2320 iniquitas
1498 2262 1709 2302 eorum
1733 2248 1918 2315 (Psal.

264 2351 427 2401 Lxxu,
459 2338 574 2403 ⁸7).»
604 2340 914 2391 Amatores
963 2336 1145 2406 hujus
1179 2335 1381 2392 saeculi
1414 2336 1583 2409 quasi
1635 2351 1773 2391 ossa
1820 2336 1923 2391 ha-

262 2426 423 2490 bent,
454 2424 704 2496 quando
732 2423 794 2478 in
827 2424 939 2480 hoc
966 2423 1196 2480 mundo
1225 2424 1633 2481 fortitudinem
1664 2424 1920 2494 dignita-

264 2519 387 2569 tum
418 2513 745 2586 possident.
783 2512 894 2570 Sed
922 2512 970 2567 si
998 2512 1270 2569 exteriori
1289 2513 1560 2585 dignitati
1590 2513 1783 2568 desint
1812 2518 1920 2569 ter-

193 2646 197 2649 .
261 2617 417 2657 renes
448 2605 509 2658 et
534 2600 875 2657 domesticas
904 2600 1145 2670 divitiae,
1181 2606 1477 2674 quantum
1516 2602 1596 2657 ad
1625 2617 1803 2657 suum
1828 2603 1920 2671 ju-

262 2689 486 2746 dicium
510 2705 649 2746 ossa
675 2689 922 2762 quidem
952 2689 1200 2759 habent,
1217 2690 1321 2745 sed
1349 2696 1406 2745 et
1433 2690 1728 2746 medullas
1748 2690 1805 2746 in
1829 2707 1921 2745 os-

262 2777 427 2834 sibus
446 2794 572 2834 non
597 2777 841 2835 habent.
862 2778 1011 2843 Quia
1043 2793 1186 2849 ergo
1218 2778 1301 2833 sic
1329 2778 1436 2833 iste
1468 2783 1701 2835 amator
1738 2778 1919 2849 hujus

262 2866 463 2922 steculi
506 2865 781 2921 exteriori
823 2869 1115 2937 potestate
1158 2865 1416 2935 fulcitur,
1449 2870 1513 2920 ut
1552 2865 1731 2921 etiam
1780 2865 1921 2921 inte-

259 2954 393 3011 riori
418 2959 672 3011 terrente
702 2953 924 3010 domus
950 2952 1324 3009 abundantia
1347 2953 1918 3023 saginetur,dicitur,

259 3050 313 3099 et
356 3044 644 3103 medullis
698 3057 829 3099 ossa
877 3044 1006 3113 ejus
1058 3044 1417 3113 irrigantur.
1454 3041 1551 3097 Vel
1590 3047 1744 3098 certe
1784 3058 1922 3099 ossa

259 3138 395 3189 sunt
442 3133 628 3203 hujus
673 3132 869 3187 divitis
912 3146 1112 3204 pravas
1151 3132 1618 3187 consuetudines
1647 3138 1704 3187 et
1731 3132 1916 3188 durae.

258 3221 528 3279 Medullaa
557 3237 700 3277 vero
729 3221 791 3276 in
819 3221 1064 3276 ossibus
1108 3226 1247 3276 sunt
1273 3221 1408 3293 ipsa
1437 3221 1596 3278 mala
1626 3221 1940 3278 desideria

258 3310 523 3377 vivendi,
556 3326 692 3383 qua:
721 3325 918 3382 neque
948 3325 1021 3365 ex
1062 3310 1372 3382 pravitatis
1402 3310 1802 3366 satisfactione
1831 3326 1920 3365 sa-

257 3400 503 3458 tiantur.
534 3402 676 3466 Quae
729 3398 1005 3455 medullas
1062 3399 1237 3472 quasi
1282 3415 1424 3455 ossa
1473 3400 1739 3470 irrigant,
1780 3416 1918 3456 cum

258 3489 386 3563 ipsa
417 3506 610 3564 prava
635 3489 931 3545 desideria
960 3504 1274 3562 perversas
1296 3490 1759 3546 consuetudines
1777 3506 1919 3545 suas

258 3579 315 3635 in
366 3579 748 3651 voluptatum
798 3578 1189 3635 delectatione
1247 3585 1625 3635 conservant.
1680 3582 1742 3635 Et
1781 3584 1921 3634 sunt

258 3667 534 3726 nonnulli
562 3667 664 3741 qui
693 3668 754 3723 in
784 3668 899 3723 hoc
942 3667 1173 3723 mundo
1220 3666 1455 3723 divitias
1499 3683 1621 3724 non
1671 3668 1917 3737 habent,

256 3759 362 3815 sed
429 3758 653 3815 habere
701 3759 1157 3830 concupiscunt,
1208 3757 1346 3813 elati
1398 3773 1527 3812 esse
1607 3763 1916 3831 appetunt,

255 3848 541 3921 quamvis
586 3848 648 3903 in
706 3848 820 3903 hoc
868 3845 1096 3901 mundo
1140 3846 1307 3918 quod
1350 3846 1619 3919 cupiunt,
1652 3847 1919 3903 obtinere

253 3952 380 3993 non
411 3936 667 4008 possint.
701 3937 769 3990 Et
813 3949 953 3989 cum
997 3932 1175 3989 nullis
1225 3934 1407 3989 rebus
1447 3934 1541 3989 vel
1586 3934 1921 3989 honoribus

254 4026 387 4081 fulti
422 4025 560 4092 sint,
586 4039 693 4094 per
724 4022 884 4077 mala
932 4026 1134 4077 tamen
1183 4022 1480 4077 desideria
1507 4022 1567 4076 in
1598 4029 1920 4094 conspectu

250 4111 479 4169 interni
501 4110 740 4182 judicis,
772 4123 907 4164 reos
934 4108 1297 4164 conscientia
1322 4108 1563 4164 addicit.
1599 4107 1759 4164 Talis
1802 4114 1920 4163 ete-

252 4201 383 4257 nim
411 4199 671 4272 quisque
696 4198 1053 4271 plerumque
1082 4196 1218 4253 ideo
1243 4196 1542 4268 afﬂigitur,
1574 4197 1718 4269 quia
1746 4196 1921 4253 dites-

255 4306 388 4346 cere
420 4305 492 4347 ac
522 4288 832 4361 superbire
860 4301 984 4343 non
1009 4286 1182 4343 valet.
1203 4291 1267 4342 ln
1291 4286 1536 4359 pulvere
1553 4287 1770 4343 etenim
1789 4286 1922 4342 dor-

256 4380 405 4435 mire
438 4383 547 4449 est,
572 4378 632 4433 in
665 4377 913 4434 terrenis
941 4375 1250 4432 desideriis
1276 4376 1485 4432 oculos
1516 4377 1730 4433 mentis
1759 4376 1921 4432 clau-

255 4468 421 4527 dere.
463 4467 634 4523 Unde
674 4466 998 4539 unicuique
1046 4466 1338 4538 peccanti,
1384 4469 1441 4522 et
1487 4465 1547 4521 in
1597 4465 1775 4538 culpa
1813 4482 1921 4521 sua

257 4556 581 4613 dormienti
625 4554 858 4613 dicitur.
888 4576 913 4603 ‹‹
938 4556 1145 4624 Surge,
1170 4553 1274 4626 qui
1304 4552 1550 4620 dormis,
1585 4561 1641 4609 et
1668 4568 1922 4623 exsurge

258 4663 294 4703 a
324 4645 602 4710 mortuis,
621 4648 678 4702 et
704 4642 1065 4700 illuminabit
1083 4647 1142 4698 te
1163 4642 1427 4699 Christus
1440 4642 1673 4711 (Ephes.
1700 4659 1753 4697 v.
1778 4646 1921 4709 14).»

260 4737 502 4791 Vermes
550 4748 691 4789 vero
738 4732 842 4805 qui
895 4733 970 4787 de
1002 4747 1181 4787 carne
1229 4736 1581 4800 nascuntur,
1615 4746 1717 4786 eos
1747 4731 1920 4786 simul

256 4824 561 4900 operiunt,
592 4822 736 4897 quia
766 4821 888 4876 sive
932 4819 1129 4876 divitis
1184 4820 1304 4877 sive
1337 4820 1621 4895 pauperis
1651 4820 1921 4874 animum

257 4928 413 4967 curae
464 4909 736 4967 carnales
773 4913 1072 4982 premunt.
1128 4908 1194 4963 In
1238 4907 1417 4963 rebus
1466 4908 1625 4963 enim
1674 4908 1921 4963 terrenis

256 5013 489 5071 pauper
514 5002 571 5054 et
598 4998 767 5053 dives
795 4996 1090 5069 reprobus
1145 4996 1424 5069 quamvis
1467 5012 1591 5055 non
1629 4996 1760 5070 pari
1790 5012 1923 5071 pro-

257 5089 537 5160 speritate
565 5087 909 5155 fulciantur,
942 5087 1073 5159 p:.ri
1111 5092 1316 5143 tamen
1349 5087 1644 5142 anxietate
1676 5086 1922 5142 turban-

255 5181 370 5243 tur,
401 5178 549 5250 quia
569 5177 735 5250 quod
765 5176 858 5233 ille
883 5178 1014 5248 jam
1046 5193 1186 5232 cum
1212 5180 1378 5231 metu
1407 5176 1611 5242 habet,
1645 5176 1750 5231 iste
1781 5192 1919 5231 cum

256 5266 555 5324 anxietate
582 5266 825 5339 appetit,
855 5269 912 5323 et
950 5264 1096 5337 quia
1125 5264 1347 5322 habere
1377 5280 1499 5320 non
1533 5264 1706 5329 valet,
1739 5263 1916 5319 dolet.

259 5354 371 5411 Sed
413 5371 554 5410 cum
584 5354 874 5426 scriptum
902 5352 1018 5410 sit:
1056 5374 1083 5401 «
1108 5353 1251 5418 Quis
1290 5352 1399 5409 scit
1437 5353 1755 5409 hominum
1784 5368 1920 5424 quas

258 5447 398 5498 sunt
427 5442 709 5509 hominis,
740 5440 856 5497 nisi
879 5439 1121 5512 spiritus
1153 5441 1416 5497 hominis
1446 5440 1549 5513 qui
1580 5441 1641 5495 in
1664 5440 1763 5495 illo
1793 5441 1922 5497 est?

257 5529 313 5599 (Ι
357 5531 499 5588 Cor.
547 5549 589 5600 ι,
630 5531 796 5602 lt)»
851 5543 975 5601 qua
1015 5528 1244 5586 ratione
1290 5545 1455 5587 nunc
1505 5528 1722 5586 dicitur
1766 5533 1920 5585 certe

256 5618 396 5675 novi
428 5619 817 5691 cogitationes
843 5622 975 5675 tuas
993 5616 1021 5674 ‘I
1060 5617 1176 5675 Sed
1220 5621 1362 5674 tunc
1392 5619 1631 5691 spiritus
1660 5616 1921 5675 hominis

2033 384 2418 436 monstratur.
2448 385 2597 438 Nam
2627 399 2766 438 cum
2800 387 3087 458 scriptum
3117 391 3207 446 sit.
3244 414 3271 439 «
3296 394 3375 447 Ex
3402 390 3691 448 fructibus

2040 482 2249 524 eorum
2296 473 2668 541 cognoscetis
2711 489 2815 529 eos
2848 477 3089 544 (Matth.
3117 495 3213 549 m,
3250 482 3393 552 H).»
3425 496 3532 554 per
3576 481 3692 538 hoc

2031 560 2197 631 quod
2226 559 2368 615 foris
2392 562 2607 633 agitur,
2639 562 2934 635 quidquid
2965 566 3104 623 latet
3125 571 3406 641 aperitur.
3440 572 3691 628 Proinde

2030 647 2242 703 beatus
2285 650 2394 705 Job
2436 667 2575 707 cum
2606 652 2937 709 amicorum
2966 655 3437 727 colloquentium
3467 662 3690 729 cogita-

2034 736 2220 793 tiones
2237 753 2416 795 nosse
2433 754 2493 795 se
2508 740 2729 797 diceret
2757 742 3035 812 adjunxit
3055 761 3067 799 :
3099 745 3173 799 Et
3195 750 3522 805 sententias
3549 764 3691 806 con—

2033 833 2130 882 tra
2154 841 2247 883 me
2271 829 2529 900 iniquas,
2552 834 2617 885 ut
2645 846 2716 885 ex
2739 832 2963 903 patenti
2985 847 3045 887 re
3066 834 3362 900 ostendat,
3388 837 3533 908 quia
3553 839 3688 907 hoc,

2031 914 2197 988 quod
2225 915 2285 971 in
2323 917 2408 972 eis
2440 917 2680 986 latebat,
2712 919 3053 976 invenisset.
3088 922 3400 994 Sequitur:

2102 1007 2274 1060 Vens.
2304 1009 2392 1069 29,
2424 1008 2514 1063 30.
2570 1009 2941 1079 Interrogale
2969 1011 3286 1080 quemlibet
3326 1013 3400 1068 de
3442 1015 3690 1070 viatori-

2034 1093 2159 1155 bus,
2189 1098 2244 1149 et
2287 1094 2411 1150 haec
2451 1096 2656 1152 eadem
2700 1098 2875 1152 illum
2923 1099 3260 1169 intelligere
3307 1102 3690 1171 cognoscetis,

2033 1183 2176 1253 quia
2230 1184 2293 1238 in
2331 1184 2483 1240 diem
2528 1186 2883 1254 perditionis
2928 1193 3207 1243 servatur
3246 1191 3464 1259 matus,
3510 1195 3567 1246 et
3612 1190 3695 1246 ad

2031 1270 2183 1327 diem
2207 1272 2439 1341 furoris
2465 1274 2740 1330 ducetur.
2771 1277 2938 1349 Saepe
2970 1276 3190 1332 etenim
3219 1276 3325 1333 diu
3354 1277 3560 1335 divina
3588 1294 3693 1352 pa-

2032 1359 2235 1416 tientia
2286 1361 2517 1425 tolerat,
2554 1380 2711 1434 quos
2761 1365 2891 1435 jam
2945 1364 3025 1419 ad
3078 1365 3370 1438 supplicia
3421 1368 3694 1439 prmscita

2029 1448 2413 1520 condemnat,
2445 1451 2731 1523 permittit
2775 1454 3009 1520 tlorere,
3058 1469 3215 1526 quos
3265 1455 3465 1511 adhuc
3509 1456 3696 1512 cernit

2028 1538 2235 1610 pejora
2260 1544 2620 1610 perpetrare.
2648 1541 2798 1605 Quia
2823 1541 2987 1595 enim
3018 1542 3179 1598 videt
3209 1542 3285 1599 ad
3312 1558 3497 1615 quam
3528 1544 3698 1601 dam-

1962 1645 1999 1696 Β
2028 1625 2287 1681 nationis
2332 1626 2565 1681 foveam
2618 1629 2882 1691 tendant,
2918 1629 3031 1684 hoc
3075 1629 3158 1683 eis
3209 1644 3321 1702 pro
3368 1631 3512 1687 nihil
3560 1647 3694 1687 esse

2027 1715 2343 1781 existimat,
2377 1716 2544 1787 quod
2575 1716 2669 1771 hic
2696 1718 2961 1789 perversi
2992 1717 3391 1790 relinquenda
3412 1717 3695 1792 multipli-

2028 1809 2184 1859 cant.
2220 1804 2414 1859 Viator
2443 1806 2668 1879 quippe
2698 1806 2932 1875 dicitur,
2965 1806 3070 1879 qui
3119 1812 3472 1879 praesentem
3504 1809 3691 1865 vitam

2029 1892 2136 1947 sibi
2168 1908 2295 1947 esse
2326 1892 2505 1963 viam,
2536 1910 2656 1949 non
2709 1895 2989 1967 patriam,
3021 1895 3288 1955 attendit.
3325 1897 3433 1962 Qui
3462 1898 3521 1952 in
3550 1896 3693 1952 dile~

2046 1982 2237 2036 ctione
2265 1982 2675 2051 praetereuntis
2713 1983 2908 2037 executi
2942 1998 3045 2038 cor
3073 1982 3253 2053 ﬁgere
3282 1983 3556 2057 despicit,
3586 1985 3693 2057 qui

2031 2083 2153 2123 non
2201 2084 2512 2124 remanere
2556 2071 2614 2125 in
2672 2071 3139 2133 transeuntibus.
3192 2072 3299 2127 sed
3346 2073 3424 2127 ad
3472 2077 3693 2127 aeterna

2032 2156 2339 2227 pervenire
2385 2158 2769 2229 concupiscit.
2820 2158 2967 2214 Hinc
3016 2162 3244 2231 Moyses
3294 2160 3410 2216 ait:
3464 2163 3692 2216 «Tran-

2033 2245 2192 2299 siens
2233 2243 2447 2300 videbo
2488 2246 2783 2301 visionem
2831 2247 2987 2302 hanc
3023 2248 3239 2317 (Exod.
3272 2262 3352 2319 iu,
3388 2249 3499 2318 2).»
3549 2249 3691 2303 Hinc

2030 2333 2318 2388 Jeremias
2339 2333 2450 2389 ait:
2488 2357 2515 2381 ‹‹
2531 2336 2576 2390 Ο
2606 2350 2710 2388 vos
2738 2350 2949 2389 omnes
2967 2335 3070 2407 qui
3101 2335 3361 2391 transitis
3382 2352 3490 2408 per
3506 2336 3691 2404 viam,

2031 2421 2309 2478 attendite
2358 2426 2413 2476 et
2456 2422 2668 2490 videte,
2702 2428 2759 2478 et
2804 2428 3018 2479 caetera
3049 2425 3302 2491 (Thren.
3330 2438 3412 2491 ιιι,
3446 2428 3559 2493 2).»
3588 2424 3695 2492 Igi-

2028 2515 2142 2579 tur,
2173 2511 2316 2583 quia
2347 2510 2575 2566 malus:
2613 2512 2691 2567 ad
2725 2512 2885 2567 diem
2922 2512 3270 2584 perditionis
3300 2518 3602 2570 servatur:
3635 2518 3693 2571 et

2027 2600 2106 2656 ad
2135 2600 2294 2655 diem
2342 2599 2556 2656 furoris
2585 2600 2845 2671 ducitur,
2879 2603 2992 2657 hoc
3023 2618 3146 2658 non
3179 2602 3291 2659 nisi
3321 2604 3425 2675 qui
3455 2607 3543 2659 est
3572 2604 3693 2659 via-

2028 2694 2119 2744 tor
2147 2689 2434 2758 intelligit,
2461 2689 2752 2761 quoniam
2774 2690 2877 2762 qui
2910 2707 3012 2745 cor
3042 2691 3101 2746 in
3126 2692 3519 2763 praesentibus
3540 2692 3686 2761 figit,

2028 2793 2163 2849 quas
2189 2778 2462 2849 iniquum
2491 2783 2821 2849 sequantur
2842 2780 3137 2852 supplicia
3156 2796 3279 2836 non
3301 2781 3693 2855 deprehendi-

2029 2870 2144 2921 tur.
2176 2866 2453 2937 Sequitur
2472 2884 2484 2921 :

2102 2955 2279 3010 Vens.
2304 2955 2390 3010 31.
2423 2957 2562 3023 Quis
2585 2960 2799 3025 arguet
2822 2969 3023 3010 coram
3040 2970 3104 3011 eo
3129 2959 3285 3013 viam
3312 2960 3529 3026 ejus,et
3561 2973 3693 3029 qua:

2026 3045 2170 3113 fecit
2199 3044 2330 3114 quis
2360 3044 2565 3100 reddet
2594 3046 2690 3099 illi
2707 3046 2979 3115 ?—Sa=:pe
3001 3044 3195 3099 malus
3218 3045 3691 3113 indignationem

2031 3132 2355 3188 conditoris
2388 3133 2479 3187 sui
2507 3149 2693 3205 quam
2724 3133 2781 3187 in
2804 3137 3095 3187 aeternum
3120 3147 3409 3205 passurus
3429 3137 3539 3199 est,
3554 3136 3611 3187 et
3630 3133 3691 3187 in

2030 3222 2143 3276 hac
2179 3235 2426 3293 quoque
2453 3220 2570 3276 vita
2600 3221 2830 3293 positus
2860 3220 3179 3293 experitur,
3212 3220 3359 3275 dum
3399 3221 3695 3294 prosperi-

2028 3314 2207 3365 tatem
2239 3326 2426 3381 quam
2476 3314 2641 3365 amat
2684 3309 2918 3372 amittit.
2952 3313 3007 3365 et
3052 3309 3471 3366 adversitatem
3503 3324 3689 3382 quam

2030 3397 2311 3454 formidat
2331 3398 2577 3454 invenit.
2593 3401 2659 3453 Et
2674 3399 2953 3471 quamvis
2980 3398 3277 3471 increpari
3306 3400 3380 3455 de
3410 3399 3533 3455 suis
3553 3413 3689 3472 pra-

2026 3487 2305 3543 vitatibus
2334 3492 2647 3543 auctorum
2696 3487 2901 3557 lingua
2936 3487 3113 3543 etiam
3157 3488 3217 3543 in
3261 3488 3563 3561 prosperis
3592 3502 3693 3543 va-

2025 3577 2161 3644 leat,
2189 3577 2412 3631 scimus
2439 3583 2640 3633 tamen
2669 3577 2835 3650 quod
2863 3592 3003 3632 cum
3034 3577 3191 3633 facta
3208 3592 3319 3634 sua
3339 3592 3689 3651 perversum

2027 3681 2331 3739 quemque
2374 3666 2679 3737 dejiciunt,
2704 3668 3005 3737 justorum
3034 3668 3361 3740 increpatio
3388 3666 3691 3723 convales-

2029 3763 2140 3811 cat.
2177 3756 2289 3811 Sed
2316 3770 2439 3826 qua
2464 3756 2697 3811 ratione
2737 3757 2851 3811 ista
2880 3756 3180 3825 dicuntur,
3215 3757 3364 3811 dum
3395 3756 3573 3812 etiam
3597 3756 3691 3826 ju-

2032 3846 2133 3900 stis
2161 3843 2495 3900 tacentibus
2526 3846 2639 3899 hoc
2682 3859 2926 3915 quoque
2976 3849 3187 3899 notum
3228 3845 3318 3912 sit,
3349 3844 3492 3917 quia
3520 3844 3691 3900 toties

2030 3935 2123 3988 hic
2152 3933 2341 4003 iniqui
2366 3932 2463 3987 via
2508 3932 2780 4001 arguitur
2804 3931 3039 4003 quoties
3072 3934 3201 4001 ejus
3225 3933 3587 4004 prosperitas
3608 3933 3694 3986 in-

2032 4021 2353 4076 tervenisse
2402 4018 2760 4074 adversitate
2811 4018 3101 4073 turbatur.
3146 4019 3261 4073 Sed
3309 4019 3521 4073 beatus
3558 4018 3689 4086 Job,

2033 4109 2180 4163 dum
2212 4107 2286 4162 de
2316 4108 2481 4163 omni
2512 4106 2810 4161 malorum
2833 4120 3083 4177 corpore
3105 4106 3467 4177 loqueretur,
3493 4105 3693 4160 subito

2035 4197 2111 4253 ad
2146 4197 2491 4268 iniquorum
2542 4195 2815 4251 omnium
2843 4200 3024 4268 caput
3051 4195 3232 4251 verba
3261 4194 3566 4250 convertit.
3598 4194 3692 4250 Vi-

2035 4288 2121 4343 dit
2148 4288 2307 4342 enim
2351 4287 2516 4359 quod
2560 4286 2621 4341 in
2654 4285 2831 4341 tinem
2879 4285 3090 4341 mundi
3142 4287 3320 4344 Satan
3384 4284 3692 4341 hominem

2034 4375 2393 4446 ingrediens,
2440 4389 2624 4447 quem
2681 4389 2853 4430 sacra
2903 4374 3203 4447 Scriptura
3268 4374 3691 4430 Antichristum

2033 4465 2313 4538 appellat,
2374 4469 2539 4521 tanta
2586 4463 2840 4520 elatione
2896 4464 3211 4532 extollitur,
3263 4466 3426 4519 tanta
3480 4462 3691 4519 virtute

2034 4554 2420 4626 principatur,
2454 4551 2630 4608 tantis
2661 4552 2846 4623 signis
2875 4558 2931 4608 et
2961 4550 3247 4623 prodigiis
3275 4551 3335 4607 in
3366 4551 3690 4608 sanctitatis

2031 4643 2372 4699 ostensione
2395 4658 2457 4698 se
2487 4641 2700 4709 elevat,
2725 4647 2787 4695 ut
2808 4640 2980 4708 argui
3010 4640 3087 4695 ab
3113 4639 3356 4695 homine
3379 4640 3510 4709 ejus
3535 4638 3693 4693 facta

2032 4748 2153 4787 non
2186 4731 2445 4798 valeant,
2478 4730 2625 4801 quia
2671 4744 2811 4783 cum
2853 4731 3145 4799 potestate
3196 4727 3435 4783 terroris
3480 4726 3692 4796 adjun-

2033 4824 2254 4888 guntur
2301 4818 2480 4873 etiam
2540 4816 2714 4887 signa
2762 4821 3017 4870 ostensse
3082 4814 3410 4870 sanctitatis
3465 4818 3521 4869 et
3570 4813 3686 4870 ait:

2034 4907 2175 4974 Quis
2215 4911 2425 4975 arguet
2477 4920 2677 4960 coram
2727 4920 2790 4959 eo
2838 4904 2992 4959 viam
3024 4906 3201 4973 ejus?
3253 4904 3394 4970 Quis
3423 4902 3692 4959 videlicet

2030 4994 2345 5051 hominum
2395 4992 2561 5051 illum
2616 4993 2923 5065 increpare
2981 4992 3220 5063 audeat,
3268 4994 3441 5065 cujus
3493 4992 3690 5048 visum

2034 5083 2181 5138 ferre
2205 5080 2613 5155 pertimescit?
2638 5081 2750 5136 Sed
2775 5085 2973 5137 tamen
2996 5081 3126 5153 ejus
3149 5081 3330 5152 viam,
3353 5097 3476 5137 non
3493 5080 3689 5135 solum

2032 5172 2184 5227 Elias
2215 5174 2271 5227 et
2299 5171 2525 5238 Enoch,
2556 5169 2661 5241 qui
2689 5169 2749 5224 in
2802 5170 2933 5241 ejus
2981 5172 3410 5243 exprobatione
3459 5167 3538 5221 ad
3567 5179 3689 5218 me-

2031 5260 2200 5315 dium
2249 5259 2637 5325 reducuntur,
2692 5258 2869 5315 etiam
2924 5273 3134 5315 omnes
3186 5256 3350 5313 electi
3404 5254 3684 5319 arguunt,

2030 5348 2177 5405 dum
2208 5351 2619 5416 contemnunt,
2653 5347 2801 5402 dum
2829 5348 3039 5403 virtute
3085 5343 3300 5400 mentis
3348 5339 3477 5408 ejus
3524 5337 3689 5395 mali-

2031 5438 2123 5493 tite
2151 5437 2452 5493 resistunt.
2482 5435 2595 5492 Sed
2621 5436 2765 5509 quia
2788 5436 2902 5491 hoc
2929 5451 2999 5488 ex
3025 5430 3229 5485 divina
3258 5425 3468 5495 gratia.
3494 5432 3687 5484 etnon

2031 5529 2153 5583 suis
2182 5526 2412 5583 viribus
2442 5525 2685 5590 faciunt,
2717 5528 2875 5577 recte
2914 5532 3077 5576 nunc
3120 5516 3373 5572 dicitur:
3421 5517 3563 5585 Quis
3591 5532 3688 5573 ar-

2027 5622 2167 5685 guet
2196 5631 2395 5673 coram
2423 5631 2490 5672 eo
2520 5616 2677 5672 viam
2720 5612 2849 5678 eius
2875 5612 2904 5663 Υ
2949 5604 3089 5672 Quis
3111 5606 3332 5663 etenim
3362 5606 3477 5663 nisi
3505 5608 3685 5674 Deus,
