4146 6156
386 173 492 227 287

1363 185 1392 192 -
1440 165 1496 222 S.
1542 166 1635 222 0D
1650 166 1809 222 ONIS
1845 163 2138 221 ABBATIS
2177 164 2680 224 CLUNIACENSIS
2719 165 2764 220 Il

3713 169 3822 222 288

389 295 563 367 cujus
589 291 884 365 adjutorio
913 291 1080 347 electi
1127 294 1193 346 ut
1219 291 1489 346 resistere
1519 289 1758 345 valeant
1793 288 2046 344 fulciun-
2077 293 2124 344 A
2163 288 2320 346 tibus
2349 289 2554 358 dediti,
2578 289 2754 364 quasi
2783 304 3022 362 semper
3068 287 3147 345 ad
3173 289 3296 345 ima
3317 289 3676 345 trahuntur?
3710 287 3826 355 Qui

389 386 532 441 tur?
579 383 735 440 Multi
763 381 923 437 enim
954 396 1114 436 nunc
1154 381 1283 436 vias
1324 379 1666 435 Antichristi
1708 378 2047 449 judicantes

392 471 736 544 corripiunt,
764 470 870 526 sed
899 472 1014 526 hoc
1039 469 1216 542 quasi
1245 471 1307 524 in
1337 470 1467 539 ejus
1497 467 1769 524 absentia
1797 467 2044 534 faciunt,

391 562 536 618 dum
567 559 738 616 illum
769 565 1032 630 arguunt
1067 576 1252 632 quem
1300 558 1500 614 adhuc
1552 557 1882 630 specialiter
1923 571 2047 612 non

389 650 714 706 intuentur.
747 650 900 704 Cum
923 663 1066 704 vero
1115 647 1174 703 in
1223 646 1324 702 illo
1367 645 1654 702 damnato
1681 645 1924 702 homine
1951 661 2048 701 ve-

389 738 562 806 nerit,
611 737 884 810 quisquis
933 737 1064 808 ejus
1109 735 1437 809 praesentiae
1481 733 1698 790 resistit
1743 750 1947 790 coram
1975 749 2046 789 eo

391 826 554 882 viam
583 827 714 897 ejus
743 829 972 895 arguet,
1006 825 1177 895 cujus
1209 825 1363 880 vires
1393 823 1686 896 conspicit
1707 827 1764 878 et
1787 827 2049 879 contem-

392 914 626 970 nit.Vel
653 918 808 969 certe
829 913 986 969 viam
1015 913 1143 984 ejus
1173 927 1422 982 arguere
1453 915 1559 974 est,
1592 911 2047 984 prosperitatem

395 1017 606 1057 cursus
631 1003 760 1072 ejus
781 1005 1002 1058 aeterno
1019 1001 1312 1074 supplicio
1339 999 1762 1056 interveniente
1785 997 2042 1054 turbare.

397 1090 571 1156 Quod
598 1091 741 1163 quia
773 1089 1059 1146 Dominus
1105 1089 1298 1146 solum
1347 1088 1591 1162 propria
1614 1089 1825 1143 virtute
1864 1085 2048 1142 factu-

393 1197 498 1236 rus
529 1185 639 1250 est,
671 1181 744 1236 de
791 1197 914 1252 quo
965 1180 1252 1252 scriptum
1303 1183 1426 1236 est:
1480 1201 1508 1228 «
1533 1182 1718 1244 Quem
1755 1176 2046 1233 Dominus

393 1271 562 1326 Jesus
587 1268 894 1325 interﬁciet
921 1269 1128 1341 spiritu
1155 1268 1274 1324 oris
1306 1267 1399 1324 sui
1427 1271 1484 1324 et
1503 1267 1769 1322 destruet
1796 1265 2048 1321 illustra-

394 1358 552 1414 tione
581 1358 874 1414 adventus
901 1359 992 1414 sui
1021 1359 1105 1426 (II
1139 1358 1336 1415 Thess.
1371 1375 1436 1424 ιι,
1468 1358 1579 1429 8),››
1611 1359 1768 1412 recte
1793 1355 2043 1410 dicitur:

396 1447 536 1514 Quis
559 1453 774 1518 arguet
795 1463 996 1504 coram
1019 1463 1083 1504 eo
1104 1449 1262 1504 viam
1287 1450 1414 1517 ejus
1431 1452 1458 1502 ?
1487 1445 1650 1502 Unde
1672 1449 1730 1500 et
1751 1445 2043 1517 sequitur:

396 1537 466 1592 Ut
493 1552 620 1607 qua:
641 1538 786 1606 fecit
815 1539 942 1608 quis
971 1537 1176 1592 reddet
1207 1537 1301 1592 ei?
1333 1536 1476 1602 Quis
1500 1535 1786 1590 nimirum
1806 1533 1919 1588 nisi
1943 1537 2050 1588 Do-

2161 377 2320 432 enim
2351 383 2560 435 contra
2595 378 2932 451 voluptates
2975 377 3104 448 ejus
3151 376 3354 433 seaculi
3397 381 3551 432 stare
3601 377 3828 432 fortiter

2159 465 2390 534 nolunt,
2421 467 2636 537 glareas
2670 467 2872 539 Cocyti
2903 466 3074 534 ﬁunt,
3112 467 3215 538 qui
3247 466 3369 521 suis
3395 466 3665 538 quotidie
3695 465 3828 538 lap-

2159 555 2325 611 sibus
2368 555 2448 610 ad
2497 555 2726 612 luctum
2766 554 3051 611 tendunt:
3109 559 3174 610 ut
3201 554 3262 610 in
3291 559 3582 610 aeternum
3613 559 3830 626 postea

2157 643 2421 713 lugeant,
2455 644 2559 716 qui
2603 645 2789 718 modo
2830 659 2891 698 se
2944 643 3008 699 in
3060 643 3182 698 suis
3225 642 3637 716 voluptatibus
3665 642 3826 698 dele-

2159 731 2446 787 ctabiliter
2473 731 2765 788 relaxant.
2801 734 2866 786 Et
2897 731 3042 803 quia
3084 731 3368 804 antiquus
3417 731 3607 786 hostis
3638 747 3826 787 suum

2157 836 2268 877 vas
2297 820 2464 876 illum
2495 820 2822 893 reprobum
2853 819 3164 876 hominem
3191 820 3497 890 ingressus
3535 819 3684 876 dum
3715 819 3828 875 do-

2157 925 2239 966 na
2266 911 2558 982 perversis
2591 909 2819 977 tribuit,
2847 909 2997 964 dum
3042 924 3145 964 eos
3193 909 3254 964 in
3293 910 3408 964 hoc
3451 908 3684 964 mundo
3710 909 3824 965 ho-

2157 999 2406 1055 noribus
2433 999 2676 1066 extollit,
2708 999 2857 1054 dum
2883 1015 3094 1054 eorum
3116 999 3304 1054 oculis
3331 998 3608 1070 prodigia
3624 1002 3824 1055 osten-

2159 1089 2262 1156 dit,
2285 1089 2434 1144 dum
2462 1089 2641 1144 ﬂuxae
2671 1092 2901 1144 mentes
2931 1088 3092 1144 hunc
3131 1088 3192 1143 in
3225 1089 3348 1144 suis
3395 1088 3684 1160 prodigiis
3713 1089 3826 1144 mi-

2157 1181 2365 1233 rantur
2407 1182 2462 1232 et
2493 1181 2844 1249 sequuntur,
2876 1176 3032 1232 bene
3076 1177 3151 1232 de
3195 1192 3266 1232 eo
3319 1176 3570 1232 dicitur:
3613 1177 3827 1232 Dulcis

2153 1266 2278 1334 fuit
2323 1266 2546 1335 glareis
2588 1266 2810 1335 Cocyti.
2843 1265 2994 1320 Cum
3023 1264 3185 1320 enim
3227 1265 3390 1320 hunc
3421 1264 3588 1320 electi
3625 1265 3828 1336 despi—

2160 1354 2343 1425 ciunt,
2371 1371 2510 1410 cum
2539 1355 2756 1410 mentis
2805 1355 2966 1410 calce
2998 1359 3414 1418 contemnunt,
3446 1354 3529 1410 illi
3557 1371 3700 1410 eum
3731 1370 3828 1410 se-

2159 1447 2410 1516 quentes
2435 1443 2707 1514 diligunt,
2741 1443 2846 1516 qui
2875 1443 3032 1499 velut
3060 1443 3140 1498 ab
3182 1459 3346 1516 aqua
3389 1442 3715 1516 voluptatis
3743 1442 3826 1498 ad

2159 1537 2517 1606 perpetuum
2569 1531 2798 1588 luctum
2847 1533 3184 1598 trahuntur,
3215 1533 3320 1605 qui
3369 1549 3475 1605 per
3521 1537 3828 1589 terrenam

392 1625 594 1680 minus
622 1626 726 1698 qui
757 1625 920 1680 solus
945 1625 1028 1680 illi
1055 1625 1288 1697 perdito
1317 1625 1544 1680 homini
1575 1640 1712 1696 quae
1743 1623 1878 1678 fecit
1916 1623 2048 1678 red-
2079 1643 2123 1694 Β
2163 1622 2710 1695 concupiscentiam
2741 1637 2908 1678 more
2938 1621 3119 1692 glarw
3145 1621 3513 1695 quotidianis
3549 1621 3827 1694 lapsibus

393 1713 512 1774 det,
533 1713 683 1768 dum
712 1717 1068 1784 potestatem
1098 1714 1227 1784 ejus
1251 1717 1375 1768 tam
1403 1713 1665 1768 validam
1695 1728 1802 1785 per
1831 1712 2040 1768 adven-

394 1804 522 1856 tum
586 1817 764 1857 suum
825 1807 1048 1860 aeterna
1109 1802 1494 1858 damnatione
1552 1801 1908 1858 contriverit.
1957 1802 2050 1857 Se-

439 1890 599 1945 uitur
622 1907 634 1945 :

439 1905 634 1945 uitur:

393 1905 436 1962 (Ι
464 1981 630 2036 Vens.
656 1983 742 2034 32.
777 1981 909 2050 Ipse
946 1982 1027 2037 ad
1051 1983 1332 2051 sepulcra
1361 1982 1632 2048 ducetur,
1663 1987 1718 2037 et
1749 1983 1811 2036 in
1847 1997 2051 2051 conge-

395 2069 484 2124 rie
527 2075 900 2126 mortuorum
951 2071 1242 2141 vigilabit.
1275 2103 1343 2110 —
1383 2070 1532 2136 Quia
1581 2070 1854 2143 sepulcra
1895 2086 2052 2126 mor-

392 2159 528 2212 tuos
557 2161 899 2229 contegunt,
931 2158 1080 2232 quid
1109 2158 1271 2214 aliud
1301 2175 1409 2232 per
1437 2159 1732 2231 sepulcra,
1755 2175 1942 2231 quam
1963 2174 2051 2214 re-

391 2245 722 2318 proborum
753 2249 938 2304 corda
977 2249 1309 2320 signantur,
1339 2249 1396 2304 in
1427 2248 1649 2320 quibus
1682 2249 1985 2304 exstinctae
2015 2264 2053 2304 a

391 2334 513 2390 vita
543 2334 925 2392 beatitudinis
957 2338 1173 2395 animae
1208 2338 1369 2394 velut
1404 2338 1464 2392 in
1509 2337 1795 2410 sepulcris
1821 2337 2052 2394 latent?

392 2423 638 2496 Iniquus
689 2441 832 2496 ergo
883 2426 990 2482 iste
1034 2427 1114 2482 ad
1145 2426 1419 2498 sepulcra
1449 2426 1781 2489 deducitur,
1819 2426 1962 2498 quia
1990 2425 2052 2481 in

392 2527 722 2584 pravorum
755 2514 1038 2570 cordibus
1093 2515 1429 2587 recipietur,
1461 2515 1770 2586 quomodo
1814 2515 1924 2570 soli
1971 2513 2054 2570 illi

393 2615 534 2655 eum
563 2602 914 2673 suscipiunt,
943 2602 1004 2658 in
1050 2603 1272 2674 quibus
1317 2607 1568 2658 mortuas
1614 2602 1830 2658 anima:
1860 2619 1896 2658 a
1934 2605 2053 2658 Deo

393 2687 789 2758 reperiuntur.
837 2691 914 2744 De
959 2706 1083 2762 quo
1124 2695 1280 2746 recte
1329 2689 1528 2755 etiam,
1559 2689 1706 2745 dum
1751 2691 1880 2761 ejus
1919 2708 2055 2764 sup-

393 2775 572 2849 plicia
600 2776 1093 2846 describerentur,
1127 2794 1234 2851 per
1261 2779 1621 2852 prophetam
1658 2778 1892 2836 dicitur.
1941 2803 1967 2829 «
1995 2785 2054 2836 In

396 2863 643 2920 circuitu
694 2865 850 2920 illius
901 2867 1179 2940 sepulcra
1233 2867 1383 2938 ejus,
1424 2883 1636 2923 omnes
1684 2867 1970 2924 interfecti
1999 2873 2056 2924 et

395 2952 500 3026 qui
520 2953 868 3052 ceciderunt
911 2955 1112 3052 gladio
1129 2957 1377 3052 .(“E'zech.
1411 2973 1546 3052 xxii,
1567 2958 1689 3052 22A).
1709 2981 1735 3006 ››
1773 2957 2057 3052 Illiquip-
2086 2998 2126 3052 Ο

394 3056 470 3114 pe
515 3041 576 3096 in
621 3042 854 3099 inferno
903 3045 1074 3114 juxta
1125 3044 1291 3100 illum
1351 3048 1508 3101 sunt.
1564 3047 1797 3101 Satanae
1853 3045 2054 3118 itaque

395 3130 458 3187 in
507 3131 784 3202 congerie
837 3137 1214 3194 mortuorum
1271 3135 1516 3204 vigilare
1574 3139 1688 3203 est,
1743 3135 1802 3190 in
1857 3151 2056 3208 repro-

393 3219 614 3277 borum
668 3221 950 3278 cordibus
995 3223 1234 3280 malitiae
1292 3240 1415 3279 suae
1465 3224 1712 3280 astutias
1758 3241 2049 3281 exercere.

399 3309 676 3382 Sequitur
701 3328 713 3364 :

467 3399 632 3452 Vens.
681 3402 769 3454 33.
817 3400 1018 3455 Dulcis
1044 3401 1164 3470 fuit
1207 3403 1430 3472 glareis
1481 3402 1707 3471 Cocyti.
1741 3434 1810 3444 —
1853 3403 2055 3458 Graeca

395 3484 603 3556 lingua
651 3487 927 3558 Cocytus,
957 3487 1153 3544 luctus
1191 3489 1424 3556 dicitur,
1457 3489 1562 3562 qui
1607 3493 1808 3545 tamen
1856 3490 2051 3546 luctus

396 3573 758 3630 feminarum
801 3575 896 3632 vel
951 3577 1360 3648 quorumlibet
1412 3577 1850 3634 inﬁrmantium
1906 3578 2056 3635 solet

396 3659 660 3732 intelligi.
727 3663 1033 3736 Sapientes
1087 3664 1269 3734 hujus
1318 3663 1520 3720 saeculi
1572 3679 1609 3720 a
1649 3664 1782 3720 luce
1840 3665 2052 3722 verita-

397 3749 469 3806 tis
522 3749 765 3821 exclusi,
823 3752 998 3824 quasi
1049 3751 1298 3808 umbras
1355 3752 1659 3825 quasdam
1715 3753 1790 3809 de
1849 3754 2054 3810 verita-

395 3837 468 3895 tis
519 3838 904 3912 inquisitione
962 3845 1156 3898 tenere
1234 3841 1431 3898 conati
1499 3846 1659 3899 sunt.
1718 3842 1884 3899 Unde
1943 3845 2052 3901 Co-

397 3931 604 4000 cytum
661 3927 910 3986 ﬂuvium
989 3945 1225 3987 currere
1303 3929 1467 4003 apud
1542 3930 1764 3987 inferos
1813 3935 2054 4005 putave-

395 4021 553 4084 runt,
595 4017 867 4075 videlicet
921 4019 1308 4091 designantes
1353 4019 1520 4093 quod
1593 4020 1654 4075 hi
1711 4021 1812 4093 qui
1869 4021 2054 4090 digna

395 4105 706 4164 doloribus
749 4124 932 4181 opera
971 4109 1217 4182 faciunt,
1245 4109 1306 4165 in
1349 4107 1651 4165 infernum
1702 4109 1778 4166 ad
1823 4109 2052 4165 luctum

395 4195 738 4252 decurrunt.
794 4198 1090 4270 Scriptum
1142 4197 1367 4270 quippe
1419 4203 1508 4254 est
1527 4214 1551 4254 .'
1592 4197 1894 4253 «Viriliter
1933 4199 2053 4268 agi-

395 4283 474 4354 te,
523 4287 580 4338 et
619 4283 981 4340 confortetur
1029 4301 1130 4340 cor
1175 4289 1440 4340 vestrum
1490 4287 1679 4354 (Psal.
1723 4301 1849 4352 xxx,
1883 4287 2050 4356 25).»

399 4371 508 4436 Qui
579 4373 740 4427 enim
797 4372 859 4428 in
929 4373 1182 4429 Domino
1247 4372 1567 4430 confortari
1632 4377 1912 4442 renuunt,
1973 4375 2052 4430 ad
2077 4348 2122 4402 D

395 4459 624 4514 luctum
681 4475 789 4532 per
865 4461 1052 4517 animi
1125 4461 1528 4518 inﬁrmitatem
1586 4462 1857 4518 tendunt.
1918 4463 2050 4520 Gla-

394 4563 562 4604 ream
613 4547 848 4622 lapillos
897 4549 1218 4606 ﬂuminum
1262 4549 1564 4623 appellare
1601 4551 2049 4620 consuevimus,

396 4653 550 4710 quos
597 4653 758 4711 aqua
811 4639 1082 4696 deﬂuens
1129 4639 1325 4696 trahit.
1385 4639 1538 4706 Quid
1583 4653 1726 4709 ergo
1781 4656 1888 4713 per
1931 4640 2052 4711 gla-

395 4741 582 4798 ream,
613 4727 730 4784 nisi
759 4727 1000 4802 reprobi
1025 4729 1434 4799 designantur,
1467 4727 1572 4802 qui
1615 4729 1738 4784 suis
1775 4729 2050 4802 volupta-

2161 1713 2240 1769 ad
2289 1711 2414 1768 ima
2441 1711 2813 1768 dilabuntur.
2844 1712 3156 1785 Sequitur:
3205 1712 3287 1767 Et
3326 1717 3464 1782 post
3505 1727 3564 1768 se
3591 1727 3824 1768 omnem

2163 1803 2456 1858 hominem
2485 1802 2702 1868 tradet,
2726 1807 2780 1856 et
2813 1807 2953 1858 ante
2977 1817 3040 1857 se
3061 1803 3552 1858 innumerabiles.
3586 1802 3714 1857 Hoc
3734 1801 3826 1857 Io-

2161 1907 2232 1946 co
2275 1891 2460 1946 homo
2498 1890 2771 1946 humana
2811 1891 3052 1963 sapiens
3098 1890 3334 1947 dicitur.
3369 1892 3484 1946 Sed
3515 1907 3654 1948 cum
3687 1891 3828 1963 plus

2161 1981 2279 2036 sint
2307 1995 2518 2035 omnes
2543 1995 2733 2052 quam
2761 1980 3252 2048 innumerabiles,
3285 1981 3681 2053 quaerendum
3713 1996 3826 2036 no-

2160 2069 2252 2124 bis
2277 2073 2369 2124 est
2396 2084 2503 2124 cur
2531 2073 2668 2125 ante
2711 2085 2774 2124 se
2815 2068 3304 2136 innumerabiles,
3339 2073 3395 2125 et
3441 2073 3580 2142 post
3609 2085 3672 2124 se
3697 2085 3828 2125 om-

2160 2173 2269 2213 nes
2323 2158 2555 2213 trahere
2585 2157 2820 2228 dicitur,
2853 2157 2968 2212 nisi
3015 2157 3180 2230 quod
3211 2157 3496 2230 antiquus
3543 2157 3732 2214 hostis
3763 2159 3828 2213 in

2161 2245 2489 2318 reprobum
2513 2250 2654 2302 tunc
2699 2246 3010 2302 hominem
3034 2247 3362 2317 ingressus,
3393 2250 3641 2303 cunctos
3666 2263 3828 2319 quos

2162 2333 2433 2391 carnales
2457 2334 2767 2405 invenerit,
2801 2334 2914 2390 sub
2943 2350 3064 2390 suae
3111 2336 3330 2406 jugum
3375 2335 3616 2392 ditionis
3641 2335 3824 2408 rapit.

2164 2422 2275 2489 Qui
2329 2427 2385 2478 et
2425 2439 2586 2478 nunc
2635 2423 2993 2496 priusquam
3033 2428 3324 2497 appareat
3352 2424 3826 2480 innumerabiles

2162 2511 2430 2586 quidem,
2463 2527 2585 2568 non
2632 2517 2837 2569 tamen
2881 2529 3092 2568 omnes
3139 2512 3410 2570 carnales
3449 2512 3644 2580 trahit,
3679 2513 3828 2586 quia

2163 2599 2428 2672 quotidie
2465 2615 2502 2654 a
2547 2599 2774 2656 carnali
2797 2615 2978 2672 opere
3009 2601 3089 2656 ad
3115 2600 3299 2656 vitam
3335 2600 3509 2656 multi
3533 2616 3826 2657 revocan-

2163 2694 2276 2753 tur,
2311 2693 2489 2762 atque
2521 2689 2602 2746 ad
2641 2695 2866 2746 statum
2890 2691 3132 2762 justitiaa
3163 2691 3260 2748 alii
3290 2707 3398 2764 per
3427 2691 3692 2760 brevem,
3727 2692 3826 2748 alii

2162 2793 2304 2834 vero
2346 2794 2456 2851 per
2506 2779 2751 2849 longam
2802 2779 3216 2851 paenitentiam
3243 2780 3534 2848 redeunt;
3575 2785 3632 2836 et
3661 2796 3826 2837 nunc

2162 2867 2631 2923 innumerabiles
2659 2868 2834 2940 rapit,
2867 2885 3006 2923 cum
3041 2867 3313 2924 falsitatis
3363 2885 3486 2924 sua:
3518 2869 3824 2941 stupenda

2161 2955 2511 3012 hominibus
2558 2957 2732 3026 signa
2779 2971 2904 3013 non
2955 2957 3211 3014 exhibet.
3243 2960 3391 3014 Cum
3434 2974 3576 3014 vero
3617 2973 3826 3014 coram

2164 3045 2497 3102 carnalium
2523 3045 2711 3101 oculis
2737 3045 3016 3102 miranda
3041 3046 3124 3102 eis
3153 3046 3430 3120 prodigia
3451 3046 3670 3115 fecerit,
3689 3051 3830 3120 post

2165 3151 2226 3190 se
2279 3139 2420 3190 tunc
2469 3150 2592 3192 non
2635 3135 3128 3206 innumerabiles,
3173 3135 3278 3191 sed
3335 3151 3547 3192 omnes
3607 3136 3823 3204 trahit;

2163 3224 2308 3296 quia
2353 3223 2528 3279 bonis
2573 3223 2969 3296 praesentibus
3017 3224 3407 3293 delectantur,
3433 3225 3712 3298 potestati
3757 3225 3826 3280 il-

2163 3312 2277 3367 lius
2305 3327 2366 3367 se
2393 3311 2624 3385 absque
2643 3313 3059 3369 retractatione
3085 3313 3431 3384 subjiciunt.
3457 3314 3590 3370 Haec
3609 3313 3826 3370 beatus

2162 3401 2293 3472 Job,
2323 3401 2427 3474 qui
2457 3406 2665 3458 contra
2707 3402 3056 3476 iniquorum
3085 3403 3420 3476 principem
3458 3403 3609 3460 mire
3636 3403 3828 3460 disse-

2162 3490 2298 3560 ruit,
2328 3491 2432 3562 qui
2459 3490 2519 3546 in
2543 3491 2660 3546 hac
2687 3491 2809 3547 vita
2851 3491 3047 3547 extolli
3077 3491 3453 3564 permittitur,
3487 3492 3590 3548 sed
3622 3492 3686 3548 in
3713 3492 3823 3548 ad-

2162 3581 2344 3634 ventu
2372 3578 2608 3634 Domini
2650 3579 3006 3650 destruetur,
3037 3579 3111 3636 de
3145 3596 3206 3636 se
3245 3582 3518 3652 patenter
3563 3580 3826 3638 ostendit

2162 3666 2307 3739 quia
2335 3665 2573 3737 ﬂagella
2603 3667 2912 3724 Dominica
2938 3682 3063 3724 non
3093 3684 3166 3724 ex
3192 3667 3522 3724 offensione
3549 3684 3828 3741 suscepe-

2162 3756 2258 3827 rit,
2285 3756 2595 3828 quomodo
2635 3755 2682 3811 si
2729 3756 2974 3829 iniquus
3005 3756 3263 3830 quisque
3305 3757 3368 3813 in
3398 3758 3512 3814 hac
3551 3758 3673 3815 vita
3694 3773 3826 3830 perL

2161 3843 2410 3900 mittitur
2438 3845 2802 3918 prosperari,
2827 3860 3075 3902 necesse
3105 3851 3194 3902 est
3243 3849 3310 3902 ut
3333 3846 3554 3902 electus
3587 3847 3686 3902 Dei
3717 3847 3823 3902 de-

2160 3933 2302 3989 beat
2327 3933 2441 3989 sub
2467 3933 2688 4004 ﬂagelli
2725 3934 2955 3990 fervore
2987 3935 3192 4001 teneri,
3224 3951 3298 3991 ex
3339 3951 3464 4008 qua
3487 3951 3549 3992 re
3589 3937 3824 3992 amicos

2162 4022 2364 4091 arguit
2385 4022 2594 4078 dicens
2621 4042 2632 4078 :
3467 4047 3470 4050 ν

2233 4111 2406 4168 Vsus.
2441 4115 2528 4168 34.
2576 4113 2876 4180 Quomodo
2920 4113 3111 4184 igitur
3140 4114 3536 4170 consolamini
3560 4129 3653 4170 me
3685 4115 3824 4184 fru-

2161 4206 2310 4268 stra,
2353 4217 2485 4257 cum
2525 4203 2826 4270 responsio
2858 4207 3054 4258 vestra
3097 4217 3440 4273 repugnare
3467 4209 3702 4259 ostensa
3743 4205 3824 4258 sit

2162 4291 2446 4346 veritati?
2469 4291 2658 4346 Amici
2687 4291 2849 4346 beati
2877 4291 2987 4346 Job
3018 4307 3158 4346 eum
3184 4291 3480 4348 consolari
3505 4308 3624 4348 nou
3659 4295 3824 4365 pote-

2161 4381 2314 4439 rant,
2347 4377 2408 4433 in
2433 4393 2556 4450 quo
2587 4377 2710 4436 suis
2739 4378 3120 4434 sermonibus
3149 4379 3384 4436 veritati
3422 4379 3819 4437 contr-aibant.

2161 4466 2430 4537 Cumque
2469 4465 2607 4522 hinc
2657 4467 3036 4539 hypocritam
3085 4468 3180 4524 vel
3233 4469 3488 4540 impium
3533 4469 3821 4538 dicerent,

2160 4570 2268 4627 per
2295 4553 2410 4610 hoc
2460 4555 2626 4628 quod
2675 4555 2788 4628 ipsi
2843 4556 3194 4612 mentientes
3237 4558 3668 4630 perpetrabant
3695 4557 3820 4614 cul-

2160 4659 2324 4716 pam,
2358 4643 2662 4713 augebant
2705 4645 2917 4716 procul
2944 4644 3129 4701 dubio
3169 4661 3414 4718 poenam
3443 4645 3590 4717 justi
3615 4645 3822 4702 vulne-

2159 4731 2329 4787 ribus
2360 4730 2581 4788 afﬂicti.

1395 5021 1736 5112 LIBER
1815 5021 2232 5110 SEXTUS
2309 5023 2823 5114 DECIMUS.

1001 5272 1236 5328 CAPUT
1284 5272 1438 5328 XXII.

469 5360 580 5425 Qui
633 5365 842 5418 contra
889 5361 1152 5418 veri-tatis
1203 5363 1450 5418 verba...
1507 5362 1861 5433 allegatione
1908 5363 2051 5419 deﬁ-

2228 5273 2406 5332 Vras.
2443 5279 2491 5344 l,
2523 5279 2575 5332 2.
2607 5277 2900 5348 Nunquid
2941 5278 3060 5334 Deo
3099 5281 3444 5349 comparari
3473 5284 3668 5349 potest
3713 5279 3820 5336 ho-

2156 5379 2271 5430 mo,
2321 5365 2500 5421 etiam
2551 5381 2684 5422 cum
2719 5367 3007 5435 perfecta?
3051 5367 3239 5437 fuerit
3285 5367 3590 5423 scientias?
3633 5398 3700 5406 —
3755 5369 3820 5422 In

397 5447 580 5514 ciunt,
614 5463 772 5520 saepe
801 5449 980 5506 etiam
1009 5453 1154 5506 nota
1181 5448 1490 5523 replicant,
1521 5467 1595 5507 ne
1625 5451 1879 5508 tacendo
1909 5451 2050 5507 victi
2159 5453 2607 5526 comparatione
2637 5453 2856 5509 etenim
2887 5453 3008 5524 Dei,
3037 5454 3284 5511 scientia
3311 5459 3517 5511 nostra
3536 5455 3821 5525 ignoran-

396 5535 730 5592 videantur.
782 5539 946 5594 Unde
1003 5538 1260 5614 Eliphaz,
1307 5539 1466 5596 beati
1511 5540 1621 5596 Job
1671 5539 2051 5596 sermonibus
2157 5541 2238 5598 tia
2285 5546 2390 5598 est.
2444 5545 2528 5598 Ex
2572 5542 2674 5598 Dei
2720 5557 2986 5616 namque
3037 5544 3491 5620 participatione
3523 5543 3817 5618 sapimus,

395 5639 664 5696 pressus,
690 5639 764 5682 ea
789 5624 932 5681 dicit
953 5641 1090 5701 qua:
1118 5625 1320 5686 nullus
1348 5628 1606 5696 ignorat,
1633 5627 1712 5684 ait
1741 5627 1936 5684 enim:
2159 5645 2284 5687 non
2311 5631 2779 5704 comparatione.
2815 5631 3127 5708 Sequitur:
