4154 6160
288 105 384 160 289
863 110 867 114 ι
1097 78 1404 153 EPl'I‘OME
1444 96 1807 152 MORALIUM
1847 94 1902 149 s.
1945 96 1958 146 ι

2072 93 2147 146 IG.
2192 95 2258 149 IN
2295 95 2434 150 JOB.
2469 127 2536 142 --
2568 99 2697 154 LIB.
2729 100 2872 156 XVI.
3587 104 3694 160 290

355 225 525 279 Vens.
554 227 607 279 3.
634 223 789 290 Quid
814 222 1052 292 prodest
1077 222 1196 276 Deo
1228 223 1282 276 si
1297 223 1502 290 justus
1546 221 1764 290 fueris,
1824 222 1934 274 aut
1959 221 2005 271 Α
2040 214 2179 271 inde
2205 216 2431 290 aliquid
2461 235 2524 275 se
2564 235 2738 290 agere
2771 222 3052 279 vivaciter
3100 228 3314 297 putant
3387 228 3498 282 Eos
3550 241 3692 282 vero

286 313 427 386 quid
456 313 509 367 ei
536 313 793 382 confers,
819 313 872 366 si
895 311 1282 366 immaculata
1307 311 1494 379 fuerit
1530 311 1650 365 vita
1677 315 1782 364 tua
1809 310 1837 363 ?
1863 338 1930 345 —
2037 305 2227 361 lassos
2257 307 2531 377 dicimus,
2563 311 2669 382 qui
2699 311 2811 366 sub
2841 313 3022 384 hujus
3047 315 3249 370 sreculi
3297 331 3473 372 onere
3527 316 3692 372 labo-

289 404 347 459 In
378 401 542 458 omni
562 401 785 474 quippe
813 399 977 473 quod
1010 399 1164 454 bene
1215 399 1475 468 agimus,
1510 397 1927 469 nosmetipsos,
2038 394 2197 450 rioso
2225 395 2568 468 fatigantur.
2604 399 2768 455 Unde
2799 405 2856 455 et
2876 401 3008 472 ipsa
3039 404 3267 460 Veritas
3296 405 3439 461 dicit
3469 423 3481 460 :
3524 428 3548 454 ‹‹
3584 407 3693 461 Ve-

286 508 405 548 non
430 495 629 546 autem
657 490 974 546 Dominum
1001 489 1307 559 juvamus.
1344 487 1506 543 Unde
1551 503 1655 559 per
1686 485 1929 541 Psalmi-
2041 483 2160 539 nite
2191 486 2266 541 ad
2297 503 2410 552 me,
2443 504 2653 545 omnes
2674 489 2779 562 qui
2807 489 3114 562 laboratis,
3144 499 3200 549 et
3245 495 3506 551 oneratis
3531 494 3690 564 estis,

290 586 438 636 stam
458 579 669 634 dicitur
699 596 711 632 :
744 600 768 626 ‹‹
802 577 950 632 Dixit
998 576 1250 632 Domino
1283 595 1294 632 :
1351 579 1504 631 Deus
1534 592 1706 631 meus
1735 591 1797 630 es
1847 578 1930 642 tu,
2043 577 2100 629 et
2129 591 2239 645 ego
2268 575 2531 632 reﬁciam
2558 594 2662 634 vos
2691 579 2932 648 (Matth.
2965 597 3041 650 xx,
3089 582 3235 651 28).»
3282 584 3544 640 [heretici
3592 583 3697 655 igi-

287 667 570 741 quoniam
598 666 900 722 bonorum
928 681 1202 722 meorum
1248 681 1370 721 non
1427 681 1565 736 eges
1606 666 1796 732 (Psal.
1835 679 1930 729 xv,
2042 668 2138 719 tur
2166 665 2271 737 qui
2297 683 2406 722 sua
2431 667 2717 736 dogmata
2743 669 3067 741 prtedicare
3099 687 3221 726 non
3247 677 3502 743 cessant,
3530 689 3698 730 sanc-

285 757 354 825 2.)
382 777 407 803 ››
441 754 756 827 Sequitur:
2045 757 2167 809 tam
2212 755 2538 812 Ecclesiam
2594 758 2770 830 quasi
2825 759 2899 814 de
2941 759 3236 832 imperitia
3290 760 3556 831 irrident,
3609 762 3696 818 di-

309 890 315 896 .
353 846 515 897 Vens.
548 846 602 911 4,
629 848 680 898 5.
710 843 1001 914 Nunquid
1031 844 1240 898 timens
1281 848 1336 898 te
1363 847 1576 912 arguet
1605 847 1678 909 te,
1734 845 1788 896 et
1845 853 1935 893 ve-
2045 847 2243 898 centes
2278 862 2288 899 :
2322 846 2556 916 Aquam
2588 848 2742 903 lasso
2771 864 2891 902 non
2915 848 3150 918 dedisti,
3177 855 3230 905 et
3247 852 3534 906 esurienti
3564 853 3698 906 sub-

285 936 397 988 niet
428 937 622 988 tecum
653 933 734 988 ad
752 933 1053 1002 judicium
1084 932 1111 986 ?
1135 931 1361 996 ——Quis
1385 932 1500 986 hoc
1523 930 1616 986 vel
1637 928 1936 1002 desipiens
2046 933 2293 988 traxisti
2314 949 2555 1002 panem.
2583 936 2652 989 Se
2684 935 2843 990 enim
2882 936 3026 991 dare
3049 953 3273 1010 aquam
3299 937 3459 993 lasso
3503 937 3697 993 existi-

283 1021 511 1091 sentiat,
545 1021 712 1094 quod
753 1021 1044 1077 Dominus
1091 1037 1163 1076 ex
1217 1020 1426 1076 timore
1459 1023 1693 1089 arguat,
1751 1022 1808 1073 et
1864 1033 1936 1072 ex
2045 1026 2233 1088 mant,
2266 1039 2404 1078 cum
2427 1023 2796 1096 quibusdam
2826 1025 2939 1080 sub
2966 1030 3198 1084 terreno
3227 1027 3390 1084 fasce
3420 1027 3698 1084 laboran-

280 1115 433 1166 metu
465 1109 764 1180 judicium
822 1125 1000 1164 suum
1033 1112 1241 1163 contra
1294 1124 1405 1163 nos
1429 1107 1774 1180 proponat?
1824 1105 1934 1162 Sed
2047 1111 2223 1174 tibus,
2250 1111 2342 1166 sui
2373 1113 2659 1185 poculum
2682 1114 2896 1169 erroris
2921 1115 3219 1187 praebent:
3245 1121 3304 1173 et
3324 1133 3546 1190 panem
3567 1133 3698 1173 esu-

278 1200 413 1272 quia
444 1199 636 1254 verba
673 1213 784 1254 sua
813 1198 1005 1253 metiri
1034 1197 1330 1266 nesciunt,
1366 1196 1573 1270 procul
1621 1195 1806 1250 dubio
1858 1193 1936 1249 ad
2044 1201 2212 1256 rienti
2250 1218 2311 1256 se
2339 1218 2460 1258 non
2480 1203 2846 1259 subtraxisse
2878 1205 3278 1276 suspicantur,
3323 1207 3467 1278 quia
3515 1206 3697 1263 etiam

276 1290 467 1345 otiosa
493 1287 653 1344 dicta
683 1287 1050 1354 dilabuntur,
1107 1287 1168 1342 in
1202 1286 1422 1359 quibus
1481 1285 1529 1340 si
1580 1301 1643 1340 se
1690 1283 1935 1339 minime
2044 1289 2119 1345 de
2150 1290 2555 1346 invisibilibus
2577 1296 2756 1364 atque
2783 1294 3700 1367 incomprehensibilibusinqui-

274 1377 741 1451 reprehendunt,
795 1377 992 1433 statim
1047 1375 1125 1431 ad
1182 1376 1362 1431 noxia
1394 1379 1449 1431 et
1505 1374 1937 1431 contumeliosa
2044 1379 2154 1446 siti,
2188 1396 2326 1434 cum
2359 1380 2618 1452 superba
2670 1381 2928 1437 audacia
2978 1383 3344 1454 respondent
3389 1388 3446 1439 et
3467 1387 3608 1439 tunc
3638 1398 3700 1438 se

275 1468 616 1542 prosiliunt.
654 1467 818 1523 Unde
875 1466 1137 1533 Eliphaz,
1171 1465 1277 1537 qui
1329 1464 1541 1520 odiosa
1589 1463 1805 1531 intulit,
1857 1463 1935 1519 ad
2043 1467 2252 1524 doctos
2278 1485 2398 1540 prae
2426 1469 2711 1524 omnibus
2729 1470 3704 1543 credunt,cumloquideincogni-

277 1557 710 1615 contumeliosa
739 1557 1013 1628 protinus
1042 1554 1224 1611 verba
1253 1556 1526 1628 prorupit
1554 1554 1760 1610 dicens
1794 1571 1806 1608 :
1856 1554 1932 1608 Et
1971 1570 2010 1623 Β
2044 1557 2116 1612 tis
2139 1557 2431 1612 infelicius
2453 1563 2848 1630 priesumunt.
2881 1562 3099 1616 Sancta
3111 1576 3249 1615 vero
3276 1560 3534 1617 Ecclesia
3553 1560 3700 1616 dum

277 1664 394 1704 non
421 1653 674 1717 propter
697 1646 991 1702 malitiam
1017 1650 1181 1701 tuam
1203 1645 1560 1713 plurimam,
1588 1649 1640 1699 et
1668 1643 1936 1711 inﬁnitas
2043 1647 2390 1720 quempiam
2422 1648 2580 1704 videt
2605 1649 2826 1705 esurire
2857 1649 3026 1720 quod
3056 1649 3110 1705 ei
3142 1665 3265 1704 non
3319 1650 3510 1722 prosit
3549 1648 3701 1705 acci-

278 1739 621 1808 iniquilates
649 1743 781 1793 tuas
809 1736 835 1791 ?
867 1768 934 1775 —
963 1736 1239 1808 Sequitur
1266 1754 1280 1791 :

350 1830 522 1882 Vens.
567 1830 617 1881 6.
651 1827 971 1882 Abstulisti
997 1826 1152 1881 enim
1201 1827 1418 1895 pignus
1483 1824 1754 1893 fratrum
1808 1829 1937 1876 tuo-

281 1933 417 1971 rum
445 1917 571 1971 sine
599 1930 802 1971 causa.
835 1947 902 1954 ——
935 1919 999 1970 1n
1033 1913 1333 1986 Scriptura
1365 1928 1536 1967 sacra
1594 1909 1942 1982 appellatio-

281 2021 358 2059 ne
387 2003 654 2074 pignoris
682 2002 1008 2075 aliquando
1065 2002 1296 2058 donum
1326 1999 1574 2072 Spiritus
1624 1998 1815 2056 sancti
1873 1997 1944 2052 si-

287 2096 530 2162 gnatur,
565 2095 627 2146 ut
654 2090 801 2146 illud
831 2089 994 2146 Pauli
1027 2109 1038 2144 :
1076 2113 1102 2138 ‹‹
1139 2089 1250 2155 Qui
1279 2089 1444 2145 dedit
1495 2087 1670 2144 nobis
1727 2087 1946 2160 pignus

286 2180 542 2252 Spiritus
567 2180 658 2245 (II
690 2181 820 2237 Cor.
845 2196 898 2245 v,
933 2179 1006 2250 ὅ.)
1039 2203 1066 2228 ››
1097 2177 1437 2250 Aliquando
1469 2176 1763 2233 confessio
1807 2191 1945 2248 pec-

281 2274 578 2334 catorum,
612 2267 764 2324 sicut
789 2268 852 2323 in
880 2267 1008 2338 lege
1040 2268 1326 2340 scriptum
1359 2271 1448 2323 est
1479 2285 1491 2321 :
1530 2289 1556 2315 «
1591 2265 1648 2320 Si
1674 2265 1946 2322 debitum

280 2358 465 2414 debet
491 2357 593 2413 tibi
619 2357 923 2429 quispiam
951 2357 1132 2412 frater
1156 2361 1316 2424 tuus,
1375 2360 1430 2411 et
1483 2353 1797 2411 abstuleris
1856 2354 1943 2426 pi-

281 2464 441 2518 gnus
473 2446 552 2501 ab
582 2462 675 2516 eo,
716 2449 852 2500 ante
898 2444 1038 2500 solis
1103 2461 1389 2500 occasum
1443 2443 1662 2516 pignus
1708 2443 1944 2498 restitue

280 2539 481 2604 (Deut.
512 2552 667 2602 xxw,
705 2538 789 2604 12,
817 2535 922 2606 13).
958 2558 985 2584 »
1011 2535 1161 2600 Quia
1217 2551 1360 2604 ergo
1416 2538 1626 2591 sancta
1685 2532 1945 2589 Ecclesia

278 2625 538 2698 quilibet
565 2624 642 2680 ab
671 2623 961 2680 haereticis
986 2623 1064 2680 ad
1084 2624 1392 2680 veritatem
1423 2623 1561 2679 fidei
1587 2627 1946 2679 revertentes

279 2715 559 2789 praecipit
582 2714 748 2782 prius
779 2718 845 2770 ut
875 2713 1144 2770 confiteri
1175 2714 1389 2770 erroris
1419 2713 1510 2768 sui
1540 2713 1781 2784 culpam
1836 2714 1944 2768 ha-

279 2803 486 2873 beant,
511 2803 857 2876 persuadet,
889 2807 947 2858 et
975 2802 1150 2874 quasi
1193 2818 1299 2875 per
1352 2802 1767 2858 haereticorum
1821 2816 1950 2873 spe-

2044 1752 2205 1809 pere,
2237 1741 2341 1791 aut
2362 1736 2408 1791 si
2441 1738 2560 1808 iam
2586 1743 2723 1792 sunt
2750 1737 2862 1792 sibi
2891 1737 3129 1807 cognita
3161 1737 3428 1794 modeste
3469 1736 3703 1810 suppri-

2047 1826 2174 1898 mit,
2207 1830 2329 1892 aut,
2354 1826 2402 1881 si
2424 1827 2623 1882 adhuc
2645 1827 2921 1883 videntur
2943 1827 3266 1898 incognita,
3289 1827 3590 1884 humiliter
3611 1827 3701 1882 fa-

2048 1919 2220 1985 tetur,
2239 1931 2461 1987 eosque
2483 1915 2560 1971 ad
2582 1915 2871 1971 ordinatae
2892 1915 3242 1972 humilitatis
3268 1932 3513 1972 sensum
3529 1931 3702 1973 revo-

2051 2011 2163 2071 cat,
2193 2020 2332 2058 cum
2356 2020 2463 2076 per
2487 2020 2665 2059 suum
2686 2004 2797 2059 illis
2823 2005 3275 2076 priedicatorem
3305 2006 3482 2062 dicit:
3517 2027 3545 2055 «
3575 2009 3704 2062 Non

2052 2093 2188 2164 plus
2219 2108 2426 2164 sapere
2453 2109 2643 2164 quam
2670 2097 2902 2165 oportet
2931 2111 3161 2166 sapere,
3205 2095 3310 2151 sed
3358 2111 3567 2167 sapere
3620 2081 3705 2150 ad

2056 2181 2434 2237 sobrietatem
2465 2183 2653 2248 (Rom.
2683 2198 2754 2249 χι,
2786 2183 2896 2252 20).
2937 2205 2961 2231 ››
2994 2185 3060 2238 Et
3098 2199 3357 2238 rursum.
3383 2205 3409 2231 «
3446 2183 3572 2238 Noli
3624 2182 3706 2238 al-

2055 2273 2182 2326 tum
2213 2285 2443 2342 sapere,
2479 2269 2582 2324 sed
2611 2271 2750 2325 time
2781 2271 2968 2336 (Rom.
3005 2286 3100 2338 xu,
3131 2275 3206 2338 3).
3237 2294 3263 2320 »
3298 2270 3575 2343 Sequitur
3603 2288 3614 2325 :

2129 2357 2304 2412 Vens.
2340 2360 2390 2411 8.
2441 2359 2513 2412 In
2571 2358 2935 2426 fortitudine
2970 2359 3205 2414 brachii
3237 2359 3327 2413 tui
3368 2357 3709 2428 possidebas

2055 2451 2298 2516 terram,
2325 2451 2380 2501 et
2399 2446 2848 2514 potentissimus
2878 2446 3181 2502 obtinebas
3211 2463 3360 2503 eam.
3423 2479 3490 2486 —
3537 2449 3618 2501 Ac
3660 2445 3709 2501 si

2052 2538 2321 2607 patenter
2353 2533 2556 2590 dicat:
2590 2535 2700 2600 Qui
2748 2535 2808 2590 in
2867 2535 3290 2608 praedicatione
3344 2541 3448 2592 tua
3490 2540 3709 2592 terram

2055 2622 2462 2679 universaliter
2487 2624 2814 2696 occupasti,
2846 2625 3113 2697 potentia
3159 2624 3537 2693 fortitudinis,
3585 2640 3710 2680 non

2055 2711 2204 2766 ratio
2219 2711 2481 2766 veritatis
2507 2711 2633 2766 fuit.
2665 2712 2815 2777 Quia
2836 2713 2995 2768 enim
3015 2713 3379 2770 Christianos
3408 2713 3709 2786 principes

2056 2799 2546 2872 praedicationem
2577 2801 2708 2870 ejus
2734 2806 2931 2856 tenere
2963 2803 3360 2874 conspiciunt,
3390 2804 3504 2859 hoc
3544 2801 3713 2875 quod

281 2893 456 2957 ciem,
486 2908 601 2964 per
630 2891 870 2963 Eliphaz
920 2891 1156 2946 dicitur.
1208 2891 1531 2946 Abstulisti
1575 2891 1797 2960 pignus
1822 2891 1953 2959 fra—
1990 2917 2030 2971 ο
2060 2889 2113 2945 ei
2141 2905 2178 2946 a
2206 2889 2445 2962 populis
2474 2888 2750 2955 creditur,
2779 2905 2900 2944 nou
2921 2889 3198 2945 virtutem
3214 2890 3714 2960 rectitudinis,sed

281 2987 442 3038 trum
478 2987 728 3037 tuorum
758 2981 886 3036 sine
914 2994 1120 3045 causa,
1144 2977 1206 3034 id
1236 2983 1341 3047 est,
1376 2978 1453 3034 ab
1481 2978 1574 3034 his
1590 2977 1693 3050 qui
1715 2994 1751 3034 a
1776 2977 1951 3033 nobis

280 3070 360 3127 ad
392 3076 446 3128 te
480 3070 738 3127 veniunt
764 3067 1046 3124 inutiliter
1085 3067 1522 3124 confessionem
1562 3083 1776 3124 erroris
1822 3082 1951 3122 exe-

279 3161 436 3230 gisti.
471 3161 537 3217 Si
565 3175 730 3229 vero,
764 3163 830 3216 ut
857 3157 1268 3232 praediximus,
1297 3158 1538 3230 pignus,
1571 3157 1733 3213 dona
1763 3155 1954 3212 sancti

281 3245 547 3318 Spiritus
580 3243 890 3309 sentimus,
922 3243 1182 3298 haeretici
1203 3247 1471 3299 sanctam
1499 3241 1820 3297 Ecclesiam
1841 3240 1952 3296 fra-

279 3337 442 3389 trum
473 3348 734 3389 suorum
755 3331 962 3388 dicunt
984 3331 1208 3405 pignus
1237 3330 1572 3399 abstulisse,
1631 3329 1776 3402 quia
1823 3329 1953 3386 illos

280 3423 385 3496 qui
411 3423 494 3480 ad
523 3421 694 3478 ﬂiam
725 3421 987 3488 \eniunt,
1017 3421 1180 3478 dona
1223 3419 1551 3493 spiritualia
1577 3419 1955 3492 suspicantur

281 3512 586 3568 amittere.
624 3509 788 3566 Unde
813 3509 1112 3582 sequitur:
1139 3509 1220 3564 Et
1253 3509 1442 3564 nudos
1463 3509 1814 3579 exspoliasti
1837 3523 1955 3565 ves-

283 3601 466 3656 tibus.
494 3630 570 3638 --
592 3601 706 3654 Eos
731 3613 885 3670 quos
914 3597 1171 3652 haeretici
1202 3596 1494 3669 perversis
1518 3595 1954 3669 prtedicationi—

279 3687 402 3746 bus
431 3688 706 3754 trahunt,
726 3691 1024 3759 praecepta
1044 3685 1328 3742 doctrinae
1347 3703 1470 3741 suae
1491 3685 1956 3759 quasiquaedam

282 3775 661 3833 vestimenta
689 3774 911 3831 habere
943 3774 1302 3844 existimant,
1332 3779 1389 3830 et
1417 3774 1625 3830 tandiu
1662 3773 1793 3830 illos
1829 3790 1959 3830 ves-

285 3866 428 3923 titos
461 3868 707 3938 putant,
737 3863 1009 3935 quandiu
1029 3863 1158 3917 haec
1179 3879 1312 3934 quae
1325 3862 1436 3935 ipsi
1461 3861 1956 3934 praedicaverunt,

283 3956 368 4012 ab
413 3954 541 4009 illis
573 3951 795 4008 servari
825 3951 1224 4007 considerant.
1256 3954 1336 4006 Ex
1365 3949 1586 4023 quibus
1639 3967 1778 4005 cum
1832 3951 1962 4022 qui-

2063 2994 2310 3035 causam
2341 2977 2641 3033 saecularis
2669 2977 2946 3050 potentiie
2968 2993 3100 3033 esse
3130 2979 3715 3051 supicantur.Sequi-

2063 3072 2194 3125 tur:
3156 3125 3170 3134 .

2134 3156 2312 3212 Vens.
2345 3162 2399 3212 9.
2443 3156 2661 3211 Viduas
2682 3155 2962 3212 dimisisti
2985 3172 3227 3225 vacuas,
3261 3162 3316 3214 et
3340 3157 3591 3214 lacertos
3598 3172 3716 3228 pu-

2057 3248 2353 3317 pillorum
2399 3245 2817 3302 comminuisti.
2870 3278 2935 3287 —
2983 3245 3192 3302 Plebes
3249 3263 3384 3319 quae
3430 3246 3718 3303 haereticis

2062 3335 2531 3410 praedicantibus
2558 3339 2698 3391 sunt
2728 3335 3031 3407 subjectae,
3059 3352 3132 3392 ex
3148 3336 3373 3394 carnali
3396 3336 3720 3407 intelligen-

2064 3425 2144 3481 tia
2183 3440 2454 3480 errorum
2483 3439 2693 3480 eorum
2753 3424 2984 3481 semina
3025 3441 3309 3498 perversa
3367 3425 3716 3499 suscipiunt,

2064 3513 2269 3588 eisque
2308 3513 2369 3570 in
2418 3531 2530 3570 sua
2586 3512 2975 3570 damnatione
3029 3515 3352 3571 sociantur.
3408 3515 3522 3571 Sed
3579 3531 3720 3570 cum

2067 3609 2275 3661 sancta
2304 3602 2562 3660 Ecclesia
2600 3602 2764 3675 ipsos
2813 3620 3083 3660 errorum
3136 3603 3574 3676 praedicatores,
3628 3602 3723 3660 vel

2065 3694 2294 3750 ratione
2325 3693 2512 3749 victos
2536 3692 2615 3749 ad
2645 3709 2705 3748 se
2733 3693 2999 3766 suscipit,
3025 3693 3122 3749 vel
3152 3693 3347 3750 studio
3377 3693 3725 3766 perversita-

2069 3782 2139 3838 tis
2161 3781 2490 3838 obduratos
2520 3780 2633 3836 sub
2655 3780 2980 3852 disciplinae
2999 3798 3122 3836 suae
3148 3781 3382 3837 vinculo
3404 3781 3720 3852 restringit,

2069 3869 2332 3926 destituti
2354 3869 2614 3926 haeretici
2643 3886 2781 3924 cum
2803 3884 3113 3924 remanere
3144 3868 3308 3941 apud
3330 3886 3390 3924 se
3420 3870 3625 3942 plebes
3652 3870 3726 3925 si-

2070 3975 2145 4015 ne
2177 3957 2672 4030 prtedicatoribus
2695 3957 2918 4027 vident,
2941 3956 3091 4028 quid
3122 3956 3285 4011 aliud
3318 3973 3355 4011 a
3382 3963 3587 4013 sancta
3629 3961 3729 4013 Ec-

282 4045 444 4100 dam
477 4040 562 4096 ad
594 4043 863 4096 sanctam
897 4038 1220 4094 Ecclesiam
1266 4039 1538 4105 redeunt.
1559 4054 1662 4093 eos
1693 4037 1964 4109 protinus
2075 4045 2253 4102 clesia
2279 4039 2466 4116 quam
2485 4044 2702 4099 viduas
2719 4059 2946 4099 vacuas
2971 4042 3204 4098 relictas
3225 4042 3427 4098 dolent
3451 4043 3565 4098 ?Et
3586 4041 3728 4115 quia

279 4129 592 4189 doctrinas
648 4128 1002 4184 vestimenta
1031 4126 1362 4200 perdidisse
1404 4125 1802 4198 suspicantur.
1852 4125 1965 4182 Sed
2076 4132 2396 4190 subtractis
2425 4131 2842 4189 hereticorum
2873 4130 3176 4200 magistris
3213 4147 3422 4187 eorum
3475 4129 3732 4202 discipu-

283 4237 435 4278 cum
469 4216 679 4273 nudus
701 4215 1023 4288 exspoliari
1047 4219 1330 4288 nequeat,
1363 4213 1761 4287 quaerendum
1791 4213 1965 4270 nobis
1999 4270 2041 4295 η
2074 4223 2164 4281 los
2188 4223 2251 4278 in
2283 4239 2392 4279 suo
2421 4237 2600 4295 opere
2621 4221 2911 4278 inﬁrmari
2933 4221 3332 4294 suspicantur,
3355 4220 3530 4294 quasi
3547 4219 3731 4276 lacer-

281 4315 396 4374 est,
416 4306 742 4383 quomodo
770 4306 936 4380 prius
963 4305 1132 4373 nudi,
1153 4309 1209 4361 et
1235 4303 1624 4378 postmodum
1655 4302 1966 4376 exspoliati

285 4402 739 4457 memorantur.
773 4395 883 4454 Sed
915 4395 1226 4452 sciendum
1251 4394 1395 4467 quia
1419 4393 1615 4450 omnis
1643 4392 1749 4466 qui
1771 4393 1965 4450 cordis

289 4488 570 4562 puritate
599 4484 943 4558 perfruitur,
975 4500 1047 4540 eo
1073 4483 1208 4555 ipso
1237 4499 1362 4555 quo
1391 4481 1753 4554 duplicitatis
1802 4486 1968 4552 tegu-

288 4582 584 4634 mentum
619 4589 742 4630 non
773 4573 974 4640 habet,
1000 4572 1203 4628 nudus
1246 4575 1349 4626 est.
1387 4574 1455 4626 Et
1505 4576 1644 4627 sunt
1693 4571 1967 4627 nonnulli

289 4667 464 4740 apud
493 4664 836 4733 heareticos,
868 4662 973 4735 qui
1002 4661 1198 4718 COI‘dlS
1229 4660 1476 4733 quidem
1501 4659 1822 4733 puritatem
1867 4662 1970 4717 ha-

288 4757 461 4824 bent,
499 4753 617 4811 sed
644 4758 844 4809 tamen
875 4751 1160 4808 doctrinae
1186 4766 1394 4806 eorum
1425 4749 1715 4820 dogmata
1738 4765 1971 4823 perver-

291 4865 359 4904 sa
385 4843 758 4917 suscipiunt.
790 4841 860 4897 Hi
890 4842 1175 4897 nimirum
1205 4844 1262 4897 et
1286 4856 1359 4896 ex
1389 4855 1499 4895 sua
1526 4839 1781 4912 puritate
1821 4839 1970 4896 nudi

291 4941 458 5007 sunt,
495 4940 558 4992 et
590 4932 772 5005 quasi
798 4948 870 4988 ex
898 4947 1106 4988 eorum
1138 4929 1560 5002 praedicatione
1616 4929 1966 4987 vestiuntur.

295 5027 594 5099 Sequitur
620 5040 632 5077 :

366 5119 545 5170 Vens.
584 5119 640 5167 7.
671 5114 905 5184 Aquam
941 5114 1096 5168 lasso
1136 5127 1256 5167 non
1285 5110 1522 5179 dedisti,
1577 5115 1630 5165 et
1688 5110 1976 5167 esurienti

291 5203 678 5260 subtraxisti
699 5217 936 5271 panem.
972 5233 1038 5241 —-
1066 5198 1329 5256 Haeretici
1358 5215 1481 5272 quo
1524 5198 1786 5254 veritatis
1841 5197 1972 5254 soli-

295 5293 558 5351 ditatem
593 5306 717 5346 non
740 5295 963 5357 tenent,
1015 5306 1086 5346 eo
1135 5304 1582 5362 nonnunquam
1643 5287 1881 5343 student
1911 5294 1977 5344 ut

295 5381 694 5456 loquaciores
717 5383 1067 5453 appareant,
1097 5382 1154 5433 et
1178 5382 1386 5434 contra
1432 5375 1862 5433 catholicorum
1914 5377 1977 5431 ﬁ-

298 5471 445 5527 dem
474 5469 659 5544 quasi
691 5467 975 5524 doctrinae
1025 5465 1271 5521 scientia
1317 5466 1664 5535 gloriantur.
1723 5468 1978 5521 Cunctos

300 5577 466 5633 quos
501 5557 807 5630 aspiciunt
845 5555 1045 5628 pravis
1080 5554 1157 5610 ad
1192 5571 1253 5609 se
1305 5555 1538 5612 trahere
1597 5553 1976 5610 sermonibus

302 5650 624 5721 quierunt,
648 5651 705 5704 et
727 5645 889 5703 unde
929 5644 1043 5702 sibi
1095 5642 1243 5700 alios
1273 5643 1352 5701 ad
1377 5645 1676 5702 interitum
1727 5643 1974 5712 sociant,

2077 4316 2167 4370 tos
2197 4311 2564 4386 pupillorum
2591 4311 2993 4368 comminutos
3023 4309 3102 4367 ab
3127 4309 3390 4367 Ecclesia
3420 4326 3548 4367 esse
3590 4325 3730 4366 con-

2076 4405 2425 4476 queruntur.
2457 4399 2555 4457 Vel
2603 4404 2756 4457 certe
2799 4400 2943 4473 quia
2997 4403 3206 4456 sancta
3247 4398 3528 4468 Ecclesia,
3580 4398 3730 4454 dum

2076 4491 2374 4565 quosdam
2406 4491 2483 4547 ab
2509 4489 2801 4547 haereticis
2858 4490 3165 4546 venientes
3223 4488 3487 4561 suscipit,
3545 4488 3732 4560 liquet

2076 4580 2360 4636 nimirum
2389 4579 2556 4652 quod
2587 4578 2838 4651 pristino
2878 4577 3061 4633 errori
3104 4593 3312 4632 eorum
3357 4573 3728 4632 contradicit.

2078 4667 2227 4734 Quia
2257 4683 2400 4738 ergo
2430 4683 2533 4723 eos
2564 4681 2600 4722 a
2629 4665 2857 4722 carnali
2897 4664 3222 4721 intentione
3283 4679 3407 4718 suae
3454 4661 3732 4735 supersti-

2076 4754 2254 4811 tionis
2278 4759 2541 4820 revocat,
2566 4753 2826 4809 haeretici
2849 4770 2987 4809 cum
3015 4753 3128 4808 hos
3151 4751 3318 4808 aliter
3337 4751 3534 4807 vivere
3578 4750 3734 4824 aspi-

2080 4843 2244 4899 ciunt
2273 4859 2460 4915 quam
2490 4842 2844 4912 docuerunt,
2875 4841 3126 4898 lacertos
3156 4857 3364 4896 eorum
3409 4839 3487 4898 ab
3526 4857 3734 4916 opera-

2080 4931 2258 4999 tione,
2292 4947 2477 5004 quam
2507 4932 2674 5004 prius
2700 4934 3032 4999 tenuerant,
3066 4931 3470 4989 comminutos
3497 4948 3627 4988 esse
3655 4929 3733 4986 ab

2081 5021 2344 5078 Ecclesia
2373 5020 2760 5076 detestantur.
2798 5022 3073 5094 Sequitur
3100 5039 3112 5077 :

2152 5114 2318 5166 Vens.
2361 5109 2440 5166 10.
2474 5112 2802 5180 Propterea
2851 5113 3259 5190 circumdatus
3306 5129 3364 5168 es
3422 5110 3649 5180 laqueis
3681 5113 3733 5161 et

2085 5200 2402 5258 conturbat
2434 5206 2489 5256 te
2508 5201 2771 5270 formido
2796 5202 3014 5259 subita.
3045 5234 3112 5243 —
3145 5202 3314 5258 Illum
3336 5195 3595 5253 formido
3641 5209 3737 5248 su-

2083 5290 2208 5347 bita
2238 5289 2574 5358 conturbat,
2619 5291 2724 5364 qui
2769 5292 3149 5348 considerare
3189 5284 3434 5356 negligit
3473 5281 3620 5355 quid
3664 5300 3737 5340 ex

2085 5377 2447 5435 districtione
2472 5379 2690 5450 iudicis
2719 5380 3011 5437 venientis
3042 5375 3368 5433 immineat.
3418 5372 3566 5438 Quia
3595 5389 3737 5444 ergo

2088 5467 2328 5523 fidelem
2359 5467 2649 5540 populum
2683 5467 2940 5524 htBl‘etiCi
2971 5462 3161 5532 culpis
3192 5459 3457 5532 perﬁdiae
3487 5479 3736 5536 oppres-

2090 5572 2226 5612 sum
2258 5556 2529 5625 credunt,
2560 5553 2999 5612 circumdatum
3043 5549 3275 5622 laqueis
3320 5555 3623 5614 accusant,
3683 5550 3742 5603 et

2087 5644 2230 5717 quia
2254 5645 2594 5701 existimant
2622 5640 2790 5714 quod
2813 5639 3016 5696 futura
3041 5654 3166 5697 non
3187 5639 3512 5712 praevideat
3533 5637 3596 5692 in
3611 5650 3741 5707 per-
