4146 6156
439 151 537 207 294

1472 145 1529 201 S.
1570 144 1831 200 ODONIS
1869 135 2162 197 ABBA’I‘IS
2200 136 2701 194 GLUNIACBNSIS
2755 134 2821 192 ll.
2889 133 2900 142 ’

443 271 719 330 cussione
745 285 853 326 sua
882 269 1043 324 hunc
1073 266 1271 324 subita
1300 267 1723 324 conturbatum
1774 265 2090 322 formidine
2127 260 2180 318 Α
2209 265 2326 318 tem
2371 261 2555 318 vitam
2602 260 2877 330 diligunt,
2928 255 3183 328 longiori
3230 254 3344 312 sibi
3399 253 3671 326 ejusdem
3727 255 3861 311 vitae

445 364 674 434 putant.
705 356 983 428 Sequitur
1017 372 1030 411 :

514 468 688 520 Vens.
719 468 802 520 tl.
835 464 914 518 Et
940 463 1202 534 putabas
1234 468 1289 518 te
1318 462 1590 518 tenebras
1637 478 1757 518 non
1807 461 2097 526 visurum,

441 561 496 614 et
521 557 746 623 impetu
775 567 1072 624 aquarum
1103 551 1537 607 inundantium
1583 567 1701 607 non
1751 564 2098 620 oppressum

444 645 524 700 iri
544 645 572 700 ?
599 673 669 685 -ο
698 647 781 698 Ac
809 642 859 696 si
888 645 1092 714 aperte
1138 639 1298 696 dicat
1323 657 1336 694 :
1371 639 1756 696 Securitatem
1801 637 1966 711 pacis
1999 635 2102 692 tibi

442 732 500 789 in
531 747 640 804 spe
666 744 1094 804 proposueras,
1141 731 1199 784 et
1226 728 1450 784 idcirco
1505 729 1581 784 de
1631 726 2100 802 praesumptione

443 825 548 877 tua
569 819 749 892 quasi
777 818 852 874 de
880 817 1015 873 luce
1040 817 1371 887 gaudebas,
1431 832 1543 873 nec
1567 822 1620 872 te
1658 831 1931 888 unquam
1986 829 2099 893 op-

443 909 624 982 primi
652 906 1133 964 tribulationibus
1163 906 1526 963 existimasti.
1562 906 1871 980 Sequitur:

517 1017 681 1070 Vens.
719 1017 805 1080 l2,
841 1016 924 1079 t3,
959 1013 1036 1068 14.
1063 1013 1284 1068 Annon
1301 1014 1524 1082 cogitas
1546 1009 1706 1082 quod
1727 1013 1886 1067 Deus
1917 1011 2102 1066 altior

448 1105 596 1161 caelo
624 1105 722 1168 sit,
753 1109 807 1159 et
836 1115 1017 1172 super
1043 1103 1361 1158 stellarum
1409 1102 1690 1158 verticem
1719 1100 2098 1168 sublimetur,

447 1198 502 1248 et
531 1193 679 1248 dicis
700 1205 724 1262 ;
752 1191 907 1258 Quid
935 1193 1089 1247 enim
1114 1191 1280 1246 novit
1309 1191 1485 1246 Deus.
1511 1190 1589 1244 Et
1621 1189 1795 1260 quasi
1817 1203 1931 1258 per
1957 1186 2102 1242 cali-

446 1281 644 1350 ginem
662 1279 930 1350 judicat.
962 1279 1162 1334 Nubes
1195 1278 1515 1334 latibulum
1547 1279 1698 1346 ejus,
1731 1292 1837 1331 nec
1892 1279 2102 1331 nostra

448 1369 804 1435 considerat,
837 1373 894 1424 et
930 1368 1096 1424 circa
1128 1368 1405 1423 cardines
1435 1367 1574 1422 caeli
1594 1367 2000 1435 perambulat.
2032 1395 2104 1403 —

446 1459 594 1513 Sunt
623 1457 890 1530 plerique
920 1457 1003 1512 ita
1061 1457 1304 1512 hebetes
1336 1460 1400 1510 ut
1455 1455 1779 1511 formidare
1832 1454 2103 1510 nesciant

445 1546 565 1603 nisi
593 1545 762 1620 quod
789 1545 1176 1617 corporaliter
1231 1545 1449 1601 vident.
1498 1544 1662 1600 Unde
1709 1543 1773 1600 fit
1807 1548 1869 1599 ut
1916 1546 2102 1598 Deum

447 1649 574 1692 nou
601 1638 892 1703 metuant,
920 1649 1101 1706 quem
1129 1633 1330 1689 videre
1359 1649 1480 1689 non
1524 1636 1796 1706 possunt.
1836 1631 2103 1687 Haeretici

450 1729 674 1788 autem,
698 1722 844 1795 quia
873 1737 936 1776 se
967 1722 1266 1794 sapientes
1291 1721 1674 1791 arbitrantur,
1719 1720 1904 1777 verba
1959 1737 2104 1776 con-

451 1816 542 1869 tra
581 1811 906 1867 catholicos
955 1810 1242 1867 irrisionis
1293 1810 1626 1884 proferunt,
1677 1813 1858 1884 atque
1909 1809 1987 1866 ab
2018 1809 2102 1866 eis

451 1899 621 1956 illum
647 1915 770 1955 non
802 1899 990 1955 timeri
1019 1899 1422 1972 suspicantur,
1454 1915 1636 1972 quem
1668 1899 1866 1954 videre
1889 1913 2104 1971 corpo-

449 1989 650 2046 raliter
678 1993 1006 2062 nequeunt,
1053 1991 1118 2043 ut
1163 1988 1340 2062 quasi
1389 2003 1496 2058 per
1547 1993 1850 2060 torporem
1896 2004 2105 2042 sensus

450 2083 768 2134 Auctorem
793 2091 971 2133 suum
1009 2077 1368 2143 existiment,
1415 2076 1560 2150 quia
1609 2078 1902 2133 excelsior
1959 2077 2106 2132 caelo

451 2174 554 2230 est,
614 2173 671 2224 et
727 2182 909 2236 super
955 2167 1270 2223 stellarum
1327 2167 1572 2222 vertices
1618 2166 2002 2233 sublimatur,
2035 2181 2108 2221 ex

449 2255 782 2329 longinquo
807 2255 1004 2310 videre
1035 2271 1156 2311 non
1185 2270 1384 2327 posse.
1440 2257 1507 2311 Et
1535 2255 1677 2328 quia
1702 2255 1855 2311 inter
1890 2271 2004 2310 nos
2052 2261 2112 2310 et

447 2345 747 2401 ccelestem
775 2345 982 2401 sedem
1003 2348 1204 2417 partes
1239 2345 1415 2400 aeriae
1442 2344 1758 2413 intersunt,
1815 2345 1990 2417 quasi
2043 2343 2105 2398 in

449 2433 610 2489 nube
638 2432 830 2489 latens
859 2447 966 2505 per
989 2432 1307 2502 caliginem
1333 2431 1578 2502 judicet,
1611 2435 1668 2487 et
1695 2431 2104 2504 superioribus

449 2521 730 2587 intentus,
763 2521 963 2575 minus
984 2519 1108 2575 ima
1136 2519 1493 2592 perpendat,
1527 2523 1584 2574 et
1605 2517 1754 2574 dum
1785 2518 1922 2574 caeli
1976 2533 2104 2574 car-

449 2607 620 2663 dines
645 2607 971 2662 ambiendo
1001 2606 1372 2676 constringit,
1416 2605 1692 2662 interiora
1724 2621 1848 2662 non
1892 2605 2107 2663 videat.

453 2697 566 2755 Sed
596 2697 732 2770 quis
763 2697 838 2752 de
859 2699 978 2753 Deo
993 2695 1087 2751 vel
1111 2695 1416 2768 desipiens
1439 2696 1553 2752 ista
1580 2696 1919 2770 suspicetur
1948 2698 1974 2752 ?
1998 2697 2106 2763 Qui

448 2785 737 2843 nimirum
763 2801 904 2841 cum
933 2785 1006 2840 sit
1036 2799 1275 2857 semper
1297 2785 1697 2858 omnipotens,
1743 2785 1826 2842 sic
1857 2785 2110 2842 intendit

451 2874 754 2937 omnibus,
787 2878 853 2930 ut
881 2873 1038 2930 adsit
1067 2872 1318 2944 singulis
1343 2891 1356 2936 ;
1393 2873 1479 2928 sic
1509 2874 1682 2930 adest
1710 2874 1985 2945 singulis,
2046 2880 2111 2930 ut

451 2963 630 3020 simul
657 2963 940 3020 omnibus
961 2977 1277 3034 nunquam
1304 2961 1473 3018 desit.
1505 2965 1652 3018 Nam
1679 2963 1785 3020 etsi
1805 2961 2107 3037 quosdam
2145 2963 2190 3020 Ο

448 3055 793 3124 peccatores
819 3050 1056 3120 deserit,
1079 3050 1308 3106 eisdem
1330 3049 1543 3106 tamen
1594 3049 1738 3124 ipsis
1777 3052 1948 3109 adest
2000 3067 2108 3125 per

443 3139 997 3213 judicium,quibus
1027 3139 1236 3195 deesse
1267 3138 1502 3195 videtur
1530 3155 1638 3212 per
1661 3141 2103 3212 adjumentum.

452 3229 728 3301 Sequitur
755 3247 768 3284 :

522 3333 698 3389 Vnus.
731 3333 814 3386 15.
844 3332 1138 3404 Nunquid
1161 3334 1430 3389 semitam
1457 3336 1816 3389 saeculorum
1848 3333 2104 3390 custodi-

449 3437 516 3478 re
539 3423 728 3492 cupis,
751 3435 930 3493 quam
963 3422 1354 3478 calcaverunt
1392 3422 1510 3478 viri
1539 3424 1736 3494 iniqui
1763 3426 1791 3477 ?
1829 3455 1898 3463 —
1949 3421 2110 3479 Sicut

451 3511 661 3568 semita
699 3511 1110 3583 Redemptoris
1137 3512 1323 3566 nostri
1371 3511 1710 3581 humilitas,
1761 3513 1844 3568 ita
1893 3513 2106 3568 semita

450 3599 809 3656 saeculorum
836 3598 1136 3670 superbia.
1170 3597 1536 3656 Saeculorum
1578 3599 1781 3672 itaque
1831 3601 2106 3656 semitam

449 3688 559 3744 viri
587 3687 778 3761 iniqui
807 3687 1062 3758 calcant,
1094 3683 1239 3761 quia
1266 3704 1374 3762 per
1402 3689 1584 3760 hujus
1617 3689 1748 3744 vitae
1805 3688 2106 3746 desideria

447 3777 510 3834 in
535 3776 787 3836 elatione
816 3775 1258 3851 perambulant.
1286 3777 1562 3851 Sequitur
1589 3797 1601 3834 :

518 3905 690 3961 Vens.
719 3907 802 3962 l6.
837 3903 951 3972 Qui
971 3903 1200 3961 sublati
1217 3908 1360 3962 sunt
1387 3908 1528 3962 ante
1557 3909 1786 3975 tempus
1815 3919 2009 3973 suum,
2047 3911 2106 3962 et

441 3995 664 4066 ﬂuvius
689 3993 977 4054 subvertit
1019 3993 1488 4064 fundamentum
1543 4008 1768 4052 eorum.
1827 4025 1897 4036 —
1953 3995 2104 4054 Cum

446 4086 684 4157 tempus
702 4083 834 4141 vitae
863 4098 902 4140 a
919 4082 1126 4141 divina
1149 4081 1328 4140 nobis
1355 4083 1731 4157 praescientia
1771 4083 1846 4142 sit
1897 4083 2105 4157 procul

445 4172 634 4230 dubio
660 4173 872 4244 ﬁxum,
902 4172 1297 4246 quaerendum
1339 4172 1517 4230 valde
1560 4177 1670 4238 est,
1701 4189 1826 4246 qua
1879 4173 2109 4230 ratione

446 4277 610 4318 nunc
639 4261 818 4328 dicat,
851 4261 1018 4334 quod
1043 4261 1236 4334 iniqui
1264 4277 1338 4318 ex
1389 4261 1667 4334 praesenti
1719 4261 1941 4318 saeculo
1972 4268 2109 4320 ante

446 4355 686 4422 tempus
713 4349 1026 4424 proprium
1053 4349 1508 4408 subtrahantur.
1530 4351 1924 4424 Omnipotens
1943 4351 2108 4410 enim

449 4442 627 4508 Deus,
657 4437 769 4495 etsi
797 4437 1126 4511 aliquando
1155 4441 1349 4496 mutat
1377 4439 1756 4511 sententiam,
1786 4455 2105 4513 nunquam

447 4541 591 4600 ergo
616 4541 688 4582 eo
715 4530 979 4600 tempore
1008 4541 1082 4582 ex
1109 4525 1225 4583 hac
1252 4526 1372 4584 vita
1401 4527 1662 4600 quisque
1713 4527 2105 4598 subtrahitur,

446 4632 570 4691 quo
607 4632 680 4674 ex
734 4614 941 4674 divina
992 4614 1260 4688 potentia
1303 4619 1441 4673 ante
1467 4620 1744 4688 tempora
1769 4615 2101 4688 praescitur.

451 4706 566 4764 Sed
594 4704 908 4763 sciendum
934 4704 1079 4778 quia
1105 4720 1319 4762 creans
1343 4709 1400 4762 et
1428 4703 1720 4762 ordinans
1763 4720 1878 4760 nos
1918 4706 2108 4762 omni-

447 4801 661 4869 potens
683 4798 838 4853 Deus
858 4795 1035 4868 juxta
1063 4794 1442 4867 singulorum
1469 4795 1682 4853 merita
1705 4794 1992 4868 disponit,
2049 4799 2108 4853 et

447 4885 770 4943 terminum
796 4889 861 4942 ut
887 4889 946 4944 et
963 4884 1163 4943 malus
1191 4883 1286 4942 ille
1314 4884 1573 4942 breviter
1596 4884 1775 4956 vivat,
1800 4901 1876 4942 ne
1904 4884 2107 4943 multis

446 4971 602 5030 bene
630 4973 950 5043 agentibus
978 4977 1212 5042 noceat,
1245 4971 1335 5029 vel
1357 4971 1558 5030 bonus
1598 4972 1824 5032 diutius
1881 4973 1944 5030 in
1991 4973 2106 5034 hac

447 5061 566 5118 vita
584 5061 904 5134 subsistat,
923 5065 990 5117 ut
1013 5061 1215 5116 multis
1238 5060 1384 5120 boni
1411 5063 1609 5134 operis
1665 5063 1904 5134 adjutor
1951 5064 2106 5120 exis-

448 5155 551 5209 tat.
611 5150 898 5216 Quamvis
972 5149 1355 5222 omnipotens
1429 5151 1586 5210 Deus
1648 5151 1794 5209 illud
1869 5156 2106 5224 tempus

447 5240 923 5313 uniuscujusque
951 5239 1031 5298 ad
1059 5242 1314 5298 mortem
1343 5240 1636 5314 praesciat,
1667 5257 1792 5315 quo
1828 5242 1959 5313 ejus
1983 5242 2106 5300 vita

449 5332 818 5389 terminatur.
875 5333 989 5388 Nec
1038 5329 1157 5386 alio
1184 5329 1247 5386 in
1305 5335 1569 5404 tempore
1611 5331 1917 5406 quispiam
1952 5332 2106 5390 mori

447 5419 680 5493 poterit,
714 5419 830 5478 nisi
851 5419 984 5493 ipso
1007 5435 1131 5493 quo
1157 5419 1426 5476 moritur.
1459 5421 1610 5477 Cum
1665 5436 1808 5490 ergo
1867 5421 1948 5476 ita
2005 5421 2102 5492 sit,

448 5508 596 5582 quid
621 5513 710 5565 est
749 5509 912 5583 quod
957 5509 1174 5566 dicitur
1227 5509 1394 5582 quod
1436 5509 1627 5583 iniqui
1681 5513 1821 5567 ante
1876 5515 2105 5578 tempus

446 5615 620 5658 suum
649 5601 878 5660 sublati
913 5604 1077 5670 sunt,
1113 5599 1227 5658 nisi
1271 5599 1439 5672 quod
1464 5615 1677 5658 omnes
1707 5597 1814 5670 qui
1841 5613 2102 5670 prasen-

2209 351 2400 424 spatia
2430 350 2833 423 promittunt?
2860 347 2974 404 Sed
3003 363 3143 404 cum
3201 360 3306 402 eos
3365 357 3530 400 mors
3586 360 3866 418 superve-

2206 441 2376 496 niens
2399 457 2435 496 a
2463 438 2736 511 praesenti
2758 437 2879 494 vita
2904 434 3222 502 subtrahit,
3255 449 3467 492 eorum
3496 433 3620 490 vita
3646 433 3862 506 spatia,

2205 545 2340 602 quae
2371 529 2486 584 sibi
2510 528 2783 599 longiora
2803 526 2979 600 quasi
3003 525 3066 581 in
3082 523 3697 596 cogitationetendere
3727 537 3868 579 con-

2207 623 2540 685 sueverant,
2565 616 2878 673 intercidit.
2915 614 3107 688 iniqui
3137 613 3300 670 enim
3329 613 3481 669 dum
3505 611 3688 668 corde
3712 617 3867 668 tran-

2207 708 2318 762 sire
2339 706 2417 762 ad
2448 711 2670 762 aeterna
2697 704 3029 775 negligunt,
3063 707 3122 760 et
3145 707 3362 759 cuncta
3405 701 3728 774 pressantis
3779 700 3868 756 fu-

2208 795 2384 866 gitiva
2414 812 2544 850 esse
2572 811 2692 850 non
2720 795 3042 863 intuentur,
3078 797 3338 848 mentem
3367 791 3433 847 in
3482 805 3688 848 amore
3737 790 3868 846 vitae

2208 885 2513 958 prteseutis
2535 885 2744 953 ﬁgunt,
2777 888 2835 939 et
2864 881 3036 956 quasi
3062 881 3259 952 longte
3285 879 3675 936 habitationis
3703 879 3765 935 in
3797 895 3868 934 ea

2207 973 2318 1029 sibi
2349 973 2742 1029 fundamenta
2771 974 3146 1039 construunt,
3192 969 3338 1042 quia
3393 969 3457 1024 in
3487 967 3739 1024 terrenis
3781 983 3868 1024 re-

2207 1063 2324 1118 bus
2349 1079 2454 1134 per
2483 1060 2780 1117 desideria
2811 1059 3166 1124 solidantur,
3217 1062 3277 1114 et
3318 1055 3466 1130 quia
3513 1055 3867 1129 quotidiano

2209 1149 2492 1222 temporis
2520 1149 2716 1222 lapsu,
2748 1148 2880 1222 ipsa
2905 1145 3215 1220 pressantis
3243 1146 3378 1201 vita!
3405 1143 3737 1202 mortalitas
3761 1144 3866 1199 de-

2209 1237 2411 1302 currit,
2451 1241 2630 1310 atque
2675 1236 3116 1293 dedicationem
3168 1233 3567 1307 reproborum
3621 1232 3870 1290 eosdem

2209 1326 2500 1399 reprobos
2531 1324 2942 1382 subtrahendo
2984 1323 3254 1394 destruit,
3311 1327 3469 1380 recte
3517 1321 3595 1378 de
3649 1321 3870 1393 iniquis

2213 1415 2461 1472 dicitur:
2493 1416 2573 1471 Et
2601 1417 2818 1481 ﬂuvius
2865 1414 3154 1470 subvertit
3209 1413 3616 1482 fundamenta
3640 1425 3867 1478 eorum,

2216 1504 2275 1560 id
2306 1509 2414 1574 est,
2436 1503 2561 1575 ipse
2589 1519 2802 1558 cursus
2833 1501 3248 1560 mutabilitatis
3273 1505 3498 1557 statum
3519 1499 3584 1556 in
3637 1499 3722 1555 eis
3775 1515 3874 1554 su-

2132 1615 2175 1668 Β
2216 1593 2272 1650 bl
2293 1593 2686 1666 uitperverse
2717 1590 3197 1650 constructionis.
3227 1589 3504 1662 Sequitur
3531 1606 3546 1645 :

2288 1723 2450 1778 Vens.
2491 1725 2571 1776 t7.
2607 1720 2722 1788 Qui
2751 1719 3026 1777 dicebant
3048 1721 3170 1776 Deo
3199 1734 3222 1776 .·
3250 1717 3474 1776 Recede
3503 1733 3540 1773 a
3585 1716 3774 1772 nobis.
3799 1747 3866 1754 —

2215 1811 2350 1864 Haec
2371 1809 2550 1866 etiam
2579 1809 2792 1865 beatus
2821 1807 2931 1865 Job
2979 1807 3200 1864 dixisse
3250 1807 3387 1880 quis
3442 1803 3760 1874 ambigat?
3808 1803 3877 1858 Et

2212 1912 2349 1971 quae
2381 1896 2440 1952 in
2465 1897 2596 1968 ejus
2636 1895 2806 1952 dictis
2853 1894 3267 1970 exposuimus,
3321 1897 3565 1966 propter
3620 1890 3873 1961 legentis

2215 1986 2520 2043 fastidium
2549 1985 2834 2060 replicare
2861 1985 3217 2042 devitamus.
3249 1982 3525 2056 Sequitur
3553 1998 3567 2035 :
3601 1979 3679 2036 Et
3703 1980 3879 2053 quasi

2214 2078 2371 2134 nihil
2389 2092 2562 2148 posse
2590 2077 2810 2148 facere.
2872 2075 3254 2144 Omnipotens
3311 2071 3686 2130 aestimabant
3715 2085 3872 2127 eum.

2214 2199 2282 2207 —
2315 2167 2376 2221 In
2407 2167 2500 2222 his
2530 2181 2672 2238 ergo
2705 2181 2924 2234 sermo,
2948 2167 3006 2222 et
3034 2179 3159 2220 non
3181 2160 3472 2220 sententia
3493 2160 3870 2220 immutatur.

2216 2259 2365 2311 Nam
2395 2254 2562 2329 quod
2579 2270 2687 2328 per
2715 2253 2960 2311 beatum
2982 2253 3092 2310 Job
3119 2251 3346 2308 dictum
3375 2255 3486 2306 est.
3525 2270 3554 2299 «
3586 2247 3738 2310 Quid
3788 2255 3877 2303 est

2217 2345 2607 2418 Omnipotens
2633 2350 2696 2400 ut
2725 2343 3056 2400 serviamus
3083 2342 3135 2398 ei
3164 2341 3194 2397 ?
3229 2363 3255 2390 »
3290 2339 3419 2412 (Job
3451 2356 3564 2408 XXI,
3605 2337 3710 2410 l5.)
3758 2337 3876 2394 hoc

2216 2443 2323 2506 per
2347 2432 2590 2505 Eliphaz
2620 2433 2852 2499 dicitur,
2901 2435 2956 2488 et
3011 2429 3187 2504 quasi
3243 2427 3391 2485 nihil
3438 2427 3627 2501 possit
3679 2425 3876 2482 facere

2216 2521 2600 2577 aestimabant
2626 2537 2786 2577 eum.
2817 2521 3128 2594 Sequitur:

2289 2648 2461 2705 Vens.
2499 2649 2581 2704 l8.
2617 2647 2767 2704 Cum
2796 2648 2902 2706 ille
2929 2647 3229 2716 implesset
3257 2643 3461 2702 domos
3515 2657 3661 2700 eoru
3684 2656 3720 2694 ,ι
3781 2642 3875 2700 bo-

2215 2739 2326 2794 nis.
2362 2769 2429 2776 —
2459 2736 2753 2794 Malorum
2798 2735 3016 2794 domos
3075 2733 3366 2794 Dominus
3416 2731 3594 2790 bonis
3644 2730 3877 2803 implet,

2217 2828 2362 2901 quia
2393 2826 2573 2884 etiam
2603 2825 2850 2897 ingratis
2885 2825 3051 2882 bona
3076 2840 3185 2880 sua
3213 2839 3337 2882 non
3360 2822 3635 2893 denegat,
3669 2827 3734 2878 ut
3774 2829 3879 2877 aut

2216 2916 2648 2987 benignitatem
2681 2913 3014 2976 Conditoris
3042 2912 3418 2982 erubescant,
3451 2915 3511 2970 et
3539 2909 3617 2968 ad
3645 2909 3882 2968 bonita-

2222 3011 2339 3063 tem
2366 3005 2614 3062 redeant
2646 3021 2660 3074 ;
2692 3008 2796 3061 aut
2812 3002 3002 3061 redire
3025 3000 3381 3060 omnimodo
3403 3003 3875 3062 contemnentes,

2215 3094 2354 3152 inde
2383 3093 2512 3152 illic.
2529 3093 2772 3165 gravius
2823 3092 3173 3166 puniantur.
3221 3091 3546 3163 Sequitur:
3611 3089 3874 3157 Quorum

2214 3184 2508 3241 sententia
2533 3182 2749 3254 procul
2775 3182 2852 3238 sit
2883 3197 2920 3240 a
2948 3196 3057 3240 me.
3086 3181 3289 3240 wlioc
3303 3177 3488 3238 etiam
3505 3193 3614 3252 per
3626 3176 3873 3236 beatum

2213 3270 2324 3328 Job
2363 3271 2590 3330 dictum
2623 3276 2714 3328 est
2749 3288 2762 3326 :
2797 3271 2879 3332 ait
2897 3286 3203 3344 namque:
3245 3271 3516 3337 Quorum
3555 3267 3874 3327 consilium
3929 3317 3938 3322 .

2214 3358 2392 3428 longe
2447 3359 2521 3417 sit
2548 3374 2584 3414 a
2612 3375 2731 3416 me.
2765 3358 3049 3426 Quamvis
3079 3357 3244 3416 aliud
3274 3355 3588 3424 sententia,
3615 3359 3677 3412 at
3705 3353 3872 3414 aliud

2216 3447 2532 3504 consilium
2560 3449 2750 3520 possit
2778 3448 3041 3518 intelligi.
3071 3447 3374 3506 Sententia
3396 3446 3623 3520 quippe
3651 3445 3714 3502 in
3771 3460 3876 3502 ore

2215 3542 2323 3608 est,
2369 3537 2688 3596 consilium
2745 3539 2807 3596 in
2861 3537 3238 3609 cogitatione.
3297 3541 3538 3596 Constat
3586 3534 3877 3596 nimirum

2214 3626 2360 3700 quia
2379 3625 2488 3684 iste
2514 3629 2818 3688 malorum
2845 3626 3065 3695 verbis,
3088 3627 3196 3686 iste
3214 3642 3355 3686 vero
3384 3625 3565 3686 etiam
3591 3641 3630 3682 a
3657 3624 3880 3696 cogita-

2216 3715 2374 3774 tione
2403 3714 2704 3772 desiderat
2733 3730 2866 3771 esse
2893 3713 3218 3773 dissimula.
3237 3714 3514 3787 Sequitur
3545 3731 3559 3770 :

2285 3823 2459 3877 Vens.
2493 3821 2575 3876 l9.
2621 3821 2914 3877 Videbunt
2937 3822 3090 3890 justi
3114 3827 3172 3878 et
3205 3819 3599 3887 laetabuntur,
3621 3819 3868 3877 etinno-

2213 3925 2351 3968 cens
2379 3909 2773 3968 subsannabit
2797 3923 2912 3966 eos.
2947 3939 3017 3952 ——
3061 3909 3233 3978 Justi,
3277 3925 3419 3966 cum
3463 3909 3561 3965 hic
3613 3908 3874 3980 iniustos

2215 4015 2413 4074 errare
2441 4015 2512 4055 co
2531 3998 2836 4071 aspiciunt,
2859 3997 2936 4054 de
2965 4013 3162 4054 errore
3182 3997 3561 4072 pereuntium
3589 4012 3712 4054 non
3737 4011 3878 4071 pos—

2217 4093 2358 4144 sunt
2383 4088 2589 4145 laetari.
2623 4087 2679 4144 Si
2709 4087 2870 4144 enim
2902 4087 3168 4158 gaudent
3195 4085 3524 4149 erroribus,
3549 4085 3694 4157 justi
3747 4097 3876 4140 non

2217 4183 2377 4234 sunt.
2400 4181 2659 4236 Rursum
2687 4177 2739 4233 si
2789 4192 2898 4250 per
2947 4176 3400 4233 insultationem
3450 4174 3750 4244 laetantur,
3797 4187 3875 4229 eo

2215 4267 2382 4340 quod
2413 4266 2561 4323 tales
2591 4281 2714 4322 non
2745 4270 2889 4324 sunt
2904 4265 3115 4338 quales
3143 4264 3294 4321 alios
3318 4279 3453 4323 esse
3469 4261 3870 4336 conspiciunt,

2215 4355 2465 4412 omnino
2496 4355 2743 4427 superbi
2767 4359 2923 4410 sunt.
2957 4353 3124 4411 Unde
3153 4357 3212 4410 et
3239 4353 3571 4412 Phariaene
3587 4349 3876 4424 justiﬂea-

2215 4445 2440 4500 tionem
2469 4442 2746 4517 perdidit,
2778 4442 2885 4516 qui
2915 4442 3224 4516 publicani
3271 4442 3498 4499 meritis
3547 4438 3876 4512 gaudendo

2215 4548 2279 4589 se
2303 4531 2580 4604 praetulit,
2605 4531 2812 4589 dicens
2846 4549 2860 4587 :
2887 4554 2916 4582 ιε
2949 4531 3180 4589 Gratias
3215 4547 3340 4604 .ago
3381 4530 3510 4602 tibi,
3557 4529 3702 4604 quia
3745 4543 3875 4584 non

2215 4639 2350 4678 sum
2377 4621 2532 4678 sicut
2555 4623 2743 4678 caeteri
2772 4621 3068 4688 homines,
3099 4625 3390 4696 raptores,
3423 4619 3649 4691 injusti,
3697 4616 3873 4674 adul-

2215 4709 2344 4775 teri,
2373 4709 2535 4766 velut
2561 4709 2741 4766 etiam
2761 4709 2859 4765 hic
2888 4709 3249 4782 publicanus
3293 4709 3462 4780 (Luc.
3511 4723 3662 4776 mn,
3698 4708 3806 4776 ll).
3843 4727 3873 4756 ν

2213 4798 2472 4864 Quando
2493 4813 2642 4869 ergo
2666 4797 2958 4855 videbunt
2970 4797 3114 4869 justi
3170 4796 3520 4870 iniquorum
3566 4795 3875 4852 interitum

2213 4891 2272 4944 et
2296 4887 2680 4954 laetabuntur,
2715 4886 2829 4943 nisi
2861 4903 3003 4944 cum
3049 4886 3320 4943 districto
3371 4886 3560 4958 judici
3609 4883 3880 4959 perfecta

2208 4977 2340 5048 jam
2369 4974 2682 5032 securitate
2705 4974 3117 5033 exsultationis
3139 4975 3500 5040 inhaeserint,
3523 4989 3662 5030 cum
3687 4973 3752 5030 in
3771 4971 3879 5028 illo

2214 5070 2479 5121 extremo
2507 5064 2784 5121 examine
2834 5063 3072 5120 illorum
3126 5063 3583 5120 damnationem
3639 5061 3880 5134 oonsili-

2214 5154 2397 5224 ciunt,
2427 5157 2486 5210 et
2510 5154 2586 5210 de
2617 5169 2678 5210 se
2695 5154 2823 5226 jam
2849 5153 3017 5226 quod
3047 5156 3322 5210 metuant
3349 5167 3475 5212 non
3503 5151 3818 5210 habebunt
3849 5152 3880 5207 ‘2

2214 5245 2381 5301 Nunc
2407 5241 2611 5314 itaque
2638 5241 2931 5316 reprobos
2959 5242 3260 5314 aspiciunt
3301 5247 3362 5300 et
3409 5244 3679 5312 gemunt,
3727 5243 3879 5296 tunc

2214 5331 2582 5404 conspicient
2604 5335 2662 5388 et
2691 5330 3175 5398 subsannabunt,
3209 5331 3356 5404 quia
3381 5347 3485 5388 eos
3513 5327 3878 5387 exsultando

2212 5421 2558 5494 despicient,
2585 5437 2740 5494 quos
2771 5420 2955 5477 modo
2974 5437 3084 5477 nec
3107 5421 3234 5477 sine
3263 5419 3491 5491 gemitu
3504 5419 3715 5492 iniqua
3744 5433 3879 5492 per-

2213 5515 2534 5584 petrantes,
2563 5525 2673 5566 nec
2699 5508 2828 5565 sine
2859 5515 3021 5567 metu
3048 5509 3250 5566 vident
3277 5526 3388 5583 pro
3403 5507 3718 5582 iniquitate
3745 5523 3875 5563 mo-

2215 5601 2452 5659 rientes.
2478 5599 2754 5672 Sequitur
2785 5617 2800 5656 :
