4128 6158
200 135 298 188 293

1036 126 1328 183 EPlTOME
1370 118 1741 180 MORALIUM
1780 118 1838 171 S.
1882 116 2093 177 GREG.
2140 127 2205 181 IN
2243 126 2388 184 JOB.
2419 161 2486 171 ——
2522 133 2648 186 LIB.
2682 128 2821 186 XVI.

3543 135 3652 194 294

266 257 439 309 Vens.
466 253 565 305 20.
586 249 805 306 Nonne
822 250 1061 306 succisa
1089 256 1170 305 est
1207 248 1418 305 erectio
1450 258 1676 305 eorum,
1704 246 1757 295 et
1789 256 1881 298 re-
1920 245 1969 297 A
2074 248 2233 307 Vens.
2263 254 2348 306 25.
2376 253 2626 323 Eritque
2644 254 3025 323 Omnipotens
3050 261 3262 312 contra
3290 257 3476 314 hostes
3504 263 3654 326 tuos,

191 343 420 415 tiqyias
479 354 684 396 eorum
749 336 1067 393 devorabit
1120 339 1293 407 ignis.
1340 368 1407 376 ——
1464 334 1561 387 Hic
1610 345 1883 402 namque

187 431 387 505 iniqui
408 427 587 486 erecti
619 430 780 491 sunt,
811 425 963 497 quia
992 426 1054 481 in
1087 426 1286 497 pravis
1316 419 1655 481 actionibus
1688 419 1881 474 extol-

186 524 420 583 luntur,
451 517 598 591 quia
625 530 920 588 perversa
952 519 1162 585 agunt,
1196 518 1253 571 et
1276 519 1477 571 tamen
1502 523 1614 582 pro
1644 522 1884 579 perver-

188 612 269 669 sis
297 608 541 667 actibus
574 605 827 662 minime
876 604 1192 659 feriuntur.
1248 602 1359 660 Sed
1402 614 1613 656 eorum
1663 596 1884 653 erectio

188 707 335 759 tunc
364 696 719 764 succiditur,
751 709 898 749 cum
938 692 1036 749 vel
1064 709 1101 749 a
1130 691 1405 763 praesenti
1450 688 1573 745 vita
1610 687 1691 741 ad
1742 686 1886 745 inte-

185 792 396 856 ritum,
430 787 527 845 vel
557 804 595 843 a
623 787 965 857 conspectu
992 781 1198 838 (Bter
1218 780 1434 853 judicis
1465 778 1542 834 ad
1585 780 1881 833 internum

186 882 485 952 gehennae
514 875 873 934 incendium
929 873 1378 945 pertrahuntur.
1425 868 1537 935 Qui
1587 871 1643 921 et
1689 867 1738 921 si
1787 868 1883 923 hic

186 975 500 1043 mortuam
533 983 714 1024 suam
747 979 1002 1020 carnem
1032 960 1394 1032 relinquunt,
1417 960 1616 1031 ipsam
1636 972 1883 1028 quoque

186 1061 245 1116 in
292 1056 743 1114 resurrectione
773 1052 1088 1124 recipient,
1125 1052 1188 1105 ut
1210 1066 1352 1106 cum
1400 1061 1579 1105 carne
1609 1045 1882 1115 ardeant,

182 1151 245 1205 in
297 1164 429 1221 qua
461 1147 895 1220 peccaverunt,
942 1142 1096 1198 sicut
1135 1139 1295 1195 enim
1340 1154 1551 1195 eorum
1597 1135 1776 1208 culpa
1824 1137 1881 1192 in

180 1242 391 1293 mente
424 1236 538 1291 fuit
565 1239 623 1289 et
653 1247 932 1304 corpore,
961 1230 1043 1286 ita
1072 1244 1288 1285 eorum
1339 1242 1523 1300 poena
1568 1224 1629 1280 in
1676 1226 1882 1281 anima

178 1328 290 1381 erit
322 1323 552 1398 pariter
578 1328 635 1378 et
660 1336 867 1377 carne.
903 1318 1183 1391 Sequitur
1216 1333 1229 1370 :

256 1418 431 1470 Vens.
465 1413 558 1476 '21,
590 1414 681 1466 22.
712 1410 1041 1479 Acquiesce
1066 1407 1261 1477 igitur
1302 1409 1379 1469 ei,
1429 1411 1485 1463 et
1526 1405 1736 1461 habeto
1776 1419 1882 1472 pa-

178 1520 329 1566 cem,
362 1512 413 1555 et
438 1515 556 1569 per
588 1500 713 1554 haec
742 1496 986 1552 habebis
1021 1496 1268 1563 fructus
1298 1496 1579 1564 optimos.
1632 1493 1883 1559 Suscipe

177 1611 258 1651 ex
277 1608 388 1649 ore
412 1592 582 1647 illius
614 1591 825 1658 legem,
858 1592 915 1642 et
938 1600 1092 1653 pone
1121 1600 1429 1642 sermones
1450 1586 1577 1654 eius
1608 1583 1673 1637 in
1703 1582 1881 1638 corde

179 1692 306 1739 tuo.
380 1713 447 1721 —-
502 1678 693 1750 Culpa
746 1673 1045 1747 superbiae
1111 1678 1201 1730 est
1258 1674 1488 1730 docere
1551 1671 1876 1728 meliorem.

178 1776 386 1840 Quam
418 1786 581 1843 saepe
614 1765 877 1823 haeretici
926 1768 1291 1835 perpetrant,
1346 1763 1456 1836 qui
1493 1762 1569 1818 de
1607 1762 1700 1817 his
1744 1778 1881 1834 quae

178 1879 374 1936 prave
428 1859 713 1921 sentiunt,
766 1854 943 1927 quasi
995 1853 1211 1908 docere
1259 1852 1605 1909 catholicos
1657 1867 1882 1923 praesu-

182 1957 381 2009 munt.
413 1954 579 2007 Tunc
604 1946 766 2003 enim
795 1946 1010 2017 putant
1036 1945 1157 1999 Deo
1201 1942 1624 2015 acquiescere,
1669 1940 1719 1995 si
1748 1939 1880 1995 illos

180 2041 506 2113 contigerit
531 2053 745 2094 eorum
777 2031 1265 2108 perversitatibus
1301 2030 1668 2095 consentire,
1702 2033 1759 2084 et
1788 2046 1881 2085 ac-

179 2129 645 2205 quiescentibus
672 2141 889 2200 pacem
916 2120 1291 2195 promittunt,
1332 2118 1483 2191 quia
1528 2121 1734 2173 contra
1776 2131 1880 2171 eos

179 2223 292 2295 qui
324 2221 443 2276 sibi
484 2218 874 2274 consentiunt
918 2214 1042 2284 jam
1087 2211 1321 2281 jurgari
1374 2208 1878 2295 desistunterru-

181 2294 321 2367 ctus
353 2314 558 2366 autem
586 2307 853 2380 Optimos
882 2302 995 2357 sibi
1040 2297 1560 2357 consentientibus
1602 2294 1879 2367 pollicen-

184 2408 307 2461 tur.
355 2399 504 2473 quia
534 2415 639 2454 eos
670 2396 837 2451 solos
867 2393 1031 2448 bona
1063 2406 1247 2463 opera
1276 2402 1464 2457 agere
1510 2384 1876 2455 existimant,

182 2509 348 2565 quos
379 2490 461 2545 ad
490 2506 604 2544 sua
623 2487 919 2556 dogmata
945 2499 1006 2537 se
1036 2481 1265 2537 trahere
1296 2476 1619 2534 exsultant.
1655 2473 1878 2565 Quibus

184 2563 308 2638 hoc
338 2578 624 2649 congruit
646 2574 822 2649 quod
846 2572 944 2642 adj
956 2570 1142 2639 ungit.
1174 2568 1428 2636 Suscipe
1457 2580 1531 2621 ex
1560 2580 1662 2619 ore
1709 2563 1877 2618 illius

188 2675 407 2741 Legem,
441 2668 590 2741 quia
614 2681 688 2722 ea
717 2680 859 2737 quae
888 2660 1003 2734 ipsi
1033 2658 1317 2723 sentiunt,
1352 2670 1423 2712 ex
1454 2670 1556 2708 ore
1599 2652 1697 2708 Dei
1737 2667 1878 2723 pro-

186 2761 411 2815 cedere
436 2756 849 2829 suspicantur.
883 2751 961 2805 Et
980 2763 1133 2818 pone
1147 2758 1446 2803 sermones
1462 2746 1592 2811 eius
1614 2742 1677 2796 in
1703 2741 1880 2796 corde

187 2858 321 2904 tuo.
356 2854 438 2903 Ac
467 2846 516 2901 si
547 2844 785 2900 astruat
811 2839 1051 2895 dicens:
1088 2838 1249 2902 Quos
1269 2848 1433 2889 nunc
1452 2845 1641 2902 usque
1670 2829 1731 2884 in
1754 2844 1877 2897 ore,

182 2944 257 2995 et
283 2954 410 2992 non
440 2936 504 2990 in
535 2933 719 2989 corde
772 2926 1043 2985 tenuisti:
1089 2925 1234 2997 quia
1277 2922 1438 2977 enim
1486 2935 1697 2975 eorum
1743 2934 1876 2988 per-
1918 2945 1957 2999 ρ

183 3041 375 3082 versa
427 3023 725 3093 dogmata
776 3014 1023 3088 respuit,
1074 3028 1197 3068 non
1242 3025 1383 3066 eum
1431 3006 1617 3062 verba
1678 3005 1776 3060 Dei
1818 3005 1875 3059 in

184 3131 403 3185 sensu,
433 3112 545 3168 sed
576 3111 637 3166 in
669 3107 1015 3165 ostensione
1044 3100 1329 3158 habuisse
1353 3096 1763 3153 criminantur.
1787 3096 1881 3150 Se-

185 3207 405 3277 quitur
437 3219 451 3256 :

265 3295 442 3347 Vens.
475 3293 569 3344 23.
609 3286 676 3341 Si
723 3297 995 3340 reversus
1048 3280 1239 3349 fueris
1286 3277 1367 3332 ad
1411 3274 1877 3341 Omnipotentem

189 3377 617 3448 zdiﬁcaberis,
669 3378 727 3429 et
757 3373 932 3440 longe
961 3368 1146 3437 facies
1184 3366 1563 3435 iniquitatem
1609 3377 1647 3417 a
1690 3361 1881 3416 taber-

187 3470 427 3526 naculo
444 3472 567 3521 tuo.
599 3493 670 3503 -—
690 3459 953 3517 Fidelem
976 3455 1272 3530 populum
1309 3468 1345 3509 a
1388 3455 1507 3507 Deo
1536 3448 1880 3506 discessisse

191 3556 467 3616 haeretici
492 3552 859 3617 existimant,
891 3563 1030 3602 cum
1061 3545 1183 3600 suis
1232 3539 1758 3614 praedicationibus
1788 3554 1880 3594 re-

193 3650 515 3704 sistentem
544 3641 773 3707 vident,
807 3654 876 3692 ac
907 3636 954 3690 si
986 3637 1187 3708 aperte
1216 3631 1455 3687 dicant:
1486 3628 1633 3694 Quia
1662 3627 1881 3684 nostris

192 3732 602 3807 dogmatibus
632 3725 971 3784 resistendo
996 3740 1032 3779 a
1060 3726 1178 3778 Deo
1228 3718 1543 3787 recessisti,
1592 3716 1815 3772 idcirco
1845 3733 1883 3772 a

189 3825 451 3899 justiﬁes
517 3817 917 3877 aediﬁcatione
982 3813 1318 3870 destructus
1370 3826 1453 3865 es.
1508 3807 1882 3864 Tabernacu-

195 3896 338 3973 lum
362 3928 510 3969 vero
533 3905 868 3981 aliquando
902 3902 1231 3975 accipimus
1262 3896 1719 3955 tabernaculum
1759 3911 1884 3953 cor-

193 4003 398 4077 poris,
451 3996 782 4071 aliquando
830 4008 975 4048 vero
1013 3988 1424 4077 habitaculum
1475 3984 1689 4042 cordis.
1732 3987 1880 4077 Nam

194 4073 367 4149 sicut
394 4088 602 4146 anima
629 4083 980 4141 habitamus
1008 4080 1070 4136 in
1100 4093 1370 4150 corpore,
1399 4076 1481 4132 ita
1507 4090 1612 4147 per
1654 4073 1878 4141 cogita-

198 4184 439 4238 tionem
467 4176 813 4233 habitamus
843 4172 904 4226 in
926 4174 1142 4225 mente.
1178 4166 1460 4239 lniquitas
1491 4178 1633 4233 ergo
1683 4161 1745 4217 in
1790 4166 1878 4219 ta-

1996 339 2052 388 et
2081 346 2397 407 argentum
2415 342 3003 399 coacervabiturtibi.
3028 376 3096 386 —-
3111 346 3271 410 Quos
3292 345 3486 416 magis
3508 345 3657 403 alios

1994 423 2196 483 hostes
2226 429 2508 500 patimur,
2538 446 2726 501 quam
2756 430 3051 499 malignos
3082 432 3344 503 spiritus,
3364 434 3468 506 qui
3501 433 3659 504 cogi-

1996 513 2319 572 tationibus
2351 518 2573 573 nostris
2602 518 2922 575 obsident?
2950 521 3193 589 Argenti
3219 523 3461 580 nomine
3484 538 3660 581 sacra

1992 601 2231 675 eloquia
2291 606 2589 676 designari
2651 611 2899 663 testatur
2957 608 3291 673 Psalmista,
3348 611 3454 682 qui
3511 610 3593 668 ait
3640 628 3654 666 :

1996 714 2021 739 ‹‹
2056 693 2299 766 Eloquia
2332 696 2584 761 Domini,
2632 696 2868 768 eloquia
2914 701 3100 763 casta,
3152 704 3467 768 argentum
3519 700 3658 770 igne

1993 781 2428 855 examinatum,
2463 784 2783 856 probatum
2839 790 3006 842 terrae
3052 786 3237 852 (Psat.
3292 802 3364 855 χι,
3412 791 3541 857 7).»
3592 790 3661 844 Et

1993 885 2151 940 saepe
2183 888 2319 927 cum
2347 873 2532 928 sacris
2561 872 2811 945 eloquiis
2840 873 3225 942 intendimus,
3249 873 3659 944 malignorum

1992 958 2307 1028 spirituum
2337 960 2583 1017 insidias
2616 961 2855 1031 gravius
2910 962 3251 1027 toleramus,
3286 962 3431 1035 quia
3473 963 3661 1018 menti

1991 1052 2211 1103 DOSil‘bB
2245 1054 2614 1105 terrenarum
2646 1051 3077 1117 cogitationum
3108 1051 3414 1124 pulverem
3462 1066 3663 1124 asper-

1990 1141 2160 1204 gunt,
2192 1142 2255 1192 ut
2283 1138 2628 1195 intentionis
2672 1144 2890 1195 nostrae
2917 1139 3125 1195 oculos
3171 1155 3207 1195 a
3258 1140 3390 1196 luce
3435 1139 3662 1201 intimae

1988 1223 2234 1280 visionis
2261 1226 2604 1283 obscurent.
2635 1226 2783 1290 Quid
2816 1228 3103 1284 nimirum
3150 1228 3473 1285 Psalmista
3516 1244 3658 1300 pro-

1991 1313 2222 1383 tulerat,
2255 1331 2395 1370 cum
2421 1315 2692 1371 dicebat:
2729 1338 2754 1363 ‹‹
2794 1316 3090 1373 Declinate
3138 1334 3174 1373 a
3217 1333 3336 1388 me,
3386 1317 3660 1388 maligni,

1990 1406 2048 1458 et
2068 1403 2379 1459 scrutabor
2423 1405 2712 1460 mandata
2746 1405 2845 1461 Dei
2876 1407 2996 1461 mei
3048 1407 3232 1477 (Psat.
3263 1423 3458 1472 cxvm,
3491 1409 3600 1477 15).
3630 1430 3659 1456 ››

1993 1491 2105 1547 Sed
2131 1492 2274 1563 quia
2306 1509 2487 1549 nemo
2512 1495 2715 1550 hostes
2749 1510 2861 1550 sua
2888 1495 3103 1551 virtute
3131 1500 3392 1567 superat,
3418 1511 3525 1568 per
3555 1496 3664 1553 Eli-

1922 1596 1961 1648 B
1988 1581 2144 1652 phaz
2171 1581 2386 1637 dicitur
2419 1600 2431 1636 :
2473 1584 2726 1654 Eritque
2780 1583 3166 1653 Omnipotens
3209 1591 3421 1641 contra
3471 1586 3663 1644 hostes

1990 1674 2141 1737 tuos,
2173 1676 2226 1727 et
2253 1677 2572 1740 argentum
2600 1672 3058 1729 coacervabitur
3088 1674 3215 1729 tibi.
3259 1677 3340 1727 Ac
3366 1672 3414 1728 si
3460 1677 3664 1745 aperte

1988 1757 2319 1814 diceretur:
2365 1761 2519 1816 Dum
2551 1760 2849 1829 malignos
2895 1762 3139 1834 spiritus
3192 1762 3481 1818 Dominus
3529 1778 3567 1820 a
3608 1767 3665 1820 te

1989 1864 2099 1903 sua
2128 1849 2341 1904 virtute
2369 1850 2669 1921 repulerit,
2698 1849 2883 1906 divini
2911 1850 3135 1924 eloquii
3183 1850 3473 1907 talentum
3521 1851 3667 1908 luci-

1987 1936 2133 1991 dum
2165 1938 2468 1993 excrescit.
2507 1938 2785 2009 Sequitur
2817 1957 2829 1993 :

2058 2026 2226 2080 Vens.
2254 2030 2342 2079 26.
2378 2027 2542 2082 Tunc
2571 2042 2752 2096 super
2790 2027 3269 2097 Omnipotentem
3315 2029 3543 2086 deliciis
3575 2033 3667 2103 af-

1982 2114 2151 2182 ﬂues.
2186 2145 2258 2153 —
2286 2116 2475 2185 Super
2506 2115 2994 2187 Omnipotentem
3025 2117 3253 2173 deliciis
3283 2117 3527 2176 aﬂluere
3554 2125 3665 2193 est,

1985 2201 2049 2258 in
2079 2218 2283 2257 amore
2309 2202 2466 2258 illius
2494 2204 2807 2276 Scriptura:
2851 2221 3042 2262 sacrae
3094 2205 3289 2279 epulis
3337 2208 3559 2278 satiari,
3601 2211 3666 2267 in

1988 2292 2161 2362 cujus
2193 2292 2480 2349 nimirum
2514 2294 2712 2349 verbis
2750 2298 2830 2349 tot
2849 2294 3101 2352 delicias
3132 2296 3494 2369 invenimus,
3517 2305 3667 2371 quot

1986 2382 2063 2437 ad
2110 2387 2460 2454 provectum
2509 2388 2783 2439 nostrum
2834 2383 3244 2455 intelligentiae
3292 2384 3664 2446 diversitates

1987 2470 2334 2542 accipimus.
2372 2471 2515 2527 Hinc
2563 2472 2744 2527 etiam
2787 2471 2849 2527 in
2897 2472 3368 2531 admirationem
3421 2492 3663 2548 sponsas

1989 2558 2275 2631 scriptum
2305 2564 2393 2615 est
2423 2577 2435 2612 :
2472 2582 2497 2607 ‹‹
2528 2560 2669 2620 Quae
2695 2563 2787 2616 est
2816 2560 2931 2616 ista
2960 2578 3099 2634 quae
3129 2562 3400 2619 ascendit
3445 2566 3521 2621 de
3564 2565 3665 2624 de-

1988 2653 2162 2722 serto,
2194 2648 2420 2705 deliciis
2450 2648 2704 2705 afﬂuens
2730 2649 2757 2703 ‘2
2791 2673 2818 2698 υ
2854 2651 3039 2720 (Cant
3072 2668 3197 2722 vm,
3233 2653 3312 2722 ὅ.)
3344 2653 3657 2725 Sequitur:

1986 2739 2063 2792 Et
2093 2739 2349 2795 etevabis
2379 2739 2459 2794 ad
2487 2741 2675 2795 Deum
2717 2740 2939 2808 faciem
2973 2747 3162 2797 tuam.
3214 2772 3283 2781 -—
3333 2742 3425 2798 Ad
3472 2747 3662 2801 Deum

1988 2825 2200 2881 faciem
2227 2826 2457 2882 elevare
2504 2830 2592 2881 est
2621 2843 2724 2882 cor
2773 2827 2852 2881 ad
2904 2828 3189 2885 sublimia
3239 2830 3662 2901 investiganda

1987 2914 2271 2985 attollere,
2302 2930 2448 2970 nam
2484 2914 2636 2970 sicut
2666 2930 2773 2986 per
2821 2917 3092 2987 corporis
3143 2917 3358 2975 faciem
3404 2920 3656 2994 homini,

1986 3005 2068 3059 ita
2096 3020 2202 3076 per
2231 3003 2571 3059 interiorem
2599 3004 2910 3059 hominem
2960 3008 3080 3061 Deo
3115 3006 3241 3061 noti
3281 3011 3461 3079 atque
3511 3026 3656 3066 con-

1989 3091 2305 3164 spicabiles
2335 3107 2566 3145 sumus.
2621 3094 2770 3147 Cum
2814 3107 2957 3148 vero
2998 3092 3191 3164 culpae
3240 3097 3409 3148 reatu
3457 3095 3658 3167 depri-

1988 3181 2230 3249 mimur,
2263 3179 2342 3236 ad
2373 3183 2560 3235 Deum
2582 3178 2779 3236 levare
2809 3180 3008 3237 cordis
3057 3181 3244 3237 nostri
3296 3181 3511 3238 faciem
3561 3200 3660 3241 ve-

1988 3287 2226 3336 remur;
2260 3286 2400 3325 cum
2426 3285 2564 3325 vero
2614 3270 2980 3340 poenitentiae
3028 3270 3305 3327 lamentis
3358 3271 3537 3344 culpa
3565 3272 3658 3329 di-

1988 3360 2187 3426 luitur,
2218 3364 2276 3415 et
2305 3358 2387 3413 sic
2418 3363 2758 3431 perpetrata
2788 3359 3177 3431 planguntur,
3210 3364 3275 3416 ut
3312 3359 3661 3432 plangenda

1988 3449 2234 3505 minime
2264 3452 2695 3519 perpetrentur,
2727 3464 2953 3518 magna
2986 3449 3164 3505 menti
3194 3448 3419 3505 fiducia
3457 3450 3655 3506 nasci-

1990 3543 2103 3607 tur,
2134 3543 2191 3593 et
2214 3538 2293 3593 ad
2324 3537 2754 3609 conspicienda
2784 3554 3058 3611 supernae
3079 3538 3483 3595 retributionis
3508 3554 3657 3608 gau-

1990 3628 2090 3684 dia
2110 3626 2304 3683 cordis
2335 3627 2521 3683 nostri
2540 3626 2723 3683 facies
2753 3627 3004 3686 levatur.
3038 3632 3119 3683 Ac
3162 3628 3211 3684 si
3241 3632 3444 3700 aperte
3472 3628 3658 3685 haere-

1991 3717 2087 3774 tici
2116 3716 2279 3773 ﬁdeli
2309 3715 2535 3788 populo
2566 3715 2768 3772 dicant
2801 3734 2813 3772 :
2847 3715 3126 3782 Quandiu
3164 3715 3655 3788 praedicationem

1991 3809 2259 3861 nostram
2290 3820 2412 3861 non
2443 3804 2731 3876 sequeris,
2763 3821 2867 3861 cor
2895 3805 2958 3861 in
2995 3804 3221 3860 inﬁmis
3250 3803 3495 3877 premis.
3556 3807 3658 3863 Se-

1989 3894 2194 3965 quitur
2226 3910 2238 3949 :

2065 3986 2232 4038 Vsus.
2264 3985 2353 4037 27.
2386 3981 2645 4052 Rogabis
2681 3996 2835 4046 eum,
2878 3987 2933 4037 et
2978 3981 3261 4037 exaudiet
3307 3986 3382 4038 te.
3424 4011 3493 4022 ——
3542 3984 3655 4038 Ro-

1992 4075 2138 4141 gant
2166 4069 2392 4141 quippe
2425 4068 2768 4138 Dominum,
2800 4069 2907 4125 sed
2945 4068 3215 4125 exaudiri
3244 4068 3492 4125 minime
3523 4085 3655 4126 me-

1990 4165 2216 4226 rentur,
2246 4158 2348 4230 qui
2372 4155 2642 4229 jubentis
2660 4156 2896 4212 Domini
2916 4160 3217 4229 praecepta
3237 4159 3652 4213 contemnunt.

194 4268 547 4329 bernaculo
572 4264 789 4321 mentis
820 4266 930 4325 est,
977 4263 1253 4331 perversa
1295 4255 1541 4312 intentio
1682 4251 1878 4307 studio
1920 4295 1958 4347 υ
1994 4249 2161 4347 Unde
2189 4248 2476 4347 scriptum
2503 4250 2638 4345 est:
2671 4269 2697 4296 (ι
2731 4246 2839 4344 Qui
2861 4246 3120 4345 declinat
3140 4260 3553 4347 aurem'sulam
3578 4261 3654 4304 ne

196 4356 611 4431 cogitationis,
657 4350 942 4424 iniquitas
972 4350 1175 4403 autem
1208 4346 1271 4401 in
1310 4339 1697 4400 tabernaculo
1748 4356 1878 4397 cor-

196 4428 379 4524 poris
410 4450 502 4502 est
528 4459 634 4517 per
661 4439 1062 4513 expletionem
1084 4435 1281 4507 operis
1309 4432 1463 4490 actio
1496 4428 1772 4487 carnalis.
1798 4434 1878 4485 Ac

198 4521 259 4597 si
289 4538 541 4610 Eliphaz
567 4534 837 4605 patenter
865 4527 1025 4583 dicat
1049 4542 1061 4581 :
1096 4523 1373 4595 Quisquis
1406 4521 1485 4610 ad
1515 4524 1700 4610 Deum
1746 4524 1882 4590 post

199 4607 410 4685 errata
441 4620 769 4688 revertitur,
800 4618 863 4673 in
893 4613 1249 4685 cogitatione
1279 4608 1457 4666 simul
1487 4613 1546 4664 et
1589 4607 1651 4662 in
1699 4621 1878 4678 opere

197 4715 569 4774 mundatur.
604 4708 885 4781 Sequitur
918 4722 929 4759 :

280 4808 457 4858 Vens.
488 4800 582 4855 24.
610 4798 786 4854 Dabit
811 4810 925 4864 pro
965 4799 1130 4849 terra
1159 4791 1404 4854 silicem,
1456 4793 1509 4842 et
1552 4802 1666 4855 pro
1714 4786 1879 4841 silice

199 4898 510 4953 torrentes
532 4904 763 4947 aureos.
792 4918 860 4926 —
886 4882 1035 4950 Quid
1060 4897 1167 4954 per
1198 4885 1436 4947 terram,
1488 4875 1603 4931 nisi
1632 4874 1877 4930 inﬁrmi-

196 4992 307 5041 tas
336 4980 607 5043 actionis,
649 4976 795 5049 quid
824 4990 933 5047 per
968 4970 1250 5027 duritiam
1300 4967 1497 5033 silicis,
1549 4964 1663 5020 nisi
1712 4964 1877 5020 forti-

200 5073 361 5129 tudo
420 5070 691 5139 signatur
709 5067 736 5120 ‘2
793 5061 945 5129 Quid
988 5076 1096 5133 per
1144 5060 1427 5113 terrentes
1476 5070 1711 5121 aureos,
1759 5052 1877 5108 nisi

196 5159 555 5217 doctrinam
596 5155 819 5210 intimae
845 5147 1123 5207 claritatis
1167 5145 1545 5218 accipimus?
1590 5140 1873 5212 Omnipo-

196 5258 347 5306 tens
369 5250 577 5303 autem
610 5240 895 5298 Dominus
925 5237 1003 5293 ad
1034 5251 1094 5292 se
1124 5234 1427 5291 conversis
1452 5248 1564 5306 pro
1591 5235 1742 5287 terra
1773 5227 1877 5284 dat

200 5338 466 5405 silicem,
494 5334 637 5406 quia
664 5344 773 5403 pro
802 5326 1042 5383 inﬁrma
1072 5324 1323 5389 actione,
1352 5319 1759 5378 fortitudinem
1782 5317 1877 5374 tri—

198 5428 346 5483 buit
371 5423 609 5480 robusti
639 5417 858 5490 operis.
892 5417 999 5471 Dat
1028 5414 1208 5469 etiam
1245 5428 1353 5483 pro
1384 5411 1541 5467 silice
1593 5410 1876 5463 torrentes

199 5531 455 5582 aureos,
483 5511 630 5584 quia
656 5523 766 5581 pro
794 5504 1041 5561 robusto
1087 5516 1267 5573 opere
1296 5499 1631 5557 doctrinam
1676 5494 1875 5551 multi-

202 5606 401 5679 plicat
423 5602 599 5658 claras
627 5592 1089 5671 praedicationis.
1126 5589 1401 5661 Sequitur
1432 5608 1444 5645 :

1991 4336 2197 4393 audiat
2216 4336 2433 4407 legem,
2462 4335 2658 4392 oratio
2690 4335 2820 4405 ejus
2863 4335 2974 4391 erit
3018 4332 3398 4391 exsecrabilis
3445 4334 3648 4403 (Prov.

1990 4443 2186 4493 xxvm,
2229 4430 2304 4493 9).
2342 4447 2368 4473 η
2426 4423 2750 4481 Subditur:
2810 4425 2887 4479 Et
2934 4429 3071 4482 vota
3127 4429 3234 4480 tua
3292 4423 3523 4481 reddes.
3581 4453 3654 4465 ~—

1989 4516 2096 4576 Qui
2123 4519 2259 4570 vota
2287 4514 2471 4583 vovit,
2505 4513 2612 4570 sed
2640 4512 2768 4568 hinc
2813 4528 2920 4585 per
2962 4512 3370 4568 infirmitatem
3422 4510 3651 4567 solvere

1985 4621 2110 4661 non
2134 4604 2311 4671 valet,
2341 4604 2393 4659 ei
2422 4619 2495 4659 ex
2541 4601 2771 4674 peccati
2818 4617 3001 4672 poena
3051 4600 3266 4669 agitur,
3314 4603 3379 4656 ut
3432 4599 3652 4656 volenti

1983 4692 2237 4762 bonum,
2266 4707 2443 4763 posse
2470 4690 2873 4747 subtrahatur.
2909 4693 3057 4745 Cum
3110 4703 3248 4744 vero
3291 4687 3353 4743 in
3404 4702 3652 4759 conspe-

1985 4786 2083 4837 ctu
2108 4780 2299 4836 intimi
2324 4779 2545 4850 judicis
2575 4794 2645 4834 ea
2670 4793 2807 4849 quae
2838 4776 3077 4834 obsistit
3096 4775 3275 4848 culpa
3303 4774 3647 4846 detergitur,

1983 4869 2051 4926 ﬁt
2097 4868 2368 4941 protinus
2419 4872 2482 4923 ut
2532 4870 2739 4923 votum
2789 4864 3154 4937 possibilitas
3203 4867 3507 4938 sequatur.
3555 4866 3652 4922 Se-

1983 4958 2184 5031 quitur
2207 4974 2220 5012 :

2057 5049 2221 5103 Vsus.
2284 5049 2371 5102 '28.
2438 5048 2724 5103 Decernes
2792 5060 2937 5114 rem,
3005 5049 3057 5100 et
3121 5043 3345 5101 eveniet
3400 5044 3529 5102 tibi.
3579 5075 3646 5085 ~—

1981 5136 2103 5192 Hoc
2130 5151 2259 5193 esse
2282 5134 2593 5207 proprium
2622 5132 3057 5190 inﬁrmantium
3087 5131 3257 5200 solet,
3300 5136 3363 5188 ut
3411 5136 3646 5188 tantum

1980 5225 2331 5297 quempiam
2353 5222 2689 5280 existiment
2698 5222 2949 5292 justum,
2964 5225 3193 5294 quanto
3213 5219 3375 5277 hunc
3395 5218 3646 5290 adipisci

1983 5313 2356 5385 conspiciunt
2385 5328 2565 5369 omne
2595 5310 2763 5385 quod
2788 5311 3033 5384 appetit,
3060 5326 3200 5366 cum
3241 5307 3515 5364 videlicet
3540 5322 3647 5365 no-

1981 5402 2244 5458 verimus
2261 5416 2702 5472 nonnunquam
2730 5398 2895 5455 bona
2916 5403 3147 5454 terrena
3158 5396 3335 5465 justis
3352 5394 3644 5465 subtrahi,

1982 5508 2118 5565 quae
2148 5491 2316 5561 largo
2346 5506 2594 5547 munere
2620 5489 2965 5547 tribuuntur
2993 5484 3249 5555 injustis.
3276 5484 3386 5541 Sed
3415 5485 3463 5542 si
3484 5486 3645 5544 dicta

1985 5582 2115 5638 haac
2155 5580 2396 5657 Eﬁphaz
2440 5580 2514 5637 de
2564 5578 2741 5636 donis
2784 5572 3148 5648 spiritalibus
3191 5574 3405 5644 intulit,
3457 5575 3646 5634 scien-
