4128 6158
511 93 626 150 195

1596 85 1652 142 S.
1685 87 1940 144 ODONIS
1967 81 2261 142 ABBATIS
2287 85 2790 147 CLUNIACENSIS
2815 88 2862 144 II
3781 105 3873 158 296

525 217 672 273 dum
701 213 868 288 quod
895 227 987 268 res
1016 211 1353 268 decernitur
1378 215 1436 266 et
1463 211 1638 279 venit,
1667 229 1806 268 cum
1835 212 2022 269 virtus
2042 227 2178 284 quae
2213 219 2260 270 Α
2289 212 2484 268 malos
2512 213 2769 270 blandiri
2799 213 3198 286 conspiciunt,
3244 213 3390 285 quia
3413 214 3580 284 juxta
3621 220 3764 277 Pauli
3805 241 3894 282 vo-

525 321 598 361 ex
636 299 927 358 desiderio
971 301 1281 373 expetitur,
1329 299 1616 370 largiente
1657 304 1776 357 Deo
1819 301 1996 357 etiam
2045 299 2182 355 affe-

525 397 686 448 ctum
715 393 1119 462 prosperatur;
1150 388 1316 445 Unde
1340 393 1396 444 et
1423 389 1622 447 adhuc
1649 388 1923 444 subditur
1953 405 1964 441 :
1992 388 2072 442 Et
2119 386 2180 440 in

525 481 632 536 uiis
663 479 781 535 tuis
809 479 1142 548 splendebit
1172 480 1391 536 lumen.
1441 511 1508 518 —
1559 483 1618 534 [n
1667 479 1775 533 viis
1817 476 2040 549 quippe
2081 475 2180 546 ju-

525 573 752 624 storum
780 566 987 623 lumen
1015 567 1393 640 resplendere
1423 571 1530 637 est,
1575 582 1682 640 per
1729 565 1884 621 mira
1929 579 2181 637 operum

521 658 810 714 virtutum
847 657 1020 728 signa
1047 673 1168 712 suae
1201 655 1479 713 claritatis
1531 671 1867 728 aspergere,
1923 658 1987 709 ut
2028 669 2180 725 quo-

524 762 762 820 cunque
788 762 894 819 per
939 745 1330 802 intentionem
1371 749 1649 816 pergunt,
1696 744 1775 800 ad
1824 742 2180 799 intuentium

525 835 807 893 cordibus
835 835 1062 908 peccati
1091 839 1328 891 noctem
1368 833 1690 903 excutiant,
1730 837 1787 889 et
1839 832 1932 888 sui
1985 831 2181 906 operis

525 924 800 996 exemplo
826 923 887 980 in
926 923 1008 979 eis
1055 922 1295 994 justitize
1341 921 1548 977 lumen
1590 921 1928 978 infundant.
1984 919 2184 992 Sequi-

525 1017 620 1070 tur
653 1033 666 1068 :

597 1103 773 1158 Vens.
815 1106 902 1157 29.
959 1101 1073 1167 Qui
1117 1101 1270 1155 enim
1319 1099 1670 1156 humiliatus
1713 1101 1922 1171 fuerit,
1959 1100 2072 1155 erit
2119 1099 2180 1154 in

522 1192 743 1262 gloria,
776 1197 830 1246 et
849 1190 955 1260 qui
975 1189 1360 1244 inclina-verit
1396 1189 1620 1254 oculos,
1654 1190 1780 1258 ipse
1823 1187 2178 1245 salvabitur.

524 1311 592 1320 ——
623 1281 765 1344 Ome
795 1276 1078 1332 nimirum
1109 1275 1399 1332 sententia
1439 1293 1474 1331 a
1499 1277 1762 1332 veritatis
1785 1293 1886 1333 ore
1931 1292 2054 1333 non
2100 1275 2184 1332 di-

523 1369 775 1438 screpat,
803 1363 1050 1420 dicentis
1080 1382 1092 1418 ε
1127 1387 1154 1413 ‹‹
1184 1364 1388 1420 Omnis
1419 1364 1521 1438 qui
1560 1381 1624 1421 se
1653 1365 1875 1421 exaltat
1901 1364 2182 1421 humilia-

520 1455 700 1527 bitur,
733 1459 790 1510 et
817 1453 922 1527 qui
951 1470 1016 1509 se
1045 1453 1322 1509 humiliat
1351 1453 1709 1510 exaltabitur
1729 1454 1994 1526 (Matth,
2017 1471 2180 1516 XXIII.

526 1545 631 1616 12).
667 1567 696 1594 ››
729 1543 892 1600 Unde
920 1559 1026 1616 per
1055 1542 1438 1614 Salomonegn
1483 1543 1738 1600 dicitur:
1783 1567 1808 1594 ‹‹
1843 1547 2180 1617 Antequam

523 1639 880 1701 conteratur,
938 1633 1232 1689 exaltatur
1281 1649 1383 1690 cor
1421 1633 1703 1704 hominis,
1753 1639 1811 1689 et
1857 1637 2180 1706 antequam

523 1724 825 1794 glorietur,
856 1721 1204 1777 humiliatur
1225 1722 1427 1792 (Prov.
1463 1739 1616 1790 xvm,
1657 1723 1760 1794 12).
1795 1745 1822 1772 ››
1869 1725 2040 1778 Recte
2083 1737 2184 1777 au-

526 1815 643 1868 tem
669 1811 884 1866 dicitur
917 1827 929 1864 :
974 1811 1089 1878 Qui
1117 1811 1500 1866 inclinaverit
1528 1813 1729 1867 oculos
1779 1813 1902 1881 ipse
1929 1810 2184 1867 satvabi—

524 1907 646 1972 tur,
678 1901 821 1974 quia
845 1904 1141 1973 quantum
1189 1916 1296 1972 per
1324 1901 1740 1957 membrorum
1787 1900 2182 1957 ministerium

522 1988 890 2063 deprehendi
945 1993 1159 2062 potest,
1217 1989 1412 2060 prima
1461 1989 1760 2062 superbire
1813 1989 2072 2047 ostensio
2121 1989 2182 2045 in

522 2078 709 2136 oculis
739 2094 871 2134 esse
921 2077 1085 2134 solet.
1135 2077 1276 2132 Hinc
1327 2078 1486 2134 enim
1537 2078 1824 2151 scriptum
1869 2083 2001 2134 est:
2056 2100 2082 2128 «
2121 2080 2186 2134 Et

521 2168 727 2225 oculos
756 2167 1156 2241 superborum
1194 2166 1540 2223 humiliabis
1594 2169 1780 2237 (Psal.
1823 2186 1955 2240 xvu,
2009 2171 2119 2241 28).
2151 2189 2181 2220 »

522 2257 736 2314 Oculos
768 2269 912 2326 ergo
933 2255 1218 2312 inclinare
1244 2260 1350 2324 est,
1379 2256 1609 2312 nullum
1660 2257 2036 2330 respiciendo
2085 2257 2184 2313 de-

521 2347 770 2420 spicere,
807 2345 914 2402 sed
943 2345 992 2400 si
1021 2345 1317 2401 minorem
1375 2349 1554 2418 atque
1607 2345 1902 2419 imparem
1955 2346 2182 2402 cunctis

520 2451 674 2508 quos
695 2434 906 2506 aspicit
926 2433 1244 2489 aestimare.
1271 2433 1609 2490 Salvabitur
1632 2434 1832 2506 itaque
1857 2433 1960 2506 qui
1975 2434 2181 2490 oculos

520 2523 784 2588 inclinat,
811 2521 956 2594 quia
985 2521 1090 2594 qui
1119 2521 1338 2576 falsum
1369 2521 1665 2594 superbiae
1710 2523 1992 2579 verticem
2017 2523 2182 2580 dese-

522 2611 615 2678 rit,
646 2609 912 2666 veritatis
943 2607 1318 2664 altitudinem
1345 2609 1634 2666 ascendit.
1681 2611 1955 2683 Sequitur
1987 2629 1999 2674 ;

593 2701 762 2754 Vens.
797 2701 883 2754 30.
913 2697 1267 2753 Saluabitur
1290 2703 1486 2754 autem
1517 2700 1798 2755 innocens
1841 2701 1906 2756 in
1941 2701 2180 2757 mundi-

525 2791 609 2846 tia
633 2803 920 2844 manuum
959 2801 1226 2842 suarum.
1259 2818 1327 2828 —
1359 2789 1500 2852 Quae
1535 2787 1756 2846 scilicet
1783 2790 2180 2858 sententia,!si

523 2877 597 2934 de
629 2875 881 2932 cmlestis
913 2875 1078 2945 regni
1110 2875 1496 2932 retributione
1524 2878 1905 2950 promittitur,
1941 2879 2180 2936 veritate

523 2965 780 3036 fulcitur,
812 2965 956 3038 quia
982 2980 1122 3020 cum
1150 2963 1226 3019 de
1257 2967 1376 3020 Deo
1403 2966 1691 3040 scriptum
1723 2967 1796 3024 sit
1828 2986 1840 3022 :
1871 2991 1898 3017 «
1932 2969 2042 3034 Qui
2064 2985 2184 3024 cre-

522 3055 671 3112 didit
723 3053 1046 3126 unicuique
1087 3054 1259 3125 juxta
1303 3070 1486 3127 opera
1535 3072 1646 3112 sua
1689 3058 1900 3127 (Rom.,
1947 3075 2005 3128 ιι,
2047 3063 2122 3131 6),
2153 3082 2180 3108 ››

521 3143 691 3200 illum
715 3142 776 3198 in
807 3148 1074 3199 extremo
1129 3143 1403 3199 examine
1446 3144 1673 3215 justitia
1719 3147 1922 3202 aeterni
1963 3147 2182 3218 judicis

523 3231 633 3302 sal,
663 3247 848 3304 quem
875 3231 973 3287 hic
1003 3232 1136 3302 ejus
1159 3231 1350 3303 pietas
1401 3232 1479 3288 ab
1521 3232 1854 3289 immundis
1897 3235 2180 3307 operibus

521 3317 752 3376 liberat.
787 3320 886 3376 Sin
911 3334 1050 3376 vero
1082 3319 1160 3376 ad
1187 3320 1304 3376 hoc
1330 3320 1548 3377 salvari
1570 3322 1667 3377 hic
1703 3323 1960 3396 quisque
2007 3341 2180 3382 mun-

521 3407 668 3464 ditia
696 3423 992 3464 manuum
1021 3423 1269 3464 suarum
1300 3409 1575 3478 creditur,
1600 3413 1666 3466 ut
1693 3411 1816 3466 suis
1841 3412 2066 3470 viribus
2095 3413 2180 3468 in-

521 3513 748 3552 nocens
777 3495 903 3564 ﬁat,
935 3497 1146 3570 procul
1175 3497 1362 3553 dubio
1392 3503 1638 3567 erratur,
1670 3500 1814 3572 quia
1845 3501 1892 3555 si
1917 3517 2179 3574 superna

523 3583 715 3655 gratia
743 3589 1058 3641 nocentem
1089 3585 1394 3658 praevenit,
1424 3602 1742 3660 nunquam
1779 3589 2045 3660 profecto
2087 3591 2178 3646 in-

520 3671 720 3728 veniet
745 3687 928 3745 quem
957 3677 1297 3730 remuneret
1321 3674 1720 3732 innocentem.
1748 3677 1912 3734 Unde
1938 3679 2181 3736 veridici

523 3760 686 3818 Moisi
713 3776 858 3817 voce
885 3760 1099 3819 dicitur
1131 3779 1144 3818 :
1177 3762 1508 3838 Nullusque
1537 3765 1702 3838 apud
1755 3771 1810 3822 te
1838 3783 1946 3840 per
1991 3784 2054 3824 se
2095 3769 2180 3825 in-

521 3865 747 3906 nocens
776 3853 864 3906 est
892 3852 1109 3918 (Exod.
1143 3869 1336 3920 xxxxv,
1372 3853 1446 3924 7).
1480 3877 1508 3903 »
1541 3855 1682 3920 Quae
1733 3859 1938 3912 tamen
1975 3857 2182 3915 omnia

519 3955 631 4014 pro
662 3943 806 4012 typo
830 3939 1238 3998 haereticorum
1265 3942 1770 4014 promissionibus-
1819 3952 2176 4016 congruunt.

521 4028 628 4095 Qui
655 4045 794 4085 cum
823 4028 1030 4086 ﬁdeles
1058 4047 1303 4104 quoque
1345 4031 1406 4088 in
1448 4034 1726 4105 praesenti
1767 4033 1883 4092 vita
1930 4035 2180 4094 afﬂictos

519 4117 848 4186 inveniunt,
899 4135 1002 4175 eos
1047 4135 1120 4175 ex
1150 4120 1328 4192 culpa
1356 4121 1622 4194 perﬁdiae
1667 4139 1984 4196 percussos
2031 4126 2180 4183 arbi-

522 4209 771 4274 trantur,
800 4205 1004 4278 eisque
1035 4207 1084 4262 si
1131 4197 1244 4264 sua
1287 4209 1573 4280 dogmata
1615 4217 1962 4285 sequantur,
2019 4215 2179 4272 salu-

523 4299 642 4351 tem
679 4294 1034 4352 innocentiae
1063 4311 1171 4368 per
1211 4297 1513 4354 bonorum
1543 4273 1794 4373 operum
1818 4305 2179 4363 munditiam
2213 4273 2256 4326 Β

522 4382 896 4455 promittunt.
929 4384 1208 4456 Sequitur
1241 4403 1253 4440 :

1122 4475 1360 4530 CAPUT
1407 4476 1586 4532 XXIII.

593 4561 772 4618 Vens.
797 4566 844 4630 1,
867 4566 920 4618 2.
947 4563 1328 4633 Respondens
1345 4571 1540 4622 autem
1557 4567 1669 4623 Job
1693 4569 1818 4625 ait:
1847 4573 2025 4628 Nunc
2041 4589 2180 4644 quo-

523 4667 637 4724 que
657 4652 720 4707 in
743 4653 1151 4708 amaritudine
1165 4661 1248 4710 est
1265 4671 1453 4712 sermo
1471 4672 1654 4721 meus,
1677 4664 1732 4713 et
1755 4675 1967 4716 manus
1981 4663 2179 4732 plaga:

521 4757 667 4798 mete
695 4749 1033 4812 aggravata
1064 4749 1148 4798 est
1171 4759 1351 4814 super
1379 4747 1660 4816 gemitum
1689 4764 1902 4806 meum.
1932 4782 2000 4790 —
2025 4753 2178 4808 More

525 4845 636 4885 suo
657 4829 904 4887 beatum
943 4832 1054 4889 Job
1098 4832 1472 4904 planioribus
1524 4836 1719 4893 verbis
1763 4837 2024 4908 inchoat,
2073 4841 2178 4898 sed

523 4916 683 4974 dicta
711 4933 842 4989 sua,
873 4918 994 4976 alta
1021 4921 1290 4992 mysterii
1319 4923 1731 4995 prosecutione
1773 4934 2173 4986 consummat.

523 5005 736 5062 Mederi
763 5006 986 5080 quippe
1015 5007 1188 5064 dolor
1217 5009 1416 5067 afﬂicti
1445 5027 1519 5068 ex
1543 5013 1877 5072 amicorum
1910 5018 2178 5075 consola-

521 5093 682 5152 tione
728 5094 1036 5166 debuerat,
1087 5097 1190 5153 sed
1219 5100 1548 5156 consolatio
1583 5118 1792 5159 eorum
1822 5105 1902 5161 ad
1943 5105 2177 5163 blandi-

523 5189 728 5243 menta
763 5184 1011 5243 fallacia:
1062 5187 1275 5262 erupit,
1325 5190 1468 5263 quia
1509 5191 1782 5250 videlicet
1822 5193 2177 5254 inordinataa

525 5274 948 5332 consolationis
989 5275 1236 5334 intentio
1283 5281 1779 5352 persecutionem,
1829 5301 2017 5357 quam
2063 5286 2174 5341 mi-

523 5377 706 5419 nuere
748 5363 974 5434 debuit,
1031 5365 1464 5440 multiplicavit.
1511 5370 1578 5426 In
1615 5371 1836 5444 quibus
1892 5373 2175 5430 nimirum

523 5451 721 5505 verbis
751 5467 857 5522 per
883 5459 1096 5527 typum
1127 5461 1348 5512 sanctae.
1379 5459 1649 5514 Ecclesiae
1697 5461 1876 5516 etiam
1907 5461 2174 5519 ﬁdelium

523 5537 697 5595 dolor
737 5540 1101 5612 exprimitur,
1143 5544 1248 5617 qui
1289 5561 1361 5602 eo
1407 5547 1668 5619 amplius
1725 5554 1991 5618 gemunt,
2049 5567 2170 5624 quo

2291 319 2442 373 cem,
2477 325 2504 352 ‹‹
2527 319 2634 376 per
2664 303 2870 360 dulces
2892 319 3198 359 sermones
3219 307 3278 358 et
3295 302 3722 364 benedictiones
3749 314 3895 370 sedu-

2290 396 2433 448 cunt
2456 392 2639 450 corda
2667 392 3079 449 innocentium
3109 394 3300 460 (Rom.
3357 408 3476 459 xw,
3529 394 3624 466 18).
3655 419 3681 446 »
3727 400 3898 459 manus

2289 481 2512 554 quippe
2537 481 2730 556 plagae
2761 487 2846 538 est
2899 481 3182 538 fortitudo
3229 482 3637 555 percussionis.
3674 487 3898 549 Primam

2289 585 2553 642 namque
2610 569 3060 643 percussionem
3107 586 3282 626 suam
3336 568 3504 626 electi
3549 573 3898 651 considerant,

2289 656 2394 728 qui
2424 673 2460 713 a
2491 659 2824 716 Conditoris
2851 659 2944 715 sui
2973 659 3198 716 visione
3229 659 3404 715 divisi
3457 665 3606 733 sunt,
3651 663 3780 735 quia
3813 683 3898 724 ne-

2289 759 2600 817 quaquam
2625 747 3079 804 illuminationis
3107 747 3332 804 intimas
3361 748 3617 806 claritate
3643 750 3901 825 fruuntur,

2291 833 2398 888 sed
2435 833 2496 889 in
2539 835 2853 907 praesentis
2901 835 3036 892 vitae
3087 835 3293 892 exsilio
3341 836 3514 909 quasi
3559 837 3616 893 in
3643 841 3902 899 caecitatis

2289 919 2422 976 loco
2450 921 2680 992 religati
2711 927 2979 992 gemunt.
3015 925 3260 996 Semper
3285 938 3430 994 ergo
3460 923 3676 983 habent
3717 927 3773 983 in
3810 930 3909 988 hac

2291 1007 2412 1065 vita
2465 1025 2720 1066 manum
2772 1011 2968 1084 plagae
3033 1012 3323 1082 gemitum
3395 1028 3591 1082 suum,
3645 1015 3742 1071 sed
3789 1034 3908 1074 cum

2291 1096 2492 1153 adhuc
2521 1098 2702 1155 etiam
2732 1099 2791 1154 in
2821 1099 2936 1156 hac
2965 1099 3088 1156 vita
3115 1100 3366 1156 adversa
3397 1101 3699 1172 accedunt,
3723 1120 3913 1162 manus

2290 1185 2485 1258 plagae
2515 1203 2726 1244 eorum
2755 1189 2934 1245 etiam
2965 1204 3144 1261 super
3175 1189 3466 1258 gemitum
3514 1196 3796 1260 gravatur.
3829 1197 3911 1252 Se-

2291 1273 2496 1346 quitur
2528 1295 2539 1331 :
3275 1321 3280 1326 .

2363 1365 2529 1420 Vens.
2562 1369 2614 1421 3.
2645 1365 2786 1433 Quis
2815 1367 2968 1424 mihi
2994 1367 3221 1423 tribuat
3251 1372 3319 1422 ut
3342 1383 3688 1438 cognoscam
3707 1377 3760 1427 et
3785 1372 3919 1429 inve-

2291 1454 2456 1508 niam
2486 1455 2660 1510 itlum
2707 1461 2764 1512 et
2793 1457 3026 1512 veniam
3071 1471 3253 1527 usque
3295 1456 3378 1512 ad
3427 1458 3638 1514 solium
3686 1461 3920 1529 ejus?—

2223 1569 2264 1623 Β
2294 1541 2522 1598 Electus
2547 1541 2804 1616 quisque
2828 1544 2942 1600 nisi
2974 1545 3296 1601 Dominum
3327 1545 3722 1615 cognovisset.
3747 1547 3924 1622 utique

2291 1645 2416 1686 non
2441 1637 2687 1688 amaret.
2725 1632 2840 1690 Sed
2869 1633 3032 1690 aliud
3063 1639 3152 1690 est
3191 1650 3560 1705 cognoscere
3605 1652 3708 1709 per
3745 1636 3924 1706 ﬁdem,

2293 1725 2472 1794 atque
2502 1721 2666 1778 aliud
2689 1738 2794 1795 per
2819 1723 3101 1796 speciem,
3127 1723 3292 1780 aliud
3319 1725 3586 1782 invenire
3616 1741 3719 1798 per
3747 1727 3930 1783 credu-

2291 1808 2540 1880 litatem,
2591 1811 2755 1867 aliud
2801 1828 2909 1884 per
2955 1813 3552 1886 contemplationem.
3603 1816 3682 1870 Ex
3729 1831 3842 1888 qua
3879 1831 3930 1872 re

2293 1898 2506 1968 agitur,
2539 1903 2604 1956 ut
2631 1899 2799 1956 electi
2827 1917 3040 1957 omnes
3065 1917 3226 1970 eum,
3254 1917 3445 1974 quem
3495 1901 3616 1958 ﬁde
3663 1917 3932 1974 cognove-

2291 1991 2450 2056 runt,
2485 1988 2678 2044 videre
2706 2005 2950 2062 quoque
2983 2005 3091 2063 per
3119 1990 3380 2063 speciem
3433 1991 3736 2061 anhelant,
3782 1992 3930 2063 cujus

2292 2091 2497 2132 amore
2545 2077 2870 2148 ﬂagrantes
2915 2083 3189 2149 astuant,
3243 2080 3388 2152 quia
3443 2081 3576 2152 ejus
3634 2079 3936 2138 dulcedinis
4005 2071 4008 2074 ⁴

2292 2164 2646 2222 suavitatem
2667 2167 2797 2238 jam
2825 2166 2964 2240 ipsa
2993 2184 3116 2223 suae
3166 2167 3308 2224 ﬁdei
3339 2168 3698 2226 certitudine
3741 2169 3934 2239 degus-

2291 2259 2436 2312 tant.
2470 2255 2622 2320 Quid
2649 2256 2809 2312 enim
2843 2257 3064 2314 solium
3121 2257 3223 2314 Dei
3251 2262 3363 2328 est,
3423 2258 3544 2314 nisi
3591 2258 3673 2316 illi
3717 2257 3940 2329 angelici

2291 2343 2554 2416 spiritus,
2587 2345 2712 2418 qui,
2745 2345 3050 2418 Scriptura
3079 2350 3245 2417 teste,
3275 2347 3508 2403 Throni
3553 2347 3743 2405 vocati
3781 2347 3941 2404 sunt?

2289 2432 2396 2498 Qui
2427 2434 2632 2506 utique
2661 2450 2852 2507 usque
2883 2435 2962 2492 ad
2997 2433 3216 2492 solium
3247 2435 3350 2492 Dei
3375 2435 3588 2492 venire
3637 2436 3775 2504 vult,
3811 2434 3944 2509 quid

2291 2519 2454 2576 aliud
2483 2538 2669 2594 quam
2714 2522 2997 2579 interesse
3046 2522 3334 2594 angelicis
3383 2524 3705 2597 spiritibus
3750 2541 3946 2581 concu-

2288 2609 2461 2681 piscit
2485 2613 2550 2665 ut
2576 2609 2742 2666 nulla
2762 2610 2892 2682 jam
2921 2611 3216 2668 defectiva
3260 2615 3621 2686 temporum
3669 2617 3950 2670 momenta

2291 2698 2602 2767 sustineat,
2637 2699 2745 2755 sed
2775 2701 3152 2772 permanenti
3183 2701 3373 2772 gloria
3409 2703 3474 2759 in
3525 2702 3952 2776 contemplatio-

2289 2803 2430 2843 nem
2461 2789 2801 2845 asternitatis
2831 2792 3169 2860 exsurgat?
3200 2791 3494 2864 Sequitur
3528 2810 3542 2848 :

2361 2879 2528 2932 Vens.
2561 2879 2614 2931 4.
2637 2878 2869 2935 Ponam
2903 2895 3105 2936 coram
3137 2895 3202 2936 eo
3221 2881 3569 2950 judicium,
3593 2889 3648 2939 et
3695 2898 3756 2939 os
3785 2897 3954 2938 meum

2290 2966 2526 3035 replebo
2551 2967 3080 3036 increpationibus.
3115 2999 3185 3009 --
3211 2971 3444 3026 Coram
3477 2973 3602 3027 Deo
3633 2987 3850 3044 ponere
3881 2971 3956 3040 ju-

2289 3053 2512 3110 dicium
2541 3059 2648 3126 est,
2675 3054 2832 3111 intra
2861 3061 3154 3112 secretum
3179 3057 3411 3114 mentis
3453 3075 3570 3131 per
3617 3058 3960 3131 contempla-

2291 3142 2516 3198 tionem
2561 3141 2722 3214 ﬁdei,
2767 3143 2846 3199 ad
2895 3145 3277 3201 tremendum
3319 3162 3597 3205 examen
3647 3145 3954 3219 majestatis

2289 3230 2445 3286 illius
2471 3231 2676 3288 oculos
2706 3237 2924 3288 nostra:
2955 3233 3462 3292 considerationis
3505 3237 3764 3311 aperire,
3810 3234 3954 3310 quod

2239 3398 2243 3403 ι
2289 3324 2569 3391 peccator
2619 3321 2804 3378 homo
2851 3327 3152 3379 mereatur
3191 3325 3532 3398 attendere,
3583 3333 3661 3398 et,
3708 3324 3953 3382 occultus

2290 3423 2452 3464 nunc
2481 3415 2540 3466 et
2567 3409 2778 3466 tacitus
2803 3411 2990 3482 judex
3019 3427 3206 3484 quam
3257 3413 3556 3472 terribilis
3607 3421 3750 3488 post
3791 3429 3958 3488 appa-

2289 3503 2416 3554 reat
2437 3499 2840 3556 considerare.
2875 3501 2985 3567 Qui
3027 3501 3186 3558 enim
3215 3502 3334 3560 sibi
3379 3504 3448 3560 in
3491 3510 3828 3578 conspectu
3877 3501 3958 3559 Dei

2285 3587 2580 3659 judicium
2607 3589 2798 3662 ponit,
2850 3606 2920 3646 os
2963 3607 3142 3646 suum
3187 3590 3730 3666 increpationibus
3775 3591 3962 3667 replet,

2287 3677 2433 3751 quia
2461 3678 2609 3734 dum
2641 3678 2853 3736 subtile
2883 3695 3138 3737 examen
3161 3684 3453 3740 trementi
3485 3689 3708 3742 contra
3739 3701 3803 3741 se
3824 3680 3962 3755 judi-

2289 3767 2374 3824 cis
2405 3767 2861 3841 contemplatur,
2893 3785 3098 3826 amare
3129 3786 3190 3826 se
3219 3773 3614 3844 poenitentiae
3653 3771 3966 3831 invectione

2287 3859 2682 3932 persequitur.
2717 3860 2994 3932 Sequitur
3017 3879 3030 3916 :

2359 3951 2528 4004 Vens.
2554 3954 2604 4006 5.
2635 3950 2710 4006 Ut
2737 3952 2920 4006 sciam
2968 3951 3148 4008 verba
3189 3967 3324 4023 quae
3371 3955 3542 4012 mihi
3601 3954 3966 4027 respondeat,

2288 4043 2344 4094 et
2371 4039 2703 4110 intelligam
2735 4040 2882 4111 quid
2931 4041 3217 4112 loquatur
3257 4043 3444 4101 mihi.
3499 4077 3576 4088 -—
3621 4049 3788 4102 Tunc
3831 4043 3973 4101 enim

2289 4127 2498 4200 culpas
2527 4127 2891 4200 plangimus,
2923 4145 3064 4185 cum
3106 4145 3372 4202 pensare
3415 4134 3840 4208 coeperimus;
3883 4129 3974 4187 sed

2289 4221 2430 4274 tunc
2459 4216 2736 4273 subtilius
2783 4220 3133 4290 pensamus,
3181 4235 3326 4275 cum
3375 4221 3714 4282 sollicitius
3763 4219 3978 4297 plangi-

2287 4320 2446 4370 mus,
2478 4309 2657 4378 atque
2686 4321 2760 4362 ex
2795 4305 3074 4363 lamentis
3119 4307 3184 4362 in
3237 4309 3435 4366 corde
3487 4319 3714 4370 nostro
3761 4309 3978 4387 plenius

2287 4393 2552 4450 nascitur
2579 4393 2728 4466 quid
2757 4399 2846 4451 est
2869 4395 3038 4468 quod
3083 4399 3508 4469 peccantibus
3545 4403 3765 4459 divina
3805 4397 3982 4458 distri-

2293 4481 2407 4538 ctio
2433 4481 2714 4552 minatur,
2744 4499 2882 4556 quae
2912 4487 3086 4540 erunt
3136 4484 3238 4542 illa
3285 4489 3734 4562 reproborum
3775 4490 3982 4562 impro-

2287 4571 2450 4642 peria
2468 4570 2574 4644 qui
2591 4575 2864 4642 terrores,
2881 4589 3012 4646 quae
3028 4572 3454 4646 implacabilis
3474 4579 3832 4653 majestatis
3841 4591 3987 4635 aver-

2289 4659 2396 4716 sio.
2428 4661 2618 4716 Tanta
2649 4661 2808 4717 enim
2839 4665 2980 4718 tunc
3007 4663 3300 4720 Dominus
3327 4669 3644 4740 reprobis
3681 4670 3872 4726 iratus
3915 4662 3987 4718 di-

2287 4753 2396 4820 cet,
2429 4754 2658 4822 quanta
2685 4766 2788 4808 eos
2817 4751 2943 4823 pati
2969 4767 3045 4808 ex
3067 4753 3360 4826 aequitate
3383 4749 3778 4830 permiserit.
3809 4751 3990 4829 Sequi-

2287 4841 2425 4894 tur:

2356 4928 2529 4984 Vens.
2563 4935 2616 4985 6.
2643 4931 2800 4986 Nolo
2827 4932 3022 4988 multa
3056 4932 3452 5001 fortitudine
3497 4940 3848 4997 contendat
3889 4949 3991 4992 me-

2286 5033 2439 5085 cum,
2483 5035 2559 5074 ne
2603 5022 3040 5091 magnitudinis
3093 5037 3216 5078 sua-
3263 5027 3446 5083 mole
3499 5045 3602 5086 me
3637 5033 3904 5099 premat.
3933 5053 3993 5063 --

2285 5109 2444 5163 Mens
2473 5109 2692 5166 etenim
2721 5109 3003 5184 quaelibet
3025 5111 3192 5182 justi,
3225 5111 3278 5167 si
3314 5115 3408 5171 ab
3443 5119 3884 5193 omnipotente
3901 5116 3997 5170 Do-

2285 5195 2451 5253 mino
2480 5197 2740 5256 districta
2763 5199 3090 5271 judicatur,
3130 5200 3299 5290 mole
3349 5208 3834 5278 magnitudinis
3875 5219 3998 5280 pre-

2290 5285 2490 5342 mitur.
2525 5287 2800 5360 Sequitur
2829 5306 2840 5343 :

2357 5377 2524 5431 Vens.
2557 5383 2609 5431 7.
2639 5378 2948 5446 Proponat
2972 5379 3326 5449 aequitatem
3363 5393 3612 5443 contra
3643 5403 3765 5458 me,
3803 5392 3858 5444 et
3885 5399 4006 5454 Ῥεῖ·

2291 5467 2489 5521 veniat
2513 5467 2595 5522 ad
2615 5469 2922 5522 victoriam
2943 5468 3250 5537 judicium
3279 5487 3528 5532 meum.
3577 5509 3651 5517 ——
3677 5477 3830 5544 Quis
3859 5473 4008 5532 enim

2289 5554 2465 5626 alius,
2483 5555 2597 5612 nisi
2617 5555 2910 5614 mediator
2929 5557 3030 5614 Dei
3050 5562 3108 5615 et
3121 5559 3486 5620 hominum
3499 5607 3514 5633 ,
3533 5567 3740 5624 homo
3757 5565 4012 5625 Christus
