4146 6156
255 92 340 150 297

1082 87 1378 143 EPITOME
1404 80 1766 140 meum,qu
1808 78 1863 132 s.
1898 73 1966 131 IN
1999 77 2201 134 GREG.
2232 81 2376 136 JOB.
2406 39 2476 121 ;—
2503 85 2633 138 LIB.
2665 85 2812 138 XVI.

3556 93 3658 146 298

250 221 416 283 lesus,
451 211 746 286 aequitatis
774 210 1018 268 nomine
1038 209 1430 280 designatur?
1464 211 1542 264 De
1563 222 1686 280 quo
1704 203 1883 276 scrip-
1923 203 1970 256 A
2003 201 2221 260 imitari
2269 206 2706 276 contendimus,
2737 209 2883 282 quid
2915 211 3077 268 aliud
3117 223 3305 286 quam
3344 229 3660 284 gressuum

252 311 360 363 tum
388 308 511 361 est:
549 325 575 351 «
603 301 712 368 Qui
740 301 930 356 factus
962 305 1049 355 est
1078 300 1370 372 sapientia
1412 298 1588 354 nobis
1618 314 1654 352 a
1684 299 1802 352 Deo
1833 298 1890 350 et

245 395 458 466 justitia
490 393 545 464 (Ι
571 393 706 448 Cor.
741 407 780 461 ι,
808 391 916 461 30).
951 413 978 439 ››
1012 393 1153 455 Quae
1203 389 1424 445 scilicet
1466 386 1695 459 justitia
1741 385 1889 440 dum

251 484 305 541 in
327 485 481 540 hunc
511 481 808 537 mundum
847 483 1053 534 contra
1110 478 1234 534 vias
1284 482 1666 551 peccatorum
1708 473 1888 539 venit,

253 575 553 647 antiquum
598 571 828 626 hostem
884 569 1154 638 vicimus,
1196 586 1232 624 a
1275 585 1396 642 quo
1441 565 1598 639 capti
1653 563 1894 620 teneba-

251 681 392 720 mur.
427 665 507 718 Ac
539 661 586 716 si
634 675 776 728 ergo
815 658 1070 714 diceret:
1131 658 1224 714 Ad
1268 656 1717 728 redarguendas
1767 654 1894 708 vias

251 769 401 810 meas
429 752 810 808 incarnatum
843 748 1050 804 Filium
1082 749 1293 814 mittat,
1327 753 1384 804 et
1429 752 1570 804 tunc
1607 743 1892 801 insidian-

252 847 358 899 tem
385 839 799 897 adversarium
825 854 932 911 per
971 837 1364 894 absolutionis
1407 852 1558 893 mere
1599 833 1895 906 judicium

249 931 414 987 victor
439 927 778 984 excludam.
811 927 1119 999 Sequitur:

313 1020 484 1073 Vsus.
518 1021 572 1086 8,
605 1022 658 1072 9.
708 1017 775 1071 Si
814 1015 895 1070 ad
942 1016 1224 1071 orientem
1263 1015 1406 1082 iero,
1440 1029 1560 1070 non
1608 1015 1900 1081 apparet;

248 1106 797 1172 siadoccidentem,
831 1121 949 1160 non
981 1105 1316 1174 intelligam
1371 1117 1544 1171 eum;
1591 1103 1644 1157 si
1694 1101 1775 1157 ad
1820 1101 1896 1155 si-

248 1199 512 1257 nistram,
573 1194 720 1266 quid
757 1193 989 1264 agam?
1041 1209 1159 1249 non
1230 1192 1678 1262 apprehendam
1744 1205 1896 1254 eum,

247 1288 297 1342 si
321 1302 408 1342 me
433 1290 660 1341 vertam
711 1283 792 1338 ad
844 1284 1141 1349 dextram,
1175 1297 1293 1338 non
1351 1282 1554 1338 videbo
1603 1282 1799 1336 illum.
1847 1311 1897 1318 7-—

2000 293 2128 363 ejus
2185 295 2434 364 vestigia
2463 297 2792 368 sequimur,
2857 301 3000 372 quia
3056 306 3325 360 extrema
3378 305 3661 376 quaedam

2001 382 2129 452 ejus
2155 383 2517 455 operationis
2542 385 2898 443 imitamur?
2948 389 3084 445 Haec
3123 391 3284 448 enim
3338 394 3526 449 Patris
3571 394 3663 449 sui

2001 471 2246 543 vestigia
2272 473 2494 530 Veritas
2527 475 2897 532 admonebat
2937 477 3177 548 imitari,
3210 497 3349 537 cum
3398 477 3618 556 (limaret
3645 500 3658 537 ι

2004 583 2030 610 ‹‹
2089 562 2260 617 Orate
2313 578 2422 634 pro
2479 565 2976 636 persequentibus
3041 572 3096 623 et
3162 569 3664 627 calumniantibus

2003 665 2110 703 vos
2139 650 2377 715 (Matth.
2413 668 2468 717 v,
2496 652 2610 722 44),
2649 674 2674 699 ››
2705 658 2761 708 et
2789 653 3040 726 reliqua.
3076 657 3268 712 Potest
3295 663 3498 714 tamen
3527 659 3667 716 bea-

2004 742 2100 794 tus
2126 738 2258 806 Job,
2289 740 2372 795 sic
2402 739 2462 796 in
2502 740 2703 797 futura
2732 744 3078 814 operatione
3125 745 3513 804 incarnandae
3567 752 3662 806 Sa-

2005 826 2240 897 pientiae
2293 828 2621 898 intendere,
2669 829 2821 886 sicut
2869 848 2982 888 nos
3026 833 3300 905 ejusdem
3356 837 3667 908 Sapientiae

2000 915 2130 986 jam
2141 918 2437 988 praeterita
2454 932 2638 990 opera
2656 935 2764 991 per
2789 919 2972 977 ﬁdem
2985 922 3274 980 videmus.
3300 925 3482 996 Cujus
3498 925 3669 981 nimi-

2007 1021 2142 1060 rum
2165 1005 2346 1060 vitam
2373 1007 2517 1064 dum
2565 1007 2778 1064 beatus
2831 1010 2942 1066 Job
2998 1028 3262 1085 superno
3319 1015 3536 1088 Spiritu
3585 1030 3672 1070 re-

2009 1094 2201 1167 pletus
2255 1095 2502 1152 sollicita
2578 1096 2902 1156 intentione
2977 1103 3364 1176 conspiceret,
3407 1105 3670 1161 futuram

2009 1185 2486 1241 mansuetudinis
2517 1185 2671 1242 illius
2696 1189 3090 1247 humilitatem
3119 1193 3472 1264 praevidens,
3498 1195 3671 1267 quasi

2013 1274 2089 1330 ad
2161 1275 2507 1347 exemplum
2587 1277 2699 1332 sibi
2803 1282 3182 1353 propositum
3259 1284 3531 1342 recurrit.
3611 1288 3672 1340 ut

247 1378 480 1432 Creator
508 1371 734 1445 quippe
766 1371 1039 1427 omnium
1091 1371 1152 1426 in
1204 1376 1373 1444 patre
1433 1386 1557 1426 non
1616 1373 1728 1435 est,
1759 1367 1903 1440 quia
2010 1363 2391 1434 quidquid,in
2442 1364 2555 1419 hac
2605 1365 2724 1421 vita
2754 1375 2972 1437 ageret,
3007 1370 3084 1425 ad
3133 1371 3477 1428 imitationis
3519 1372 3672 1428 illius

249 1463 469 1536 ubique
525 1466 633 1529 est,
694 1466 750 1517 et
800 1465 942 1516 tunc
1023 1460 1224 1516 minus
1280 1459 1597 1528 invenitur,
1655 1457 1903 1530 quando
2011 1451 2259 1522 vestigia
2304 1451 2531 1521 ligaret.
2583 1453 2660 1508 De
2696 1455 2918 1526 quibus
2947 1457 3076 1528 ejus
3105 1460 3366 1530 vestigiis
3411 1477 3517 1532 per
3574 1463 3674 1517 Pe-

246 1553 296 1609 is
323 1552 424 1626 qui
454 1556 610 1608 totus
639 1549 863 1623 ubique
895 1553 982 1606 est
1028 1549 1088 1604 in
1119 1553 1286 1622 parte
1332 1549 1635 1622 quaeritur.
1696 1547 1900 1620 Sequi-
1942 1555 1985 1607 B
2013 1543 2174 1595 trum
2203 1539 2449 1596 dieitur:
2483 1560 2513 1593 <
2538 1542 2802 1598 Christus
2832 1560 3050 1620 passus
3075 1550 3164 1602 est
3191 1562 3302 1620 pro
3329 1547 3530 1615 nobis,
3573 1565 3674 1604 vo-

247 1647 380 1700 mr:
2017 1630 2110 1686 bis
2168 1630 2512 1703 relinquens
2543 1633 2887 1706 exemplum
2925 1639 2990 1690 ut
3041 1637 3380 1709 sequamini
3429 1639 3678 1708 vestigia

317 1732 484 1784 Vsus.
520 1731 601 1783 10.
637 1729 773 1796 Ipse
828 1741 966 1782 vero
1010 1727 1118 1781 scit
1168 1727 1324 1782 viam
1373 1741 1582 1783 meam.
1624 1757 1692 1765 —-
1728 1727 1808 1778 Ac
1860 1721 1908 1777 si
2017 1720 2146 1791 ejus
2194 1721 2252 1791 (Ῑ
2273 1722 2521 1788 Petr.u,
2548 1722 2659 1792 21).
2700 1746 2724 1771 ››
2760 1724 3074 1796 Sequitur:
3122 1727 3284 1782 Viam
3325 1729 3454 1796 ejus
3485 1729 3677 1784 custo-

248 1822 452 1892 aperte
484 1817 672 1872 dicat:
721 1815 928 1870 Videre
972 1831 1095 1871 non
1146 1815 1316 1871 valeo
1363 1815 1665 1871 videntem
1705 1829 1821 1877 me,
1855 1816 1911 1867 et
2019 1810 2161 1876 divi,
2190 1815 2245 1865 et
2275 1826 2395 1865 non
2420 1811 2722 1868 declinavi
2749 1829 2824 1869 ex
2864 1829 2951 1870 ea.
2984 1845 3052 1854 —-—
3098 1815 3368 1872 Custodit
3412 1817 3573 1872 enim
3627 1821 3684 1873 et

248 1925 390 1966 eum
411 1906 515 1980 qui
535 1922 633 1961 me
660 1904 948 1960 subtiliter
967 1905 1248 1976 intuetur,
1266 1904 1476 1960 intueri
1489 1920 1612 1960 non
1633 1919 1909 1977 possum,
2020 1913 2144 1953 non
2191 1897 2468 1967 declinat,
2496 1900 2599 1971 qui
2652 1901 2767 1956 hoc
2794 1901 2898 1956 ubi
2951 1903 3222 1974 intendit,
3253 1911 3534 1979 operatur
3559 1925 3571 1974 ;
3628 1910 3686 1962 et

249 2003 317 2055 ut
335 1995 610 2052 videlicet
629 1994 906 2051 ostendat
939 1994 1083 2067 quia
1114 1998 1280 2049 tanto
1321 1993 1551 2049 cautius
1582 1992 1911 2048 formidan-
2024 1985 2319 2042 custodire
2346 1987 2570 2060 quippe
2597 2004 2703 2060 per
2733 1989 3122 2048 intentionem
3152 1997 3258 2063 est,
3277 2010 3401 2050 non
3426 1995 3686 2051 declina-

248 2086 368 2142 dus
408 2089 517 2152 est,
551 2087 782 2156 quanto
831 2081 1256 2154 conspicabilis
1294 2098 1416 2137 non
1462 2085 1571 2136 est.
1602 2081 1712 2147 Qui
1755 2081 1915 2136 enim
2025 2090 2087 2130 re
2127 2091 2233 2147 per
2260 2076 2688 2148 operationem.
2726 2079 2862 2134 Haec
2905 2095 3170 2154 namque
3215 2088 3304 2139 est
3350 2084 3686 2140 sollicitudo

248 2175 334 2231 ita
364 2189 476 2228 nos
497 2171 725 2244 aspicit,
753 2176 872 2226 uta
891 2170 1070 2226 nobis
1093 2170 1278 2243 aspici
1313 2173 1590 2242 nequeat,
1615 2185 1686 2225 eo
1723 2169 1918 2238 magis
2025 2165 2346 2236 justorum,
2382 2170 2446 2221 ut
2471 2171 2639 2222 actus
2667 2184 2808 2223 suos
2846 2169 3110 2240 quotidie
3137 2173 3311 2241 juxta
3333 2174 3462 2229 vias
3486 2175 3692 2230 verita.

251 2261 562 2321 timendus
585 2265 690 2328 est,
729 2276 852 2332 quo
897 2264 1113 2316 cuncta
1153 2259 1362 2315 videns
1385 2259 1630 2315 minime
1664 2259 1918 2314 videtur.
2031 2255 2104 2310 tis
2133 2255 2494 2326 examinem,
2527 2261 2583 2312 et
2603 2273 2704 2312 eas
2735 2257 2848 2313 sibi
2873 2258 2934 2313 in
2965 2260 3233 2330 regulam
3264 2267 3691 2336 proponeutes,

252 2353 468 2410 Aliter:
503 2351 592 2406 Ad
619 2350 908 2407 orientem
929 2350 1154 2422 quippe
1185 2349 1363 2418 imus,
1387 2367 1526 2405 cum
1560 2354 1821 2406 mentem
1861 2349 1923 2404 in
2033 2360 2069 2400 a
2096 2344 2464 2400 rectitudinis
2495 2361 2704 2401 earum
2733 2347 2966 2404 tramite
2991 2363 3114 2404 non
3143 2350 3459 2408 declinent.
3497 2351 3698 2424 Sequi—

254 2439 742 2498 consideratione
776 2439 1104 2511 majestatis
1136 2439 1265 2510 ejus
1295 2438 1638 2507 attollimus,
1672 2439 1777 2495 sed
1800 2453 1924 2494 non
2036 2438 2162 2488 tur:

255 2535 535 2604 apparet,
558 2529 698 2602 quia
722 2527 918 2601 qualis
939 2529 998 2583 in
1017 2533 1231 2584 natura
1253 2545 1362 2584 sua
1388 2533 1494 2599 est,
1514 2545 1549 2584 a
1570 2529 1926 2599 cogitatione
2108 2525 2273 2579 Vens.
2311 2527 2396 2578 12.
2426 2525 2472 2577 A
2497 2525 2801 2581 mandatis
2833 2527 3129 2584 labiorum
3158 2531 3287 2598 eius
3316 2546 3436 2586 non
3467 2530 3696 2586 recessi.

259 2619 509 2676 mortali
537 2617 727 2674 videri
757 2632 881 2673 non
910 2617 1209 2690 praevalet.
1234 2617 1323 2672 Ad
1343 2617 1711 2674 occidentem
1749 2617 1926 2683 imus,
2037 2644 2109 2653 —
2168 2613 2325 2670 Sicut
2375 2613 2528 2670 bene
2585 2615 2987 2688 obsequentes
3057 2618 3265 2674 famuli
3317 2620 3702 2677 dominorum

260 2725 408 2765 cum
451 2707 751 2763 sublatum
791 2705 1146 2777 [sublatum]
1186 2707 1242 2761 in
1288 2709 1406 2762 Deo
1440 2707 1636 2762 cordis
1666 2706 1930 2774 oculum,
2042 2718 2291 2758 suorum
2320 2703 2580 2758 vultibus
2611 2721 2846 2778 semper
2892 2706 3100 2763 intenti
3154 2713 3314 2774 sunt,
3344 2715 3408 2766 ut
3457 2727 3526 2767 ea
3569 2728 3703 2783 quae

262 2799 379 2854 sed
399 2797 943 2870 ipsaimmensitate
958 2796 1201 2853 luminis
1217 2797 1687 2864 reverberatum,
1708 2797 1783 2853 ad
1801 2811 1936 2852 nos-
2045 2792 2434 2864 praeceperint
2463 2793 2656 2848 festini
2677 2794 2946 2865 audiant,
2970 2802 3026 2852 et
3045 2797 3292 2869 implere
3321 2801 3708 2866 contendant,

263 2886 564 2958 metipsos
585 2885 951 2952 reducimus,
980 2889 1036 2940 et
1065 2885 1272 2940 lassati
1291 2885 1579 2940 discimus
1618 2900 1797 2956 super
1826 2900 1937 2940 nos
1979 2904 2018 2958 ο
2049 2882 2132 2938 sic
2147 2883 2451 2953 justorum
2482 2890 2713 2940 mentes
2750 2900 2858 2957 per
2886 2885 3277 2944 intentionem
3313 2907 3487 2946 suam
3519 2889 3710 2946 omni—

266 2977 452 3035 valde
475 2992 602 3032 esse
623 2975 789 3048 quod
819 2974 1264 3047 quaerebamus,
1306 2979 1572 3030 nostram
1615 2973 1941 3030 mortalita-
2052 2971 2275 3044 potenti
2309 2972 2562 3027 Domino
2589 2973 2894 3042 assistunt,
2922 2979 3101 3048 atque
3129 2975 3187 3030 in
3239 2978 3539 3050 Scriptura
3585 2979 3714 3050 ejus

268 3072 398 3124 tem
422 3061 1188 3133 considerantes,indignos
1210 3079 1321 3120 nos
1351 3063 1551 3119 adhuc
1579 3079 1709 3119 esse
1739 3063 1946 3135 depre-
2053 3059 2228 3131 quasi
2259 3075 2326 3115 os
2382 3060 2513 3129 ejus
2541 3061 2868 3129 intuentur,
2898 3066 2965 3117 ut
3011 3063 3155 3135 quia
3209 3080 3315 3136 per
3361 3082 3495 3122 eam
3560 3069 3714 3122 Deus

266 3153 626 3221 hendimus,
673 3153 778 3226 qui
825 3153 1336 3208 immortalitatem
1375 3152 1576 3208 videre
1614 3152 1943 3210 valeamus.
2056 3147 2319 3220 loquitur
2347 3164 2527 3204 omne
2552 3150 2719 3221 quod
2768 3151 2915 3220 vult,
2947 3155 3111 3208 tanto
3156 3170 3191 3208 a
3221 3153 3526 3211 voluntate
3585 3156 3715 3226 ejus

271 3243 372 3299 Ad
407 3243 709 3298 sinistram
760 3241 863 3308 ire,
900 3245 987 3298 est
1023 3245 1406 3314 peccatorum
1455 3240 1948 3297 delectationibus
2058 3253 2181 3293 non
2212 3237 2577 3310 discrepant,
2597 3243 2824 3311 quanto
2847 3240 3122 3296 eamdem
3155 3241 3518 3299 voluntatem
3542 3243 3716 3307 illius,

273 3332 639 3390 consentire.
662 3333 728 3386 Et
756 3331 1041 3387 nimirum
1073 3335 1323 3399 constat,
1352 3330 1495 3403 quia
1519 3333 1708 3386 Deum
1742 3345 1950 3403 appre-
2060 3327 2191 3398 ejus
2210 3327 2450 3399 eloquio
2481 3334 2839 3397 agnoscunt.
2873 3330 3187 3402 Sequitur:
3222 3333 3301 3387 Et
3323 3334 3387 3387 in
3430 3335 3565 3388 sinu
3597 3348 3720 3389 meo

277 3421 553 3479 hendere
582 3437 705 3476 non
737 3421 907 3489 valet,
940 3421 1046 3494 qui
1075 3421 1272 3477 adhuc
1300 3420 1362 3477 in
1391 3420 1782 3477 delectatione
1813 3436 1950 3493 pec-
2061 3417 2346 3473 abscondi
2376 3418 2554 3473 verba
2575 3420 2695 3473 oris
2727 3421 2872 3487 ejus.
2905 3451 2975 3459 —
3006 3423 3067 3474 In
3091 3419 3230 3474 sinu
3280 3421 3496 3477 etenim
3528 3423 3724 3478 cordis

282 3511 410 3567 cati
434 3526 541 3583 per
571 3510 873 3566 sinistram
898 3511 1076 3581 jacet.
1115 3514 1173 3565 In
1205 3510 1510 3566 dexteram
1555 3509 1953 3582 proculdubio
2066 3505 2248 3562 verba
2294 3506 2412 3561 oris
2468 3507 2597 3578 ejus
2653 3508 3104 3580 abscondimus,
3137 3511 3384 3582 quando
3438 3513 3727 3568 mandata

281 3600 558 3668 vertitur,
589 3599 693 3672 qui
723 3599 797 3655 de
827 3599 1145 3656 virtutibus
1175 3599 1460 3668 elevatur,
1495 3599 1601 3656 sed
1648 3603 1836 3656 Deum
1867 3598 1953 3654 vi—
2065 3594 2196 3664 ejus
2223 3609 2346 3649 non
2377 3594 2731 3662 transitorie,
2755 3594 2862 3650 sed
2881 3596 3190 3669 implenda
3223 3615 3401 3671 opere
3422 3599 3725 3656 audimus.

284 3689 438 3746 dere
465 3703 587 3744 non
617 3687 796 3754 valet,
823 3688 929 3760 qui
953 3688 1184 3761 privata
1211 3688 1410 3744 laetitia
1430 3688 1504 3745 de
1523 3688 1700 3744 bonis
1722 3688 1956 3744 actibus
2068 3683 2214 3738 Hinc
2244 3687 2331 3738 est
2361 3683 2522 3739 enim
2547 3685 2714 3756 quod
2771 3684 2846 3740 de
2891 3685 3026 3757 ipsa
3071 3691 3261 3743 matre
3292 3689 3528 3760 Virgine
3587 3691 3729 3746 scri-

287 3778 544 3850 gaudet,
576 3777 721 3850 quia
743 3777 804 3832 in
831 3793 902 3834 eo
934 3777 1130 3833 cordis
1168 3777 1412 3833 oculum
1444 3782 1641 3834 tumor
1689 3776 1960 3834 elationis
2069 3779 2240 3846 ptum
2267 3776 2391 3829 est:
2423 3795 2451 3822 «
2475 3774 2654 3830 Maria
2684 3779 2886 3830 autem
2936 3778 3330 3833 conservabat
3370 3780 3575 3835 omnia
3605 3797 3732 3837 vcr-

289 3867 538 3941 premit.
572 3868 707 3937 Ipse
744 3868 852 3922 scit
903 3869 1059 3922 viam
1096 3881 1306 3934 meam,
1338 3882 1408 3922 ac
1457 3866 1504 3921 si
1549 3871 1822 3940 patenter
1879 3866 1964 3922 di-
2069 3861 2151 3916 ba
2179 3861 2306 3916 haec
2337 3861 2650 3916 conferens
2679 3862 2740 3916 in
2769 3863 2948 3918 corde
2980 3880 3090 3919 suo
3133 3866 3299 3934 (Luc.
3340 3883 3401 3938 ιι,
3440 3869 3542 3940 19).
3570 3888 3599 3920 »
3641 3871 3735 3924 Sc-

292 3963 441 4014 cat:
475 3959 598 4024 Ego
641 3970 737 4009 me
784 3957 841 4010 et
877 3954 1137 4009 districta
1182 3953 1456 4024 discutio,
1501 3959 1557 4011 et
1612 3961 1816 4012 tamen
1868 3955 1964 4010 ille
2072 3949 2317 4021 quitur;

293 4061 490 4120 quem
513 4042 718 4098 videre
747 4057 868 4097 non
894 4041 1257 4111 valeo,\videt
1278 4042 1568 4098 subtiliter
1589 4047 1807 4100 cuncta
1829 4059 1965 4116 quae
2114 4040 2277 4092 Vsus.
2291 4038 2514 4107 13.1pse
2527 4039 2682 4094 enim
2698 4041 2858 4096 solus
2869 4046 3034 4106 est,et
3049 4057 3217 4098 nemo
3237 4043 3741 4116 adverterepotest

298 4150 445 4205 ago.
484 4131 790 4203 Sequitur:
827 4132 903 4186 Et
924 4131 1207 4201 probabit
1236 4146 1324 4188 me
1351 4133 1529 4204 quasi
1562 4147 1781 4188 aurum
1810 4133 1970 4204 quod
2077 4127 2490 4197 cogitationem
2504 4129 3749 4206 ejus.--Nunquidnamuousuntangeliho-

293 4239 419 4296 per
440 4224 637 4294 ignem
664 4222 902 4278 transit.
932 4252 1000 4261 —
1025 4224 1251 4277 Aurum
1281 4221 1343 4277 in
1372 4221 1612 4280 fornace
1633 4223 1706 4279 ad
1740 4229 1967 4279 natura:
2008 4256 2052 4310 Β
2083 4215 2297 4284 mines,
2319 4215 2538 4272 coelum
2555 4220 2612 4272 et
2625 4221 2798 4285 terra,
2826 4233 2928 4274 aer
2942 4223 2997 4274 et
3016 4221 3202 4275 maria
3224 4269 3231 4288 ,
3257 4226 3472 4279 cuncta
3485 4224 3747 4282 volatilia

304 4328 437 4369 sum
513 4309 842 4367 claritatem
911 4309 1166 4383 proﬁcit,
1243 4310 1390 4367 dum
1470 4316 1656 4368 sortes
1735 4312 1967 4370 amittit.
2008 4305 2044 4310 ⁷
2085 4310 2139 4362 et
2163 4305 2585 4378 quadrupedia
2605 4311 2785 4379 atque
2815 4310 3154 4381 serpentia?
3189 4313 3251 4366 Et
3277 4316 3430 4368 certe
3459 4314 3746 4388 scriptum

307 4401 498 4466 Quasi
525 4415 740 4455 aurum
784 4414 946 4469 ergo,
975 4397 1142 4472 quod
1185 4416 1294 4472 per
1334 4399 1535 4472 ignem
1585 4402 1811 4470 transit,
1842 4419 1977 4476 pro—
2087 4401 2195 4452 est:
2213 4419 2240 4445 «
2266 4396 2994 4455 Creavitutessentomnia
3015 4401 3408 4472 (Sap-I,l-’i).»
3437 4405 3585 4460 Cum
3607 4422 3749 4475 ergo

310 4491 497 4548 batur
525 4489 729 4546 anima
753 4489 1081 4561 justorum,
1109 4489 1331 4562 quibus
1377 4491 1689 4548 exustione
1736 4493 1978 4550 tribula-
2089 4495 2149 4550 in
2167 4511 2368 4551 rerum
2381 4499 2786 4553 creaturatam
2801 4497 3251 4566 multasint,cur
3277 4501 3434 4558 beati
3467 4503 3578 4558 viri
3606 4520 3751 4559 voce

314 4579 498 4637 tionis
528 4583 584 4635 et
631 4578 1064 4635 subtrahuntur
1111 4579 1274 4646 vitia,
1306 4583 1364 4636 et
1415 4580 1625 4638 merita
1663 4587 1978 4654 augentur.

321 4669 606 4742 Sequitur
624 4685 636 4724 :

397 4759 566 4824 Vsus,
600 4757 681 4812 ll.
715 4759 968 4828 Vestigia
1001 4761 1128 4828 ejus
1175 4765 1408 4815 secutus
1437 4766 1519 4816 est
1561 4775 1662 4830 pes
1703 4778 1885 4818 meus.
1917 4793 1985 4802 ———

323 4846 511 4914 Quasi
539 4846 790 4918 quidam
817 4862 1082 4919 namque
1109 4847 1205 4904 Dei
1227 4863 1465 4918 gressus
1494 4855 1650 4917 sunt,
1673 4850 1816 4922 ipsae
1835 4867 1988 4922 quas

325 4937 634 4994 cernimus
663 4938 793 5008 ejus
823 4937 1222 5010 operationes,
1253 4938 1476 5011 quibus
1506 4939 1702 4995 bonus
1734 4941 1990 5014 quisque

324 5025 650 5100 malusque
677 5027 919 5098 regitur,
936 5026 1158 5100 quibus
1179 5027 1322 5099 justi
1343 5029 1665 5102 injustique
1691 5031 1813 5086 suis
1839 5031 1995 5087 ordi-

326 5115 515 5173 nibus
544 5116 964 5188 disponuntur,
997 5116 1218 5188 quibus
1246 5121 1304 5173 et
1322 5117 1628 5188 subjectus
1645 5119 1900 5192 quisque
1917 5120 1998 5177 ad

330 5203 590 5262 meliora
605 5204 870 5277 quotidie
895 5205 1227 5272 ducitur,et
1263 5206 1556 5263 adversus
1587 5208 1665 5263 ad
1707 5208 2000 5266 deteriora

331 5309 625 5352 corruens
653 5294 953 5352 toleratur.
989 5299 1067 5351 De
1097 5295 1319 5368 quibus
1359 5297 1646 5352 nimirum
1697 5299 2002 5368 gressibus

332 5383 642 5454 Propheta
669 5383 908 5440 dicebat
939 5401 951 5437 :
1014 5407 1040 5435 ‹
1077 5383 1191 5438 Visi
1247 5388 1384 5440 sunt
1417 5401 1658 5455 gressus
1707 5387 1814 5453 tui,
1849 5389 2004 5442 Deus

337 5473 538 5539 (Psal.
560 5490 729 5542 vau,
757 5475 872 5544 25).
899 5495 928 5522 ››
957 5476 1073 5528 Nos
1103 5473 1303 5545 itaque
1334 5490 1471 5531 cum
1499 5476 1776 5532 virtutem
1807 5475 2011 5548 longa-

337 5563 635 5620 nimitatis
648 5567 827 5637 atque
844 5562 1079 5636 pietatis
1105 5563 1235 5634 ejus
1274 5564 1596 5632 intuemur,
1625 5571 1682 5623 et
1709 5567 2006 5624 intuentes

649 5653 878 5708 PATROI.
919 5651 1185 5708 CXXXIII.

2090 4600 2252 4640 nunc
2269 4584 2634 4655 dicitur,ipse
2659 4587 2812 4642 enim
2841 4588 3002 4642 solus
3025 4597 3106 4643 est
3125 4593 3152 4643 ?
3176 4589 3286 4645 Sed
3319 4590 3578 4648 aliudest
3601 4609 3752 4662 esse,

2093 4673 2254 4730 aliud
2268 4673 2670 4745 principaliter
2685 4674 3007 4742 esse,aliud
3021 4677 3268 4733 mutabil
3279 4678 3382 4734 iter
3398 4684 3576 4752 atque
3594 4681 3757 4738 aliud

2095 4762 2543 4818 immutabiliter
2559 4779 2706 4818 esse.
2727 4765 2874 4820 Sunt
2887 4763 3046 4819 enim
3059 4765 3183 4821 haec
3197 4768 3533 4837 omnia,sed
3547 4771 3760 4843 princi-

2097 4851 2310 4924 paliter
2328 4867 2451 4908 non
2474 4856 2632 4919 sunt,
2657 4853 2800 4926 quia
2822 4853 2884 4909 in
2917 4855 3250 4928 semetipsis
3281 4856 3526 4916 minime
3564 4861 3760 4918 subsi-

2103 4943 2281 5007 stunt,
2307 4944 2363 4996 et
2381 4940 2494 4996 nisi
2513 4957 2699 4996 manu
2722 4942 3113 5011 gubernantis
3140 4948 3474 5017 teneantur,
3501 4937 3629 5007 esse
3659 4967 3762 5007 ne-

2104 5047 2418 5103 quaquam
2443 5036 2719 5103 possunt.
2751 5033 2898 5089 Hinc
2928 5035 3089 5090 enim
3120 5037 3196 5092 ad
3221 5039 3482 5111 Moysem
3513 5039 3726 5095 dicitur
3751 5056 3762 5093 :

2109 5140 2140 5174 ‹
2161 5123 2284 5190 Ego
2315 5138 2451 5176 sum
2480 5122 2584 5193 qui
2616 5138 2773 5179 sum.
2801 5144 2828 5172 ιο
2887 5127 2987 5180 Et:
3042 5145 3071 5179 ς
3097 5127 3206 5191 Qui
3258 5135 3348 5183 cst
3377 5128 3536 5183 misit
3564 5143 3659 5181 me
3689 5127 3770 5181 ad

2110 5226 2220 5266 vos
2245 5211 2551 5281 (ExodJu,
2572 5211 2677 5282 14),
2707 5235 2732 5260 ››
2764 5213 3183 5283 cogitationem
3224 5217 3448 5288 quippe
3477 5215 3606 5283 ejus
3637 5215 3769 5273 nul-

2113 5300 2206 5356 lus
2223 5299 2450 5367 avertit,
2470 5300 2614 5373 quia
2630 5317 2810 5358 nemo
2831 5305 3100 5361 resistere
3123 5305 3252 5375 ejus
3276 5302 3521 5358 occultis
3532 5303 3773 5375 judiciis

2118 5389 2416 5462 praevalet.
2448 5394 2590 5446 Nam
2629 5396 2683 5447 et
2715 5409 2760 5447 SI
2783 5394 3035 5465 quidam
3061 5393 3321 5459 fuerunt,
3347 5392 3450 5464 qui
3473 5393 3547 5450 de
3572 5412 3778 5469 preca-

2122 5479 2382 5535 tionibus
2400 5480 2524 5536 suis
2553 5481 2683 5552 ejus
2713 5482 3133 5551 cogitationem
3161 5479 3482 5540 advcrtisse
3509 5486 3777 5542 videren-

2121 5573 2234 5636 tur,
2258 5568 2339 5625 ita
2351 5569 2517 5639 fuitej
2531 5568 2843 5624 usinterna
2855 5569 3151 5638 cogitatio,
3186 5575 3243 5625 uti
3270 5575 3622 5629 sententiam
3651 5575 3778 5644 ejus

3435 5661 3495 5714 10
