4146 6156
374 145 480 198 299

1433 137 1487 190 Β.
1531 134 1792 189 ODONIS
1823 129 2112 186 ABBA'l‘lS
2142 124 2642 182 CLUNIACENSIS
2682 124 2726 178 ll

3695 119 3812 176 300

373 269 638 322 avertere
679 260 1058 335 deprecando
1110 259 1460 332 potuissent,
1512 258 1674 314 etab
1707 258 1836 330 ipso
1868 270 2032 311 acce-
2065 255 2109 308 Α
2145 251 2516 307 imminentes
2531 249 2822 314 tenebras,
2843 262 2952 303 nec
2965 245 3179 315 faciem
3207 258 3396 298 meam
3418 245 3652 312 operuit
3669 245 3816 300 cali-

373 359 592 428 perunt
620 352 781 424 quod
807 353 1054 421 agerent
1085 350 1244 422 apud
1276 349 1498 422 ipsum.
1537 349 1698 404 lticat
1725 361 1867 418 ergo
1901 363 1912 400 :
1955 346 2032 400 Et

377 459 540 498 nemo
585 445 856 498 avertere
893 444 1084 509 potest
1113 439 1530 509 cogitationem
1576 440 1723 506 ejus,
1755 435 1900 508 quia
1944 449 2031 488 se-

373 530 492 588 mel
519 527 892 600 tixa'judioia
914 527 1130 587 mutari
1156 543 1548 600 nequaquam
1573 529 1844 599 possunt.
1873 523 2034 579 Unde

379 619 666 692 scriptum
697 623 821 674 est:
855 639 882 669 «ι
907 621 1273 689 Prteoeptum
1318 616 1518 688 posuit
1547 623 1603 671 et
1632 631 1754 671 non
1803 618 2038 686 printer-

371 708 478 764 ibit
507 708 948 774 (Psal.cx1.vm,
975 705 1048 776 ϐ).
1075 725 1100 757 ι
1149 705 1459 776 Sequitur:
1516 706 1591 759 Et
1641 705 1843 758 anima
1887 704 2034 771 ejus,

375 797 532 868 quod
565 797 772 865 voluit,
800 797 910 854 hoc
937 796 1100 864 fecit.
1126 825 1194 834 —-
1222 795 1369 848 Cum
1406 793 1476 848 sit
1525 793 1754 848 cunctis
1788 791 2039 846 exterior

375 885 698 958 corporeis,
731 883 960 942 cunctis
992 882 1296 939 mentibus
1326 882 1570 938 interior
1599 885 1774 950 Deus,
1807 897 1880 936 ea
1908 880 2038 952 ipsa

377 975 476 1030 via
526 974 657 1044 ejus
709 987 833 1046 qua
879 975 1149 1045 penetrat
1205 971 1432 1042 omnia,
1481 973 1696 1026 cuncta
1752 969 2037 1041 disponit,

379 1063 584 1120 anima
612 1061 768 1118 illius
824 1061 1178 1134 appellatur,
1205 1061 1377 1131 cujus
1426 1059 1700 1116 videlicet
1751 1059 2040 1128 voluntat,

324 1210 330 1216 ,
379 1167 491 1208 nec
530 1151 630 1207 illa
685 1149 1165 1222 obsistuntqure
1214 1153 1420 1205 contra
1472 1147 1842 1203 voluntatem
1889 1145 2042 1201 illius

377 1239 507 1296 ﬁeri
535 1239 830 1310 videntur,
858 1237 964 1310 qui
989 1239 1066 1294 ad
1113 1239 1227 1294 hoc
1271 1253 1715 1310 nonnunquam
1763 1234 2046 1309 permittit

379 1328 508 1384 ﬁeri
538 1327 720 1384 etiam
749 1327 916 1398 quod
957 1342 1081 1382 non
1137 1327 1438 1399 praecepit,
1472 1330 1533 1382 ut
1575 1341 1680 1398 per
1725 1325 1840 1380 hoc
1899 1323 2043 1378 illud.

381 1416 596 1473 certius
627 1414 947 1488 impleatur
975 1413 1142 1487 quod
1185 1415 1449 1486 jubctur.
1483 1419 1782 1486 Apostatte
1819 1412 2043 1484 quippe

380 1504 576 1576 angeli
605 1519 885 1576 perversa
910 1503 1186 1560 voluntas
1217 1507 1322 1570 est,
1358 1502 1464 1558 sed
1494 1508 1696 1558 tamen
1727 1518 1763 1558 a
1792 1503 1908 1556 Deo
1939 1500 2045 1556 mi-

2141 355 2236 411 go.
2265 338 2375 404 Qui
2404 337 2564 394 enim
2594 351 2831 410 semper
2860 333 3073 390 divinae
3099 332 3432 388 formidinis
3457 331 3702 405 pondus
3724 349 3818 389 as-

2143 428 2323 502 pexit,
2348 428 2477 499 ejus
2503 426 2700 482 cordis
2731 425 2944 481 faciem
2989 422 3181 492 caligo
3225 419 3455 494 peccati
3503 436 3626 477 non
3669 437 3816 495 ope-

2143 518 2278 588 ruit,
2308 521 2365 572 et
2388 517 2436 572 is
2463 531 2645 588 quem
2685 513 2976 588 supplicia
3005 510 3174 567 nulla
3203 508 3630 581 sequebantur,
3660 511 3819 566 salu-

2149 613 2262 662 tem
2313 605 2578 676 corporis
2631 609 2872 676 propter
2919 600 3300 656 imminentes
3359 598 3636 654 tenebras
3693 615 3816 655 non

2145 693 2366 751 alitisit.
2393 693 2670 765 Sequitur
2695 710 2707 746 :
2755 739 2763 746 .

2753 781 2981 833 CAPU'l‘
3025 777 3210 831 XXIV

2221 893 2388 946 Vens.
2433 894 2478 944 l.
2513 888 2604 943 Ab
2631 889 3046 956 Onmipotentc
3098 900 3217 939 non
3269 889 3407 938 sunt
3463 884 3817 940 abscondita

2149 987 2434 1050 tempora.
2467 979 2579 1046 Qui
2606 984 2801 1032 autem
2843 979 3134 1032 noverunt
3179 987 3331 1038 eum,
3360 975 3644 1044 ignorant
3695 975 3818 1030 dies

2150 1071 2432 1126 illius.—
2464 1067 2617 1134 Quid
2645 1069 2770 1121 dies
2818 1064 2931 1120 dici
2989 1063 3100 1120 nisi
3154 1063 3284 1136 ipsa
3341 1063 3469 1134 ejus
3524 1063 3821 1121 aeternitas

2151 1157 2534 1234 appellatur?
2559 1173 2694 1230 qurn
2727 1170 3168 1226 nonnunquam
3199 1152 3375 1206 unius
3407 1152 3523 1207 diei
3549 1168 3819 1224 pronun-

2153 1249 2394 1306 tiatione
2448 1246 2817 1320 exprimitur,
2855 1245 3004 1299 sicut
3061 1244 3347 1316 scriptum
3381 1248 3504 1297 est:
3567 1243 3822 1300 «Melior

2151 1343 2238 1394 est
2268 1338 2394 1393 dies
2424 1351 2542 1391 una
2569 1335 2627 1390 in
2661 1335 2825 1390 atriis
2851 1333 2962 1388 tuis
2976 1331 3350 1404 supcrmillia
3371 1331 3558 1400 (Psal.
3578 1331 3870 1398 mrum,’

2161 1426 2262 1496 lt).
2300 1447 2326 1474 »
2359 1427 2806 1494 Nonnunquam
2839 1437 2974 1475 vero
3025 1437 3132 1492 per
3159 1435 3332 1474 suam
3382 1417 3820 1487 longitudinem

2151 1516 2383 1572 dierum
2416 1511 2744 1568 multorum
2789 1509 3192 1582 appellatione
3241 1508 3530 1577 signatur,
3563 1507 3638 1562 de
3694 1507 3826 1580 qui-

378 1593 642 1652 Pﬂbmtel’
669 1592 1000 1662 ordiamur,
1030 1596 1093 1648 αῖ
1121 1591 1271 1664 ipsa?
1327 1608 1570 1664 quoque
1627 1592 1758 1662 eius
1813 1589 2044 1645 ίηείίηίθ
2078 1613 2117 1667 Β
2151 1604 2264 1660 bus
2298 1601 2584 1675 scriptum
2620 1606 2738 1656 est:
2779 1623 2800 1646 ‹‹
2840 1604 2899 1654 ln
2955 1597 3243 1653 saeculum
3295 1595 3498 1651 sarculi
3539 1597 3681 1652 anni
3737 1597 3824 1654 tui

381 1683 617 1742 utilitati
634 1683 938 1744 bonorum
968 1681 1244 1754 serviant,
1267 1698 1420 1755 quos
1447 1681 1766 1754 purgando
1797 1683 2040 1736 tentant.

386 1773 662 1848 Sequitur
685 1790 698 1828 :

455 1863 634 1918 Vens.
686 1865 770 1916 14.
823 1851 972 1918 Cum
1025 1862 1353 1931 expleverit
1411 1861 1473 1916 in
1535 1875 1628 1916 mc
1676 1861 2043 1916 voluntatem

381 1968 576 2018 suam,
602 1958 655 2008 et
687 1951 815 2008 alia
843 1951 1036 2008 multa
1056 1951 1274 2024 similia
1298 1955 1519 2019 praesto
1543 1955 1682 2005 sunt
1737 1951 1808 2005 ei.
1847 1980 1914 1988 —
1963 1949 2044 2002 Ac

385 2047 436 2100 si
465 2048 666 2116 aperte
695 2042 852 2098 dicat
877 2060 890 2100 :
921 2044 1053 2098 Jam
1084 2040 1394 2114 perpendo
1422 2057 1558 2113 quae
1589 2040 1802 2113 patior,
1835 2038 1940 2096 sed
1967 2038 2045 2094 ad

383 2134 512 2188 haec
542 2130 800 2190 formido
825 2147 960 2202 quae
990 2129 1115 2202 pati
1144 2145 1416 2202 possum.
1454 2129 1656 2202 Expiet
1681 2129 1841 2184 enim
1863 2129 1923 2184 in
1949 2143 2044 2183 me

384 2222 754 2280 voluntatem
807 2219 1172 2292 suam,quia
1234 2219 1432 2274 multis
1476 2236 1573 2274 me
1622 2215 2048 2292 persecutioni-

385 2313 500 2368 bus
531 2311 759 2381 afﬂigit,
795 2309 901 2366 sed
925 2311 1119 2365 multa
1147 2310 1371 2364 similia
1395 2315 1616 2378 praesto
1634 2314 1772 2363 sunt
1795 2310 1866 2377 ei,
1903 2306 2048 2380 quia

386 2401 556 2458 ferire
587 2400 637 2454 si
664 2398 901 2468 cogitat,
935 2397 1134 2454 adhuc
1163 2397 1384 2452 invenit
1442 2397 1540 2452 ubi
1573 2395 1754 2468 plaga
1798 2399 2042 2451 crescat.

387 2490 663 2561 Sequitur
687 2507 699 2542 :
1580 2520 1612 2534 ..

461 2579 635 2632 Vsus.
673 2581 757 2632 15.
789 2577 866 2636 Εἰ
899 2577 1122 2632 idcirco
1146 2591 1185 2631 a
1212 2576 1372 2644 facie
1416 2577 1544 2644 ejus
1575 2574 1851 2631 turbatus
1895 2591 2045 2636 sum.

391 2673 442 2723 el
476 2666 859 2722 considerans
890 2680 1019 2722 eum
1053 2666 1264 2720 timore
1281 2665 1594 2720 sollicitor.
1628 2652 1696 2704 3-
1725 2667 1876 2720 liene
1907 2681 1940 2720 a
1967 2663 2050 2720 fa-

391 2757 476 2812 cie
506 2754 738 2811 Domini
768 2753 1063 2822 turbatur,
1087 2755 1194 2827 qui
1223 2760 1506 2810 terrorem
1531 2753 2047 2825 majestatisillius,

401 2844 601 2902 cordis
631 2843 722 2902 sui
754 2842 1063 2903 obtutibus
1100 2843 1400 2916 proponit,
1434 2847 1490 2898 et
1530 2843 1659 2914 ejus
1687 2843 2052 2898 rectitudinis

2151 1693 2342 1764 (Psal.
2377 1707 2450 1756 Cl,
2482 1694 2593 1759 25).
2631 1712 2659 1737 ››
2694 1689 2813 1742 Nos
2847 1687 3046 1759 itaque
3105 1686 3258 1740 intra
3313 1689 3583 1758 tempora
3635 1685 3823 1740 volvi—

2151 1797 2308 1848 mur,
2337 1794 2442 1852 per
2467 1779 2581 1834 hoc
2633 1776 2798 1850 quod
2829 1782 3100 1832 creatura
3148 1791 3376 1828 sumus.
3416 1775 3568 1828 Deus
3617 1779 3822 1830 autem

2151 1872 2254 1946 qui
2280 1874 2511 1927 creator
2540 1872 2627 1923 est
2683 1867 2979 1934 omnium,
3015 1863 3336 1920 teternitate
3388 1879 3500 1919 sua
3550 1867 3825 1935 tempora.

2152 1965 2357 2016 nostra
2407 1954 2882 2028 comprehendit,
2939 1951 3081 2026 quia
3138 1952 3263 2024 ipse
3321 1950 3567 2024 quidem
3618 1957 3827 2007 nostra

2156 2043 2771 2121 comprehensibilitcr
2849 2041 3200 2114 conspicit,
3278 2057 3387 2094 nos
3469 2046 3669 2096 autem
3753 2055 3827 2096 ea

2152 2153 2287 2212 quae
2309 2137 2438 2208 ejus
2467 2137 2606 2189 sunt
2627 2130 3134 2205 comprehendere
3177 2127 3518 2185 nullatenus
3533 2128 3824 2185 valemus.

2157 2225 2269 2284 Sed
2295 2241 2431 2280 cum
2464 2227 2678 2278 natura
2707 2225 2858 2275 lteus
2885 2217 3136 2291 simplex
3160 2216 3252 2286 sit,
3281 2215 3626 2272 mirandum
3653 2215 3827 2272 valde

2155 2320 2242 2370 est
2271 2327 2376 2369 cur
2403 2311 2546 2368 dicit
2579 2330 2590 2366 :
2631 2313 2744 2379 Qui
2775 2315 3066 2366 noverunt
3117 2324 3246 2364 eum
3271 2305 3568 2379 ignora-nt
3599 2307 3722 2362 dies
3754 2309 3826 2362 il—

2159 2404 2292 2458 lius.
2327 2403 2526 2474 Neque
2565 2399 2722 2454 enim
2753 2397 2915 2452 aliud
2947 2398 3094 2470 ipse,
3123 2402 3302 2468 atque
3335 2393 3496 2451 aliud
3541 2393 3670 2450 dies
3697 2395 3828 2466 ejus

2157 2497 2313 2547 sunt.
2344 2493 2496 2546 Deus
2521 2503 2786 2560 namque
2816 2488 2928 2542 hoc
2959 2491 3042 2541 est
3089 2481 3256 2558 quod
3303 2483 3504 2552 habet,
3533 2484 3830 2542 eeternita-

2159 2586 2277 2636 tem
2306 2579 2529 2652 quippe
2557 2577 2760 2644 habet,
2792 2575 2895 2631 sed
2927 2577 3052 2646 ipse
3084 2579 3170 2629 est
3201 2571 3517 2628 aeternitas.
3553 2572 3704 2638 Quid
3738 2577 3831 2627 est

2158 2670 2358 2743 itaque
2389 2668 2603 2736 dicere,
2629 2667 2734 2738 qui
2764 2671 3055 2722 noverunt
3106 2679 3235 2720 eum
3263 2664 3545 2734 ignorant
3590 2663 3712 2719 dies
3755 2664 3830 2718 il-

2164 2759 2300 2824 lius,
2329 2756 2441 2812 nisi
2473 2756 2616 2828 quia
2669 2759 2723 2810 et
2756 2759 3127 2823 cognoscunt
3153 2769 3312 2817 eum,
3362 2756 3418 2807 et
3449 2749 3648 2806 adhuc
3701 2767 3832 2806 nus-

2163 2847 2372 2904 ciunt?
2405 2849 2550 2901 Nam
2581 2851 2635 2900 et
2665 2844 2769 2916 qui
2799 2843 3082 2914 cumjam
3115 2840 3232 2896 fide.
3256 2846 3475 2910 tonent,
3501 2837 3698 2896 adhuc
3723 2856 3834 2912 per

391 2950 615 3009 pavore
673 2933 1025 3000 concutitur,
1057 2933 1206 2990 dum
1251 2949 1314 2988 se
1369 2932 1662 2988 reddendi
1717 2933 2052 2989 rationibus
2093 2969 2132 3024 Ο
2167 2936 2429 3010 speciem
2453 2934 2756 3004 ignorant,
2784 2938 2840 2989 et
2869 2951 3006 2988 cum
3037 2932 3164 3006 ipse
3211 2931 3284 2986 sit
3316 2931 3609 2986 aeternitas
3641 2946 3832 3004 quam

391 3022 682 3096 conspicit
711 3023 997 3080 idoneum
1025 3037 1150 3078 non
1181 3037 1331 3092 esse,
1367 3022 1418 3077 si
1447 3022 1707 3078 districto
1731 3022 2050 3094 judloetur.

393 3117 562 3170 Recte
589 3116 790 3172 autem
819 3111 1052 3182 dicitur,
1084 3113 1158 3168 Et
1221 3113 1602 3168 considerans
1661 3125 1792 3168 eum
1849 3115 2058 3168 timore

391 3203 706 3271 sollicitor,
736 3200 843 3272 qui
895 3200 1114 3256 divinae
1157 3199 1697 3258 animadversionis
1747 3200 1870 3254 vim
1916 3215 2056 3256 cum

393 3289 640 3346 minime
665 3287 922 3360 quisque
967 3287 1322 3355 considerat,
1355 3287 1564 3343 minim
1595 3307 1605 3338 ε
1645 3287 1950 3353 iormidat,
2001 3291 2058 3342 et

395 3383 560 3434 tanto
590 3376 784 3446 magis
807 3375 870 3432 in
898 3375 1012 3432 hac
1041 3375 1162 3434 vita
1197 3376 1374 3448 quasi
1403 3392 1652 3432 securus
1676 3381 1786 3442 est,
1828 3379 2057 3449 quanto

395 3485 431 3524 a
461 3465 938 3524 consideratione
964 3465 1210 3522 internas
1235 3465 1618 3522 districtionis
1668 3465 1917 3521 alienus.
1956 3469 2054 3522 Se-

397 3556 599 3629 quitur
618 3571 630 3610 :

470 3647 641 3700 Vens.
671 3643 752 3700 16.
781 3644 939 3703 Deus
959 3644 1215 3700 mollivit
1236 3660 1340 3700 cor
1357 3659 1574 3714 meum,
1595 3651 1652 3700 et
1673 3645 2059 3714 Omnipotens

399 3733 778 3793 conturbavit
802 3747 912 3790 me.
937 3763 1006 3773 —
1026 3734 1112 3789 Ex
1132 3733 1337 3790 divino
1357 3748 1605 3789 munere
1623 3749 1726 3790 cor
1739 3734 1885 3805 justi
1913 3733 2060 3790 mol-

397 3825 451 3880 le
481 3823 717 3894 dicitur,
739 3822 885 3896 quia
912 3822 1154 3896 superni
1175 3822 1385 3894 judicii
1431 3822 1641 3880 timore
1693 3827 2055 3896 penetratur-

399 3912 564 3971 Molle
603 3915 692 3968 est
741 3911 959 3970 etenim
1013 3912 1181 3984 quod
1229 3912 1527 3984 penetrari
1573 3917 1786 3986 potest,
1839 3913 2059 3968 durum

399 4003 567 4078 quod
595 4001 895 4076 penetrari
921 4018 1045 4058 non
1075 4006 1290 4076 potest.
1325 4002 1496 4058 Unde
1525 4019 1633 4076 per
1677 4002 2061 4060 Salomonem

399 4093 615 4150 dicitur
643 4114 670 4143 α
697 4095 909 4152 Beatus
935 4092 1120 4150 homo
1145 4093 1250 4165 qui
1277 4108 1517 4165 semper
1533 4097 1624 4149 est
1650 4092 1928 4166 pavidus.
1953 4092 2066 4159 Qui

402 4197 538 4240 vero
567 4181 784 4238 mentis
829 4186 918 4237 est
959 4181 1146 4250 dum,
1177 4187 1414 4238 corruet
1460 4183 1522 4238 in
1569 4183 1797 4240 malum
1857 4184 2060 4254 (Prov.

399 4269 729 4340 xxvm,14).
747 4290 776 4318 n
793 4272 921 4326 Non
946 4275 1148 4326 autem
1169 4285 1398 4338 secura,
1423 4270 1529 4326 sed
1550 4271 1905 4328 conturbata
1926 4277 2068 4328 sunt

401 4357 586 4416 corda
613 4357 936 4424 bonorum,
967 4357 1112 4430 quia
1135 4358 1283 4414 dum
1305 4359 1485 4414 futuri
1510 4360 1802 4416 examinis
1821 4360 2066 4434 pondus

401 4443 802 4516 considerant,
821 4445 1084 4518 quietem
1111 4445 1207 4502 hic
1235 4446 1456 4503 habere
1485 4463 1607 4503 non
1637 4453 1944 4520 appetunt,
1973 4466 2065 4506 se-

403 4535 712 4595 curitatem
741 4550 914 4591 suam
946 4534 1326 4592 districtionis
1344 4536 1566 4593 intimae
1589 4537 2066 4595 consideratione

402 4622 776 4698 perturbant.
802 4623 1115 4696 Sequitur:

473 4715 639 4770 Vsus.
668 4713 751 4770 l7.
767 4715 902 4772 Non
925 4715 1080 4771 enim
1085 4715 1248 4785 perii
1254 4720 1510 4784 propter
1519 4715 1889 4774 imminentes
1907 4723 2066 4774 tene-

408 4804 676 4870 bras,nec
692 4804 732 4872 f
727 4805 910 4861 aciem
928 4819 1116 4862 meam
1131 4807 1364 4875 ope-mit
1381 4806 1595 4875 caligo.
1616 4837 1683 4845 —
1708 4805 1805 4862 Ille
1821 4807 1978 4863 enim
2006 4807 2067 4863 in

405 4889 644 4963 ﬂagello
659 4893 889 4964 positus
905 4909 941 4949 a
955 4893 1145 4950 salute
1156 4893 1424 4966 corporis
1437 4898 1677 4968 propter
1687 4895 2069 4954 imminentes

411 4978 685 5038 tenebras
701 4983 1211 5055 perit,quiidcirco
1240 5000 1351 5056 pro
1377 4985 1688 5042 transactis
1722 4989 2067 5060 percutitur,

408 5075 474 5128 ut
499 5086 537 5127 a
564 5067 778 5130 futuris
805 5071 1112 5145 suppliciis
1143 5073 1570 5132 abscondatur.
1607 5075 1862 5147 Flagella
1889 5077 2070 5150 quip-

408 5178 483 5235 pe
505 5159 811 5218 bonorum
841 5166 945 5220 aut
970 5162 1110 5220 vitia
1138 5168 1477 5236 perpetrata
1505 5172 1785 5238 purgant,
1815 5173 1919 5224 aut
1937 5184 2070 5240 quae

410 5258 691 5329 poterant
729 5251 1057 5328 perpetrari
1085 5252 1282 5310 futura
1323 5254 1607 5311 devitant.
1631 5256 1846 5312 Beatus
1871 5261 2073 5312 autem

409 5345 700 5419 Job,quia
731 5345 790 5400 in
817 5341 1053 5413 ﬂagello
1082 5343 1332 5415 positus,
1359 5360 1468 5400 nec
1501 5360 1538 5400 a
1563 5346 1820 5417 peccatis
1850 5362 2072 5418 prince-

387 5433 692 5495 .dentibus
723 5432 1114 5506 purgabatur,
1151 5449 1259 5487 nec
1291 5432 1369 5488 ab
1399 5432 1850 5488 imminentibus
1887 5439 2074 5504 tergo-

413 5521 612 5592 batur,
626 5521 732 5578 sed
752 5522 881 5591 ejus
902 5522 1320 5578 tantummodo
1336 5521 1396 5576 in
1419 5521 1655 5589 ﬂagello
1690 5522 1870 5578 virtus
1898 5539 2078 5595 auge-

412 5611 613 5680 bamr,
661 5611 1011 5668 tiducialiter
1035 5611 1213 5668 dicit:
1259 5613 1392 5670 Non
1433 5612 1586 5668 enim
1628 5595 1788 5682 perii
1825 5622 2078 5686 propter

2166 3025 2450 3082 veraciter
2482 3022 2800 3088 credimus,
2832 3019 3087 3095 qualiter
3140 3024 3338 3078 tamen
3393 3018 3466 3074 sit
3519 3018 3667 3092 ipsa,
3699 3018 3833 3092 ejus

2166 3117 2534 3188 ignoramus.
2569 3114 2844 3186 Sequitur
2867 3129 2880 3166 :

2236 3209 2406 3261 Vens.
2430 3208 2482 3260 '2.
2506 3204 2554 3259 A
2569 3206 2634 3258 lii
2651 3203 2932 3259 terminos
2956 3197 3424 3269 transtulerunt,
3446 3200 3836 3269 diripuerunt

2166 3309 2390 3366 greges,
2423 3299 2476 3350 et
2504 3295 2805 3362 paverunt
2833 3307 2944 3346 eos.
2979 3321 3045 3328 —
3078 3289 3237 3354 Quos
3277 3287 3532 3344 aliorum
3561 3286 3832 3359 nomine,

2167 3383 2279 3439 nisi
2310 3382 2616 3438 haereticos
2669 3380 2992 3450 designat?
3043 3377 3150 3452 qui
3193 3393 3228 3433 a
3279 3381 3496 3434 sanctae
3557 3375 3831 3434 Ecclesiae

2168 3473 2396 3542 gremio
2449 3471 2712 3527 extranei
2777 3469 3055 3525 existunt.
3117 3468 3234 3540 Ipsi
3309 3467 3470 3524 enim
3541 3467 3833 3522 terminos

2170 3561 2550 3631 transferunt,
2591 3559 2735 3632 quia
2764 3556 3214 3614 constitutiones
3259 3559 3499 3612 Patrum
3553 3555 3835 3630 praevari-

2170 3651 2366 3708 cando
2419 3647 2874 3713 transcendunt,
2900 3647 2975 3702 de
3031 3645 3256 3719 quibus
3309 3643 3836 3704 constitutionibus

2173 3740 2462 3813 scriptum
2490 3744 2612 3794 est:
2649 3760 2676 3788 «
2707 3739 2785 3792 Ne
2839 3735 3294 3806 transgrediaris
3345 3734 3630 3792 terminos
3688 3733 3838 3790 anti-

2171 3845 2346 3903 quos,
2380 3843 2534 3901 quos
2557 3829 2889 3901 posuerunt
2918 3829 3117 3898 patres
3150 3825 3232 3880 tui
3262 3825 3464 3894 (Prov.
3489 3837 3634 3891 xxxi,
3667 3823 3780 3896 '28).
3808 3845 3836 3872 »ι

2173 3919 2280 3986 Qui
2310 3933 2522 3988 greges
2553 3915 2927 3989 diripuerunt
2955 3915 3012 3970 et
3039 3918 3314 3988 pascunt,
3342 3913 3486 3990 quia
3527 3913 3840 3986 imperitos

2173 4022 2448 4082 quosque
2477 4005 2771 4081 perversis
2823 4003 2902 4060 ad
2945 4020 3006 4060 se
3039 4003 3539 4077 persuasionibus
3573 4001 3841 4074 trahunt,

2173 4103 2231 4155 et
2258 4096 2540 4154 doctrinis
2590 4094 2880 4170 pestiferis
2927 4093 3004 4150 ad
3046 4093 3412 4154 interticiend
3424 4110 3524 4150 um
3551 4092 3841 4150 nutriunt.

2174 4187 2448 4259 Sequitur
2473 4204 2484 4241 :

2245 4277 2416 4330 Vens.
2443 4273 2758 4330 3.Asinum
2777 4269 3152 4342 pupillorum
3181 4270 3522 4342 abigerunt.
3553 4275 3609 4326 et
3641 4268 3846 4326 abstu-

2177 4369 2378 4420 lerunt
2389 4377 2506 4432 pro
2532 4362 2789 4432 pignore
2813 4359 3012 4416 bovem
3034 4360 3250 4416 vidum.
3273 4389 3346 4399 —
3375 4359 3535 4426 Quos
3565 4355 3680 4414 hoc
3706 4356 3846 4414 loco

2175 4452 2436 4528 pupillos
2456 4451 2808 4524 accipimus,
2821 4449 2937 4505 nisi
2955 4449 3171 4506 electos
3189 4448 3288 4504 Dei
3307 4449 3368 4504 in
3392 4449 3606 4504 mentis
3627 4446 3845 4504 teneri-

2174 4542 2382 4599 tudine
2403 4539 2762 4616 ptositos,qui
2783 4553 3010 4609 magna
3030 4537 3169 4594 ﬁdei
3192 4538 3382 4609 gratia
3402 4537 3766 4605 nutriuntur,
3790 4542 3851 4593 et

2176 4632 2362 4706 patris
2383 4632 2475 4688 sui
2486 4632 2615 4704 jam
2637 4645 2747 4702 pro
2775 4646 2838 4685 se
2861 4627 3080 4684 mortui
3099 4627 3314 4684 faciem
3331 4627 3591 4684 necdum
3612 4626 3850 4683 vident?

2181 4725 2328 4780 Sunt
2342 4735 2609 4793 namque
2630 4717 2923 4786 nonnulli,
2946 4718 3052 4792 qui
3093 4717 3368 4796 quamvis
3399 4717 3513 4792 ipsi
3532 4732 3710 4788 agere
3733 4715 3852 4789 spi-

2179 4811 2372 4869 ritalia
2393 4813 2719 4883 nequeant,
2747 4807 2826 4864 ad
2853 4825 3092 4864 summa
3130 4811 3332 4864 tamen
3363 4805 3750 4864 tendentibus
3777 4803 3851 4862 li-

2177 4901 2388 4957 benter
2409 4897 2677 4954 subsidia
2701 4896 3302 4952 ministrant.Portare
3315 4896 3476 4952 enim
3494 4895 3700 4951 asinus
3712 4910 3854 4951 one-

2178 5005 2246 5046 ra
2275 4987 2594 5044 hominum
2626 4986 2790 5042 solet.
2817 4987 2998 5052 Quasi
3018 5001 3160 5056 ergo
3183 4985 3435 5058 quidam
3467 4985 3674 5041 asinus
3704 4983 3856 5040 elec-

2181 5084 2379 5136 torum
2407 5080 2514 5145 est,
2537 5075 2643 5150 qui
2681 5075 2922 5132 terrenis
2965 5073 3146 5130 rebus
3188 5073 3532 5130 deserviens
3574 5072 3857 5146 deportat

2181 5183 2368 5225 onera
2418 5165 2628 5223 usibus
2678 5165 3016 5222 hominum.
3069 5165 3136 5220 Et
3190 5179 3349 5238 saepe
3403 5179 3545 5219 cum
3593 5161 3857 5219 haeretici

2181 5255 2510 5330 quemlibet
2538 5255 2714 5312 talem
2731 5270 2766 5310 a
2779 5257 2998 5309 sanctae
3017 5252 3289 5308 Ecclesiae
3308 5252 3535 5323 gremio
3555 5253 3854 5320 avertunt,

2183 5348 2356 5422 quasi
2378 5345 2741 5420 pupillorum
2777 5344 3016 5400 asinum
3058 5343 3328 5413 abigunt.
3361 5343 3500 5406 Quae
3530 5346 3733 5398 autem
3774 5339 3861 5398 vi-

2183 5436 2460 5504 dua,nisi
2485 5441 2691 5492 sancta
2721 5432 2976 5488 Ecclesia
3006 5432 3186 5488 debet
3210 5429 3478 5502 intelligi,
3501 5448 3639 5506 qute
3673 5429 3858 5488 occisi

2183 5527 2290 5583 viri
2319 5526 2409 5582 sui
2439 5524 2674 5581 interim
2725 5523 2951 5580 visione
3007 5520 3240 5596 privata
3285 5524 3374 5577 est
3401 5520 3428 5576 7
3481 5522 3596 5576 Bos
3649 5527 3858 5582 autem

2186 5617 2369 5687 hujus
2397 5620 2486 5671 est
2512 5611 2705 5670 viduae
2747 5610 3165 5686 unusquisque
3194 5608 3568 5686 praedicator,
3596 5613 3656 5668 et
3695 5626 3859 5683 sape
