4154 6160
300 111 389 165 κοί
879 97 884 101 ⁷
1106 109 1406 167 EPITOME
1444 107 1821 165 MORALIUM
1860 106 1918 161 s.
1959 105 2161 163 GREG.
2206 110 2272 164 IN
2309 110 2453 168 JOB.
2491 143 2566 155 —
2603 118 2731 173 LIB.
2772 121 2903 176 xw.

3618 129 3724 187 302

296 229 590 299 contingit,
623 234 685 285 ut
715 230 973 287 haeretici
1026 232 1318 317 perversis
1372 233 1496 287 suis
1524 228 1933 325 dogmatibus,
1968 231 2026 283 Α
2059 232 2355 325 tollentes,
2383 235 2600 305 quibus
2630 254 2750 295 non
2770 247 2857 296 est
2905 246 3335 313 operimentum
3370 250 3433 306 in
3462 252 3716 325 frigore.

295 312 461 391 ipsos
482 319 664 375 etiam
692 320 797 391 qui
825 320 1238 392 praedicatores
1271 308 1648 385 videbantur,
1684 318 1921 374 trahant

301 410 507 464 Bovem
557 423 700 479 ergo
738 409 934 464 viduas
967 408 1265 477 auferunt,
1295 426 1434 465 cum
1482 410 1557 465 de
1588 413 1794 464 sancta
1842 410 1944 462 Ec—

300 495 491 560 clesia,
542 496 721 550 etiam
782 496 1206 567 praedicantem
1258 497 1491 567 tollunt,
1524 496 1629 553 ubi
1658 499 1812 551 recte
1861 500 1950 549 est

298 584 666 654 adjunctum,
692 584 963 653 pignore.
994 584 1211 654 Pignus
1240 601 1509 658 namque
1539 602 1677 640 cum
1708 583 1945 652 tollitur,

298 672 450 729 aliud
474 671 719 744 quidem
746 677 835 728 est
865 674 1025 745 quod
1079 679 1332 745 tenetur,
1365 674 1473 730 sed
1515 679 1717 730 tamen
1749 674 1949 729 adhuc

296 760 449 817 aliud
499 761 806 832 quaeritur,
858 768 914 817 et
944 762 1302 837 plerumque
1345 764 1481 820 ideo
1510 779 1613 819 eos
1658 767 1951 819 conantur

296 849 517 906 auferre
547 850 653 922 qui
698 850 1047 923 praedicant,
1078 858 1134 907 et
1183 869 1393 908 eorum
1447 853 1625 909 etiam
1658 868 1949 924 sequaces

299 938 548 994 trahant.
610 941 720 993 Pro
779 940 1030 1011 pignore
1087 957 1230 1011 ergo
1299 942 1405 996 bos
1462 941 1655 996 viduae
1712 940 1947 1006 tollitur,

293 1027 534 1101 quando
582 1027 804 1083 idcirco
853 1029 980 1101 ipse
1026 1031 1129 1101 qui
1183 1030 1489 1104 praedicat,
1537 1031 1833 1103 recipitur,
1887 1045 1952 1101 ut

300 1117 391 1174 alii
414 1121 766 1190 sequantur.
801 1120 1078 1191 Sequitur
1110 1138 1123 1174 :

355 1244 526 1298 Vens.
582 1243 635 1298 4.
669 1242 1099 1300 Subverlerunt
1161 1260 1493 1315 pauperum
1557 1246 1733 1314 vium,
1765 1250 1819 1301 el
1850 1261 1949 1314 op-

282 1337 636 1400 presserunt
662 1334 901 1400 pariter
918 1338 1253 1389 mansuetos
1273 1339 1470 1390 terrae.
1491 1365 1559 1373 —
1577 1333 1947 1406 Paupertatis

289 1436 553 1496 namque
575 1419 822 1476 nomine
854 1437 1010 1494 saepe
1040 1420 1345 1477 humilitas
1368 1422 1675 1493 designari
1696 1423 1866 1492 solet,
1891 1426 1947 1477 et

289 1524 726 1581 nonnunquam
773 1507 833 1564 hi
881 1509 983 1582 qui
1018 1510 1317 1567 mansueti
1357 1515 1536 1583 atque
1581 1510 1836 1567 humiles
1867 1509 1947 1564 vi-

2058 352 2125 360 ——-
2152 321 2312 379 Sicut
2355 326 2711 384 vestimenta
2770 346 3009 405 corpus,
3062 336 3145 392 ita
3176 337 3341 395 bona
3371 321 3721 417 opera'pro-

2060 415 2263 481 tegunt
2311 415 2599 476 animam.
2650 420 2812 474 Unde
2858 423 3101 481 cuidam
3151 427 3402 486 dicitur:
3442 454 3469 481 ‹‹
3502 415 3717 491 Beatus

2056 501 2161 571 qui
2206 502 2411 573 vigilat
2439 510 2495 562 et
2550 508 2807 565 custodit
2850 512 3205 573 vestimenta
3255 534 3365 577 sua
3412 536 3487 577 ne
3518 524 3719 579 nudus

2057 589 2326 682 ambulet
2376 594 2584 664 (Apoc.
2636 613 2758 664 xw,
2796 598 2899 670 15).
2938 623 2965 648 »
3018 601 3285 661 Haeretici
3334 608 3535 682 itaque
3580 629 3719 668 cum

2056 676 2117 731 iu
2147 682 2555 750 quorumdam
2587 684 2888 741 mentibus
2942 686 3105 746 bona
3136 705 3323 765 opera
3377 676 3715 772 destruunt,

2057 765 2343 825 nimirum
2374 770 2678 829 velamina
2706 773 3196 836 indumentorum
3238 782 3472 841 tollunt.
3513 765 3720 861 Operi;

2055 860 2327 944 mentum
2386 860 2611 933 quippe
2659 863 2737 918 ad
2784 864 3077 934 justitiam
3122 871 3388 942 pertinet,
3423 860 3610 944 frigus
3638 878 3718 934 ad

2055 943 2319 1017 culpam.
2352 951 2415 1002 Et
2443 955 2581 1005 sunt
2610 953 2881 1009 nonnulli
2900 956 3004 1027 qui
3030 956 3090 1013 in
3116 959 3489 1031 quibusdam
3513 943 3716 1021 rebus

2055 1040 2302 1105 peccata
2324 1036 2569 1109 faciunt,
2602 1038 2664 1095 in
2719 1042 3086 1114 quibusdam
3132 1060 3275 1105 vero
3323 1057 3484 1108 recta
3530 1067 3717 1126 opera

2056 1128 2407 1214 sequuntur.
2444 1126 2554 1192 Qui
2575 1143 2718 1198 ergo
2748 1142 2820 1186 ex
2848 1131 2978 1187 aliis
2998 1135 3229 1194 actibus
3286 1138 3596 1214 delinquit,
3624 1148 3714 1199 at-

2054 1228 2172 1283 que
2202 1228 2274 1268 ex
2298 1213 2428 1269 aliis
2453 1215 2620 1273 bona
2650 1220 2901 1291 peragit,
2924 1222 3072 1293 quid
3103 1224 3211 1281 iste
3239 1226 3356 1283 nisi
3406 1213 3714 1301 inifrigore

2052 1302 2296 1358 vestitus
2328 1304 2486 1375 alget
2508 1311 2566 1361 et
2592 1308 2853 1377 tegitur?
2875 1311 3026 1375 Quia
3055 1328 3128 1369 ex
3159 1315 3281 1371 alio
3294 1333 3472 1390 opere
3502 1319 3718 1377 ferves-

2054 1391 2130 1446 cit
2153 1478 2161 1480 _
2185 1392 2263 1447 ad
2317 1393 2631 1463 justitiam,
2663 1397 2768 1469 qui
2795 1414 2867 1453 ex
2902 1400 3018 1456 alio
3052 1402 3312 1473 frigescit
3340 1407 3418 1462 ad
3448 1408 3713 1480 culpam.

2056 1478 2168 1534 Sed
2199 1495 2337 1535 cum
2367 1481 2627 1538 haeretici
2658 1484 2879 1541 talibus
2919 1487 3083 1545 bona
3114 1505 3299 1563 opera
3330 1478 3713 1566 subtrahunt,

287 1597 519 1665 dentur,
546 1571 595 1652 si
624 1614 862 1653 servare
888 1571 1304 1655 discretionem
1330 1571 1620 1666 nesciunt,
1651 1599 1943 1672 exemplis
1986 1582 2026 1636 Β
2054 1574 2239 1637 agunt
2267 1585 2342 1625 ne
2357 1586 2430 1672 ,Ψ
2455 1571 2967 1672 ῂἸείῖτθἚδῙῗθθήί
2992 1592 3117 1649 quo
3142 1579 3488 1672 vestiantm“
3523 1588 3718 1643 Potest

288 1687 540 1747 aliorum
567 1686 809 1744 cadunt.
844 1689 1118 1760 Sequitur
1148 1706 1160 1743 :

359 1796 531 1853 Vsus.
565 1800 617 1855 ὅ.
655 1795 784 1851 Alii
810 1798 985 1866 quasi
1011 1798 1229 1867 onagri
1274 1798 1337 1852 in
1367 1798 1599 1855 deserto
1630 1799 1944 1868 egrediun-

287 1889 391 1938 tur
432 1884 515 1940 ad
559 1900 706 1954 opus
752 1900 947 1940 suum.
981 1917 1048 1925 -~
1079 1887 1315 1955 Onager
1354 1886 1516 1942 enim
1555 1887 1809 1957 agrestis
1860 1891 1950 1943 est

286 1972 512 2029 asinus.
538 1975 605 2026 Et
633 1976 789 2028 recte
833 1972 894 2027 in
923 1973 1039 2029 hoc
1066 1966 1197 2028 loco
1250 1974 1493 2045 onagris
1522 1979 1950 2047 comparantur

287 2059 576 2129 haeretici,
607 2060 748 2132 quia
764 2053 834 2116 in
859 2061 983 2116 suis
1013 2062 1422 2134 voluptatibus
1475 2064 1726 2134 dimissi,
1760 2081 1797 2120 a
1828 2065 1949 2119 vin-

290 2147 441 2203 culis
475 2148 611 2203 tidei
659 2155 715 2202 et
766 2149 1012 2206 rationis
1070 2155 1208 2205 sunt
1234 2150 1429 2206 alieni.
1468 2152 1629 2208 Unde
1661 2152 1947 2224 scriptum

286 2240 380 2290 est
413 2254 424 2295 :
464 2258 491 2285 «
521 2239 756 2305 Onager
787 2243 1060 2295 assuetus
1092 2238 1153 2295 in
1187 2239 1526 2305 solitudine,
1562 2241 1617 2297 in
1652 2241 1946 2298 desiderio

285 2324 504 2379 animae
549 2341 673 2379 suae
730 2326 969 2381 attraxit
1022 2332 1261 2382 ventum
1324 2330 1544 2384 amoris
1579 2330 1672 2384 sui
1704 2332 1846 2401 (λεν.
1878 2347 1943 2401 ιι,

283 2412 396 2483 24).
428 2434 456 2461 ιι
490 2415 618 2471 Non
671 2413 831 2469 enim
882 2414 1002 2482 Dei,
1055 2415 1163 2470 sed
1222 2432 1399 2473 suum
1443 2434 1596 2490 opus
1626 2423 1939 2489 peragunt,

284 2501 432 2561 dum
458 2517 584 2558 non
610 2505 764 2558 recte
794 2502 999 2574 [recte]
1017 2503 1328 2574 dogmata,
1363 2505 1469 2561 sed
1493 2506 1739 2577 propria
1779 2507 1940 2564 desi-

282 2590 447 2647 deria
478 2595 829 2663 sequuntur.
880 2591 1176 2667 Scriptum
1228 2593 1451 2667 quippe
1495 2599 1581 2651 est
1615 2612 1627 2651 :
1663 2618 1689 2644 ‹‹
1713 2596 1936 2653 Ambu-

278 2677 413 2734 lans
464 2678 531 2737 in
586 2678 684 2734 via
746 2679 1158 2745 immaculata,
1205 2681 1301 2736 hic
1364 2681 1509 2738 mihi
1564 2683 1944 2741 ministrabat

281 2766 470 2833 (Psal.
507 2784 561 2835 ε,
595 2767 669 2835 6).
706 2789 732 2816 ››
755 2768 1030 2841 Sequitur
1059 2785 1071 2824 :
1108 2770 1649 2843 Vigilanlesquead
1671 2774 1939 2844 prmium

276 2864 640 2927 pravarum
668 2872 883 2928 panem
918 2858 1144 2913 liberis.
1172 2890 1239 2898 —
1266 2858 1354 2915 Ad
1380 2859 1648 2932 praedam
1674 2861 1936 2931 vigilant,

278 2946 382 3016 qui
418 2944 615 3002 verba
661 2945 961 3019 justorum
988 2946 1069 3002 ad
1114 2947 1427 3020 proprium
1453 2964 1701 3005 sensum
1733 2966 1941 3023 rapere

276 3051 522 3108 semper
551 3039 865 3105 conantur,
885 3038 947 3093 ut
965 3051 1070 3107 per
1096 3037 1224 3092 luec
1246 3038 1540 3110 perversis
1558 3038 1695 3097 ﬁliis
1720 3055 1941 3111 panem

274 3124 492 3180 erroris
524 3129 756 3197 parent.
802 3127 878 3178 De
923 3140 1048 3197 quo
1095 3124 1364 3182 videlicet
1389 3142 1547 3199 pane
1577 3129 1740 3199 apud
1782 3129 1941 3187 Salo~

275 3229 534 3273 monem
564 3212 756 3269 verbis
786 3212 1053 3273 mulieris
1067 3215 1374 3288 pravitatis
1412 3216 1703 3273 haereticze
1731 3224 1941 3291 typum

274 3303 547 3371 gerentis
594 3301 810 3363 dicitur
859 3320 872 3358 :
922 3325 949 3352 ‹‹
981 3307 1167 3376 Aquas
1195 3304 1427 3361 furtivas
1458 3305 1754 3363 dulciores
1778 3313 1941 3379 sunt,

274 3397 331 3448 et
360 3391 549 3467 panis
573 3390 963 3453 absconditur
992 3393 1235 3451 suavior
1260 3396 1462 3462 (Prov.
1495 3411 1575 3465 ιχ,
1607 3400 1710 3469 l7).
1750 3421 1777 3446 ››
1838 3402 1937 3455 Se-

273 3480 479 3553 quitur
517 3498 530 3539 :

344 3590 527 3646 Vsus.
558 3592 611 3645 6.
645 3587 876 3659 Agrum
903 3605 1023 3645 non
1045 3605 1218 3646 suum
1238 3590 1563 3659 demetunt,
1594 3600 1647 3650 el
1706 3596 1937 3651 vineam

275 3677 405 3746 ejus
436 3690 616 3749 quem
646 3677 706 3732 vi
734 3684 1156 3747 oppresserunt
1214 3680 1601 3737 tendentium.
1633 3713 1702 3723 -—
1747 3686 1940 3739 Potest

275 3765 403 3836 agri
426 3765 681 3825 nomine
694 3765 1011 3837 Scriptura
1035 3783 1220 3823 sacrae
1238 3766 1493 3825 latitudo
1503 3769 1940 3844 signari,quam

271 3852 544 3913 hmretici
596 3867 721 3913 non
751 3868 927 3909 suam
974 3853 1301 3923 demetunt,
1334 3857 1479 3928 quia
1502 3873 1574 3913 ex
1611 3874 1684 3914 ea
1712 3865 1943 3916 senten-

272 3942 395 4001 tias
450 3942 635 4012 longe
689 3957 724 3996 a
755 3942 877 3997 suis
931 3943 1209 3998 sensibus
1237 3944 1506 4000 diversas
1540 3947 1773 4004 tollunt.
1799 3951 1943 4015 Quae

269 4031 473 4087 vinem
512 4044 757 4101 quoque
778 4029 1176 4103 appellatione
1234 4033 1606 4104 exprimitur,
1646 4036 1808 4108 quia,
1837 4052 1945 4109 per

268 4118 555 4179 veritatis
604 4119 953 4187 sententias,
1009 4120 1215 4176 botros
1244 4122 1530 4177 virtutum
1558 4124 1798 4195 profert.
1832 4126 1943 4182 Cu-

266 4209 369 4281 jus
397 4207 597 4267 vineee
628 4211 848 4276 tamen,
875 4207 939 4265 id
958 4214 1047 4264 est
1073 4209 1387 4282 Scriptura:
1415 4227 1617 4280 sacrae,
1669 4214 1942 4270 Condito—

269 4313 405 4359 rem
451 4295 634 4370 quasi
687 4296 743 4352 vi
796 4297 1167 4370 opprimunt,
1224 4298 1370 4371 quia
1416 4300 1548 4371 ejus
1605 4318 1851 4360 sensum
1879 4305 1944 4360 in
1974 4287 2027 4341 Ῑ)

273 4385 468 4443 verba
500 4384 657 4441 sacri
688 4384 909 4458 eloquii
937 4385 1236 4443 inﬂectere
1292 4387 1581 4446 violenter
1624 4397 1941 4449 conantur.

276 4475 391 4540 Qui
435 4473 627 4535 dicit:
669 4496 698 4527 α
733 4473 957 4533 Servire
1008 4492 1107 4531 me.
1156 4475 1342 4533 fecisti
1382 4477 1445 4533 in
1492 4481 1751 4551 peccatis
1804 4483 1940 4553 tuis,

274 4562 599 4637 prmbuisti
628 4563 779 4621 mihi
801 4562 1077 4625 laborem
1122 4564 1189 4622 in
1217 4565 1630 4638 iniquitatibus
1658 4570 1769 4626 tuis
1795 4573 1937 4637 (Isa.

276 4668 437 4725 xuii,
478 4653 598 4724 Ἃ).
624 4671 653 4705 δ
694 4656 751 4708 et
803 4652 1085 4711 eamdem
1128 4653 1367 4711 vineam
1410 4656 1803 4731 vindemiant,
1833 4660 1941 4733 qui

275 4756 351 4799 ex
377 4757 456 4805 ea
483 4740 918 4799 sententiarum
982 4741 1191 4799 botros
1243 4759 1355 4816 pro
1386 4761 1511 4801 suae
1539 4745 1942 4817 intelligentiae

275 4829 665 4903 professione
741 4835 1120 4888 coacervant.
1164 4834 1363 4890 Potest
1423 4835 1553 4904 agri
1607 4836 1697 4891 vel
1752 4837 1941 4894 vineae

275 4921 531 4979 nomine
567 4918 852 4979 universa
880 4920 1141 4978 Ecclesia
1183 4922 1425 4992 signari,
1456 4940 1645 4996 quam
1686 4928 1945 4999 perversi

274 5008 562 5069 doctores
590 5008 919 5081 demetunt,
951 5014 1008 5067 et
1034 5014 1342 5067 auctorem
1389 5012 1519 5082 ejus
1555 5014 1617 5069 in
1656 5017 1947 5073 membris

277 5098 402 5159 suis
426 5097 838 5172 opprimendo
862 5099 1257 5169 vindemiant,
1304 5101 1451 5183 quia
1486 5104 1778 5162 Creatoris
1807 5123 1945 5163 nos-

277 5187 350 5247 tri
378 5187 648 5258 gratiam
704 5194 1155 5263 persequentes,
1177 5189 1326 5247 dum
1377 5191 1683 5263 quosdam
1713 5194 1787 5250 de
1820 5195 1945 5267 illa,

277 5277 385 5349 qui
460 5276 610 5335 recti
681 5277 1045 5335 videbantur
1078 5322 1093 5347 ,
1162 5279 1467 5351 rapiunt;
1548 5281 1695 5353 quid
1782 5283 1946 5342 aliud

279 5378 478 5435 quam
523 5366 725 5439 spicas
780 5368 874 5422 vel
931 5367 1138 5423 botros
1187 5369 1529 5426 animarum
1579 5371 1807 5428 tollunt.
1846 5377 1946 5431 Se-

282 5454 493 5524 quitur
528 5471 542 5509 :
1030 5536 1035 5541 ἦ

356 5562 532 5616 γης».
566 5568 617 5618 7.
668 5563 877 5621 Nudos
930 5562 1241 5618 dimittunt
1290 5565 1557 5623 homines
1591 5569 1942 5627 indumenta

2055 1673 2195 1713 vero
2226 1673 2332 1730 per
2352 1659 2538 1729 frigus
2563 1661 2948 1734 desiderium,
2981 1682 3091 1739 per
3124 1671 3477 1729 vestimenta
3505 1690 3715 1748 opera-

2055 1747 2132 1803 tio
2160 1748 2482 1818 designari.
2505 1753 2568 1806 Et
2594 1757 2734 1808 sunt
2760 1753 3028 1828 plerique
3057 1757 3163 1830 qui
3192 1759 3392 1817 adhuc
3418 1747 3712 1834 perversis

2052 1835 2657 1921 desideriiszestuant,
2689 1842 2795 1897 sed
2820 1850 3028 1902 contra
3058 1861 3123 1902 se
3153 1848 3492 1921 spiritaliter
3511 1850 3715 1910 decer-

2054 1929 2264 1993 tantes,
2313 1919 2488 1984 re‘ctis
2547 1930 2659 1985 sibi
2714 1933 3000 2004 operibus
3041 1919 3404 2009 repugnant,
3447 1946 3505 1998 et
3531 1942 3712 1999 bonis

2056 2014 2287 2069 actibus
2314 2019 2525 2086 tegunt
2570 2019 2683 2075 hoc
2732 2022 2897 2092 quod
2928 2022 3233 2081 sinistrum
3262 2028 3374 2084 sibi
3425 2031 3712 2089 resultare

2055 2118 2161 2174 per
2186 2105 2571 2161 tentationem
2594 2108 2873 2165 sentiunt.
2908 2111 2976 2166 Hi
3007 2112 3210 2187 itaque
3222 2116 3385 2173 unde
3411 2119 3574 2176 mala
3603 2120 3719 2185 de:

2056 2191 2338 2255 siderant,
2372 2194 2511 2251 inde
2541 2195 2768 2265 algent:
2817 2199 2977 2256 unde
3028 2208 3228 2258 autem
3265 2205 3428 2261 bona
3459 2223 3711 2279 operan-

2056 2287 2167 2349 tur,
2200 2283 2339 2338 inde
2368 2284 2560 2341 vestiti
2586 2292 2744 2343 sunt.
2779 2292 2926 2344 Cum
2956 2306 3102 2347 vero
3129 2292 3387 2350 hatretici
3416 2298 3714 2367 perversis

2053 2365 2511 2436 allegationibus
2542 2376 2732 2439 rectae
2779 2372 2921 2429 fidei
2973 2375 3057 2430 eis
3109 2387 3295 2448 opera
3325 2365 3707 2450 subtrahunt,

2047 2455 2195 2526 quid
2225 2463 2414 2525 agunt
2441 2458 2555 2513 nisi
2576 2463 2641 2515 ut
2667 2460 2727 2515 hi
2756 2461 2863 2534 qui
2888 2463 3089 2520 adhuc
3117 2464 3554 2525 desideriorum
3578 2487 3710 2527 car-

2046 2544 2275 2611 nalium
2327 2546 2549 2617 frigora
2606 2550 2891 2621 sentiunt,
2944 2553 3071 2609 sine
3125 2554 3426 2615 bonorum
3463 2565 3710 2618 actuum

2046 2634 2399 2691 vestimento
2426 2637 2761 2694 moriantur
2786 2640 3110 2714 ?Sequitur
3142 2660 3156 2698 :

2122 2725 2284 2778 Vnus.
2314 2729 2369 2779 8.
2419 2726 2571 2792 Quos
2619 2728 2834 2785 imbres
2885 2734 3177 2789 montium
3233 2736 3463 2805 rigant,
3509 2743 3706 2795 etnon

2055 2812 2334 2868 habentes
2358 2816 2622 2871 velamen
2651 2820 3089 2887 amplexantur
3116 2824 3365 2892 lapides.
3384 2856 3452 2867 -—
3474 2828 3705 2884 Imbres

1980 2934 2020 2987 η
2050 2905 2189 2955 sunt
2212 2900 2530 2969 montium,
2564 2904 2749 2959 verba
2777 2905 3116 2964 doctorum.
3176 2914 3254 2966 De
3279 2913 3505 2984 quibus
3532 2932 3706 2972 mon-

2054 2989 2213 3043 tibus
2246 3005 2389 3044 voce
2420 2996 2642 3047 sanctae
2666 2992 2939 3049 Ecclesia
2975 2996 3192 3052 dicitur
3221 3014 3235 3053 :
3265 3020 3293 3049 σε
3330 3003 3546 3058 Levavi
3571 3020 3710 3060 ocu-

2050 3079 2140 3133 los
2170 3096 2339 3135 meos
2393 3081 2469 3136 ad
2527 3088 2763 3138 montes
2794 3084 2978 3154 (Psal.
3020 3101 3152 3152 (xxx,
3192 3088 3264 3158 1).
3295 3112 3323 3137 ››
3355 3090 3476 3145 Hos
3499 3091 3705 3164 itaque

2048 3167 2272 3223 imbres
2294 3169 2592 3226 montium
2647 3171 2865 3241 rigant,
2887 3173 3033 3245 quia
3079 3180 3425 3233 sanctorum
3456 3180 3705 3241 Patrum

2046 3256 2271 3312 ﬂuenta
2302 3257 2544 3315 satiant.
2588 3259 2865 3316 Velamen
2899 3267 3101 3320 autem
3146 3268 3211 3320 ut
3260 3265 3389 3336 jam
3430 3269 3707 3340 praedixi-

2046 3362 2204 3415 mus,
2235 3346 2378 3402 boni
2406 3348 2605 3419 operis
2632 3354 2871 3420 tegmen
2901 3353 3253 3426 accipimus,
3296 3372 3421 3428 quo
3448 3359 3709 3432 quisque

2048 3435 2280 3506 tegitur,
2306 3442 2368 3492 ut
2393 3442 2530 3492 ante
2554 3439 2983 3512 omnipotentis
3011 3443 3115 3499 Dei
3144 3444 3351 3501 oculos
3398 3448 3708 3520 pravitatis

2048 3525 2179 3595 ejus
2209 3524 2450 3581 foeditas
2477 3527 2801 3600 operiatur.
2837 3531 3002 3587 Unde
3024 3534 3314 3606 scriptum
3335 3542 3425 3592 est
3454 3554 3468 3592 :
3499 3558 3526 3587 ο(
3545 3539 3704 3595 Beati

2046 3629 2306 3686 quorum
2331 3616 2593 3671 remissae
2621 3623 2764 3675 sunt
2790 3618 3150 3692 iniquitates,
3184 3629 3246 3680 et
3262 3640 3525 3697 quorum
3553 3632 3709 3685 tecta

2047 3708 2185 3758 sunt
2213 3708 2461 3775 peccata
2493 3707 2677 3775 (Psal.
2700 3724 2861 3773 xxxx,
2889 3712 2958 3779 t).
2982 3733 3010 3758 »
3043 3713 3208 3775 Quos
3233 3718 3438 3770 autem
3457 3717 3704 3773 nomine

2047 3792 2340 3865 lapidum,
2364 3792 2475 3847 nisi
2532 3794 2711 3850 fortes
2757 3795 2911 3853 intra
2941 3804 3214 3856 sanctam
3246 3804 3570 3861 Ecclesium
3614 3806 3702 3863 vi-

2048 3896 2146 3935 ros
2179 3880 2527 3952 accipimus.
2563 3881 2791 3947 Quibus
2837 3898 2945 3955 per
2978 3886 3243 3957 primum
3290 3894 3593 3960 pastorem
3617 3894 3703 3949 di—

2052 3969 2237 4024 citur:
2267 3990 2294 4017 ‹‹
2324 3971 2390 4024 Et
2444 3984 2552 4023 vos
2605 3974 2897 4041 tanquam
2949 3972 3182 4043 lapides
3224 3977 3345 4031 vivi
3377 3980 3709 4050 superadi-

2051 4056 2317 4112 ﬁcamini
2344 4057 2406 4127 (Ι
2427 4057 2592 4112 Petr.
2619 4072 2677 4124 ιι,
2729 4059 2800 4128 5).
2836 4080 2862 4108 »
2892 4060 2963 4114 Hi
3006 4060 3229 4133 itaque,
3261 4065 3367 4137 qui
3410 4067 3487 4122 de
3541 4068 3707 4126 nullo

2052 4160 2231 4219 opere
2257 4161 2366 4200 suo
2396 4144 2726 4211 conﬁdunt,
2748 4147 2823 4203 ad
2842 4156 3187 4207 sanctorum
3210 4158 3545 4228 martyrum
3573 4174 3710 4232 pro-

2052 4235 2366 4292 tectionem
2398 4239 2663 4305 currunt,
2699 4242 2878 4310 atque
2908 4243 2987 4294 ad
3016 4256 3186 4297 sacra
3216 4258 3426 4300 eorum
3453 4261 3708 4321 corpora

2050 4323 2289 4381 ﬂetibus
2319 4322 2614 4393 insistunt,
2674 4329 3001 4400 promereri
3059 4346 3123 4385 se
3150 4333 3391 4390 veniam
3422 4334 3506 4391 eis
3533 4337 3712 4394 inter-

2052 4412 2401 4469 cedentibus
2453 4412 2870 4486 deprecantur.
2930 4417 3083 4483 Quid
3141 4435 3284 4491 ergo
3333 4422 3428 4480 isti
3480 4425 3541 4481 in
3589 4427 3709 4484 hac

2048 4502 2381 4559 humilitate
2455 4502 2697 4573 faciunt,
2776 4506 2890 4561 nisi
2970 4508 3114 4581 quia
3195 4509 3374 4568 bonae
3456 4515 3710 4572 actionis

2048 4593 2320 4650 velamen
2362 4608 2486 4648 non
2538 4594 2781 4662 habent,
2836 4595 3067 4667 lapides
3125 4601 3565 4672 amplexantur.
3610 4606 3710 4661 Se-

2049 4682 2254 4753 quitur
2278 4701 2291 4737 :

2122 4772 2291 4825 Vsus.
2321 4776 2373 4827 9.
2413 4772 2539 4826 Vim
2563 4773 2837 4840 fecerunt
2857 4774 3274 4843 denudantes
3294 4781 3615 4849 pupillum,
3650 4790 3707 4841 et

2054 4860 2298 4929 vulgmn
2324 4876 2647 4929 pauperem
2691 4863 3119 4932 spoliaverunt.
3192 4899 3209 4906 κ
3249 4869 3512 4928 Haeretici
3563 4890 3709 4931 vero

2052 4948 2468 5021 depraedantes
2496 4950 2755 5022 pupillos
2780 4952 2943 5008 viam
2972 4952 3217 5026 faciunt,
3240 4959 3385 5031 quia
3403 4964 3709 5019 contraiu-

2053 5039 2260 5094 ﬁrmas
2286 5039 2556 5094 ﬁdelium
2580 5045 2811 5097 mentes
2842 5043 3162 5101 verborum
3210 5053 3267 5103 et
3294 5061 3549 5123 operum
3582 5052 3706 5106 vio-

2052 5128 2233 5185 lentia
2262 5133 2633 5199 grassantur.
2660 5132 2881 5201 Vulgus
2909 5139 3111 5191 antem
3126 5152 3359 5210 pauper
3386 5142 3476 5193 est
3502 5137 3704 5192 indoc-

2054 5222 2148 5273 tus
2168 5217 2449 5290 populus,
2478 5218 2583 5293 qui
2613 5219 2663 5275 si
2688 5236 2863 5278 veras
2893 5224 3198 5297 sapientia
3255 5225 3489 5279 divitias
3516 5220 3705 5278 habe-

2050 5311 2159 5377 ret,
2215 5306 2635 5365 vestimentum
2688 5327 2813 5366 suae
2863 5312 3001 5368 ﬁdei
3030 5327 3153 5368 non
3180 5311 3490 5365 amitteret.
3525 5312 3707 5376 Quasi

2052 5395 2301 5468 quidam
2352 5397 2506 5453 intra
2558 5403 2829 5455 sanctam
2880 5399 3203 5455 Ecclesium
3235 5402 3538 5455 senatores
3568 5406 3707 5456 sunt

2054 5484 2177 5539 veri
2199 5485 2496 5553 doctores,
2519 5488 2623 5559 qui
2650 5504 2787 5542 cum
2813 5485 3123 5539 scientiam
3148 5482 3210 5537 in
3227 5485 3407 5541 corde
3428 5487 3708 5558 multipli-

2055 5578 2215 5646 cant,
2244 5575 2399 5631 veris
2420 5574 2584 5648 apud
2610 5591 2675 5632 se
2695 5571 2913 5629 divitiis
2943 5570 3277 5630 abundant.
3311 5574 3425 5632 Sed
3444 5575 3707 5631 heretici
