4128 6158
428 71 536 134 ’303

1477 61 1533 116 S.
1576 57 1834 116 ODONIS
1885 50 2180 112 ABBATIS
2231 49 2731 110 CLUNIACENSIS
2768 52 2814 108 ΙΙ

3723 59 3816 117 304

339 207 346 212 .
429 199 644 267 vulgus
668 204 1007 268 pauperum
1030 184 1384 260 exspoliant,
1407 182 1553 256 quia
1569 181 1778 238 doctos
1790 195 1915 237 non
1937 193 2083 268 prte-
2119 182 2170 238 Α
2196 173 2272 230 de
2300 175 2699 268 reproborum
2753 174 3044 248 injustitia
3089 172 3413 268 quasdam,
3469 190 3614 248 quas
3647 179 3818 240 inesse

429 265 649 352 valent,
669 265 951 339 inductos
981 291 1259 352 quosque
1289 290 1326 330 a
1354 271 1655 328 velamine
1695 269 1836 326 ﬁdei
1871 265 2085 341 prendi-

429 377 657 433 ca-tione
685 369 966 445 pestifera
993 365 1324 424 denudant.
1360 361 1636 435 Sequitur
1668 377 1680 416 :

499 469 665 519 Vrsas.
724 463 812 516 10.
842 458 1035 516 Nudis
1065 462 1120 514 et
1162 452 1570 511 incedentibus
1601 450 1822 520 absque
1845 446 2082 512 vestitu,

429 561 480 613 et
507 551 903 611 esurientibus
924 547 1194 604 tulerunt
1232 544 1449 614 spicas.
1478 572 1546 580 —
1573 533 1856 606 Quod’ait
1882 535 2080 601 nudis,

428 645 542 700 hoc
566 639 834 714 replicat,
867 637 1089 708 absque
1115 633 1349 690 vestitu.
1381 629 1495 687 Sed
1521 627 1686 684 aliud
1731 628 1820 681 est
1847 622 2082 714 nudum

428 752 578 805 esse,
611 731 778 790 aliud
804 729 1042 786 nudum
1063 725 1358 783 incedere.
1391 720 1597 776 Omnis
1627 718 1787 774 enim
1821 713 1926 805 qui
1971 726 2083 768 nec

425 803 592 884 bona
619 838 730 879 nec
785 819 949 875 mala
1000 818 1281 890 operatur
1308 810 1510 868 nudus
1557 812 1664 877 est,
1696 810 1754 862 et
1803 803 2034 861 otiosus
2066 817 2078 854 :

427 915 534 990 qui
563 917 764 983 autem
787 907 952 966 mala
979 905 1104 976 agit
1124 903 1324 960 nudus
1353 899 1595 969 incedit,
1627 896 1771 970 quia
1819 894 1968 990 sme-
1989 905 2083 990 ve:

426 984 649 1062 lamine
678 999 824 1056 boni
853 996 1052 1070 operis
1079 1009 1186 1068 per
1208 992 1316 1048 iter
1339 987 1648 1063 pravitatis
1680 985 1892 1059 pergit.
1938 984 2085 1040 Sunt

425 1111 568 1152 vero
599 1086 897 1154 nonnulli,
932 1083 1038 1158 qui
1080 1083 1234 1139 sacri
1285 1077 1507 1151 eloquii
1531 1076 1691 1132 dicta
1719 1071 2078 1138 desiderant,

426 1184 530 1258 qui
589 1179 821 1255 quoties
877 1178 1116 1231 Patrum
1176 1168 1501 1226 sententias
1543 1182 1654 1240 pro
1711 1159 2081 1258 aediﬁcandis

425 1251 726 1330 mentibus
781 1267 844 1322 in
901 1259 1257 1334 cogitatione
1286 1259 1548 1323 versant,
1605 1253 1779 1328 quasi
1813 1251 1888 1308 de
1917 1251 2081 1306 bona

425 1365 623 1431 segete
649 1356 848 1430 spicas
874 1354 1136 1427 portant.
1169 1347 1433 1405 Haeretici
1479 1345 1660 1415 igitur
1693 1341 1872 1431 nudis
1903 1344 1968 1431 et
1987 1339 2078 1394 in-

2195 263 2550 334 considerat,
2607 265 2816 338 culpas
2874 265 3130 338 percutit
3158 262 3504 333 electorum,
3549 271 3603 322 et
3638 272 3820 327 tamen

2193 359 2413 410 (eterna
2435 355 2663 426 justitia
2697 355 2868 412 ferire
2913 371 3037 411 non
3093 353 3340 424 negligit
3383 352 3719 424 injustitiam
3744 360 3818 416 fe-

2191 443 2494 499 rientium.
2529 446 2806 518 Sequitur
2839 462 2852 499 :

2261 535 2412 589 Vens
2471 533 2555 588 13.
2585 535 2714 603 Ipsi
2759 535 3016 604 fuerunt
3065 532 3311 590 rebelles
3337 533 3568 588 lumini.
3597 565 3662 574 -—
3707 536 3818 593 Ple-

2190 637 2448 694 rumque
2475 623 2758 695 perversi,
2811 628 2870 680 et
2897 626 3270 692 cognoscunt
3325 624 3487 677 recta
3513 638 3640 694 quae
3669 627 3820 698 sequi

2191 709 2470 779 debeant,
2497 715 2555 766 et
2580 715 2784 767 tamen
2829 709 2998 784 sequi
3033 708 3374 782 despiciunt
3419 725 3554 782 quae
3593 725 3822 782 cognos-

2191 803 2353 856 cunt.
2389 800 2622 856 Lumini
2651 815 2794 870 ergo
2823 799 3074 856 rebelles
3104 802 3260 867 sunt,
3302 797 3450 872 quia
3477 815 3583 856 sua
3605 799 3819 858 deside-

2189 888 2280 944 ria
2309 888 2639 961 sequendo,
2687 888 2917 945 bonum
2948 887 3285 960 despiciunt
3333 887 3498 960 quod
3531 895 3817 947 noverunt.

2193 977 2469 1050 Sequitur
2497 993 2508 1030 :
2536 978 2885 1034 Nescierunt
2938 981 3064 1034 vias
3113 979 3260 1046 ejus,
3309 992 3418 1033 nec
3445 979 3659 1034 reversi
3695 985 3818 1036 sunt

2187 1081 2298 1136 per
2325 1066 2562 1123 semitas
2594 1069 2740 1136 ejus.
2796 1097 2865 1106 —
2922 1066 3031 1132 Qui
3064 1065 3225 1122 enim
3257 1065 3422 1138 prius
3471 1065 3702 1123 sciendo
3738 1084 3820 1124 re-

2188 1153 2374 1210 belles
2414 1157 2573 1222 sunt,
2635 1153 3028 1226 p'ostmodum
3088 1157 3422 1226 sequuntur
3469 1158 3526 1210 ut
3554 1155 3818 1224 nesciant,

2191 1243 2341 1300 sicut
2377 1243 2451 1299 de
2504 1243 2872 1316 quibusdam
2923 1244 3210 1316 scriptum
3267 1248 3355 1300 est
3403 1261 3416 1298 :
3450 1265 3478 1292 ‹‹
3513 1243 3657 1310 Quia
3696 1261 3821 1301 cum

2189 1333 2615 1404 cognovissent
2671 1335 2878 1400 Deum,
2933 1349 3059 1389 non
3091 1333 3242 1389 sicut
3270 1337 3456 1389 Deum
3486 1332 3825 1402 gloriﬁcave-

423 1421 772 1508 cedentibus
825 1421 1056 1514 absque
1096 1437 1331 1498 vestitu,
1366 1439 1422 1492 et
1450 1430 1852 1490 esurientibus
1879 1428 2078 1502 spicas
2187 1425 2346 1514 runt,
2379 1426 2483 1477 aut
2507 1422 2728 1514 gratias
2754 1426 3003 1514 egerunt
3028 1421 3286 1514 (go-ml,
3318 1421 3430 1514 21}
3465 1443 3492 1472 ,,
3516 1421 3593 1514 De
3619 1423 3820 1495 quibus

421 1539 656 1605 tollunt,
689 1534 832 1607 quia
861 1509 982 1586 sive
1019 1527 1265 1602 quidem
1319 1523 1494 1579 otiosi
1537 1522 1671 1591 sint,
1717 1523 1773 1576 et
1809 1518 1871 1574 in
1898 1515 2078 1607 nullis
2115 1533 2160 1586 Β
2187 1509 2370 1607 paulo
2400 1515 2536 1582 post
2560 1509 2800 1607 additur
2829 1529 2841 1566 :
2877 1532 2902 1607 ξ
2931 1509 3345 1607 Tradiditillos
3374 1513 3529 1566 Deus
3555 1511 3615 1566 in
3636 1527 3822 1584 repro-

424 1645 486 1686 se
508 1624 686 1682 bonis
709 1605 1052 1690 exerceant,
1082 1632 1188 1672 seu
1230 1629 1338 1687 per
1364 1613 1476 1668 iter
1505 1607 1891 1684 impudentiae
1939 1605 2076 1662 abs-

423 1733 540 1792 que
562 1711 856 1770 velamine
884 1706 1032 1764 boni
1057 1703 1257 1778 operis
1286 1705 1559 1792 pergant,
1587 1699 1768 1792 etiam
1798 1696 1844 1752 si
1883 1711 2078 1792 quan-

423 1787 503 1864 do
529 1807 656 1878 jam
683 1801 760 1857 ad
805 1793 1215 1872 paenitentiam
1243 1791 1436 1848 redire
1485 1789 1753 1863 cupiunt,
1803 1791 1861 1842 et
1885 1787 2078 1878 pabu-

422 1875 550 1954 lum
575 1891 741 1949 verbi
785 1885 1238 1958 concupiscunt,
1289 1881 1374 1937 eis
1422 1877 1820 1935 esurientibus
1879 1875 2080 1948 spicas

421 1985 657 2051 tollunt,
687 1979 829 2052 quia
857 1977 920 2032 in
971 1988 1182 2030 eorum
1229 1973 1430 2026 mente
1459 1965 1809 2041 perniciosis
1839 1979 2082 2037 persua-

425 2073 695 2130 sionibus
749 2071 992 2124 Patrum
1023 2059 1348 2121 sententias
1377 2058 1709 2114 destruunt.
1761 2053 2076 2126 Sequitur:

466 2135 663 2219 'Vnns.
703 2164 788 2214 11.
817 2159 988 2213 Inter
1033 2167 1276 2210 acervos
1323 2165 1528 2205 eorum
1566 2145 1872 2202 meridiali
1917 2147 2079 2206 sunt,

423 2255 528 2326 qui
569 2249 818 2308 calcatis
868 2241 1274 2302 torcularibus
1323 2239 1557 2294 sitiunt.
1590 2267 1658 2276 -
1700 2237 1920 2326 Omnes

425 2317 695 2398 sanctam
775 2330 1102 2390 Ecclesiam
1187 2329 1648 2400 persequuntur,
1718 2321 1868 2395 quid
1917 2317 2082 2376 aliud

425 2445 612 2504 quam
665 2423 928 2482 torcular
979 2417 1260 2476 calcant?
1301 2414 1473 2482 Quod
1515 2412 1732 2504 divina,
1771 2409 2081 2504 dispensa-

422 2495 582 2576 tione
611 2515 710 2584 agi
752 2508 1128 2585 permittitur,
1155 2508 1221 2561 ut
1266 2504 1605 2560 animarum
1637 2499 1789 2556 botri
1818 2498 1879 2554 in
1910 2495 2080 2570 spiri-

424 2607 540 2664 tale
565 2605 772 2660 vinum
797 2597 1086 2664 deﬂuant,
1115 2609 1253 2667 quae
1284 2607 1464 2648 carne
1499 2587 1869 2661 corruptibili
1889 2589 2081 2642 exutae

429 2697 508 2754 ad
535 2709 723 2765 regna
754 2687 1015 2747 coelestia
1066 2683 1226 2740 velut
1261 2683 1324 2737 in
1357 2681 1651 2753 apotheca
1673 2681 1935 2734 currant.
1969 2675 2082 2730 Sed

423 2801 636 2844 omnes
673 2780 777 2855 qui
805 2779 992 2834 vitam
1020 2772 1292 2830 ﬁdelium
1341 2771 1803 2844 persequuntur,
1850 2765 2085 2855 calcant

429 2883 486 2934 et
536 2853 759 2943 sitiunt,
815 2866 960 2942 quia
987 2863 1095 2921 ~ad
1153 2859 1392 2932 agenda
1443 2857 1710 2916 crudelia
1764 2853 2084 2912 ferociores

427 2967 601 3037 ﬁunt,
659 2965 715 3017 et
767 2953 1088 3030 impietatis
1144 2967 1268 3007 suae
1313 2949 1540 3006 meritis
1587 2945 1815 3037 caecati,
1851 2961 1923 3002 eo
1960 2959 2085 3000 am-

427 3035 602 3114 biunt
657 3048 938 3122 graviora
991 3044 1208 3109 facere,
1243 3057 1367 3114 quo
1393 3041 1521 3112 jam
1561 3036 1772 3108 gravia
1793 3035 2080 3092 fecerunt.

429 3143 694 3203 Haeretici
722 3143 926 3196 autem
955 3148 1096 3192 cum
1124 3147 1231 3206 per
1265 3147 1328 3186 se
1351 3127 1783 3203 persecutionis
1827 3128 2082 3198 potesta-

428 3239 550 3290 tem
601 3245 724 3286 non
770 3225 1016 3290 habent,
1070 3219 1256 3290 hujus
1281 3216 1484 3273 saeculi
1515 3218 1786 3289 potentes
1812 3227 2082 3270 commo-

427 3324 590 3388 vent,
621 3326 954 3386 eorumque
977 3311 1208 3371 mentes
1239 3305 1316 3362 ad
1339 3302 1832 3378 persequendum
1861 3304 2084 3373 pertra-

429 3412 598 3470 hunt.
640 3411 698 3464 et
725 3402 947 3476 quibus
970 3397 1176 3456 valent
1208 3393 1699 3468 persuasionibus
1724 3389 2080 3447 accendunt.

433 3502 596 3566 Quos
629 3509 774 3551 cum
804 3486 1070 3547 crudelia
1101 3499 1278 3556 agere
1319 3486 1526 3538 contra
1545 3479 1973 3538 catholicorum
2003 3478 2086 3534 vi-

431 3594 556 3646 tam
595 3580 991 3655 conspiciunt,
1050 3572 1229 3648 quasi
1279 3571 1344 3628 in
1388 3571 1524 3644 ipso
1569 3568 1712 3626 solis
1741 3568 1972 3625 fervore
1998 3583 2084 3624 re-

429 3674 772 3751 quiescunt;
807 3665 1246 3751 δέίῐυίῑμιῗῆη
1284 3749 1296 3751 ,

499 3750 668 3803 Vens.
706 3747 788 3799 12.
821 3733 922 3796 De"
959 3734 1301 3796 civitatibus
1342 3733 1619 3804 fecerunt
1649 3733 1805 3788 viros
1831 3744 2078 3802 gemere.

430 3869 500 3880 -—
537 3835 689 3902 Quia
718 3830 983 3888 civitates
1035 3843 1074 3884 a
1101 3821 1556 3882 conviventibus
1595 3819 1833 3894 populis
1881 3817 2084 3892 appel-

428 3927 644 3992 lantur,
677 3936 801 3978 non
830 3915 1131 3974 immerito
1160 3913 1470 3970 civitatum
1499 3910 1743 3966 nomine
1763 3925 1918 3966 verae
1944 3907 2084 3963 Sunt

427 4015 570 4072 ﬁdei
598 4010 870 4070 Ecclesiae
899 4006 1245 4079 designatae,
1276 4019 1413 4076 qum
1459 4001 1522 4057 in
1576 3999 1826 4071 singulis
1869 3995 2083 4054 mundi

425 4105 696 4179 partibus
726 4099 956 4172 positae,
986 4110 1176 4151 uuam
1207 4091 1567 4150 catholicam
1589 4089 1834 4159 faciunt,
1862 4088 1924 4144 in
1960 4101 2083 4161 qua

425 4177 631 4250 fideles
658 4204 869 4256 omnes
895 4185 969 4241 dc
1009 4187 1133 4239 Deo
1158 4185 1322 4237 recta
1350 4181 1666 4236 sentientes
1711 4177 2083 4234 concorditer

426 4283 654 4338 vivunt.
701 4273 960 4333 Haeretici
1003 4271 1186 4342 igitur
1213 4269 1356 4342 quia
1385 4267 1680 4341 perversis
1712 4282 1870 4339 saepe
1899 4266 2080 4338 hujus

427 4369 642 4428 mundi
669 4363 1012 4440 potentibus
1040 4359 1435 4425 adhaerentes,
1463 4356 1767 4413 bonorum
1797 4355 2081 4412 socialem

425 4461 608 4518 vitam
636 4460 815 4528 atque
835 4448 1223 4509 concordiam
1250 4449 1711 4519 persequuntur,
1742 4449 1899 4501 recte
1919 4461 2081 4502 nunc

425 4549 658 4606 dicitur.
685 4545 772 4600 De
800 4539 1142 4599 civitatibus
1161 4537 1437 4607 fecerunt
1462 4535 1618 4591 viros
1645 4548 1896 4606 gemere.
1921 4536 2082 4600 Quos

424 4643 583 4696 recte
612 4637 675 4690 B.
711 4632 848 4699 Job,
881 4629 1037 4686 viros
1063 4629 1376 4692 memorat,
1408 4624 1552 4698 quia
1587 4623 1716 4680 illos
1740 4623 1934 4694 magis
1962 4623 2082 4680 hie-

425 4729 590 4786 retici
617 4725 996 4794 exstinguere
1021 4717 1322 4786 ambiunt,
1349 4715 1454 4790 qui
1476 4715 1750 4788 perfectis
1775 4715 2082 4786 gressibus

423 4833 533 4890 per
559 4815 718 4870 viam
749 4811 850 4868 Dei
903 4824 1027 4866 non
1079 4807 1242 4878 ﬂuxa
1267 4809 1326 4862 et
1349 4805 1660 4876 enerviter,
1693 4803 1799 4860 sed
1841 4803 2082 4860 viriliter

426 4907 692 4963 currunt.
728 4899 1004 4973 Sequitur
1035 4915 1048 4953 :
1083 4897 1160 4952 Et
1203 4896 1409 4952 anima
1456 4895 1908 4951 vulneratorum
1953 4895 2079 4951 cta-

424 4995 632 5062 mavit,
659 4997 714 5049 et
742 4992 903 5047 Deus
931 4987 1193 5044 inultum
1225 4985 1392 5041 abire
1420 4999 1538 5040 non
1561 4983 1820 5054 patitur.
1852 5016 1918 5024 —
1949 4982 2080 5038 Vul-

423 5087 667 5142 neratur
695 5078 920 5152 quippe
951 5074 1156 5132 anima
1177 5072 1502 5144 justorum,
1535 5087 1675 5128 cum
1697 5071 1850 5128 ﬁdes
1873 5071 2078 5128 turba-

424 5179 522 5231 tur
546 5171 947 5233 inﬁrmorum,
996 5161 1220 5238 quibus
1265 5161 1396 5232 jam
1424 5161 1540 5218 hoc
1567 5160 1770 5232 ipsum
1818 5159 2078 5216 clamare

425 5267 534 5333 est,
555 5260 630 5315 de
655 5259 850 5315 alieno
879 5255 1060 5328 lapsu
1114 5250 1437 5308 tabescere.
1492 5249 1606 5307 Sed
1634 5251 1791 5306 Deus
1816 5250 2078 5306 inultum

425 5351 592 5408 abire
622 5363 741 5402 non
764 5345 1022 5416 patitur,
1055 5339 1202 5416 quia
1229 5340 1337 5396 etsi
1365 5339 1590 5411 injusto
1621 5337 1828 5394 ordine
1859 5336 2078 5407 injuste

425 5435 652 5510 aliquid
711 5433 838 5487 fieri
884 5429 1186 5504 permittit,
1217 5428 1476 5484 inultum
1516 5431 1719 5483 tamen
1762 5425 1926 5480 abire
1953 5440 2077 5480 non

425 5528 564 5585 sinit
589 5523 904 5596 injustum,
935 5521 1102 5594 quod
1128 5519 1258 5576 ﬁeri
1284 5516 1558 5592 permisit
1585 5517 1801 5586 injuste
1831 5514 1974 5587 quia
2022 5519 2078 5570 et

2123 2889 2163 2944 C

2114 4005 2126 4016 ο
2193 3999 2382 4070 (Psal.
2432 4014 2492 4070 ν,
2543 3998 2616 4071 5).

2119 4236 2165 4292 D

2187 1599 2337 1654 bum
2405 1614 2670 1666 sensum,
2737 1603 2804 1656 ut
2870 1599 3092 1656 faciant
3153 1615 3224 1655 ea
3301 1615 3438 1672 quae
3521 1615 3643 1656 non
3697 1616 3822 1656 con-

2186 1687 2435 1743 veniunt
2465 1687 2648 1758 (Rom.
2678 1705 2720 1758 ι,
2741 1691 2851 1760 28).
2875 1711 2902 1738 »
2933 1687 3254 1758 Angustior
3276 1693 3368 1744 est
3391 1688 3615 1760 quippe
3635 1688 3828 1744 semita

2186 1791 2373 1849 quam
2431 1775 2550 1832 via.
2613 1776 2723 1842 Qui
2773 1780 2975 1832 autem
3029 1776 3192 1832 bona
3239 1776 3644 1833 manifestiora
3666 1792 3826 1848 agere

2189 1867 2601 1930 contemnunt,
2624 1879 3013 1938 nequaquam
3042 1863 3120 1920 ad
3137 1863 3828 1936 subtilioraintelligenda

2187 1953 2562 2026 perveniunt.
2597 1953 2970 2026 Exspectavit
3025 1953 3612 2026 omnipotens_Deus,
3647 1959 3705 2010 ut
3733 1969 3829 2027 per

2190 2042 2320 2114 ejus
2374 2042 2616 2099 semitas
2663 2047 2998 2116 pergerent,
3050 2043 3155 2098 sed
3202 2043 3436 2100 utinam
3477 2059 3582 2117 per
3610 2061 3705 2101 eas
3747 2043 3832 2099 vel

2188 2131 2400 2187 reverti
2423 2130 2768 2200 voluissent,
2826 2137 2890 2188 ut
2917 2131 3052 2188 vitae
3099 2131 3310 2189 itinera
3337 2149 3478 2205 quae
3533 2133 3832 2190 noluerunt

2188 2235 2297 2294 per
2325 2219 2754 2292 innocentiam,
2785 2221 2981 2278 saltim
3003 2237 3110 2294 per
3128 2221 3548 2294 poenitentiam
3565 2227 3828 2278 tenerent.

2193 2308 2470 2381 Sequitur
2503 2325 2516 2363 :

2262 2399 2429 2452 Vens.
2456 2397 2542 2452 14.
2573 2399 2754 2456 Mane
2772 2401 2973 2469 primo
2995 2401 3303 2471 consurgit
3325 2399 3646 2469 homicida,
3672 2400 3834 2456 inter-

2187 2488 2315 2567 ficit
2345 2501 2593 2558 egenum
2648 2495 2700 2544 et
2743 2503 3088 2560 pauperem,
3127 2504 3244 2560 per
3295 2496 3530 2546 noctem
3563 2505 3695 2546 vero
3732 2490 3833 2546 erit

2191 2577 2366 2650 quasi
2392 2577 2524 2646 fur.
2555 2608 2626 2616 —
2657 2579 2805 2634 Cum
2833 2577 3138 2634 homicida
3164 2579 3227 2634 in
3257 2594 3404 2635 nece
3439 2579 3835 2652 proximorum

2192 2676 2300 2740 per
2325 2669 2688 2722 nocturnum
2714 2667 2977 2723 maxime
3005 2667 3308 2723 silentium
3338 2668 3536 2725 soleat
3574 2667 3832 2739 grassari.

2192 2767 2298 2808 cur
2325 2753 2440 2809 hoc
2468 2753 2531 2809 in
2557 2753 2691 2810 loco
2721 2770 2900 2811 mane
2929 2755 3126 2828 primo
3148 2771 3522 2826 consurgere
3568 2755 3646 2813 ad
3674 2755 3839 2812 inter-

2190 2839 2519 2898 ﬁciendum
2547 2856 2806 2912 egenum
2866 2847 2924 2900 et
2946 2859 3280 2917 pauperem
3326 2843 3574 2915 dicitur,
3600 2843 3660 2900 in
3684 2848 3844 2900 nocte

2192 2945 2336 2986 vero
2379 2929 2558 3002 quasi
2611 2929 2706 2986 fur
2752 2947 2884 2988 esse
2911 2931 3256 3004 perhibetur
3280 2932 3308 2988 ?
3338 2933 3464 2990 Sed
3490 2933 3634 3008 ipsis
3657 2933 3844 2990 litterae

2193 3018 2343 3075 dum
2391 3018 2504 3075 sibi
2535 3035 2658 3076 non
2715 3025 3056 3090 congruunt
3122 3020 3202 3076 ad
3231 3021 3593 3094 indaganda
3623 3023 3846 3098 spiritus

2195 3111 2421 3164 secreta
2471 3123 2845 3165 revocamur.
2898 3110 2963 3164 In
2997 3109 3298 3182 Scriptura
3336 3127 3518 3169 sacra
3546 3127 3722 3170 mane
3751 3111 3842 3168 ali-

2193 3197 2442 3270 quando
2487 3197 2781 3255 adventus
2837 3198 3159 3256 Dominicae
3215 3199 3650 3259 incarnationis
3699 3201 3842 3258 desi-

2195 3289 2431 3356 gnatur,
2489 3291 2556 3342 ut
2605 3287 2752 3342 illud
2776 3287 3084 3360 prophetae
3118 3305 3131 3343 :
3163 3311 3192 3338 ‹‹
3223 3289 3396 3346 Venit
3424 3307 3606 3348 mane
3636 3296 3691 3348 et
3732 3305 3842 3346 nox

2197 3375 2336 3442 (Isa.
2376 3392 2496 3443 xxx,
2538 3377 2644 3447 12).
2682 3399 2710 3426 ››
2744 3377 2896 3442 Quia
2924 3381 2982 3433 et
3031 3392 3204 3434 novae
3246 3377 3404 3434 lucis
3435 3379 3764 3454 primordia
3789 3379 3845 3435 in

2194 3463 2604 3536 Redemptoris
2647 3464 2829 3520 nostri
2858 3464 3175 3538 praesentia
3204 3465 3524 3537 fulserunt,
3558 3475 3616 3525 et
3656 3471 3844 3525 tamen

2194 3568 2232 3609 a
2276 3557 2730 3625 persecutorum
2783 3553 3068 3611 cordibus
3123 3571 3248 3612 suae
3277 3557 3558 3629 perfidia:
3600 3557 3847 3616 tenebrae

2193 3657 2318 3698 non
2344 3646 2486 3698 sunt
2512 3641 2783 3700 detersa.
2813 3642 3156 3717 Aliquando
3187 3645 3491 3703 adventus
3535 3649 3666 3720 jam
3693 3645 3846 3704 terri-

2193 3730 2330 3787 bilis
2375 3735 2430 3787 et
2467 3729 2716 3788 districti
2765 3732 3006 3804 judicis.
3068 3735 3134 3790 Ut
3161 3733 3312 3790 illud
3347 3754 3418 3792 :«
3469 3739 3538 3792 In
3566 3735 3848 3794 matutino

2191 3818 2623 3876 interﬁciebam
2645 3835 2857 3877 omnes
2887 3815 3228 3894 peccatores
3256 3826 3431 3890 terra
3452 3825 3642 3896 (Psal.
3665 3839 3848 3892 cxvm,

2194 3908 2267 3980 8).
2295 3929 2322 3958 ››
2381 3910 2448 3964 Et
2500 3907 2646 3964 illud
2699 3926 2712 3964 :
2760 3912 2987 3968 «Mane
3037 3909 3250 3967 astabo
3326 3913 3460 3984 tibi,
3517 3918 3578 3970 et
3649 3911 3851 3970 videbo

2683 4021 2711 4050 »
2765 3999 3107 4072 Aliquando
3161 4016 3306 4057 vero
3355 4003 3682 4076 praesentis
3729 4002 3851 4058 vitae

2192 4087 2560 4160 prosperitas
2591 4087 2736 4160 poni
2763 4089 3088 4159 consuevit,
3120 4089 3272 4146 sicut
3315 4108 3432 4165 per
3473 4093 3852 4151 Salomonem

2194 4177 2410 4234 dicitur
2443 4194 2456 4232 :
2489 4195 2516 4228 ε
2541 4179 2638 4232 Vae
2669 4181 2836 4233 terra:
2863 4179 3036 4250 cujus
3063 4194 3170 4234 rex
3220 4183 3310 4237 est
3357 4199 3543 4256 puer,
3601 4188 3660 4240 et
3690 4181 3852 4254 cujus

2193 4265 2494 4339 principes
2529 4280 2709 4322 mane
2735 4266 3061 4323 comedunt
3105 4267 3326 4338 (Eccle.
3359 4287 3425 4344 x,
3464 4272 3577 4344 16).
3599 4294 3628 4323 »
3677 4269 3854 4342 Scrip-

2189 4360 2318 4412 tum
2350 4359 2438 4412 est
2465 4354 2654 4410 enim:
2681 4377 2709 4404 «
2737 4355 2942 4411 Omnis
2963 4355 3068 4429 qui
3097 4355 3494 4417 oditfratrem
3527 4377 3727 4431 suum,
3753 4361 3853 4416 ho-

2189 4443 2412 4501 micida
2451 4447 2540 4500 est
2569 4443 2630 4514 (Ι
2650 4445 2827 4500 Joan.
2861 4460 2941 4513 In,
2973 4445 3081 4517 15).
3114 4469 3143 4496 ››
3193 4449 3362 4504 Mane
3418 4449 3630 4524 itaque
3669 4449 3852 4523 primo

2189 4533 2498 4605 consurgit
2525 4533 2851 4602 homicida,
2878 4533 3023 4606 quia
3046 4534 3108 4590 in
3129 4539 3452 4610 praesentis
3485 4541 3622 4598 vitae
3675 4537 3856 4610 gloria

2189 4639 2504 4697 perversus
2527 4621 2784 4696 quisque
2804 4621 3065 4693 erigitur,
3084 4629 3141 4681 et
3164 4623 3415 4683 illorum
3435 4628 3566 4685 vita
3581 4625 3854 4702 deprimi-

2192 4715 2306 4784 tur,
2337 4711 2443 4785 qui
2496 4711 2645 4767 dum
2695 4715 3046 4785 sequentem
3111 4712 3374 4784 gloriam
3407 4717 3646 4789 sitiunt,
3691 4712 3857 4790 quasi

2191 4801 2392 4858 satiari
2421 4801 2482 4857 in
2511 4817 2757 4874 vespere
2785 4801 3124 4875 exquirunt.
3158 4803 3397 4861 Pravus
3433 4807 3663 4864 etenim
3703 4804 3857 4879 quis-

2189 4907 2308 4964 que
2345 4891 2406 4946 in
2437 4891 2552 4948 hoc
2581 4891 2813 4948 mundo
2850 4891 3202 4962 dignitatem
3257 4896 3631 4953 transitorim
3671 4898 3860 4970 potes-

2190 4979 2324 5036 tatis
2353 4979 2662 5052 arripiens,
2691 4984 2856 5038 tan‘to
2886 4997 2948 5037 se
2979 4980 3060 5038 ad
3079 4983 3443 5054 peragenda
3473 4984 3643 5042 mala
3671 4983 3858 5042 acrius

2189 5068 2414 5137 dilatat,
2487 5075 2716 5142 quanto
2787 5086 2894 5144 per
2963 5070 3266 5128 charitatis
3319 5073 3564 5132 viscera
3632 5073 3858 5132 nullum

2189 5163 2370 5215 amat.
2442 5158 2602 5216 Totis
2661 5161 2822 5217 enim
2875 5159 3344 5231 cogitationibus
3401 5168 3623 5222 contra
3677 5164 3858 5219 bonos

2189 5248 2375 5320 saevit,
2405 5253 2463 5304 et
2507 5248 2863 5306 innocentiae
2905 5249 3093 5306 vitam
3126 5249 3442 5310 interimit.
3483 5255 3612 5310 Per
3640 5258 3858 5310 noctem

2187 5350 2324 5394 vero
2355 5337 2470 5392 erit
2497 5339 2674 5408 quasi
2697 5339 2824 5406 fur.
2878 5337 2942 5392 In
2992 5342 3166 5395 nocte
3194 5337 3436 5414 quippe
3468 5338 3858 5398 tribulationis

2187 5427 2244 5479 et
2279 5423 2686 5480 delectationis
2720 5441 2845 5480 suae
2873 5425 2981 5480 etsi
3013 5442 3294 5483 exercere
3325 5429 3706 5486 crudelitatis
3745 5442 3860 5485 ma-

2185 5529 2335 5570 num
2363 5529 2485 5569 non
2519 5513 2695 5587 valet,
2725 5515 2810 5570 eis
2865 5520 3068 5572 tamen
3123 5532 3290 5590 quos
3339 5519 3678 5590 praevalere
3735 5531 3866 5574 con-
