4128 6158
254 206 263 219 ι
326 183 438 238 305
1180 175 1477 232 EPITOME
1516 173 1879 234 MOBALIUM
1920 171 1974 226 S.
2018 170 2221 229 GREG.
2263 178 2329 232 IN
2368 178 2515 236 JOB.
2555 212 2627 222 —
2663 184 2795 237 LIB.
2833 186 2964 240 XVI.
3683 184 3787 237 306

322 296 527 370 spicit,
559 290 818 349 consilia
864 292 1273 364 perversitatis
1319 293 1691 364 praebet,huc
1736 291 1995 362 illucque
2043 289 2092 343 Α
2122 293 2296 361 quasi
2328 311 2551 354 aurora
2581 301 2992 369 consurgens?
3023 301 3220 371 (Cant.
3255 315 3333 370 v1,
3359 300 3439 371 9.)
3465 321 3493 349 »
3526 303 3656 366 Quo
3678 297 3785 367 igi-

317 383 630 451 discurrit,
661 385 720 436 et
748 396 1027 453 quaeque
1066 381 1295 453 poterit,
1328 380 1388 437 in
1418 382 1721 439 bonorum
1765 380 2009 438 laesione
2120 384 2214 435 tur
2236 382 2438 452 justus
2470 387 2726 460 quisque
2761 388 2997 459 justitize
3047 388 3177 444 luce
3209 388 3509 443 irrudians
3534 388 3598 442 in
3627 402 3783 458 prae-

316 473 615 545 suggerit.
652 467 983 542 Sequitur:
2119 470 2267 526 senti
2286 472 2410 529 vita
2439 474 2769 531 honoribus
2798 475 3221 545 sublimantur,
3264 492 3337 531 eo
3367 479 3503 531 ante
3536 490 3779 547 perver-

392 567 573 618 νεεδ.
606 561 690 615 15.
730 558 966 614 Oculus
996 559 1266 615 adulteri
1284 559 1556 617 observat
1586 562 1899 633 caliginem
1926 560 2011 615 di—
2118 571 2323 614 sorum
2345 562 2555 618 oculos
2584 564 2839 620 tenebrae
2870 564 3077 618 mortis
3107 562 3280 633 ﬁunt,
3316 563 3459 636 quia
3496 562 3602 633 qui
3647 577 3780 632 pcr-

313 668 497 711 cens:
530 652 668 706 Non
700 663 798 704 me
843 648 1074 703 videbit
1102 650 1328 705 oculus.
1354 682 1422 690 —
1467 650 1591 705 Hoc
1638 651 1818 706 etiam
1838 649 2011 720 juxta
2116 660 2284 702 verse
2316 666 2377 704 se
2404 652 2595 721 egisse
2628 654 3046 715 meminerunt,
3083 652 3297 721 corrigi
3325 652 3771 724 pertimescunt.

310 742 582 799 litteram
608 738 693 795 nil
717 736 928 793 obstat
961 736 1231 808 intelligi,
1255 743 1320 794 ut
1351 739 1452 813 qui
1484 738 1843 796 adulterium
1872 753 2007 811 per-
2119 736 2365 808 Semper
2393 741 2553 797 enim
2602 743 2948 799 desiderant
2996 742 3055 796 in
3104 740 3227 796 suis
3269 740 3665 812 pravitatibus
3712 754 3775 793 se

307 835 556 906 petrare
583 826 896 884 desiderat
923 825 1203 882 tenebras
1226 827 1517 900 exquirat.
1553 827 1668 884 Sed
1697 827 1840 900 quia
1872 842 2010 882 con-
2112 822 2336 897 laxare,
2364 827 2675 886 incorrecti
2704 831 2922 887 vivere.
2956 829 3268 902 Sequitur:
3316 834 3381 885 Et
3411 829 3494 883 sic
3525 829 3588 882 in
3613 834 3773 883 tene-

312 926 410 979 tra
459 917 781 976 haereticos
829 915 1129 972 sententia
1154 918 1468 989 promitur,
1505 917 1761 989 dignum
1795 921 1901 987 est,
1944 919 2008 972 ut
2115 911 2235 968 bris
2264 919 2441 985 quasi
2487 921 2550 975 in
2584 922 2810 976 lumine
2838 921 3175 977 ambulant.
3208 949 3279 958 —
3307 917 3607 973 Perversce
3656 922 3773 973 ete-

302 1013 429 1069 hoc
461 1009 635 1084 quod
664 1008 886 1064 dicitur
928 1006 1182 1078 mystice
1233 1007 1539 1063 sentiatur.
1586 1011 1736 1063 Nam
1785 1005 2003 1062 Paulus
2112 1002 2240 1058 nim
2264 1012 2494 1062 mentes
2537 1010 2801 1077 gaudent
2845 1009 2906 1064 in
2948 1007 3333 1075 facinoribus,
3376 1022 3484 1078 per
3530 1005 3775 1076 culpam

303 1101 432 1159 ait:
469 1123 501 1149 ‹‹
527 1103 655 1156 Non
683 1097 847 1154 enim
875 1110 1087 1151 sumus
1119 1094 1271 1151 sicut
1297 1094 1565 1168 plurimi,
1601 1094 2005 1151 adulterantes
2112 1106 2289 1147 suam
2313 1095 2580 1165 quotidie
2619 1096 2697 1152 ad
2727 1096 3090 1169 supplicium
3117 1096 3454 1161 trahuntur,
3486 1099 3542 1149 et
3580 1093 3776 1147 securi

300 1190 571 1248 verbum
626 1189 724 1245 Dei
776 1188 864 1256 (II
894 1185 1034 1242 Cor.
1074 1187 1274 1257 11,17).
1311 1208 1338 1234 »
1384 1184 1639 1240 Adulter
1678 1185 1903 1257 quippe
1940 1183 2005 1239 in
2114 1186 2270 1237 sunt.
2316 1185 2479 1240 Unde
2534 1190 2589 1241 et
2638 1202 2743 1258 per
2799 1186 3184 1243 Salomonem
3237 1184 3491 1241 dicitur:
3547 1202 3576 1233 α
3625 1184 3778 1238 Sunt

300 1278 542 1337 carnali
574 1277 736 1335 coitu
774 1292 895 1332 non
928 1272 1165 1347 prolem
1197 1274 1302 1329 sed
1352 1273 1741 1344 voluptatem
1769 1272 1999 1347 quaerit,
2111 1271 2279 1344 impii
2300 1274 2403 1344 qui
2432 1275 2515 1330 ita
2540 1277 2731 1331 securi
2762 1280 2918 1345 sunt,
2951 1275 3128 1347 quasi
3152 1275 3453 1346 justorum
3484 1273 3642 1329 facta
3669 1273 3776 1328 ha-

300 1375 363 1427 et
403 1383 728 1442 perversus
777 1365 1032 1438 quisque
1088 1380 1159 1419 ac
1210 1379 1377 1419 vanae
1434 1361 1651 1430 gloriae
1716 1363 2002 1430 serviens,
2110 1359 2291 1417 beant
2315 1362 2534 1432 (Eccle.
2555 1366 2840 1437 γιιι,14).›
2867 1367 2944 1420 De
2971 1363 3193 1436 quibus
3217 1378 3458 1418 rursum
3481 1362 3774 1433 scriptum

294 1464 465 1516 recte
496 1456 833 1513 adulterare
862 1454 1123 1509 verbum
1154 1451 1252 1507 Dei
1281 1449 1514 1514 dicitur,
1553 1450 1709 1521 quia
1745 1465 1867 1504 non
1900 1465 2005 1521 per
2112 1452 2233 1503 est:
2270 1450 2676 1515 Quiltetantur
2705 1469 2845 1508 cum
2871 1451 3296 1518 malefecerint,
3329 1455 3385 1507 et
3414 1450 3684 1505 exultant
3707 1450 3772 1506 in

296 1565 558 1606 sacrum
594 1546 899 1619 eloquium
926 1544 984 1598 in
1024 1544 1151 1597 Deo
1178 1541 1333 1596 ﬁlios
1369 1539 1649 1609 gignere,
1685 1538 1791 1593 sed
1830 1553 2004 1594 suam
2111 1537 2290 1592 rebus
2318 1540 2594 1611 pessimis
2626 1544 2827 1611 (Prov,
2860 1559 2920 1609 ιι,
2958 1543 3062 1611 14).
3110 1564 3137 1590 ››
3163 1541 3265 1597 Sic
3282 1539 3485 1612 itaque
3515 1541 3579 1594 in
3605 1545 3770 1595 tene-

294 1636 623 1695 scientiam
658 1633 947 1691 desiderat
991 1633 1321 1687 ostentare.
1347 1629 1544 1693 Quem
1577 1625 1771 1682 libido
1802 1626 2002 1697 gloriae
2041 1641 2081 1695 Β
2114 1626 2234 1682 bris
2259 1630 2434 1698 quasi
2460 1631 2521 1684 in
2555 1631 2685 1686 luce
2714 1632 3048 1699 ambulant,
3094 1628 3238 1701 quia
3282 1628 3365 1685 ita
3398 1627 3664 1697 gaudent
3704 1628 3769 1684 in

294 1728 381 1785 ad
406 1723 793 1798 loquendum
818 1721 1014 1783 trahit,
1058 1716 1347 1791 voluptati
1366 1713 1575 1782 magis
1609 1731 1797 1788 quam
1820 1730 1999 1785 gene-
2107 1721 2280 1772 nocte
2309 1718 2558 1789 peccati,
2582 1734 2652 1774 ac
2681 1720 2729 1774 si
2758 1735 2860 1775 eos
2879 1720 2979 1775 lux
2996 1718 3239 1789 justitiie
3258 1717 3765 1773 circumfundant.

291 1816 541 1874 rationi
559 1828 812 1887 operam
840 1808 1163 1884 impendit.
1195 1806 1309 1862 Ubi
1332 1809 1468 1877 apte
1498 1804 1827 1862 subditur:
1860 1806 1997 1861 Non
2104 1804 2203 1860 Vel
2223 1807 2831 1880 certe,quia,tenebrae
2849 1809 3036 1865 vitam
3054 1810 3409 1880 pnus-intem
3424 1805 3770 1863 nonincon-

293 1923 397 1963 me
452 1904 683 1962 videbit
740 1902 965 1967 oculus,
1025 1897 1178 1971 quia
1243 1893 1612 1952 adulterium
1693 1894 1861 1967 quod
1932 1895 1994 1950 in
2102 1893 2403 1950 venienter
2452 1897 2814 1967 exprimunt,
2863 1897 2926 1952 in
2966 1913 3089 1969 qua
3131 1893 3342 1952 alienas
3385 1894 3765 1953 conscientiae

294 1999 511 2053 mente
571 1992 788 2063 agitur,
845 1988 1024 2045 valde
1076 1985 1315 2043 difﬁcile
1368 1988 1478 2055 est,
1540 1989 1605 2041 ut
1662 1984 1740 2040 ab
1779 1984 1993 2041 huma-
2098 1997 2222 2038 non
2253 1983 2545 2051 videntur,
2578 1986 2683 2041 lux
2701 2003 2844 2042 vero
2872 1991 3077 2042 nostra
3101 1984 3297 2058 patia
3323 1988 3545 2041 interna
3568 1986 3764 2054 est,iu

296 2102 384 2143 no
434 2084 576 2140 visu
624 2083 984 2154 penetretur.
1042 2075 1218 2142 Quod
1273 2088 1558 2146 perversa
1605 2089 1779 2128 mens
1826 2077 1988 2130 tanto
2097 2088 2219 2144 qua
2273 2073 2422 2128 dum
2473 2074 2674 2130 vultus
2727 2076 3153 2148 prospicimus,
3200 2075 3389 2132 corda
3442 2080 3650 2132 nostra
3697 2076 3761 2131 in

297 2175 585 2231 securius
634 2173 962 2244 perpetrat,
1004 2170 1239 2239 quanto
1290 2179 1354 2219 se
1405 2161 1483 2218 ab
1526 2162 1877 2218 hominibus
1903 2163 1987 2218 vi-
2094 2161 2270 2216 nobis
2298 2162 2564 2217 vissicim
2589 2164 2889 2221 videmus.
2922 2163 3113 2237 Iniqui
3143 2169 3366 2229 autem,
3398 2164 3542 2236 quia
3570 2165 3759 2221 vitam
3850 2216 3857 2221 .

294 2263 433 2320 deri
489 2276 618 2316 non
667 2257 896 2323 metuit,
949 2270 1108 2328 quos
1156 2253 1486 2309 erubescat.
1543 2251 1853 2324 Sequitur:
1904 2253 1983 2307 Et
2092 2254 2447 2320 praesentem
2477 2252 2557 2307 ita
2585 2251 2863 2324 diligunt,
2895 2259 3078 2326 atque
3109 2253 3234 2308 haec
3259 2252 3449 2308 exsilii
3482 2256 3758 2325 tempora

295 2351 535 2422 aperiet
588 2348 825 2404 vultum
874 2359 1069 2399 suum.
1127 2373 1195 2381 —
1247 2341 1471 2397 Idcirco
1516 2339 1704 2411 operit
1751 2339 1984 2395 adulter
2091 2338 2587 2412 complectuntur,
2631 2358 2702 2398 ac
2734 2343 2784 2398 si
2809 2344 2939 2414 jam
2979 2343 3039 2398 in
3072 2342 3268 2415 patria
3294 2346 3568 2413 regnent,
3596 2346 3754 2398 recte

294 2439 528 2497 faciem
576 2450 754 2491 suam
798 2448 872 2488 ne
921 2435 1342 2502 cognoscatur.
1392 2428 1598 2487 Omnis
1647 2432 1844 2485 autem
1875 2429 1980 2502 qui
2088 2428 2338 2485 dicitur:
2396 2430 2497 2486 Sic
2544 2433 2606 2486 in
2638 2433 2914 2505 tenebris,
2941 2434 3117 2504 quasi
3143 2433 3206 2487 in
3250 2433 3383 2488 luce
3407 2432 3751 2489 ambulant.

294 2526 629 2586 sentiendo
654 2524 751 2581 vel
780 2521 1018 2594 agendo
1048 2522 1321 2594 nequiter
1346 2519 1511 2587 vivit,
1531 2519 1722 2590 operit
1743 2517 1978 2574 vultum
2090 2518 2402 2591 Sequitur:

295 2634 514 2687 suum,
583 2615 730 2687 quia
776 2611 853 2668 ad
907 2612 1022 2668 hoc
1088 2609 1479 2684 perversitate
1538 2608 1837 2678 dogmatis
1886 2609 1977 2664 vel
2156 2610 2328 2664 Vens.
2358 2611 2439 2665 I8.
2470 2611 2640 2667 Levis
2670 2618 2756 2667 est
2782 2627 2963 2681 super
2987 2611 3211 2680 faciem
3240 2625 3518 2683 aquae.—
3537 2616 3589 2668 A
3619 2614 3752 2687 plu-

292 2706 510 2779 operis
544 2702 754 2769 tendit,
788 2704 852 2757 ut
899 2700 978 2755 ab
1022 2700 1432 2772 omnipotente
1482 2698 1599 2752 Deo
1642 2697 1704 2752 in
1747 2696 1974 2767 judicio
2084 2696 2192 2751 rali
2220 2713 2475 2754 numero
2526 2699 2605 2755 ad
2637 2700 3004 2771 singularem
3045 2699 3215 2768 redit,
3256 2700 3362 2773 qui
3390 2700 3753 2778 plerumque

297 2792 665 2864 recognosci
729 2805 854 2846 non
910 2789 1119 2862 possit.
1194 2786 1359 2844 Unde
1416 2785 1478 2841 in
1538 2785 1657 2841 ﬁne
1721 2786 1973 2859 quibus-
2087 2800 2242 2841 unus
2270 2786 2432 2843 mala
2460 2788 2721 2858 inchoat,
2751 2796 2807 2847 et
2848 2790 3142 2846 imitando
3170 2789 3343 2846 multi
3369 2790 3754 2868 subsequun-

293 2885 449 2942 dam
481 2882 752 2938 dicturus
781 2882 904 2935 est:
936 2900 963 2927 ‹‹
997 2881 1319 2950 Nunquam
1350 2875 1492 2930 novi
1522 2891 1649 2931 vos.
1685 2875 1971 2931 Discedite
2082 2877 2208 2931 tur:
2241 2876 2348 2931 sed
2378 2878 2507 2947 ejus
2537 2878 2940 2953 principaliter
2968 2879 3148 2950 culpa
3177 2891 3283 2951 est,
3310 2881 3416 2952 qui
3444 2884 3748 2952 perversis

294 2990 336 3031 a
402 2988 527 3037 me,
572 2970 676 3043 qui
738 2967 1073 3042 operamini
1130 2965 1508 3039 iniquitatem
1561 2964 1801 3034 (Matth.
1863 2982 1967 3036 vu,
2002 2989 2043 3043 ο
2081 2965 2470 3037 sequentibus
2499 2968 2776 3040 exempla
2804 2968 3061 3041 praebuit
3083 2967 3431 3040 iniquitatis.
3466 2972 3638 3028 Unde
3668 2975 3745 3030 ad

293 3065 410 3135 23).
439 3085 470 3112 »
502 3059 657 3126 Quid
689 3062 894 3115 autem
934 3056 1130 3112 vultus
1177 3054 1377 3112 cordis
1420 3053 1675 3109 humani
1717 3057 1805 3110 est
1851 3054 1969 3110 nisi
2077 3052 2247 3110 illum
2272 3054 2424 3111 redit
2448 3056 2657 3113 crebro
2696 3058 3006 3126 sententia,
3047 3056 3153 3129 qui
3179 3062 3390 3114 auctor
3433 3062 3654 3117 exstitit
3680 3064 3741 3117 in

295 3148 637 3208 similitudo
680 3147 781 3203 Dei
799 3147 828 3203 ?
857 3162 1041 3220 quem
1071 3144 1346 3201 videlicet
1386 3141 1621 3198 vultum
1650 3158 1967 3216 perversus
2077 3144 2273 3218 culpa.
2322 3146 2507 3218 Aquae
2538 3151 2740 3203 autem
2770 3146 3118 3220 superﬁcies
3144 3146 3264 3202 huc
3291 3147 3551 3219 illucque
3590 3166 3739 3208 aura

293 3239 515 3315 operit,
557 3242 621 3294 ut
667 3235 951 3307 cognosci
980 3236 1205 3291 nesciat
1237 3249 1381 3289 cum
1423 3230 1609 3287 vitam
1649 3248 1844 3302 suam,
1872 3232 1967 3288 vel
2074 3234 2416 3309 impellitur,
2461 3243 2519 3293 et
2559 3238 2725 3295 nulla
2767 3238 3079 3294 stabilitate
3129 3236 3385 3295 solidata
3436 3245 3732 3297 movetur.

294 3330 482 3388 malis
530 3326 783 3395 actibus,
836 3324 928 3381 vel
981 3323 1249 3397 perﬁdiae
1297 3336 1497 3377 errore
1551 3320 1814 3377 conﬁdit.
1865 3324 1964 3379 Se-
2074 3325 2264 3397 Iniqui
2294 3325 2473 3396 igitur
2515 3343 2687 3383 mens
2736 3327 2874 3400 plus
2925 3342 3115 3400 quam
3163 3340 3340 3398 aqua:
3385 3327 3732 3399 superﬁcies

293 3421 537 3495 quitur:
2070 3413 2217 3471 levis
2244 3420 2350 3485 Lest
2394 3418 2539 3489 quia
2584 3417 2919 3490 quamlibet
2971 3417 3131 3471 hanc
3187 3432 3337 3473 aura
3392 3418 3732 3475 tentationis

372 3511 546 3564 Vens.
584 3512 665 3563 16.
699 3507 976 3576 Perfodit
1006 3506 1070 3560 in
1094 3503 1351 3561 tenebris
1383 3502 1584 3556 domus
1605 3503 1759 3557 sicut
1781 3502 1843 3557 in
1868 3502 1964 3557 die
2071 3505 2347 3577 attigerit,
2380 3506 2505 3562 sine
2537 3507 2811 3564 tarditate
2842 3507 3040 3580 aliqua
3070 3506 3503 3564 retractationis
3533 3509 3727 3565 trahit.

296 3601 700 3659 condixerant
734 3598 851 3653 sibi
896 3602 949 3653 et
980 3597 1412 3666 ignoraverunt
1444 3592 1653 3648 lucem.
1677 3623 1747 3632 —
1778 3591 1960 3657 Quid-
2073 3594 2129 3650 Si
2150 3596 2310 3652 enim
2340 3613 2443 3653 cor
2470 3596 2705 3653 ﬂuxum
2727 3596 3045 3668 cujuslibet
3082 3597 3343 3666 perversi
3372 3596 3726 3670 cogitamus,

292 3708 443 3748 nam
473 3690 587 3745 hoc
606 3688 740 3744 loco
774 3687 1096 3742 domorum
1136 3681 1403 3751 nomine,
1436 3680 1550 3736 nisi
1578 3680 1959 3737 conscientiae
2067 3685 2215 3758 quid
2243 3686 2407 3742 aliud
2435 3704 2622 3760 quam
2651 3688 2713 3743 in
2742 3692 2920 3743 vento
2958 3686 3224 3760 positam
3262 3704 3435 3761 aqua:
3475 3691 3725 3761 superﬁ-

292 3779 713 3849 designantur,
757 3777 818 3832 in
865 3774 1090 3848 quibus
1136 3773 1483 3829 habitamus
1526 3771 1956 3827 contractando
2066 3776 2218 3832 ciem
2258 3777 2576 3834 cernimus.
2606 3778 2915 3849 Sequitur:
2949 3777 3278 3834 Mtitﬁvlicla
3305 3780 3381 3835 sit
3403 3795 3553 3848 pars
3598 3782 3724 3848 ejus

291 3868 449 3943 quid
478 3866 762 3937 agimus?
793 3863 959 3921 Unde
976 3861 1228 3934 quidam
1261 3865 1472 3916 sanato
1494 3860 1955 3918 dicitur:«Vade
2063 3868 2129 3922 in
2185 3872 2370 3935 terra,
2428 3883 2534 3924 nec
2583 3867 2846 3923 ambulet
2900 3881 3012 3935 per
3060 3866 3220 3922 viam
3277 3869 3606 3925 vinearum.
3655 3902 3722 3910 —-

291 3960 357 4014 in
387 3957 643 4013 domum
671 3958 837 4010 tuam
866 3950 947 4008 ad
977 3954 1131 4017 11103.
1164 3954 1222 4005 ει
1250 3949 1543 4005 ἃῐιῐιιωῐίᾶ
1587 3948 1700 4004 illis
1726 3955 1956 4023 quanta
2064 3957 2343 4031 Quisquis
2381 3958 2440 4013 in
2493 3957 2613 4014 vita
2660 3956 2938 4029 praesenti
2974 3958 3137 4010 resta
3184 3959 3327 4025 agit,
3375 3962 3432 4012 et
3466 3958 3723 4015 adversa

290 4048 405 4105 tibi
438 4046 725 4103 Dominus
768 4042 970 4100 fecerit
997 4042 1213 4113 (Marc.
1252 4056 1310 4104 v,
1348 4039 1453 4111 t9).
1488 4061 1516 4089 »
1542 4040 1723 4095 Iustis
1748 4040 1951 4114 itaque
2063 4047 2333 4117 sustinet,
2359 4046 2635 4103 laborare
2656 4046 2904 4119 quidem
2924 4042 3284 4100 adversitate
3302 4046 3580 4114 cernitur,
3614 4049 3720 4104 sed

291 4153 441 4195 cum
466 4136 527 4192 in
552 4132 827 4207 praesenti
865 4130 1086 4188 saeculo
1118 4129 1236 4186 diei
1281 4129 1708 4202 prosperitates
1739 4129 1951 4186 clares-
2060 4136 2140 4194 ad
2185 4136 2662 4193 benedictionem
2716 4132 3079 4191 haareditatis
3109 4144 3416 4207 perpetuae
3441 4152 3719 4194 consum-

290 4231 460 4295 cunt,
520 4224 601 4281 eis
674 4237 943 4278 errorum
1011 4218 1286 4290 magistri
1344 4234 1625 4292 perversa
1695 4219 1949 4276 suadere
2059 4230 2277 4283 matur.
2330 4224 2610 4298 Quisquis
2675 4239 2817 4279 vero
2888 4240 3031 4297 perv
3046 4234 3177 4281 Lai-sa
3221 4224 3363 4296 agit,
3409 4228 3466 4281 et
3512 4229 3715 4282 tamen

287 4319 587 4383 metuunt,
652 4312 756 4368 sed
821 4309 1071 4368 consilia
1142 4307 1485 4382 exquirunt.
1550 4308 1948 4379 dejectionem
1978 4345 2022 4398 Β
2058 4330 2348 4388 prospera
2376 4314 2599 4386 recipit,
2634 4329 2817 4386 seque
2849 4330 2885 4370 a
2914 4312 3089 4369 malis
3122 4313 3357 4371 actibus
3380 4330 3492 4370 nec
3520 4314 3713 4371 dono-

286 4402 702 4480 prosperitatis
731 4416 940 4457 eorum
972 4413 1355 4469 summopere
1404 4397 1844 4470 praestolamur,
1884 4403 1949 4455 ut
1979 4397 2006 4398 ί
2055 4421 2192 4461 rum
2221 4403 2492 4474 largitate
2518 4404 2861 4476 compescit,
2900 4404 3243 4478 prosperari
3275 4404 3522 4478 quidem
3553 4421 3714 4461 com-

285 4496 351 4552 in
380 4491 753 4550 adversitatis
797 4488 1076 4557 tenebris,
1128 4503 1337 4543 eorum
1376 4495 1607 4542 mentes
1652 4490 1945 4546 suadento
2052 4495 2330 4567 pescitur,
2364 4494 2473 4550 sed
2500 4497 2666 4550 reatu
2692 4499 2992 4567 perpetuae
3014 4494 3448 4551 maledictionis
3471 4496 3706 4566 ligatur.

284 4583 645 4658 perfodiant,
701 4580 921 4654 quibus
968 4593 1254 4651 prospere
1287 4577 1623 4633 viventibus
1665 4592 1945 4649 perversa
2052 4584 2163 4641 Via
2186 4600 2451 4657 namque
2482 4584 2818 4656 vinearum,
2848 4583 3139 4640 rectitudo
3170 4587 3259 4640 est
3286 4584 3703 4640 Ecclesiarum.

284 4674 453 4747 loqui
479 4671 723 4728 minime
763 4669 1088 4737 audebant,
1118 4684 1274 4741 quos
1304 4683 1449 4723 mox
1500 4670 1562 4723 ut
1586 4666 1647 4722 in
1678 4668 1943 4725 adversi-
2053 4675 2182 4740 Qua
2206 4674 2267 4729 in
2291 4689 2353 4730 re
2385 4673 2503 4729 sive
2528 4672 2786 4729 haeretici
2815 4689 2953 4728 cum
2993 4688 3100 4727 seu
3142 4673 3448 4729 carnalem
3492 4689 3704 4744 quem-

286 4769 405 4822 tate
430 4760 698 4827 viderint,
722 4762 1046 4828 exsurgant
1075 4762 1132 4813 et
1152 4773 1276 4813 non
1302 4756 1415 4812 nisi
1458 4772 1531 4812 ex
1553 4758 1784 4829 peccati
1813 4776 1939 4816 me-
2048 4762 2213 4834 piam
2238 4761 2319 4817 nil
2348 4760 2549 4817 obstat
2574 4759 2838 4833 intelligi,
2860 4761 3004 4833 quia
3028 4758 3127 4815 via
3170 4760 3503 4828 vinearum,
3528 4761 3589 4816 id
3618 4767 3708 4818 est

281 4853 398 4908 rito
438 4849 579 4906 talia
620 4848 750 4905 illos
795 4846 1024 4920 perpeti
1070 4850 1383 4913 asserunt;
1435 4848 1582 4918 quia
1627 4850 1939 4919 praesentis
2047 4851 2337 4907 rectitudo
2404 4848 2791 4906 ecclesiarum
2841 4848 3146 4918 amittitur,
3197 4848 3348 4905 dum
3409 4849 3502 4905 vel
3551 4849 3704 4908 ﬁdes

281 4942 421 4997 vita;
451 4938 643 4995 solum
676 4937 926 5008 gloriam
969 4934 1299 5005 diligentes,
1332 4933 1639 5005 ﬂagellum
1684 4936 1938 4997 damna—
2045 4945 2205 4997 recta
2220 4939 2309 4996 vel
2328 4938 2620 4996 rectitudo
2635 4938 2875 5011 justitim
2896 4954 3013 4995 non
3041 4941 3291 4995 tenetur.
3314 4937 3414 4994 Ille
3433 4955 3702 5013 namque

282 5031 510 5087 tionem
527 5031 757 5101 putant.
789 5029 852 5081 In
874 5023 1131 5082 tenebris
1163 5039 1304 5092 ergo
1333 5023 1551 5079 domos
1572 5024 1932 5097 perfodiunt,
2043 5046 2153 5100 per
2181 5030 2338 5086 viam
2370 5030 2681 5086 vinearum
2710 5028 2998 5097 ambulat,
3049 5028 3156 5102 qui
3198 5033 3419 5087 sancta:
3470 5030 3699 5086 univer-

281 5120 430 5194 quia
457 5119 756 5175 bonorum
784 5120 1013 5172 mentes
1044 5130 1117 5170 ex
1146 5113 1279 5184 ipsa
1306 5129 1517 5170 eorum
1551 5129 1936 5189 corrumpere
2044 5118 2188 5176 salis
2228 5117 2500 5174 Ecclesiae
2548 5117 3034 5190 praedicationem
3077 5132 3363 5192 pensans,
3406 5135 3602 5192 neque
3662 5134 3698 5173 a

281 5209 638 5267 adversitate
660 5205 1012 5275 moliuntur.
1048 5202 1357 5275 Sequitur:
1746 5218 1751 5221 '
2039 5207 2201 5279 ﬁdei,
2233 5223 2430 5281 neque
2464 5223 2500 5264 a
2539 5207 2842 5263 bonorum
2872 5212 3118 5265 actuum
3144 5208 3495 5265 rectitudine
3515 5207 3694 5263 decli-

351 5303 524 5355 Vsns.
557 5304 638 5353 t7.
673 5299 742 5355 Si
765 5296 956 5351 subito
987 5295 1340 5365 apparuerit
1362 5310 1607 5361 aurora,
1633 5296 1934 5355 arbitran-
2038 5302 2160 5355 nat.
2201 5297 2475 5370 Sequitur
2506 5314 2519 5351 :

279 5398 387 5448 tur
415 5390 684 5462 umbram
716 5386 942 5442 mortis.
974 5415 1041 5424 -—-
1071 5385 1301 5439 Aurora
1331 5384 1557 5457 quippe
1587 5402 1759 5442 mens
1786 5388 1930 5457 justi
2113 5391 2276 5444 Vens.
2306 5391 2387 5442 19.
2417 5387 2509 5441 Ad
2531 5387 2777 5443 nimium
2811 5390 3071 5445 calorem
3108 5391 3375 5444 transeat
3415 5387 3491 5443 ab
3522 5393 3693 5462 aquis

276 5485 393 5549 est,
423 5494 557 5552 qua:
585 5475 812 5551 peccati
839 5474 929 5529 sui
978 5472 1254 5529 tenebras
1293 5472 1596 5544 deserens,
1625 5475 1702 5532 ad
1732 5476 1928 5534 lucem
2037 5480 2288 5535 nivium.
2319 5509 2387 5516 -—-
2436 5474 2657 5532 Idcirco
2700 5476 2980 5548 iniquitas
3030 5475 3231 5545 frigori
3282 5486 3690 5553 comparatur,

270 5572 405 5645 jam
458 5565 712 5639 erumpit
755 5563 1115 5631 aeternitatis,
1164 5562 1316 5619 sicut
1361 5563 1435 5619 de
1485 5569 1655 5621 santa
1686 5581 1928 5640 quoque
2036 5567 2183 5640 quia
2210 5566 2544 5640 peccatoris
2572 5570 2831 5622 mentem
2862 5569 3101 5639 torpore
3133 5568 3501 5641 constringit.
3524 5571 3691 5628 Unde

276 5656 545 5718 Ecclesia
587 5653 837 5711 dicitur:
870 5672 897 5703 α
933 5653 1071 5718 Quae
1111 5654 1200 5708 est
1225 5650 1343 5708 ista
1370 5667 1504 5724 quae
1549 5654 1928 5725 progreditur
2015 5657 2312 5730 scriptum
2342 5661 2467 5716 est:
2499 5680 2526 5707 ‹‹
2552 5657 2711 5715 Sicut
2732 5654 3014 5726 frigidam
3034 5656 3176 5715 facit
3190 5659 3443 5719 cisterna
3460 5677 3689 5733 aquam
3760 5685 3767 5699 τ
