4146 6156
369 169 473 222 307

1403 163 1458 220 S.
1503 165 1760 220 ODONtS
1799 157 2110 218 ΑΒΒΑΤιδ
2149 156 2659 217 CLUNIACENSIS
2699 155 2765 214 ll.

3705 153 3808 210 308

370 304 567 355 suam,
597 287 678 342 sic
705 285 984 355 frigidam
1013 284 1152 342 facit
1182 287 1450 344 eameam
1488 285 1716 342 malitia
1743 299 1852 340 sua
1884 285 2029 354 (Jer.
2078 284 2123 334 Α
2155 279 2478 351 nipotentis
2533 277 2634 334 Dei
2663 275 3076 335 misericordia
3103 273 3373 354 oblivisci
3405 273 3535 344 ejus
3574 272 3811 330 dicitur:

371 394 451 445 vi,
481 383 556 445 7).
593 399 618 425 η
645 378 775 440 Quo
793 381 1005 432 contra
1032 375 1290 431 charitas
1322 375 1484 431 calor
1505 381 1612 443 est,
1645 374 1749 446 qui
1772 372 2042 429 videlicet

373 471 632 522 mentem
675 463 970 533 accendit,
1001 480 1188 536 quam
1233 463 1440 536 replet.
1477 468 1556 521 De
1594 481 1716 537 quo
1754 463 2042 535 scriptum

373 559 486 610 est:
515 575 544 602 «
579 553 923 611 Almndabit
967 554 1272 626 iniquitas,
1303 560 1359 612 et
1400 555 1742 623 refrigescet
1789 553 2045 632 Charitas

375 641 702 699 multorum
728 645 968 709 (Matth.
997 661 1153 709 xxrv,
1187 649 1349 706 12).»
1384 648 1450 702 Et
1479 650 1618 702 sunt
1640 642 1914 701 nonnulli
1941 639 2046 714 qul

377 732 524 786 dum
588 732 974 804 iniquita'tum
1027 749 1279 790 suarum
1334 734 1556 803 frigora
1599 733 1920 796 declinant,
1969 730 2045 787 ad

379 837 584 878 veram
622 821 809 878 ﬁdem
851 822 944 878 vel
981 823 1059 879 ad
1099 823 1428 880 sanctitatis
1468 823 1742 881 habitum
1781 823 2043 878 veniunt.

385 909 500 966 Sed
529 909 674 982 quia
718 909 858 981 plus
903 926 1088 982 quam
1119 917 1365 968 necesse
1391 915 1480 966 est
1509 911 1584 966 de
1623 911 1746 966 suis
1772 910 2048 966 sensibus

386 1004 784 1070 praesumunt,
817 1015 976 1072 saepe
1004 999 1065 1055 in
1096 999 1213 1056 ﬁde
1245 1016 1432 1073 quam
1463 1001 1786 1073 accipiunt,
1819 1016 1892 1058 ea
1913 1015 2048 1072 quae.

388 1102 514 1142 non
541 1087 808 1160 capiunt,
839 1089 1199 1160 perscrutari
1237 1088 1448 1147 volunt
1477 1093 1542 1145 ut
1578 1089 1807 1146 ratione
1857 1089 2049 1157 magis

389 1175 451 1231 in
483 1177 622 1245 Deo,
655 1193 842 1248 quam
879 1177 999 1236 ﬁde
1046 1182 1373 1236 teneantur.
1411 1179 1560 1244 Quia
1597 1195 1736 1235 vero
1781 1181 2050 1236 humana

391 1278 566 1320 mens
609 1269 966 1336 perscrutari
990 1280 1114 1322 non
1157 1265 1316 1324 valet
1343 1266 1550 1325 divina
1589 1272 1838 1337 secreta,
1871 1282 2050 1324 omne

393 1351 557 1422 quod
576 1352 808 1410 ratione
823 1355 1184 1426 perscrutari
1211 1370 1336 1412 non
1365 1361 1620 1427 possunt
1647 1356 1888 1413 credere
1916 1371 2052 1412 con-

393 1444 686 1508 temnunt,
713 1445 770 1498 et
793 1457 902 1514 per
924 1442 1374 1515 inquisitionem
1404 1444 1658 1500 nimiam
1701 1445 1762 1503 in
1792 1460 2052 1502 errorem

391 1527 696 1586 labuntur.
735 1530 802 1586 Hi
841 1531 1042 1602 itaque
1091 1547 1232 1586 cum
1273 1531 1534 1588 necdum
1593 1533 1922 1602 crederent,
1961 1533 2053 1588 vel

2152 367 2255 440 qui
2287 365 2710 440 omnipotentis
2744 364 2839 423 Dei
2867 364 3160 436 justitiam
3192 361 3366 420 fuerit
3395 359 3638 434 oblitus,
3669 361 3814 436 quia

2152 457 2425 529 quisquis
2474 472 2610 510 eum
2643 469 2804 509 nunc
2843 454 3075 523 justum
3115 467 3241 513 non
3284 451 3470 519 timet,
3518 450 3815 526 posthaec

2153 545 2417 604 invenire
2458 561 2580 603 non
2619 543 2774 603 valet
2815 541 3288 602 misericordem.
3339 542 3486 606 Quae
3525 537 3814 600 nimirum

2156 635 2445 692 sententia
2474 650 2597 692 non
2639 633 2834 692 solum
2883 633 2936 689 ei
2955 631 3302 692 intenditur,
3331 629 3439 704 qui
3490 643 3648 685 verte
3673 625 3814 686 ﬁdei

2155 723 2620 796 praedicamenta
2653 723 2888 792 deserit,
2927 721 3032 778 sed
3062 720 3241 777 etiam
3271 719 3377 792 qui
3411 720 3471 776 in
3510 717 3632 774 fide
3655 719 3816 774 recta

2155 813 2384 886 positus
2415 812 2729 872 carnaliter
2757 812 2920 881 vivit,
2951 811 3095 884 quia
3115 809 3258 868 ultio
3279 813 3515 868 actarum
3537 803 3814 866 animad-

2157 902 2444 960 versionis
2492 918 2615 962 non
2646 901 2938 970 evaditur,
2970 905 3169 958 utrum
3198 898 3260 958 in
3285 898 3405 958 ﬁde
3437 913 3516 956 an
3544 895 3604 956 in
3634 910 3817 972 opere

2155 998 2452 1064 peccetur.
2513 990 2808 1064 Sequitur.
2875 989 3140 1046 Παιδεάο
3205 989 3374 1044 illius
3436 1000 3682 1044 vermes.
3747 1016 3816 1026 —-

2157 1080 2433 1152 Quisquis
2462 1081 2521 1140 in
2552 1079 2666 1136 hoc
2691 1079 2922 1136 mundo
2940 1077 3168 1152 appetit
3193 1075 3557 1152 prosperari,
3572 1077 3819 1136 caeteros

2158 1169 2463 1236 excedere,
2493 1168 2672 1228 rebus
2721 1172 2778 1228 et
2814 1167 3150 1226 honoribus
3180 1171 3435 1239 tumere,
3459 1163 3602 1224 huic
3637 1161 3818 1224 nimi-

2157 1274 2292 1316 rum
2339 1275 2486 1316 cura
2527 1257 2825 1317 saecularis
2865 1257 2926 1314 in
2965 1255 3357 1314 delectatione
3399 1259 3508 1321 est,
3539 1253 3711 1328 quies
3758 1251 3821 1308 in

2158 1346 2384 1403 labore.
2415 1345 2598 1406 Valde
2635 1346 2794 1406 enim
2837 1345 3137 1416 fatigatur,
3173 1343 3224 1400 si
3257 1343 3410 1404 desit
3436 1358 3584 1404 cura
3617 1339 3822 1401 saeculi

2161 1451 2284 1508 qua
2321 1434 2617 1506 fatigatur.
2652 1435 2800 1501 Quia
2854 1439 3054 1492 autem
3104 1441 3320 1494 natura
3375 1436 3464 1490 est
3519 1429 3820 1490 vermium

2162 1525 2480 1584 momentis
2510 1524 2756 1596 singulis
2786 1525 3152 1582 incessanter
3180 1521 3426 1590 moveri,
3461 1536 3584 1580 non
3612 1521 3822 1580 imme-

395 1616 596 1674 adhuc
648 1617 978 1688 iniquitatis
1031 1619 1199 1692 Operi
1245 1624 1554 1690 vacarent,
1602 1637 1777 1694 aqum
1823 1622 2056 1680 nivium
2091 1615 2276 1679 Brito
2303 1615 2565 1685 signatur
2599 1613 2894 1673 vermium
2943 1613 3187 1672 nomine
3211 1610 3566 1684 inquiet-udo.
3594 1609 3821 1678 0081ίᾶ-

395 1705 658 1772 fuerunt,
689 1706 793 1762 sed
825 1723 964 1764 cum
994 1708 1256 1766 carnalia
1281 1708 1436 1766 facta
1464 1710 1821 1780 deserentes,
1855 1711 2054 1768 inﬁde

399 1793 477 1850 ad
501 1809 688 1866 quam
716 1795 988 1866 perducti
1029 1802 1190 1862 sunt,
1213 1797 1350 1868 plus
1383 1803 1671 1871 appetunt
1699 1799 2056 1872 perscrutari

401 1897 589 1954 quam
633 1883 897 1954 capiunt,
956 1883 1216 1956 amplius
1274 1885 1540 1956 profecto
1597 1887 1812 1957 calent,
1867 1905 2056 1960 quam

401 1971 592 2029 calere
617 1971 973 2032 debuerunL
1003 1973 1162 2030 Bene
1187 1989 1330 2044 ergo
1363 1975 1438 2032 de
1466 1975 1580 2031 hoc
1608 1993 1890 2049 perverso
1911 1994 2058 2050 quo-

399 2061 544 2118 libet
568 2061 980 2134 prophetantis
1009 2062 1302 2120 duntaxat
1332 2065 1639 2134 sententia,
1661 2081 1780 2122 non
1798 2067 2058 2138 optantis

402 2149 636 2205 dicitur.
689 2151 780 2206 Ad
833 2153 1084 2206 nimium
1143 2153 1400 2208 calorem
1455 2160 1722 2210 transeat
1765 2155 1840 2212 ab
1889 2157 2058 2226 aquis

401 2239 651 2296 nivium.
689 2240 998 2311 Sequitur:
1044 2241 1126 2296 Et
1169 2255 1354 2313 usque
1381 2242 1463 2298 ad
1491 2244 1714 2312 inferos
1749 2251 2058 2312 peccatum

401 2329 590 2384 illius.
618 2361 690 2370 -——
716 2331 1028 2388 Peccatum
1059 2329 1284 2402 quippe
1311 2347 1500 2403 usque
1532 2331 1610 2386 ad
1639 2332 1861 2388 inferos
1892 2334 2058 2391 duci-

403 2422 523 2486 tur,
547 2419 713 2490 φιοά
736 2423 872 2476 ante
894 2419 1078 2476 tinem
1105 2419 1240 2476 vitae
1265 2420 1574 2492 praesentis
1604 2437 1712 2492 per
1737 2424 2059 2496 correptio-

405 2523 543 2561 nem
576 2512 755 2579 atque
793 2509 1207 2578 pcrnitentiam
1249 2525 1370 2563 non
1411 2511 1782 2565 emendatur.
1824 2512 1902 2566 De
1937 2526 2059 2582 quo

405 2594 679 2650 videlicet
707 2600 956 2666 peccato
983 2611 1091 2668 per
1118 2599 1416 2654 Joannem
1451 2597 1698 2654 dicitur:
1732 2619 1761 2652 «
1795 2601 1890 2654 Est
1921 2610 2058 2670 pec-

407 2685 610 2736 catum
649 2681 728 2738 ad
754 2687 1032 2750 mortem,
1055 2699 1176 2739 non
1207 2699 1318 2756 pro
1347 2683 1449 2739 illo
1475 2683 1611 2742 dico
1641 2686 1776 2758 quis
1802 2689 1870 2742 ut
1892 2692 2061 2757 roget

407 2769 466 2840 (Ι
485 2771 663 2826 Joan.
706 2787 763 2840 v,
799 2775 906 2842 t5).
943 2794 968 2821 »
1002 2773 1316 2830 Peccatum
1355 2789 1620 2846 namque
1671 2775 1748 2832 ad
1803 2781 2058 2835 mortem

405 2863 514 2929 est,
537 2865 852 2932 peccatum
877 2877 1067 2933 usque
1117 2861 1195 2917 ad
1221 2867 1498 2930 mortem,
1520 2863 1665 2935 quia
1691 2863 1908 2920 scilicet
1928 2880 2060 2937 pec-

2163 1705 2417 1765 tionum.
2449 1707 2742 1762 Perversse
2789 1704 2988 1775 itaque
3043 1703 3256 1760 mentis
3295 1701 3556 1760 dulcedo
3602 1697 3824 1760 vermis

2165 1799 2268 1858 est,
2299 1793 2442 1865 quia
2468 1793 2606 1854 inde
2633 1793 3056 1856 delectabiliter
3081 1792 3366 1866 pascitur,
3400 1789 3560 1852 unde
3592 1805 3700 1866 per
3729 1803 3822 1847 ω-

2165 1883 2574 1955 quietudinem
2620 1883 2983 1942 incessanter
3031 1881 3310 1950 agitatur.
3339 1882 3540 1942 Potest
3576 1891 3823 1952 quoque

2167 1972 2428 2044 apertius
2457 1971 2678 2028 vermis
2709 1972 2954 2032 nomine
2984 1987 3124 2028 caro
3154 1969 3397 2039 signari.
3436 1967 3602 2026 Unde
3633 1972 3691 2027 et
3720 1983 3822 2022 su-

2165 2065 2366 2136 perius
2397 2062 2505 2132 (55)
2537 2061 2780 2118 dicitur:
2807 2063 2996 2122 Homo
3019 2061 3276 2131 putredo
3307 2067 3359 2120 et
3379 2061 3542 2128 ﬁlius
3568 2057 3828 2117 hominis

2169 2153 2400 2206 vermis.
2435 2153 2798 2208 Luxuriosus
2840 2149 3020 2219 igitur
3053 2148 3301 2224 quilibet
3344 2148 3473 2221 (56),
3515 2152 3573 2207 et
3617 2145 3822 2210 carnis

2168 2239 2576 2312 voluptatibus
2607 2239 2862 2303 deditur,
2895 2243 3123 2312 quanta
3155 2238 3228 2292 sit
3255 2237 3509 2307 caecitas,
3541 2236 3826 2298 demons-

2168 2333 2354 2388 tratur
2381 2345 2520 2388 cum
2567 2327 2811 2384 dicitur:
2867 2328 3130 2387 ,θυῖε-ραι)
3168 2328 3334 2386 illius
3391 2327 3626 2388 vermis.
3661 2321 3820 2395 Quid

2167 2434 2430 2490 namque
2463 2433 2606 2475 caro
2625 2417 2738 2474 nisi
2784 2417 3036 2490 putredo
3069 2433 3138 2476 ac
3163 2417 3382 2481 vermis
3412 2415 3545 2472 est?
3575 2420 3634 2472 et
3660 2414 3826 2488 quis-

2168 2507 2304 2580 quis
2369 2505 2709 2564 carnalibus
2771 2505 3079 2566 desideriis
3129 2505 3393 2574 anhelat,
3445 2503 3592 2574 quid
3659 2500 3828 2560 aliud

2168 2612 2352 2668 quam
2384 2611 2652 2652 vermem
2682 2595 2890 2656 amat?
2932 2594 3078 2669 quid
3124 2595 3284 2652 enim
3327 2594 3401 2650 sit
3447 2592 3646 2648 carnis
3677 2589 3826 2647 sub-

2170 2686 2385 2742 stantia
2438 2689 2726 2742 testantur
2782 2684 3072 2757 sepulcra.
3101 2684 3241 2749 Quis
3290 2687 3629 2756 parentum,
3686 2679 3824 2754 quis

2169 2775 2504 2832 amicorum
2546 2773 2816 2833 ﬁdelium
2856 2771 3188 2846 quamlibet
3241 2772 3436 2830 dilecti
3463 2773 3554 2828 sui
3583 2777 3826 2840 tangere

2169 2863 2591 2924 scaturientem
2613 2863 2918 2922 vermibus
2938 2879 3181 2922 carnem
3204 2863 3440 2936 potest?
3457 2866 3606 2920 Caro
3620 2861 3826 2934 itaque

406 2954 606 3006 catum
661 2950 827 3022 quod
877 2950 973 3006 hic
1023 2966 1146 3007 non
1176 2951 1509 3022 corrigitur,
1551 2953 1603 3008 ei
1632 2953 1805 3010 venia
1843 2953 2060 3012 frustra
2099 2976 2140 3033 ρ
2169 2970 2308 3012 cum
2359 2952 2816 3025 concupiscitur,
2863 2956 3145 3028 pensatur
3199 2951 3348 3024 quid
3401 2950 3474 3012 sit
3529 2949 3826 3010 examinis

405 3038 768 3110 postulatur.
801 3042 880 3097 De
905 3055 1028 3112 quo
1053 3039 1254 3096 adhuc
1275 3041 1579 3098 subditur:

478 3127 652 3184 Vsus.
685 3129 777 3186 20.
806 3128 1208 3186 Obliviscatur
1231 3132 1359 3200 ejus
1383 3131 1898 3188 misericordia—
1927 3134 2063 3190 Om-

2170 3041 2529 3114 [exanimis],
2551 3044 2608 3100 et
2635 3039 2980 3110 intelligitur
3005 3038 3152 3114 quid
3183 3045 3440 3103 amatur.

478 3252 586 3327 (55)
630 3255 760 3327 imo
784 3252 1031 3308 inferius
1055 3253 1277 3327 scilicet
1307 3255 1576 3327 sequenti
1603 3255 1870 3327 capitulo
1895 3261 1928 3312 6
1955 3273 2109 3314 vers.
2141 3261 2193 3312 6.

479 3324 594 3394 (56)
635 3325 754 3379 Hoc
785 3326 1217 3394 congruentius
1248 3324 1518 3382 fortassis
1551 3325 1612 3382 in
1645 3324 1907 3397 genitivo
1936 3327 2030 3384 vel
2060 3328 2284 3385 dativo.

1320 3579 1661 3667 LIBER
1761 3555 2310 3668 SEPTIMUS
2400 3580 2906 3666 DECIMI‘S.

473 3855 678 3912 Verbis
699 3854 899 3930 itaque
927 3855 1407 3930 praecedentibus
1432 3861 1674 3916 sanctus
1692 3857 1784 3916 vir
1809 3873 1916 3931 per
1942 3859 2058 3918 dis-

401 3946 592 4000 cretas
619 3943 952 4016 prudentia;
981 3948 1154 4002 arctae
1171 3945 1492 4005 sententias
1521 3945 1712 4019 iniqui
1741 3947 2058 4018 cujuslibet

401 4031 610 4106 culpas
654 4033 914 4108 pertulit,
944 4037 1001 4091 et
1027 4049 1217 4107 quam
1249 4036 1326 4092 sit
1358 4034 1714 4095 damnanda
1738 4035 1870 4107 ejus
1901 4035 2056 4094 actio

400 4123 686 4196 expressit
711 4124 786 4182 de
813 4124 986 4196 cujus
1013 4140 1195 4198 poena
1217 4125 1478 4197 subjicit,
1510 4125 1717 4184 dicens
1743 4143 1756 4182 :

2167 3859 2277 3918 sita
2323 3865 2432 3918 est.
2497 3859 2703 3918 Omnis
2755 3859 2958 3928 arbor,
3006 3875 3144 3932 quis
3196 3873 3320 3916 non
3379 3859 3517 3920 facit
3562 3857 3824 3918 fructum

2164 3949 2398 4009 bonum
2463 3949 2786 4015 excidatur,
2841 3953 2900 4006 et
2955 3949 3016 4006 in
3084 3949 3288 4020 ignem
3341 3949 3604 4009 mittetur
3657 3947 3822 4019 (Luc.

2163 4055 2246 4108 m,
2297 4043 2381 4106 9;
2437 4038 2654 4098 Matth.
2714 4027 2959 4107 iu,'10).
3011 4060 3040 4091 υ
3107 4039 3226 4094 Hoc.
3293 4040 3498 4098 autem
3547 4035 3701 4105 1000,
3759 4040 3826 4096 ut

2165 4132 2383 4188 acterna
2440 4126 2734 4200 supplicia
2797 4126 3071 4200 reprobis
3139 4125 3546 4197 designentur,
3597 4140 3824 4198 aequae

469 4213 633 4268 Vens.
661 4215 750 4268 20.
779 4213 914 4269 Non
938 4214 1013 4270 sit
1039 4213 1103 4268 in
1133 4214 1564 4280 recordatione,
1581 4214 1682 4271 sed
1706 4219 2056 4270 conteratur
2093 4236 2136 4288 Ι)
2165 4233 2354 4289 quam
2391 4215 2606 4276 dicitur
2646 4215 2900 4280 abscidi,
2933 4214 3036 4276 sed
3072 4215 3318 4282 conteri,
3361 4215 3506 4289 quia
3551 4213 3824 4279 videlicet

397 4301 573 4370 quasi
624 4301 854 4370 lignum
897 4301 1362 4370 infructuosum.
1404 4333 1474 4341 —
1521 4302 1588 4358 In
1643 4301 2053 4358 recordatione

398 4387 560 4443 enim
625 4387 950 4446 conditoris
998 4404 1122 4448 non
1181 4388 1478 4457 reciditur,
1534 4389 1810 4462 quisquis
1863 4405 2054 4464 usque

398 4473 477 4532 ad
529 4473 713 4532 ﬁnem
766 4473 902 4532 vita;
947 4477 1104 4533 vitiis
1162 4476 1540 4548 subjugatur.
1592 4479 1742 4534 Nam
1795 4477 1844 4533 si
1893 4479 2056 4535 hunc

399 4565 642 4639 superni
669 4570 980 4638 respectus
1008 4565 1302 4624 memoria
1330 4570 1616 4638 tangeret,
1640 4566 1849 4639 procul
1869 4567 2056 4626 dubio

397 4655 477 4712 ab
517 4655 830 4728 iniquitate
876 4660 1202 4716 revocaret.
1237 4657 1378 4729 Ejus
1427 4657 1655 4730 quippe
1687 4657 1900 4716 merita
1937 4657 2056 4716 exi-

397 4749 568 4817 gunt,
594 4750 659 4802 ut
689 4745 959 4806 fimditus
995 4746 1075 4806 ab
1105 4747 1367 4804 auctoris
1402 4745 1815 4804 recordatione
1854 4746 2056 4804 delea-

397 4840 509 4892 tur.
559 4836 882 4894 Sciendum
951 4853 1091 4896 vero
1147 4841 1241 4894 est
1295 4837 1462 4910 quod
1529 4835 1832 4894 recordari
1903 4840 2056 4896 Deus

396 4939 788 4997 nequaquam
844 4925 1084 5000 proprie
1133 4926 1371 4984 dicitur.
1407 4925 1520 4994 Qui
1577 4926 1738 4984 enim
1785 4925 2057 4986 oblivisci

396 5028 522 5069 non
547 5017 763 5087 potest,
789 5029 915 5087 quo
941 5018 1118 5086 pacto
1147 5013 1449 5072 recordari
1490 5015 1724 5089 potest?
1763 5015 1877 5074 Sed
1911 5015 2056 5088 quia

397 5117 502 5159 eos
551 5117 685 5174 nos,
721 5118 981 5176 quorum
1020 5103 1430 5173 recordamur,
1474 5103 1912 5178 amplectimur,
1975 5103 2056 5160 ab

395 5192 491 5248 his
529 5195 734 5248 autem
771 5207 1031 5264 quorum
1067 5191 1496 5258 obliviscimur,
1522 5193 1896 5264 elongamur.
1935 5193 2055 5248 Hu-

397 5297 582 5337 mano
613 5297 728 5337 usu
783 5285 838 5337 et
889 5281 1193 5338 recordari
1242 5285 1395 5338 Deus
1438 5282 1670 5352 dicitur,
1714 5298 1854 5339 cum
1889 5282 2056 5340 dona

399 5369 622 5440 tribuit,
679 5375 740 5428 et
781 5369 1056 5430 oblivisci
1125 5387 1263 5428 cum
1327 5372 1386 5428 in
1441 5372 1622 5445 culpa
1677 5370 2050 5443 derelinquit.

401 5460 481 5514 De
531 5457 647 5514 hoc
681 5459 1050 5518 intrucmoso
1101 5460 1264 5532 ligno
1315 5476 1424 5533 per
1473 5462 1770 5518 Joannem
1810 5459 2050 5516 dicitur:

402 5569 430 5600 «
484 5549 618 5608 Jam
677 5547 840 5608 enim
897 5549 1124 5607 securis
1191 5549 1271 5624 ad
1320 5549 1585 5607 radicem
1652 5546 1886 5608 arboris
1948 5562 2054 5620 po-

2166 4305 2456 4377 reprobos
2483 4321 2647 4366 mors
2682 4305 2929 4377 quidem
2959 4303 3156 4362 carnis
3191 4304 3466 4370 abscidit,
3498 4303 3604 4367 sed
3647 4319 3825 4376 pinna

2166 4391 2543 4465 subsequens
2581 4399 2861 4452 conteret.
2923 4393 3105 4460 Quasi
3152 4393 3314 4458 enim
3367 4393 3463 4450 hic
3520 4392 3820 4469 indicitur,

2165 4496 2303 4540 cum
2349 4497 2385 4540 a
2413 4483 2692 4554 praesenti
2741 4482 2862 4545 vita
2901 4487 3230 4554 separatur.
3275 4481 3389 4542 Sed
3440 4482 3501 4544 in
3545 4483 3826 4552 gehenna

2164 4569 2504 4636 conteritur,
2550 4587 2690 4632 cum
2728 4573 3020 4643 perpetua
3063 4571 3452 4636 damnatione
3501 4569 3821 4636 cruciatur,

2163 4657 2438 4730 Sequitur
2471 4675 2482 4718 :

2235 4745 2410 4802 Vens.
2443 4747 2533 4804 21.
2567 4747 2746 4806 Pavit
2773 4747 2926 4810 enim
2954 4747 3215 4808 sterilem
3260 4761 3397 4817 qua:
3421 4761 3541 4813 non
3567 4747 3737 4816 parit
3766 4750 3824 4802 et

2163 4835 2362 4896 vidua;
2393 4835 2536 4894 bene
2557 4849 2679 4894 non
2700 4835 2942 4904 fecit.-—-
2969 4836 3111 4900 Quae
3131 4835 3246 4898 hoc
3273 4834 3408 4892 loco
3435 4833 3687 4903 steriliis,
3707 4833 3826 4890 nisi

2165 4939 2306 4982 caro
2333 4921 2681 5000 nominatur
2695 4923 2723 4980 ‘I
2752 4939 2889 4995 quae
2909 4923 3056 4988 dum
3088 4923 3216 4990 sola
3235 4923 3554 4996 praesentia
3573 4923 3823 4996 appetit,

2163 5011 2358 5072 bonas
2389 5010 2632 5080 gignere
2675 5011 3065 5080 cogitationes
3096 5012 3302 5078 nescit.
3333 5013 3476 5080 Quae
3506 5015 3710 5078 autem
3733 5010 3822 5076 vi-

2165 5100 2307 5170 dua,
2338 5099 2450 5156 nisi
2479 5099 2684 5164 anima
2712 5106 3114 5174 nuncupatur,
3147 5116 3334 5173 quam
3363 5099 3506 5174 quia
3541 5098 3827 5168 Conditor

2165 5189 2276 5246 sibi
2302 5190 2552 5260 jungere
2582 5190 2787 5256 voluit,
2817 5189 2895 5246 ab
2921 5189 3252 5256 thalamum
3277 5190 3424 5258 uteri
3451 5189 3710 5256 carnalis
3728 5204 3825 5248 ve:

2162 5279 2267 5346 nit,
2288 5277 2598 5339 Psalmista
2621 5283 2953 5345 attestante,
2977 5279 3081 5352 qui
3107 5279 3188 5335 ait
3211 5298 3222 5336 :
3251 5302 3277 5329 «
3299 5282 3364 5339 Et
3383 5279 3510 5352 ipse
3529 5284 3822 5352 tanquam

2166 5383 2426 5442 sponsus
2453 5367 2787 5442 procedens
2803 5367 2877 5424 de
2905 5367 3170 5430 thalamo
3192 5384 3302 5434 suo
3323 5369 3512 5440 (Psal.
3531 5384 3691 5436 ξηιλ,
3707 5367 3821 5440 6).»

2165 5459 2306 5524 Quae
2335 5461 2490 5517 recte
2512 5457 2692 5516 vidua
2719 5455 2954 5526 dicitur,
2985 5457 3129 5529 quia
3159 5457 3290 5530 ejus
3318 5458 3409 5515 vir
3429 5473 3541 5530 pro
3562 5473 3636 5516 ea
3663 5471 3826 5530 rnor-

2164 5517 2284 5604 tem
2311 5544 2571 5620 pertulit,
2594 5549 2652 5602 et
2674 5561 2835 5608 nunc
2865 5517 3093 5610 in'cdsli
3121 5517 3550 5620 penetralibus,
3581 5543 3662 5610 ab
3687 5517 3822 5620 e'jus
