4112 6152
291 135 390 187 309

1070 132 1363 187 EPITOME
1402 130 1763 188 MORALIUM
1805 128 1860 182 S.
1904 126 2108 182 GBEG.
2155 131 2219 182 IN
2258 130 2403 187 J08.
2446 162 2513 172 -ο
2558 136 2681 189 LIB.
2728 136 2896 190 XVII.

3613 136 3717 191 310

289 255 476 312 oculis
509 254 796 313 occultus.
825 254 996 327 quasi
1026 255 1085 309 in
1116 259 1282 328 parte
1311 255 1551 310 alterius
1576 230 1837 324 regionis
1864 250 1940 306 vi-
1970 250 2016 301 Α
2057 252 2283 324 perbia,
2319 255 2412 311 via
2456 258 2709 327 raptoris
2758 259 3026 322 avaritia,
3061 260 3158 315 via
3206 265 3294 316 est
3336 260 3545 316 lubrici
3577 274 3718 318 con-

286 344 389 401 vit.
424 344 668 417 lniquus
693 360 832 414 ergo
865 343 1117 400 sterilem
1146 342 1353 417 pascit,
1388 348 1443 399 et
1474 343 1668 399 vizilua
1699 340 1941 398 benefa—

288 449 418 489 cere
450 433 711 503 negligit,
742 433 885 505 quia
933 433 1128 488 carnis
1173 433 1480 489 desideriis
1522 433 1808 495 serviens,
1839 447 1941 487 eu-

284 540 415 580 ram
440 523 655 579 anima
687 522 984 595 vitamque
1013 523 1356 580 contemnit.
1387 524 1533 579 Caro
1570 523 1794 596 quippe
1822 536 1942 577 non

288 612 485 669 solum
515 612 740 673 sterilis,
776 612 879 667 sed
928 613 1105 669 etiam
1156 630 1293 686 qua
1346 629 1467 670 non
1516 613 1670 685 parit
1707 611 1942 679 dicitur,

283 703 429 776 quia
458 719 568 758 suo
600 718 779 757 sensu
817 702 1014 758 bonas
1054 703 1442 773 cogitationes
1474 704 1716 773 gignere
1746 717 1855 758 nec
1884 702 1946 757 in

282 791 505 848 ultimis
550 791 725 847 valet.
779 792 953 858 Quod
1002 797 1204 858 tamen
1248 792 1492 863 intelligi
1536 793 1609 849 de
1656 791 1947 849 hareticis

282 882 459 937 etiam
488 881 953 953 praedicantibus
981 884 1194 955 potest.
1231 883 1653 955 Unusquisque
1682 896 1946 953 namque

277 969 637 1044 pradicator
685 970 901 1026 erroris
950 972 1098 1026 dum
1152 971 1392 1045 plebem
1442 977 1609 1027 extra
1659 970 1945 1026 unitatem

279 1059 553 1115 Ecclesia
585 1059 846 1131 positam
879 1060 1072 1129 docet,
1107 1060 1371 1133 profecto
1412 1060 1692 1129 sterilem,
1726 1064 1783 1115 et
1811 1074 1944 1114 eam

277 1164 415 1221 qua
459 1164 670 1222 parere
708 1164 831 1203 non
874 1148 1049 1213 valet,
1082 1148 1308 1223 pascit;
1359 1149 1503 1222 quia
1537 1148 1586 1203 ei
1632 1164 1809 1204 usum
1854 1146 1945 1203 sui

274 1236 501 1293 laboris
552 1237 870 1309 impendit,
903 1255 1037 1311 qua
1091 1237 1385 1311 spiritales
1438 1237 1662 1294 fructus
1718 1252 1945 1309 nequa-

274 1342 466 1399 quam
511 1326 723 1383 reddit.
756 1329 919 1384 Bene
960 1334 1156 1385 autem
1208 1329 1402 1383 vidua
1431 1344 1550 1384 non
1594 1328 1770 1397 facit,
1802 1325 1946 1400 quia

273 1416 550 1472 videlicet
578 1421 799 1473 sanctae
832 1417 1152 1473 universali
1186 1416 1486 1483 Ecclesia,
1516 1417 1690 1488 cujus
1717 1415 1806 1471 vir
1833 1414 1941 1471 ad-

272 1520 451 1559 versa
481 1505 688 1560 mortis
720 1505 979 1577 pertulit,
1014 1506 1213 1561 vivere
1246 1523 1314 1561 ac
1345 1505 1643 1561 deservire
1674 1508 1939 1561 contem-

2055 341 2419 413 cupiscentia
2451 344 2726 399 carnalis.
2766 350 2825 400 In
2852 346 2961 401 viis
2992 363 3134 416 ergo
3162 347 3285 403 suis
3305 349 3557 421 iniquus
3582 350 3715 423 qui-

2056 443 2202 499 sque
2232 430 2436 486 oculos
2468 432 2764 504 deprimit,
2800 434 2947 505 quia
2973 436 3117 491 solis
3168 438 3325 493 vitiis
3370 442 3435 493 ut
3460 453 3567 510 per
3591 438 3715 493 haec

2056 518 2258 574 animo
2305 522 2646 592 satisfaciat,
2676 523 2947 581 intendit.
2982 526 3146 582 Unde
3190 532 3247 583 et
3292 544 3401 602 per
3452 527 3717 585 Salomo-

2056 624 2194 663 nem
2242 609 2491 666 dicitur:
2533 612 2755 669 «Oculi
2803 613 3125 671 stultorum
3171 616 3234 672 in
3275 617 3499 673 ﬁnibus
3547 622 3715 674 terra

2056 695 2260 765 (Prov.
2294 714 2425 765 xvn,
2458 701 2609 771 24).»
2642 702 2919 774 Sequitur
2938 719 2961 757 :;

2126 790 2294 843 Vens.
2329 789 2416 845 24.
2456 791 2699 847 Etevati
2740 793 2993 867 suntad
3019 793 3339 861 modicum,
3362 800 3417 848 et
3436 810 3558 850 non
3577 795 3714 850 sub-

2054 877 2279 934 sistent.
2311 910 2379 917 —
2424 879 2771 951 Iniquorum
2830 880 3018 949 gloria
3067 897 3207 937 cum
3250 880 3607 954 plerumque
3654 884 3715 939 in

2057 981 2356 1022 annorum
2396 968 2839 1026 multitudinem
2892 970 3170 1037 tenditur,
3215 970 3294 1027 ab
3333 970 3715 1028 inﬁrmorum

2056 1055 2357 1111 mentibus
2387 1073 2516 1114 esse
2544 1058 2746 1128 longa,
2776 1064 2835 1115 et
2863 1061 3039 1132 quasi
3086 1061 3315 1117 stabilis
3360 1060 3710 1116 astimatur.

2058 1144 2169 1200 Sed
2202 1161 2339 1200 cum
2370 1147 2715 1218 repentinus
2756 1149 2913 1204 hanc
2966 1149 3097 1204 finis
3126 1149 3439 1222 intercipit,
3470 1150 3713 1206 brevem

2056 1232 2238 1288 fuisse
2271 1234 2395 1289 sine
2426 1235 2613 1291 dubio
2634 1237 2960 1306 redarguit,
2980 1238 3289 1310 quomodo
3306 1238 3713 1294 determinans

2053 1322 2385 1389 innotescit,
2418 1325 2561 1398 quia
2608 1327 2776 1397 quod
2818 1327 3123 1399 praeterire
3163 1328 3377 1400 potuit,
3407 1328 3715 1383 modicum

2053 1411 2180 1466 fuit.
2215 1412 2534 1469 Elevantur
2565 1430 2707 1483 ergo
2755 1415 2835 1470 ad
2883 1415 3194 1472 modicum
3240 1420 3298 1471 et
3342 1431 3467 1471 non
3494 1416 3716 1471 subsis-

2058 1504 2203 1569 tunt,
2226 1501 2371 1573 quia
2401 1518 2471 1557 eo
2502 1502 2635 1575 ipso
2664 1504 2830 1576 quod
2861 1503 3049 1560 videri
3076 1505 3177 1560 alti
3206 1509 3518 1577 appetunt,
3549 1520 3587 1561 a
3613 1520 3715 1560 ve-

273 1593 378 1649 nit.
410 1594 609 1650 Vidua
635 1597 796 1649 enim
823 1594 1172 1651 benefacere
1202 1600 1309 1664 est,
1334 1596 1392 1650 in
1424 1594 1554 1665 ejus
1585 1610 1719 1667 qua
1751 1598 1940 1649 morte
1980 1599 2022 1651 Β
2056 1606 2119 1644 Pa
2151 1591 2248 1647 Dei
2279 1591 2533 1647 essentia
2564 1591 2743 1662 longe
2788 1609 2896 1666 per
2925 1592 3244 1649 elationem
3284 1594 3458 1650 ﬁunt.
3489 1594 3719 1650 Subsis—

275 1683 381 1739 viri
414 1684 503 1738 sui
543 1684 827 1756 atteritur,
863 1685 1267 1740 consolatione
1306 1685 1600 1741 laborare.
1633 1686 1799 1756 Saepe
1831 1699 1939 1739 au-

276 1778 395 1828 tem
426 1772 778 1845 praedicator
803 1774 1018 1829 erroris
1052 1774 1231 1843 hujus
1261 1773 1469 1829 mundi
1501 1772 1785 1829 divitibus
1797 1772 1939 1843 jun-

278 1861 451 1930 gitur.
483 1861 648 1917 lTnde
680 1860 991 1917 subditur:

348 1954 522 2007 Vens.
551 1955 641 2007 22.
674 1953 952 2008 Detraxit
981 1954 1168 2022 fortes
1211 1954 1273 2007 in
1304 1952 1667 2022 fortitudine
1711 1965 1840 2006 sua.
1874 1983 1942 1989 —

275 2038 414 2093 —-ln
438 2038 777 2095 fortitudine
810 2039 1033 2112 quippe
1067 2056 1188 2095 sua
1219 2040 1528 2112 pravitatis
1558 2039 1735 2095 fortes
1765 2054 1943 2111 quos-

276 2142 396 2198 que
427 2126 701 2197 detrahit,
725 2144 862 2182 cum
896 2144 1002 2199 per
1049 2129 1137 2183 sui
1169 2128 1386 2183 erroris
1417 2128 1695 2184 astutiam
1732 2127 1945 2183 mundi

274 2202 479 2285 hujus,
506 2219 773 2286 potentes
800 2217 974 2288 rapit,
1003 2232 1158 2288 quos
1200 2222 1410 2272 contra
1443 2233 1548 2288 per
1577 2204 1827 2272 Paulum
1856 2215 1942 2271 di-

271 2301 463 2357 citur:
517 2325 543 2351 ‹‹
570 2301 811 2358 lnﬂrma
843 2303 1051 2358 mundi
1097 2303 1272 2373 elegit
1304 2308 1476 2372 Deus,
1511 2307 1571 2358 ut
1609 2301 1941 2359 confundat

268 2389 443 2445 fortia
515 2390 574 2459 (l
616 2391 750 2446 Cor.
813 2409 849 2459 ιν,
895 2394 1005 2463 27).
1071 2392 1374 2448 Fortitudo
1428 2398 1629 2448 autem
1678 2391 1935 2464 perversi

268 2478 681 2552 praedicatoris
714 2485 820 2547 est,
850 2479 1004 2536 elata
1056 2481 1299 2536 scientia
1332 2480 1668 2549 locutionis,
1692 2496 1816 2552 qua
1843 2479 1934 2536 iu-

270 2568 451 2623 flatus
483 2573 724 2624 cateros
773 2568 1046 2640 despicit,
1084 2575 1263 2643 atque
1303 2571 1362 2626 in
1413 2575 1762 2643 contemptu
1805 2585 1933 2625 om-

264 2656 440 2711 nium
488 2657 661 2730 quasi
713 2656 1090 2727 singulariter
1135 2659 1299 2730 apud
1334 2675 1393 2714 se
1426 2659 1648 2731 peritus
1682 2658 1935 2714 intume-

265 2746 396 2801 scit.
420 2745 730 2817 Sequitur:
761 2747 836 2802 Et
866 2763 996 2802 cum
1028 2750 1254 2804 steterit
1284 2765 1402 2803 non
1424 2748 1609 2804 credit
1634 2749 1771 2803 vita
1790 2763 1927 2803 sua.

263 2865 339 2874 —
373 2835 493 2889 Stat
518 2834 577 2888 in
598 2834 713 2889 hoc
740 2835 970 2889 mundo
999 2851 1316 2908 perversus
1365 2834 1619 2908 quisque
1649 2834 1933 2907 pradica-

2053 1683 2171 1733 tere
2198 1679 2415 1749 etenim
2441 1686 2767 1751 nequeunt,
2797 1680 2939 1752 quia
2960 1680 3039 1735 ab
3070 1686 3303 1735 aternae
3330 1682 3600 1737 essentia
3628 1698 3718 1737 so-

2050 1766 2272 1822 liditate
2318 1767 2689 1839 dividuntur,
2722 1774 2901 1841 atque
2953 1769 3110 1825 hanc
3159 1770 3420 1841 primam
3448 1770 3715 1825 ruinam

2052 1854 2321 1919 tolerant,
2350 1857 2494 1927 quia
2518 1873 2624 1928 per
2656 1858 2953 1929 privatam
2985 1857 3237 1927 gloriam
3285 1857 3348 1913 in
3380 1857 3713 1930 semetipsis

2054 1942 2293 1997 cadunt.
2334 1943 2478 1998 Hinc
2509 1945 2669 2000 enim
2702 1962 2808 2017 per
2845 1945 3220 2002 Psalmistam
3250 1945 3498 2001 dicitur:
3551 1965 3581 1999 ς
3603 1948 3712 2001 De-

2048 2030 2238 2100 jecisti
2270 2048 2372 2086 eos
2412 2032 2558 2087 dum
2586 2032 2984 2089 allevarentur
3009 2036 3199 2100 (Psal.
3235 2050 3386 2101 LXXI,
3421 2034 3578 2105 18).»
3613 2035 3715 2089 Vir

2054 2118 2253 2190 itaque
2282 2124 2524 2175 sanctus
2551 2138 2689 2176 cum
2740 2138 3062 2193 pravorum
3101 2122 3355 2190 gloriam
3394 2123 3716 2179 defectum-

2051 2224 2169 2280 que
2199 2208 2537 2280 discuteret,
2569 2211 2645 2265 ad
2679 2216 2893 2267 cuncta
2923 2212 3196 2282 protinus
3221 2213 3438 2267 mentis
3471 2214 3714 2267 oculum

2051 2296 2295 2353 tetendit
2320 2298 2558 2354 dicens:
2591 2301 3100 2357 Hamiliabuntur
3122 2303 3274 2356 sicut
3300 2303 3499 2357 omnia
3530 2308 3581 2357 et
3605 2316 3714 2356 au-

2044 2387 2342 2456 fercntur.
2372 2417 2441 2426 —
2475 2389 2706 2458 Omnia,
2742 2388 3006 2459 profecto
3032 2393 3287 2454 terrena,
3319 2403 3391 2443 ac
3422 2387 3470 2442 si
3514 2393 3714 2461 aperte

2044 2473 2239 2530 dicat:
2287 2476 2450 2531 Stare
2484 2476 2604 2532 ullo
2643 2477 2829 2532 modo
2859 2481 3187 2549 nequeunt,
3219 2476 3364 2549 quia
3404 2477 3542 2549 ipsa
3565 2493 3714 2550 quo-

2042 2579 2159 2635 que
2192 2561 2428 2632 fugiunt
2448 2564 2670 2637 quibus
2690 2565 3043 2636 innituntur,
3069 2566 3341 2638 dumque
3358 2566 3712 2638 temporalia

2042 2651 2316 2721 diligunt,
2360 2669 2498 2708 cum
2550 2655 2644 2710 his
2703 2670 2772 2709 ex
2827 2654 3114 2727 temporis
3166 2654 3532 2711 volubilitate
3578 2672 3711 2728 per-

2043 2745 2305 2796 currunt.
2340 2742 2453 2797 Sed
2497 2743 2686 2814 quari
2731 2748 2944 2816 potest,
2987 2761 3134 2801 cum
3166 2758 3275 2817 per
3324 2745 3708 2803 Salomonem

2043 2828 2298 2885 dicitur:
2372 2853 2397 2879 «
2426 2832 2733 2887 Generatio
2793 2833 3069 2904 praeterit,
3128 2838 3187 2890 et
3249 2834 3552 2901 generatio
3605 2835 3709 2889 ad-

264 2927 382 2992 tor,
428 2939 748 2997 quousque
791 2928 1025 2979 terreno
1066 2923 1202 2978 vivit
1239 2924 1299 2978 in
1348 2940 1615 2995 corpore,
1650 2924 1753 2979 sed
1798 2923 1931 2979 vita
1969 2941 2014 2996 ο
2043 2919 2222 2981 venit,
2270 2923 2425 2976 terra
2472 2936 2614 2976 vero
2657 2921 2715 2976 in
2761 2927 3052 2977 aternum
3089 2926 3206 2978 stat
3250 2924 3464 2993 (Eccte.
3499 2924 3548 2990 l,
3579 2926 3705 2990 4),»

262 3028 399 3067 sua
429 3012 668 3067 credere
695 3011 908 3077 renuit,
941 3012 1084 3083 quia
1114 3012 1188 3067 de
1240 3014 1357 3067 Deo
1389 3028 1528 3067 vera
1571 3027 1932 3081 cognoscere

259 3100 615 3156 contemnit.
649 3100 788 3156 Vitae
825 3101 985 3155 enim
1025 3118 1147 3157 sua
1203 3104 1485 3167 trederet,
1520 3100 1566 3156 si
1598 3099 1931 3156 Conditoris

257 3189 359 3245 sui
426 3189 825 3245 substantiam
881 3194 1035 3246 recte
1090 3190 1350 3245 sentiret.
1407 3193 1553 3245 Nam
1611 3205 1928 3262 perversus

254 3278 522 3351 quisque
562 3278 739 3334 etiam
776 3279 822 3335 si
862 3284 1084 3335 rectam
1138 3280 1324 3335 ﬁdem
1362 3279 1421 3334 in
1467 3280 1601 3335 sinu
1652 3278 1925 3335 Ecclesia

256 3372 461 3425 tenere
490 3368 781 3431 videatur,
818 3373 954 3440 stat,
987 3374 1043 3425 et
1069 3369 1202 3425 vita
1233 3386 1356 3425 sua
1389 3385 1509 3425 non
1542 3369 1746 3440 credit,
1781 3369 1926 3441 quia

252 3464 421 3514 recta
445 3458 688 3530 quidem
713 3463 850 3515 sunt
878 3474 1014 3531 qua
1044 3475 1153 3533 per
1176 3459 1360 3515 ﬁdem
1389 3458 1463 3515 de
1489 3459 1807 3521 Conditore
1836 3458 1923 3515 in-

253 3547 483 3618 telligit,
516 3547 619 3603 sed
645 3552 847 3605 tamen
879 3549 1015 3605 ﬁdei
1061 3565 1247 3622 opera
1277 3548 1624 3619 contemnit,
1647 3552 1704 3604 et
1731 3548 1920 3604 incre-

252 3637 525 3694 dulitatis
554 3637 952 3708 redarguitur,
988 3639 1131 3711 quia
1163 3639 1241 3695 ab
1273 3655 1344 3695 eo
1373 3639 1539 3712 quod
1572 3654 1635 3694 se
1666 3637 1923 3694 ostendit

251 3726 499 3781 credere
525 3725 777 3782 vivendo
808 3727 1180 3799 reprobatur.
1218 3727 1359 3782 Hinc
1401 3727 1561 3782 enim
1602 3743 1709 3799 per
1749 3729 1925 3783 Joan-

250 3831 399 3871 nem
425 3814 637 3869 dicitur
660 3832 673 3869 :
705 3836 729 3862 ‹‹
746 3815 851 3879 Qui
881 3815 1022 3871 dicit
1048 3832 1108 3871 se
1135 3831 1315 3871 nosse
1342 3817 1551 3883 Deum,
1576 3819 1633 3871 et
1664 3815 1918 3871 manda—

251 3908 311 3961 ta
366 3904 496 3974 ejus
533 3918 656 3958 non
696 3904 971 3968 custodit,
1006 3903 1263 3961 mendax
1306 3910 1393 3961 est
1425 3906 1478 3977 (Ι
1502 3906 1678 3961 Joan.
1716 3921 1775 3975 ιι,
1803 3908 1918 3977 4).»

250 3992 540 4064 Sequitur
564 4010 576 4046 :

333 4082 499 4135 Vens.
533 4084 621 4137 23.
651 4113 718 4121 --
753 4080 921 4137 Dedit
951 4082 1006 4137 ei
1030 4083 1183 4137 Deus
1215 4083 1407 4138 locum
1442 4085 1829 4153 panitentia,
1861 4089 1917 4140 et

248 4170 366 4226 ille
408 4168 683 4224 abutitur
711 4184 775 4225 eo
806 4170 867 4224 in
898 4169 1254 4238 superbiam.
1290 4202 1356 4209 —
1398 4169 1676 4243 Quisquis
1722 4170 1911 4227 delin-

248 4259 385 4332 quit
428 4264 484 4313 et
530 4259 688 4325 vivit,
732 4258 955 4314 idcirco
1003 4259 1163 4315 hunc
1208 4258 1412 4315 divina
1457 4258 1825 4333 dispensatio
1851 4260 1912 4316 in
1951 4292 1996 4346 Β

248 4348 563 4421 iniquitate
599 4349 824 4415 tolerat,
864 4353 927 4403 ut
954 4347 1032 4404 ab
1062 4349 1371 4422 iniquitate
1401 4353 1763 4423 compescat.
1802 4348 1915 4405 Sed

248 4438 354 4510 qui
388 4436 611 4492 diutius
632 4437 932 4501 toleratur,
949 4453 1058 4493 nec
1086 4440 1287 4493 tamen
1315 4436 1392 4493 ab
1423 4437 1731 4511 iniquitate
1750 4455 1914 4495 eom-

249 4524 531 4597 pescitur,
557 4542 783 4580 munus
813 4526 1036 4598 quippe
1088 4542 1364 4598 superna
1394 4526 1695 4598 patientia
1724 4526 1913 4598 perci-

252 4613 359 4686 pit,
406 4613 513 4670 sed
554 4619 755 4670 reatus
813 4615 903 4669 sui
952 4614 1224 4677 vinculis,
1257 4631 1329 4671 ex
1369 4615 1506 4688 ipso
1555 4631 1620 4671 se
1665 4631 1914 4671 munere

254 4704 474 4760 arctius
523 4704 813 4773 astringit.
856 4704 997 4760 Hinc
1040 4721 1146 4778 per
1184 4705 1433 4762 Paulum
1478 4704 1728 4761 dicitur:
1775 4709 1914 4762 «An

253 4792 499 4861 ignoras
536 4793 678 4865 quia
706 4793 993 4866 patientia
1025 4794 1123 4850 Dei
1163 4794 1241 4850 ad
1284 4794 1698 4866 paenitentiam
1730 4798 1783 4850 te
1813 4793 1915 4849 ad-

252 4881 460 4937 ducit?
491 4884 575 4938 Tu
605 4888 805 4939 autem
836 4880 1172 4938 secundum
1204 4882 1484 4939 duritiam
1512 4886 1698 4951 tuam,
1732 4887 1787 4939 et
1812 4899 1915 4939 eor

253 4970 655 5044 impanitens,
691 4972 1053 5028 thesaurizas
1091 4971 1193 5028 tibi
1244 4974 1397 5029 iram
1446 4973 1506 5029 in
1561 4973 1656 5029 die
1700 4973 1824 5042 ira,
1858 4977 1915 5030 et

252 5060 628 5117 revelationis
668 5061 809 5133 justi
854 5061 1063 5135 judicii
1110 5061 1209 5118 Dei
1243 5062 1431 5129 (Rom.
1480 5079 1537 5132 ii,
1583 5065 1636 5131 4,
1675 5063 1785 5135 ὅ).››
1817 5064 1912 5118 Se-

252 5151 493 5222 quitur:
529 5151 703 5208 0cuti
728 5155 856 5222 ejus
886 5156 950 5209 in
1000 5153 1108 5209 viis
1136 5157 1277 5208 sunt
1308 5155 1453 5221 ejus.
1484 5184 1551 5192 —
1581 5152 1724 5209 Vias
1751 5151 1912 5209 enim

253 5254 395 5293 suas
444 5242 700 5295 intuetur
741 5241 1232 5313 peccator,.quia
1276 5241 1409 5297 sola
1454 5241 1737 5311 cogitare,
1784 5240 1915 5298 sola

253 5344 494 5384 cernere
552 5330 771 5393 nititur.
832 5346 967 5402 qua
1020 5329 1132 5385 sibi
1188 5330 1266 5386 ad
1322 5330 1712 5387 commodum
1770 5335 1913 5387 tem-

252 5418 457 5490 porale
518 5418 960 5488 suﬂ'ragentur:
1019 5418 1160 5474 Hinc
1228 5419 1389 5475 enim
1453 5419 1671 5475 Paulus
1728 5419 1909 5476 dicit:

254 5509 524 5564 «Omnes
563 5524 698 5580 qua
748 5520 857 5562 sua
909 5511 1047 5561 sunt
1095 5513 1390 5579 quaerunt,
1424 5524 1546 5565 non
1591 5524 1728 5582 qua
1777 5512 1914 5565 sunt

250 5596 399 5651 Jesu
442 5596 653 5654 Christi
683 5595 869 5669 (Phil.
902 5609 964 5660 ii,
987 5594 1151 5661 ‘21).»
1190 5590 1296 5651 Via
1336 5612 1600 5672 namque
1643 5595 1775 5654 elati
1823 5613 1916 5653 su-

2044 3025 2149 3063 eur
2168 3008 2382 3065 beatus
2414 3009 2525 3064 Job
2557 3010 2763 3066 omnia
2793 3010 3096 3067 humiliari
3126 3016 3370 3075 asserat,
3389 3016 3446 3067 et
3465 3012 3703 3069 auferri.

2044 3097 2217 3163 Quod
2248 3102 2447 3153 tamen
2478 3097 2651 3155 facile
2677 3098 3050 3165 discutimus,
3080 3098 3128 3155 si
3155 3101 3373 3154 terram
3397 3103 3454 3153 et
3480 3098 3702 3156 coelum

2040 3185 2131 3241 vel
2177 3185 2432 3259 qualiter
2488 3191 2815 3255 transeant,
2848 3187 2941 3244 vel
2980 3186 3240 3260 qualiter
3284 3192 3571 3244 maneant
3613 3188 3703 3243 di-

2042 3275 2444 3345 stinguamus.
2481 3278 2738 3349 Utraque
2767 3291 3033 3349 namque
3064 3277 3193 3333 hac
3213 3292 3320 3349 per
3350 3292 3485 3333 eam
3515 3290 3701 3349 quam

2040 3381 2201 3420 nunc
2243 3365 2469 3420 habent
2497 3365 2822 3435 imaginem
2855 3370 3185 3434 transeunt,
3213 3365 3319 3423 sed
3365 3371 3563 3423 tamen
3593 3382 3702 3439 per

2037 3454 2355 3509 essentiam
2402 3454 2527 3509 sine
2576 3453 2694 3510 ﬁne
2726 3455 3073 3511 subsistunt.
3109 3455 3253 3512 Hinc
3297 3470 3563 3527 namque
3594 3471 3701 3528 per

2035 3542 2281 3599 Paulum
2335 3543 2589 3599 dicitur:
2644 3544 2956 3601 «Praterit
3015 3545 3176 3602 enim
3241 3545 3438 3616 ﬁgura
3485 3546 3698 3601 mundi

2031 3633 2159 3704 ejus
2212 3635 2269 3700 (Ι
2297 3633 2432 3689 Cor.
2462 3650 2561 3700 vn,
2595 3635 2704 3705 3t).
2729 3657 2755 3682 ››
2809 3634 3120 3707 Sequitur:
3166 3636 3245 3691 Et
3274 3641 3429 3692 Sicut
3456 3638 3696 3692 summi-

2032 3728 2181 3779 tates
2210 3724 2513 3791 spicarum
2557 3729 2961 3780 conterentur.
2993 3757 3062 3766 —
3110 3726 3420 3797 Spiearum
3469 3726 3695 3799 quippe

2034 3812 2412 3868 summitates
2454 3812 2648 3867 arista
2678 3819 2837 3868 sunt.
2870 3814 3082 3869 Arista
3125 3819 3327 3870 autem
3357 3815 3693 3884 conjuncta

2030 3901 2089 3955 in
2133 3899 2298 3973 spica
2340 3900 2661 3973 prodeunt,
2693 3901 2801 3957 sed
2839 3900 3164 3958 crescendo
3211 3902 3519 3975 paulisper
3563 3920 3599 3958 a
3630 3920 3691 3957 se

2029 3989 2275 4046 hirsuta
2305 3993 2362 4045 et
2384 3989 2592 4059 rigida
2620 3989 3091 4059 distinguuntur.
3119 3991 3273 4056 Quid
3300 4007 3446 4060 ergo
3472 4006 3693 4062 pravos

2030 4078 2212 4148 hujus
2258 4076 2469 4131 mundi
2526 4076 2737 4131 divites
2790 4075 3066 4145 dixerim,
3096 4077 3210 4133 nisi
3258 4077 3471 4133 aristas
3518 4094 3694 4150 quas-

2030 4167 2175 4222 dam
2204 4163 2456 4220 humani
2487 4164 2719 4234 generis
2738 4166 2765 4221 ?
2812 4164 2923 4230 Qui
2964 4167 3113 4222 dum
3160 4167 3366 4222 contra
3395 4181 3457 4221 se
3488 4181 3690 4239 super-

2030 4256 2221 4322 biunt,
2251 4253 2355 4309 sed
2399 4254 2701 4311 bonorum
2743 4255 2926 4311 vitam
2971 4255 3365 4312 unanimitate
3393 4254 3686 4328 afﬂigunt,

2030 4343 2349 4400 adversum
2394 4360 2454 4399 se
2480 4343 2725 4417 quidem
2756 4344 2929 4401 divisi
2968 4349 3126 4411 sunt,
3161 4344 3269 4401 sed
3300 4350 3501 4402 tamen
3548 4361 3691 4403 con-

2027 4434 2282 4491 corditer
2333 4450 2526 4505 grana
2586 4434 2871 4491 deorsum
2935 4440 3241 4508 premunt.
3294 4436 3407 4493 Sed
3464 4437 3686 4495 tritura

2024 4530 2261 4598 tempus
2308 4524 2607 4595 adveniet,
2639 4525 2807 4598 quod
2852 4530 2911 4583 et
2957 4525 3276 4584 aristarum
3325 4527 3684 4598 rigiditatem

2023 4613 2281 4683 frangat,
2325 4618 2383 4671 et
2432 4613 2628 4670 solida
2674 4629 2866 4687 grana
2908 4629 3033 4670 non
3082 4619 3366 4671 conterat.
3414 4616 3705 4688 Cumque

2024 4704 2217 4761 arista
2274 4701 2652 4773 franguntur,
2693 4702 2921 4761 candor
2959 4718 3281 4772 granorum
3330 4704 3681 4775 ostenditur,

2024 4794 2167 4865 quia
2210 4792 2434 4864 iniquis
2480 4792 2543 4847 in
2573 4791 2869 4864 supplicia
2895 4796 3115 4850 aterna
3144 4792 3514 4863 cadentibus,
3549 4810 3685 4853 san-

2024 4887 2256 4938 ctorum
2285 4881 2516 4953 justitia
2545 4886 2774 4955 quanta
2803 4882 3049 4939 veritate
3072 4882 3294 4941 clamat
3312 4884 3683 4946 demonstra-

2024 4975 2135 5027 tur.
2163 4970 2458 5043 Sequitur.

2093 5062 2264 5117 Veas.
2297 5063 2386 5116 25.
2420 5061 2589 5129 Quod
2615 5061 2668 5117 si
2695 5077 2816 5118 non
2847 5068 2930 5120 est
2958 5065 3061 5127 ita,
3094 5067 3225 5136 quis
3250 5081 3343 5122 me
3362 5074 3558 5137 potest
3578 5082 3681 5123 ar-

2021 5165 2203 5223 guere
2226 5165 2347 5207 esse
2372 5152 2681 5207 mentitum
2701 5154 2918 5209 ?—Cur
2941 5169 3085 5224 ergo
3100 5155 3315 5212 dicitur
3338 5173 3351 5209 :
3379 5157 3581 5209 Sinon
3597 5157 3681 5206 est

2022 5242 2129 5309 ita,
2161 5246 2469 5297 mentitum
2497 5257 2590 5298 me
2613 5256 2867 5313 arguere
2891 5246 3025 5315 quis
3049 5251 3263 5314 potest,
3281 5243 3435 5297 dum
3462 5238 3682 5296 scilicet

2022 5329 2369 5387 noverimus
2398 5331 2563 5402 quod
2592 5331 2867 5389 fallacem
2896 5332 3331 5406 reprehendere
3355 5326 3679 5385 euilibetli‘

2024 5423 2116 5476 cet
2129 5419 2157 5476 ‘?
2181 5415 2295 5477 Sed
2316 5418 2366 5473 si
2386 5419 2706 5493 loquentis,
2730 5437 2978 5478 sensum
2998 5417 3201 5474 subtili
3218 5415 3679 5487 interrogatione

2024 5508 2403 5579 discutimus,
2433 5525 2618 5582 quam
2650 5510 2765 5565 sint
2790 5512 2951 5563 recta
2977 5521 3113 5576 qua
3141 5504 3385 5577 protth
3401 5507 3571 5564 citius
3593 5508 3679 5562 in-

2026 5597 2316 5656 venimus.
2349 5601 2555 5655 Justus
2581 5599 2938 5667 namque,et
2958 5594 3007 5650 si
3033 5594 3181 5667 quid
3205 5612 3479 5668 unquam
3498 5597 3681 5651 delin-
