4128 6158
387 161 487 214 311

1460 162 1518 219 S.
1548 161 1803 219 ODONIS
1833 156 2131 216 ABBATIS
2162 153 2665 214 CLUNIACENSIS
2699 159 2744 212 11

3713 161 3847 214 312,

387 279 633 358 quendo
662 280 945 352 loquitur,
976 279 1232 352 dignum
1261 297 1386 340 non
1414 290 1506 341 est
1535 289 1599 342 ut
1627 286 1706 343 ab
1731 284 1969 356 injustis
1991 285 2048 338 et
2085 284 2133 337 Α
2160 279 2327 337 ribus
2356 279 2449 351 (II
2474 281 2621 338 Tim.
2655 297 2716 349 ιι,
2743 281 2817 352 4).
2841 302 2867 329 ››
2912 274 3021 344 Qui
3064 276 3199 334 licet
3224 293 3386 334 nunc
3424 280 3603 352 pauci
3634 297 3832 354 appa-

387 387 574 447 prave
605 368 947 425 viventibus
972 370 1294 443 judicetur,
1326 388 1398 429 ac
1442 374 1489 430 si
1543 391 1685 446 ergo
1737 376 1931 431 dicat:
1966 379 2051 431 Ita

391 463 605 518 cuncta
632 463 695 514 ut
724 458 964 531 protuli,
990 475 1128 533 quas
1158 464 1361 518 tamen
1392 462 1439 518 si
1478 464 1559 520 ita
1596 480 1720 521 non
1763 468 1983 536 essent,
2014 480 2051 521 a

390 548 559 606 vobis
585 546 848 619 relargui
866 563 1011 603 anon
1039 563 1306 621 possem,
1338 552 1482 624 quia
1518 552 1666 609 dum
1696 554 1895 611 adhuc
1919 570 2055 628 pro-

390 637 536 714 prim
566 637 979 706 succumbitis,
1005 637 1267 695 alienam
1292 642 1727 714 reprehendere
1752 643 2051 703 fallaciam

392 743 517 785 non
547 726 772 783 valetis.
804 725 1115 800 Sequitur:
1148 729 1231 783 Et
1252 744 1478 798 ponere
1497 739 1636 789 ante
1663 734 1849 790 Deum
1876 735 2053 792 verba

393 833 545 875 mea.
569 849 636 857 —
657 819 804 873 Ante
834 819 1022 873 Deum
1050 816 1277 891 quippe
1306 820 1491 876 verba
1523 837 1744 894 ponere
1770 829 1876 895 est,
1910 840 2054 881 con-

394 908 656 965 siderato
685 905 895 961 intimo
918 905 1141 977 judice,
1165 909 1456 965 exteriora
1486 910 1646 968 dicta
1676 915 2057 984 pensare.Vir

398 997 577 1065 igitur
595 998 838 1050 sanctus
868 994 947 1051 ab
976 995 1182 1052 amicis
1215 997 1717 1070 superbientibus,
1742 1001 1926 1059 verba
1945 1019 2057 1059 sua

400 1089 536 1141 ante
580 1087 767 1140 Deum
794 1083 941 1157 poni
972 1099 1152 1157 posse
1205 1102 1327 1142 non
1353 1088 1626 1146 aestimat.
1659 1095 1740 1147 Ac
1772 1092 1821 1148 si
1853 1097 2057 1166 aperte

400 1172 596 1228 dicat:
646 1171 874 1228 Idcirco
919 1187 1053 1244 quae
1099 1172 1317 1245 loquor
1359 1190 1583 1248 ponere
1626 1184 1761 1236 ante
1791 1180 2059 1250 judicem

400 1277 523 1318 non
554 1260 787 1332 valetis,
817 1260 962 1333 quia
989 1261 1119 1332 ejus
1148 1262 1323 1319 vobis
1355 1263 1569 1322 faciem
1598 1275 1917 1339 peccantes
1950 1270 2057 1327 ab-

402 1349 711 1406 sconditis.
747 1349 920 1416 Quod
949 1354 1150 1407 tamen
1178 1357 1236 1408 et
1258 1368 1331 1409 ex
1362 1358 1507 1427 typo
1536 1361 1757 1414 sanctae
1787 1359 2059 1416 Ecclesia:

403 1439 487 1494 nil
514 1438 713 1495 obstat
747 1437 1013 1509 intelligi.
1046 1442 1188 1506 Quae
1227 1458 1368 1498 cum
1415 1444 1491 1499 de
1547 1445 1800 1503 inﬁrmis
1830 1449 1952 1505 suis
1982 1450 2061 1506 ab

402 1528 818 1584 haereticorum
858 1528 1130 1585 irrisione
1171 1532 1649 1603 reprehenditur,
1690 1536 1887 1610 ipsam
1939 1539 2064 1595 irri-

403 1616 587 1672 sionis
613 1633 823 1673 eorum
849 1618 1131 1674 astutiam
1161 1619 1540 1691 dedignatur.
1573 1626 1880 1698 Sequitur:

1026 1707 1259 1763 CAPUT
1296 1712 1447 1767 XXV.

475 1796 644 1850 Vens.
679 1799 726 1861 l,
758 1799 811 1849 2.
858 1794 1241 1864 Respondens
1290 1803 1491 1855 autem
1523 1800 1796 1858 Baldath
1825 1803 2066 1859 Suhites

405 1883 600 1938 dixit:
640 1884 910 1939 Potestas
948 1889 1006 1939 et
1051 1890 1249 1941 terror
1294 1888 1462 1957 apud
1507 1903 1636 1945 eum
1683 1897 1787 1959 est,
1815 1923 1885 1932 ——
1914 1907 1985 1948 ac
2019 1901 2072 1958 si

406 1975 608 2043 aperte
637 1971 832 2027 dicat:
868 1971 1040 2029 Salus
1071 1974 1257 2031 corda
1283 1977 1628 2035 mortalium
1644 1980 1932 2037 veraciter
1961 1986 2071 2039 ter-

405 2065 510 2128 ret,
543 2062 649 2132 qui
679 2061 808 2117 haec
846 2077 921 2117 ex
949 2061 1274 2121 divinitatis
1320 2082 1444 2122 suae
1487 2069 1753 2139 potentia
1783 2072 2069 2128 veraciter

404 2149 694 2221 possidet,
725 2150 999 2209 humana
1044 2152 1206 2209 enim
1254 2156 1522 2227 potentia
1566 2174 1749 2230 quem
1780 2164 2067 2218 terrorem

403 2239 631 2305 incutit,
663 2255 799 2311 quae
814 2240 949 2311 jure
969 2241 1242 2312 ejusdem
1268 2245 1549 2316 potentiae
1566 2249 1814 2320 quando
1844 2255 2062 2319 careat,

403 2327 633 2383 nescit?
652 2328 930 2401 Sequitur
953 2347 966 2385 :
999 2330 1115 2397 Qui
1134 2333 1288 2401 facit
1307 2337 1686 2394 concordiam
1711 2340 1772 2393 in
1795 2340 2064 2397 sublimi-

409 2417 513 2472 bus
542 2418 957 2474 suis.——Bonos
985 2419 1211 2493 quippe
1240 2423 1624 2496 omnipotens
1655 2427 1805 2483 Deus
1830 2428 1910 2484 ad
1940 2446 2064 2486 me-

406 2503 586 2560 ritum
612 2505 905 2575 provehit,
937 2522 1077 2563 cum
1129 2514 1338 2567 contra
1386 2527 1597 2567 eorum
1644 2514 1828 2571 vitam
1870 2517 2067 2574 malos

408 2593 613 2648 saevire
638 2593 941 2665 permittit,
973 2599 1153 2668 atque
1179 2597 1241 2653 in
1270 2600 1593 2657 concordia
1624 2611 2069 2677 componuntur

296 2749 311 2758 .
411 2697 671 2748 summa,
703 2682 853 2737 dum
901 2682 1354 2743 confunduntur
1400 2688 1627 2759 inﬁma,
1661 2692 1806 2765 quia
1838 2694 1976 2751 inde
2006 2694 2067 2752 in

409 2769 770 2840 ccelestibus,
801 2770 1018 2829 electos
1049 2790 1191 2830 suos
1240 2781 1593 2848 angelorum
1624 2780 1818 2838 choris
1862 2783 2068 2855 sociat,

411 2860 573 2916 unde
602 2860 664 2916 in
692 2861 940 2918 terrenis
961 2866 1017 2919 et
1045 2863 1269 2921 inﬁmis
1297 2867 1696 2940 reproborum
1718 2888 1915 2930 mores
1946 2876 2068 2932 suis

410 2949 657 3006 nutibus
687 2950 1073 3009 adversantes
1101 2959 1319 3027 portat.
1347 2957 1462 3014 Sed
1490 2958 1643 3016 inter
1666 2961 1794 3018 haec
1823 2964 1967 3021 libet
1985 2966 2074 3021 in-

411 3037 669 3111 quirere,
717 3038 766 3094 si
807 3055 932 3113 pax
965 3040 1029 3096 in
1067 3042 1425 3101 sublimibus
1479 3063 1721 3107 summa
1768 3053 2071 3121 retinetur,

411 3127 560 3200 quid
590 3133 647 3185 et
681 3130 850 3201 quod
886 3145 996 3204 per
1021 3133 1306 3203 angelum
1350 3137 1575 3194 Danieli
1605 3139 1819 3197 dicitur
1847 3161 1859 3198 :
1897 3166 1923 3192 ‹‹
1952 3147 2074 3215 Ego

410 3218 545 3274 veni
569 3224 814 3291 propter
834 3235 1143 3278 sermones
1178 3229 1331 3280 tuos.
1366 3226 1651 3301 Princeps
1680 3236 1883 3289 autem
1904 3232 2073 3303 regni

413 3308 732 3363 Persarum
754 3306 964 3364 restitit
977 3309 1126 3365 mihi
1148 3310 1353 3382 viginti
1383 3318 1440 3371 et
1467 3330 1590 3371 uno
1610 3316 1825 3375 diebus
1843 3323 1870 3377 ?
1892 3323 2072 3393 (Dan.

412 3413 471 3467 χ,
507 3396 739 3466 12-13.)››
775 3396 889 3453 Sed
907 3397 1053 3469 quia
1072 3404 1232 3458 certa
1256 3403 1612 3474 angelorum
1643 3407 1971 3469 ministeria
1991 3412 2078 3468 di-

416 3484 777 3557 spensandis
826 3484 1076 3574 singulis
1107 3490 1449 3564 quibusque
1480 3495 1759 3564 gentibus
1790 3499 1907 3556 sint
1929 3516 2078 3574 prte-

413 3574 554 3642 lata,
588 3590 727 3630 cum
757 3573 1166 3645 subjectorum
1209 3595 1409 3636 mores
1454 3583 1779 3642 adversum
1823 3604 1884 3645 se
1916 3589 2079 3645 vicis-

418 3662 533 3717 sim
562 3662 1021 3734 praepositorum
1053 3664 1373 3736 spirituum
1402 3686 1582 3744 opem
1616 3681 1940 3747 merentur,
1963 3678 2078 3752 ipsi

416 3752 520 3824 qui
546 3755 807 3824 praesunt
833 3750 1074 3824 spiritus
1120 3760 1329 3813 contra
1374 3774 1439 3814 se
1477 3761 1680 3819 venire
1718 3750 2072 3823 referuntur.

418 3841 689 3912 Cumque
719 3839 1197 3916 uniuscujusque
1240 3848 1432 3916 gentis
1457 3850 1552 3906 vel
1582 3851 1760 3927 culpa
1784 3854 1879 3911 vel
1904 3856 2076 3927 justi-

415 3928 498 3986 tia
525 3929 603 3985 ad
629 3944 903 4001 supernas
931 3931 1112 3988 curias
1151 3935 1467 3994 consilium
1511 3939 1768 4012 ducitur,
1801 3944 2078 4016 ejusdem

417 4018 608 4087 gentis
649 4019 1003 4102 propositus,
1026 4021 1124 4079 vel
1150 4023 1480 4084 obtinuisse
1509 4028 1572 4085 in
1602 4033 1949 4097 certamine,
1982 4034 2077 4091 vel

416 4122 539 4163 non
565 4107 893 4166 obtinuisse
916 4112 1282 4184 perhibetur.
1313 4117 1591 4191 Sequitur
1617 4139 1630 4176 :

486 4200 659 4254 Vens.
687 4202 742 4254 3.
789 4201 1083 4272 Nunquid
1106 4210 1190 4259 est
1217 4219 1253 4255 ν
1272 4221 1504 4263 λγηενιιε
1544 4211 1800 4267 militum
1830 4215 1978 4283 ejus.
2007 4246 2076 4256 —

417 4288 483 4340 in
511 4286 847 4355 cognitione
893 4288 1179 4346 human»:
1224 4294 1473 4351 rationis
1524 4314 1639 4371 sup
1654 4314 1927 4357 imorum
1959 4302 2075 4376 spi-

414 4373 640 4430 rituum
668 4390 956 4433 numerus
996 4394 1120 4435 non
1153 4386 1261 4450 cst,
1290 4384 1435 4457 quia
1462 4391 1693 4458 quanta
1727 4388 1798 4445 sit
1838 4388 1939 4448 illa
1963 4373 2075 4448 fre-

416 4462 663 4554 quentia
715 4463 1029 4554 invisibilis
1079 4471 1398 4543 exercitus,
1445 4475 1634 4532 nescit
1686 4476 1761 4533 de
1809 4495 1931 4552 quo
1970 4496 2079 4554 per

417 4552 724 4643 Danielem
748 4553 1000 4643 dicitur:
1029 4578 1061 4608 «
1078 4557 1254 4617 Millia
1280 4561 1536 4621 millium
1554 4552 1991 4627 ministrabant
2000 4569 2075 4643 ei,

417 4646 474 4699 et
536 4641 734 4700 decies
795 4642 1010 4703 millies
1065 4653 1320 4709 centena
1380 4652 1567 4712 millia
1619 4656 1977 4716 assistebant
2024 4641 2077 4716 ei

418 4732 593 4803 (Dan.
625 4750 725 4802 vn,
756 4732 869 4805 10,.
899 4759 922 4785 «›
951 4736 1360 4811 Supernorum
1406 4743 1622 4802 civium
1658 4761 1947 4805 numerus
1989 4748 2078 4806 in-

413 4820 619 4878 ﬁnitus
649 4828 706 4880 et
731 4824 1013 4883 deﬁnitus
1050 4828 1423 4901 exprimitur,
1457 4837 1525 4891 ut
1550 4836 1656 4908 qui
1685 4838 1804 4892 Deo
1847 4841 1935 4894 est
1963 4854 2076 4894 nu-

415 4910 740 4979 merabilis,
771 4928 901 4969 esse
928 4913 1107 4972 nobis
1134 4915 1590 4978 innumerabilis
1610 4924 2072 4985 demonstretur.

414 4997 729 5069 Angelicos
757 5000 962 5072 spiritr
1026 5007 1187 5061 recte
1235 5002 1336 5063 Dei
1384 5015 1602 5068 mutos
1624 5012 1901 5085 dicimus,
1933 5017 2077 5089 quia

415 5101 519 5143 eos
547 5087 849 5146 decertare
874 5098 1086 5150 contra
1131 5099 1454 5166 potestates
1500 5116 1706 5159 aereas
1752 5119 1878 5161 non
1907 5087 2079 5176 igno-

412 5191 643 5249 ramus,
698 5193 835 5251 quaa
891 5184 1093 5239 tamen
1143 5187 1473 5247 certamina
1520 5206 1642 5248 non
1694 5191 1922 5263 labore,
1970 5193 2075 5251 sed

411 5265 664 5340 imperio
711 5275 1033 5342 peragunt.
1082 5272 1190 5332 Cui
1229 5280 1435 5335 tamen
1479 5280 1701 5338 militiae
1751 5282 2074 5340 electorum

411 5355 729 5447 hominum
780 5376 1076 5420 numerus
1144 5365 1436 5440 jungitur,
1493 5372 1598 5445 qui
1661 5388 1769 5447 per
1820 5372 2076 5430 sublime

411 5446 632 5502 mentis
673 5447 1038 5509 desiderium
1087 5468 1125 5511 a
1160 5458 1409 5513 terrente
1457 5446 1931 5518 conversationis
1962 5476 2078 5516 ser-

2159 373 2349 439 reant,
2378 368 2439 425 in
2468 368 2749 426 invisibili
2780 371 2981 426 tamen
3007 367 3203 443 patria
3229 366 3705 427 innumerabiles
3734 388 3833 428 re-

2160 461 2367 530 gnant.
2400 458 2713 531 Sequitur:
2744 458 2824 513 Et
2850 473 3033 528 super
3058 473 3229 529 quem
3245 472 3366 513 non
3387 464 3592 529 surget
3624 460 3839 517 lumen

2159 546 2373 604 illius?
2416 550 2639 604 Lumen
2669 547 2894 622 quippe
2936 546 3035 603 Dei
3085 550 3172 603 est
3202 546 3394 616 gratia
3426 547 3836 620 praeveniens,

2162 651 2300 709 quae
2328 635 2445 692 nisi
2474 637 2534 693 in
2559 641 2764 693 nostro
2804 636 2983 693 corde
3027 635 3285 706 gratuito
3316 642 3603 708 surgeret,
3638 636 3841 711 profe-

2165 728 2259 779 cto
2296 739 2469 780 mens
2512 729 2717 781 nostra
2756 727 2817 781 in
2865 729 3248 799 peccatorum
3288 740 3536 782 suorum
3570 721 3841 783 tenebris

2165 813 2425 871 obscura
2451 819 2801 872 remaneret.
2834 815 3109 887 Sequitur
3133 834 3144 870 :

2238 905 2410 959 Vens.
2440 906 2493 959 4.
2521 904 2812 976 Nunquid
2832 905 3168 975 justiﬁcari
3187 909 3381 974 potest
3404 904 3575 962 homo
3591 921 3844 977 compa-

2167 997 2338 1049 ratus
2371 993 2486 1049 Deo
2506 993 2535 1049 ?
2573 996 2787 1049 Versus
2815 995 2924 1049 iste
2968 993 3245 1065 superius
3277 1009 3314 1048 a
3342 992 3519 1050 beato
3549 994 3664 1051 Job
3693 984 3847 1051 dici-

2168 1086 2282 1150 tur,
2316 1086 2372 1139 et
2400 1098 2562 1138 nunc
2592 1082 2653 1138 in
2685 1083 2814 1153 ejus
2840 1081 3302 1156 exprobratione
3326 1082 3665 1155 replicatur.
3697 1084 3847 1141 0m-

2167 1171 2262 1227 nis
2292 1187 2559 1245 namque
2589 1172 2681 1228 vir
2702 1173 2919 1244 justus,
2956 1172 3055 1228 Dei
3083 1171 3473 1228 illustratione
3494 1171 3697 1244 justus
3727 1177 3845 1243 est,

2169 1276 2293 1317 non
2324 1261 2792 1334 comparatione.
2825 1262 3102 1318 Humana
3129 1261 3356 1335 quippe
3380 1261 3607 1333 justitia
3633 1268 3849 1319 aucto-

2169 1349 2219 1406 ri
2243 1355 2598 1423 comparato
2646 1350 2935 1422 injustitia
2966 1356 3072 1418 est,
3105 1350 3249 1423 quia
3296 1349 3401 1407 etsi
3441 1350 3499 1407 in
3550 1351 3684 1425 ipsa
3727 1369 3851 1409 sua

2172 1439 2514 1496 conditione
2557 1440 2743 1497 homo
2791 1439 3147 1513 persisteret,
3176 1437 3437 1495 Creatori
3487 1455 3610 1497 non
3636 1446 3853 1514 posset

2173 1528 2474 1602 coeequari
2505 1535 2794 1586 creatura.
2841 1526 3151 1602 Sequitur:
3182 1528 3306 1584 Aut
3339 1543 3634 1598 apparere
3661 1547 3849 1586 mun-

2107 1640 2146 1693 Β
2173 1617 2285 1674 dus
2315 1623 2494 1675 natus
2520 1615 2593 1674 de
2630 1618 2880 1674 muliere
2900 1620 2927 1674 ἲ)
2950 1650 3019 1658 -
3054 1620 3137 1672 Ac
3181 1617 3231 1673 si
3274 1621 3475 1690 aperte
3504 1617 3805 1674 diceretur
3831 1635 3846 1672 :

2177 1709 2255 1764 Ne
2283 1712 2491 1764 contra
2516 1711 2824 1765 auctorem
2858 1724 3037 1763 suum
3068 1708 3253 1763 homo
3288 1707 3613 1780 superbiat,
3647 1706 3853 1763 consi-

2177 1797 2343 1854 deret
2383 1797 2543 1854 unde
2585 1798 2705 1854 huc
2754 1797 2935 1867 venit,
2986 1801 3041 1854 et
3089 1796 3377 1869 intelligat
3417 1797 3564 1870 quid
3601 1796 3695 1853 sit.
3750 1797 3855 1854 Se-

2178 1886 2382 1959 quitur
2405 1903 2418 1941 :

2252 1974 2426 2030 Vsus.
2456 1980 2508 2031 5.
2554 1976 2712 2032 Ecce
2762 1972 2908 2033 luna
2937 1986 3057 2033 non
3097 1974 3387 2047 splendet,
3420 1980 3475 2035 et
3504 1978 3695 2034 stellae
3722 1993 3852 2034 non

2178 2066 2319 2119 sunt
2349 2064 2588 2121 mundae
2617 2066 2681 2121 in
2711 2071 3027 2136 conspectu
3054 2067 3201 2136 ejus.
3230 2098 3300 2106 —
3328 2065 3483 2133 Quid
3509 2082 3615 2140 per
3634 2066 3855 2124 lunam

2179 2152 2293 2209 nisi
2334 2158 2550 2211 cuncta
2579 2154 2761 2210 simul
2802 2155 3102 2212 Ecclesia?
3155 2150 3301 2229 quid
3331 2168 3438 2229 per
3479 2148 3702 2225 stellas,
3734 2149 3857 2213 nisi

2182 2240 2563 2312 singulorum
2605 2238 2759 2301 bene
2807 2240 3132 2302 viventium
3161 2240 3378 2303 anima:
3407 2243 3805 2317 designantur
3826 2242 3859 2302 ?

2181 2326 2293 2397 Qui
2309 2329 2458 2387 dum
2488 2331 2640 2391 inter
2668 2349 2996 2406 pravorum
3019 2333 3336 2391 hominum
3360 2334 3858 2392 conversationes

2179 2419 2423 2490 magnis
2454 2420 3082 2491 virtutibus‘eminent,
3113 2423 3289 2496 quasi
3318 2424 3380 2480 in
3408 2423 3671 2480 tenebris
3710 2439 3866 2480 noc-

2179 2508 2253 2565 tis
2297 2509 2517 2567 lucent.
2572 2511 2736 2567 Unde
2779 2528 2886 2585 per
2957 2512 3204 2569 Paulum
3260 2529 3503 2586 quoque
3541 2513 3860 2586 discipulis

2181 2596 2429 2655 dicitur:
2480 2622 2507 2649 ‹‹
2533 2603 2686 2656 inter
2732 2617 2889 2674 quos
2946 2600 3151 2658 lucetis
3207 2601 3358 2658 sicut
3413 2601 3739 2658 luminaria
3793 2602 3859 2658 in

2184 2686 2415 2743 mundo
2447 2688 2630 2759 (Phil.
2662 2705 2720 2759 ιι,
2757 2690 2900 2760 15).»
2934 2686 3079 2756 Quia
3125 2682 3288 2746 enim
3334 2693 3542 2747 sancta
3590 2682 3863 2748 Ecclesia

2183 2777 2343 2835 lunae
2392 2778 2795 2853 appellatione
2852 2781 3226 2854 exprimitur,
3270 2782 3562 2855 Propheta
3607 2787 3865 2839 testatur

2184 2865 2429 2924 dicens:
2463 2891 2489 2918 «
2508 2868 2781 2926 Elevatus
2826 2876 2915 2927 est
2945 2870 3054 2941 sol,
3084 2876 3140 2927 et
3166 2870 3313 2928 luna
3344 2872 3501 2927 stetit
3548 2871 3611 2927 in
3641 2872 3862 2929 ordine

2113 2957 2155 3052 ὁ
2187 2972 2320 3013 suo.
2340 2981 2372 3052 »_
2396 2961 2561 3052 Luna
2591 2974 2734 3029 ergo
2760 2975 2882 3016 non
2914 2959 3208 3052 splendet,
3243 2964 3299 3017 et
3345 2960 3524 3017 stellae
3558 2976 3685 3018 non
3716 2966 3865 3052 sunt

2187 3048 2430 3103 mundae
2456 3048 2518 3105 in
2548 3054 2876 3122 conspectu
2904 3050 3053 3121 ejus,
3085 3050 3232 3122 quia
3271 3065 3380 3107 nec
3421 3055 3633 3107 sancta
3664 3051 3864 3108 Eccle-

2185 3136 2275 3192 sia
2337 3138 2551 3196 virtute
2609 3134 2855 3211 propria
2921 3141 3005 3195 tot
3064 3135 3368 3196 miraculis
3421 3136 3667 3211 emicat,
3739 3138 3863 3197 nisi

2183 3226 2342 3284 hanc
2359 3227 2775 3300 praevenientis
2801 3229 3003 3299 gratiae
3025 3228 3188 3285 dona
3212 3228 3598 3303 perfundant,
3613 3245 3725 3286 nec
3741 3230 3866 3286 sin-

2188 3314 2472 3385 gulorum
2520 3315 2673 3372 bene
2720 3316 3045 3373 viventium
3095 3324 3327 3374 mentes
3375 3333 3412 3374 a
3465 3322 3864 3391 peccatorum

2188 3405 2442 3461 maculis
2491 3405 2737 3462 mundae
2769 3411 2927 3475 sunt,
2961 3406 3008 3462 si
3046 3411 3279 3465 remota
3322 3407 3537 3480 pietate
3578 3407 3864 3479 judicen-

2189 3498 2305 3562 tur,
2335 3495 2479 3567 quia
2509 3495 2673 3569 apud
2712 3495 2961 3552 districti
3000 3496 3221 3568 judicis
3249 3496 3457 3554 oculos
3487 3513 3599 3554 sua
3640 3513 3868 3555 unum-

2187 3599 2493 3657 quemque
2526 3584 2988 3657 corruptibilitas
3035 3585 3330 3658 inquinat,
3363 3586 3480 3643 nisi
3513 3587 3675 3643 hunc
3706 3604 3866 3660 quo-

2188 3671 2329 3728 tidie
2356 3671 2546 3743 gratia
2566 3673 2866 3745 parcentis
2903 3679 3107 3744 terget.
3144 3675 3459 3748 Sequitur:

2259 3763 2489 3817 Vsas.6.
2521 3764 2754 3831 Quanto
2776 3765 2965 3834 magis
2992 3765 3164 3820 homo
3192 3764 3473 3834 putredo,
3492 3771 3547 3822 et
3569 3767 3737 3836 ﬁlius
3756 3768 3866 3824 ho-

2186 3852 2362 3907 minis
2407 3852 2665 3908 vermis?
2705 3882 2776 3892 —
2801 3856 2880 3927 Ac
2931 3852 2979 3908 si
3024 3857 3227 3925 aperte
3271 3852 3599 3912 diceretur:
3652 3855 3713 3912 Si
3741 3855 3865 3929 ipsi

2185 3955 2431 4012 quoque
2462 3955 2594 3995 esse
2625 3939 2750 3996 sine
2789 3941 3069 4010 contagio
3109 3956 3236 3998 non
3279 3941 3539 4009 valeant,
3569 3943 3676 4016 qui
3703 3943 3867 4001 inter

2186 4029 2495 4101 praesentis
2525 4029 2655 4085 vitae
2699 4030 2975 4087 tenebras
3024 4030 3338 4088 virtutibus
3367 4031 3586 4100 lucent,
3621 4038 3861 4106 quanto

2184 4125 2354 4177 reatu
2383 4119 2711 4192 iniquitatis
2736 4120 3001 4177 obstricti
3033 4125 3173 4178 sunt
3200 4122 3305 4195 qui
3322 4122 3521 4179 adhuc
3537 4123 3862 4181 carnaliter

2185 4208 2438 4266 vivunt?
2466 4208 2523 4265 Si
2555 4225 2592 4265 a
2618 4213 2868 4283 peccato
2896 4209 3065 4265 liberi
3096 4225 3225 4267 esse
3266 4215 3571 4285 nequeunt
3589 4212 3699 4291 qui
3723 4213 3860 4283 jam

2185 4298 2247 4355 in
2275 4297 2615 4355 coelestibus
2646 4297 2956 4355 desideriis
2997 4291 3450 4365 conversantur,
3483 4317 3619 4374 qum
3645 4318 3864 4375 pecca-

2187 4392 2384 4445 torum
2413 4387 2685 4461 pondera
2714 4387 2968 4446 tolerant
3011 4389 3115 4462 qui
3149 4391 3347 4446 carnis
3388 4407 3511 4446 suae
3542 4390 3865 4464 voluptati-

2182 4477 2301 4534 bus
2331 4476 2536 4543 dediti,
2569 4477 2771 4534 adhuc
2794 4477 3128 4551 putredinis
3148 4480 3367 4551 jugum
3396 4482 3678 4552 portant?
3709 4481 3873 4539 Hinc

2181 4570 2384 4626 Petrus
2414 4567 2532 4626 ait:
2587 4590 2614 4617 «
2641 4567 2698 4625 Si
2745 4568 2943 4640 justus
2988 4568 3087 4625 vix
3141 4568 3491 4637 salvabitur,
3525 4570 3750 4643 impius
3802 4579 3873 4630 et

2181 4662 2460 4731 peccator
2507 4656 2610 4714 ubi
2664 4656 3000 4730 parebunt?
3048 4658 3106 4726 (Ι
3138 4658 3306 4715 Petr.
3348 4674 3429 4727 IV,
3475 4659 3581 4731 l8.)
3596 4681 3625 4709 ››
3677 4660 3871 4716 Recte

2181 4747 2407 4820 quippe
2437 4746 2624 4802 homo
2642 4745 2926 4816 putredo,
2953 4744 3114 4802 ﬁlius
3151 4762 3294 4803 vero
3333 4745 3594 4802 hominis
3633 4748 3867 4803 vermis

2183 4839 2447 4892 vocatur.
2480 4833 2711 4890 Primus
2748 4833 2974 4907 quippe
3026 4835 3211 4891 homo
3260 4833 3536 4907 putredo,
3568 4849 3693 4890 non
3724 4850 3871 4890 ver-

2180 4925 2317 4991 mis,
2345 4924 2488 4998 quia
2511 4928 2568 4980 et
2610 4923 2657 4978 si
2687 4938 2793 4996 per
2825 4928 3077 4980 mortem
3107 4923 3353 4997 putruit,
3388 4939 3512 4980 non
3547 4928 3751 4979 tamen
3778 4939 3861 4980 ex

2179 5013 2494 5087 putredine
2538 5029 2644 5086 per
2684 5013 3056 5070 nativitatem
3096 5013 3275 5069 venit.
3307 5014 3418 5077 Qui
3446 5018 3650 5070 autem
3689 5012 3869 5069 ﬁlius

2180 5106 2271 5160 est
2292 5101 2513 5159 vermis
2542 5100 2775 5170 dicitur,
2806 5102 2951 5176 quia
2990 5103 3122 5173 jam
3160 5117 3234 5157 ex
3262 5101 3608 5158 mortalium
3641 5115 3867 5175 corpo-

2182 5207 2318 5247 rum
2345 5190 2724 5264 corruptione
2748 5194 3138 5265 propagatur.
3172 5188 3450 5263 Sequitur
3475 5206 3489 5245 :

2789 5279 3020 5336 CAPUT
3057 5277 3243 5335 XXVI.

2254 5372 2449 5426 VensJ
2466 5372 2537 5436 ,2.
2556 5367 2933 5439 Respondens
2954 5372 3153 5424 autem
3171 5367 3284 5423 Job
3301 5368 3458 5424 dixit
3484 5385 3496 5423 :
3529 5368 3724 5437 Cujus
3744 5368 3857 5424 ad-

2171 5461 2348 5530 jutor
2358 5460 2445 5516 es?
2464 5458 2756 5531 Nunquid
2775 5457 3084 5513 imbecillis
3096 5457 3125 5512 ‘I
3146 5462 3200 5514 et
3212 5462 3509 5515 sustentas
3531 5457 3852 5513 brachium

2058 5568 2072 5607 :
2180 5552 2311 5619 ejus
2327 5549 2431 5620 qui
2444 5562 2563 5603 non
2581 5552 2663 5603 est
2674 5547 2856 5621 fortis
2874 5546 2973 5600 ⁸1-
2997 5545 3105 5618 Adj
3115 5562 3300 5603 uvare
3320 5544 3679 5602 imbecillem
3708 5546 3851 5602 cha-

2045 5671 2070 5684 -
2184 5636 2371 5695 ritatis
2391 5641 2498 5705 est,
2526 5635 2817 5711 adjuvare
2845 5651 2988 5691 vero
3017 5639 3322 5709 potentem
3348 5635 3519 5706 velle,
3541 5634 3845 5692 elationis.
