4146 6156
255 215 354 268 313

1091 215 1382 273 ΕΡΙΤΟΜΕ
1411 219 1778 274 MORALIUM
1807 219 1862 274 S.
1897 219 2102 275 GREG.
2135 217 2200 276 ΙΝ
2235 220 2380 275 JOB.
2410 251 2474 259 —
2509 219 2638 276 LIB.
2671 217 2840 272 XVII.

3571 213 3674 268 314

250 341 330 392 Ac
361 337 411 392 si
443 352 592 408 ergo
628 341 830 410 aperte
860 336 1020 394 dicat
1049 357 1061 394 :
1089 341 1238 394 Dum
1264 357 1402 397 eum
1438 341 1649 413 juvare
1703 341 1904 398 niteris
1947 347 1992 400 A
2095 345 2262 399 Vnus.
2297 347 2348 399 6.
2377 344 2593 399 Nudus
2625 345 2679 398 et
2707 341 2984 410 infernus
3016 354 3214 395 coram
3247 338 3376 404 illo,
3436 342 3490 392 et
3536 337 3675 390 nul-

250 425 365 481 sub
386 427 562 498 cujus
586 427 1002 496 magnitudine
1026 429 1581 498 succumbis,omne
1610 432 1777 504 quod
1803 431 1910 487 im-

247 515 466 587 pendis
496 515 794 585 solatium,
818 515 892 572 de
921 519 1312 575 ostentatione
1343 524 1448 587 est,
1479 537 1601 577 non
1652 521 1726 577 de
1782 508 1907 594 pie-

248 607 391 659 tate.
427 601 541 661 Sed
568 603 719 660 inter
738 605 865 660 haec
897 605 1208 662 sciendum
1240 614 1350 677 est,
1386 610 1530 682 quia
1553 610 1910 683 plerumque

246 691 432 748 etiam
462 695 670 761 Deum,
698 693 801 764 qui
829 693 1102 752 videlicet
1128 695 1440 753 imbecillis
1491 714 1615 754 non
1672 705 1759 754 est
1805 700 1913 755 hu-

249 779 464 836 militer
492 786 738 850 agentes
771 782 1160 853 adjuvamus.
1193 785 1356 842 Unde
1403 792 1459 842 et
1508 804 1615 860 per
1660 789 1911 846 Paulum

245 869 461 925 dicitur
489 887 502 924 :
540 894 567 919 «
601 871 917 942 Adjutores
943 873 1101 929 enim
1129 875 1228 931 Dei
1253 893 1463 932 sumus
1484 880 1543 948 (Ι
1567 878 1906 949 C'or.1u,9).»

250 963 395 1014 Nam
425 975 566 1016 cum
592 961 644 1016 ei
672 961 874 1033 (quem
905 962 1031 1034 ipse
1063 980 1170 1036 per
1193 965 1488 1021 internam
1521 968 1774 1036 gratiam
1827 969 1913 1025 in-

246 1039 598 1118 fundit)nos
625 1050 1052 1107 exhortationis
1100 1069 1247 1110 voee
1297 1056 1734 1127 concurrimus,
1796 1059 1910 1116 hoc

244 1133 410 1208 quod
431 1137 527 1194 ille
549 1154 655 1210 per
676 1135 959 1211 'spiritum
987 1141 1111 1211 agit
1158 1142 1536 1204 intrinsecus.
1585 1161 1697 1201 nos
1753 1152 1910 1204 exte-

242 1225 368 1280 rius
394 1226 724 1283 ministerio
754 1227 917 1283 vocis
945 1228 1330 1300 adjuvamus.
1359 1232 1634 1304 Sequitur
1667 1252 1680 1289 :

315 1314 483 1370 Vens.
536 1320 584 1371 3.
642 1317 754 1372 Cui
812 1317 1029 1374 dedisti
1079 1321 1394 1376 consilium
1419 1325 1448 1376 Σ)
1483 1322 1747 1390 forsitan
1795 1323 1893 1378 illi

239 1403 348 1473 qui
370 1419 492 1458 non
528 1404 698 1462 habet
751 1401 1128 1475 sapientiam.
1176 1439 1245 1449 —
1271 1408 1424 1466 Iiare
1477 1411 1656 1466 stulto
1710 1411 1904 1467 consi-

238 1482 418 1561 lium,
449 1492 752 1550 charitatis
775 1498 862 1550 est
897 1513 910 1561 ;
941 1495 1086 1552 dare
1127 1497 1399 1570 sapienti,
1445 1499 1857 1555 ostentationis
1890 1519 1902 1568 ;

238 1576 386 1636 dare
418 1597 560 1636 vero
588 1581 703 1654 ipsi
748 1583 1072 1655 sapientiae,
1126 1587 1544 1658 perversitatis.
1581 1585 1856 1658 Sequitur
1890 1603 1902 1652 ;

2023 433 2147 487 tum
2177 434 2607 501 operimentum
2634 437 2718 486 est
2766 429 3108 499 perditioni.
3154 457 3224 466 —-
3255 424 3426 508 Quod
3454 423 3674 480 Paulus

2020 537 2265 594 quoque
2293 522 2415 578 ait:
2451 542 2478 571 ‹‹
2513 519 2727 578 Omnia
2755 518 2917 575 enim
2948 517 3115 572 nuda
3159 521 3216 572 et
3272 518 3479 587 aperta
3535 515 3676 568 sunt

2021 611 2210 666 oculis
2239 612 2368 683 ejus
2398 613 2602 683 (Hebr.
2637 627 2715 678 ιν,
2745 609 2891 680 13).»
2917 605 3134 663 Inferni
3191 620 3330 662 vero
3375 609 3431 660 et
3475 602 3671 676 perdi-

2021 700 2198 756 tionis
2257 701 2501 756 nomine
2555 698 2866 756 diabolum
2912 701 2968 752 et
3020 710 3230 752 omnes
3271 692 3674 750 damnationis

2020 787 2152 859 ejus
2174 789 2368 846 socios
2399 789 2694 859 designat.
2724 786 2999 859 Sequitur
3029 802 3040 840 :

2093 880 2256 934 Vsus.
2291 885 2342 933 7.
2371 879 2484 946 Qui
2504 877 2771 934 extendit
2803 877 3141 947 aquilonem
3166 887 3346 942 super
3396 886 3669 927 vacuum.

2018 997 2091 1007 —
2118 967 2425 1040 Aquilonis
2454 967 2698 1023 nomine
2749 965 2808 1021 in
2866 980 3036 1021 sacro
3090 962 3329 1035 eloquio
3384 958 3674 1033 appellari

2020 1055 2299 1112 diabolus
2333 1055 2499 1124 solet,
2533 1056 2657 1129 qui,
2715 1059 2777 1111 ut
2825 1053 3080 1126 torporis
3136 1052 3354 1122 frigore
3403 1047 3671 1120 gentium

2020 1146 2203 1200 corda
2231 1145 2680 1216 constringeret,
2703 1144 2851 1200 dixit
2883 1161 2896 1198 :
2922 1165 2949 1193 ‹‹
2974 1142 3205 1198 Sedebo
3236 1141 3298 1196 in
3325 1142 3525 1195 mente
3553 1142 3670 1194 tes-

2017 1234 2285 1302 tamenti,
2315 1235 2376 1290 in
2401 1233 2685 1290 lateribus
2710 1232 3009 1306 aquilonis
3043 1233 3183 1301 (Isa.
3219 1247 3332 1295 xxv,
3370 1229 3476 1294 l3).
3507 1251 3533 1276 »
3561 1227 3673 1292 Qui

2017 1338 2197 1394 super
2221 1338 2482 1378 vacuum
2513 1321 2864 1389 extenditur,
2897 1321 3003 1394 qui
3033 1320 3131 1376 illa
3161 1318 3342 1374 corda
3384 1315 3667 1390 possidet,

2014 1427 2150 1484 quae
2178 1412 2362 1468 divini
2394 1412 2616 1469 amoris
2646 1411 2834 1484 gratia
2863 1427 2986 1467 non
3017 1410 3338 1482 replentur.
3365 1406 3667 1478 Sequitur:

2013 1502 2092 1556 Et
2118 1502 2403 1571 appendit
2433 1507 2655 1558 terram
2687 1517 2866 1571 super
2892 1501 3173 1556 nihilum.
3208 1530 3275 1538 —
3307 1495 3459 1561 Quid
3509 1494 3669 1549 enim

2015 1594 2182 1646 terras
2213 1591 2478 1660 nomine,
2532 1590 2648 1645 nisi
2699 1595 2909 1646 sancta
2969 1587 3227 1644 Ecclesia
3275 1583 3670 1653 designatur?

235 1667 318 1723 Et
341 1670 732 1738 prudentiam
763 1678 928 1729 tuam
963 1676 1285 1730 ostendisti
1292 1677 1646 1744 plurimam.
1674 1708 1740 1715 —
1772 1677 1906 1732 Om-
1941 1697 1986 1750 Β
2013 1681 2153 1745 Quae
2182 1680 2327 1735 dum
2354 1679 2800 1752 praedicationis
2851 1679 3032 1735 verba
3089 1674 3356 1746 suscipit,
3411 1672 3668 1728 fructum

232 1756 335 1812 nis
358 1759 451 1814 cui
485 1759 804 1832 prudentia
831 1767 993 1819 recta
1017 1767 1124 1828 est,
1157 1763 1416 1836 plurima
1447 1781 1571 1820 non
1605 1770 1712 1835 est,
1761 1767 1900 1838 quia

227 1847 412 1918 juxta
471 1849 634 1905 Pauli
670 1867 903 1920 vocem,
951 1875 977 1901 «
1021 1869 1144 1909 non
1201 1853 1337 1926 plus
1393 1855 1618 1927 appetit
1660 1871 1889 1927 sapere,

231 1945 427 2011 Quam
459 1943 690 2011 oportet
719 1954 928 2012 sapere
956 1939 1146 2009 (Rom.
1166 1959 1262 2014 xu,
1293 1944 1405 2013 3).»
1465 1943 1568 1999 Cui
1597 1960 1739 1999 vero
1767 1944 1896 2016 plu-

229 2028 414 2095 rima,
449 2044 568 2084 non
597 2033 687 2084 est
708 2034 886 2098 recta,
913 2031 1058 2103 quia
1083 2032 1230 2087 dum
1262 2032 1415 2088 ultra
1442 2033 1693 2088 modum
1719 2034 1902 2090 tendi-

231 2121 355 2184 tur,
385 2117 447 2172 in
469 2117 736 2190 quolibet
757 2119 941 2176 latere
991 2120 1182 2193 culpae
1243 2120 1592 2178 declinatur.
1646 2123 1903 2179 Pruden-

231 2205 383 2260 tiam
413 2221 552 2261 vero
584 2223 756 2263 suam
787 2207 1112 2280 plurimam
1144 2208 1471 2264 ostendunt
1497 2209 1601 2282 qui
1644 2209 1902 2281 pruden-

228 2285 416 2350 tiores
443 2291 628 2351 videri
673 2305 796 2368 ριίεε
832 2297 962 2352 aliis
986 2302 1296 2370 appetunt.
1335 2299 1654 2374 Sequitur:

305 2387 475 2440 Vnus.
517 2388 570 2440 4.
601 2384 779 2451 Quem
811 2386 1024 2442 docere
1048 2387 1287 2442 voluisti
1315 2390 1343 2441 ?
1371 2398 1570 2443 nonne
1615 2401 1745 2443 eum
1797 2390 1902 2458 qui

229 2474 384 2542 fecit
417 2475 848 2542 spiramentum
881 2478 908 2529 ?
929 2507 996 2514 —
1028 2478 1132 2531 Per
1160 2476 1595 2548 spiramentum
1623 2476 1899 2545 vivimus,

227 2577 342 2634 per
393 2562 780 2633 prudentiam
838 2564 1135 2636 sapientes
1187 2582 1418 2620 sumus.
1479 2564 1644 2620 Prius
1697 2570 1899 2622 autem

230 2654 510 2705 nostrum
537 2655 626 2707 est
654 2651 868 2724 vivere,
899 2653 1289 2726 postmodum
1347 2669 1576 2726 sapere,
1633 2655 1778 2726 quia
1830 2659 1894 2710 ut

229 2739 536 2811 sapientes
561 2756 694 2796 esse
738 2742 1062 2814 possimus,
1092 2743 1260 2815 prius
1315 2744 1510 2814 agitur
1565 2747 1628 2798 ut
1682 2744 1892 2798 simus.

227 2829 344 2895 Qui
376 2845 520 2900 ergo
541 2830 726 2886 vitam
758 2828 942 2902 dedit,
968 2830 1094 2905 ipse
1122 2832 1331 2906 procul
1353 2832 1538 2889 dubio
1560 2837 1616 2888 et
1639 2833 1898 2904 pruden-

226 2919 376 2975 tiam
411 2919 678 2975 contulit.
709 2920 958 2977 Baldath
989 2926 1210 2988 autem,
1239 2922 1340 2994 qui
1373 2919 1617 2977 beatum
1645 2921 1759 2977 Job
1784 2937 1894 2994 pro

224 3008 412 3105 culpa
431 3007 802 3105 ﬂagellatam
823 3009 1091 3105 credidit,
1126 3011 1425 3105 occultum
1454 3011 1553 3105 Dei
1572 3009 1891 3105 judicium,
1936 3051 1975 3105 Ο

1998 3103 2212 3171 pendit
2246 3109 2470 3159 terram
2502 3117 2682 3171 super
2711 3101 2989 3156 nihilum.
3027 3097 3302 3170 Sequitur
3334 3113 3346 3150 :

224 3098 400 3170 quod
430 3100 701 3155 venerari
729 3100 1032 3156 humiliter
1053 3099 1278 3168 debuit,
1305 3100 1568 3173 superba
1590 3101 1756 3156 nisus
1804 3107 1892 3158 est

233 3189 566 3245 temeritate
595 3194 930 3263 penetrare.
966 3191 1080 3263 lpsi
1109 3207 1250 3261 ergo
1282 3207 1343 3246 se
1374 3207 1482 3264 per
1506 3191 1888 3264 prudentiam

224 3277 514 3350 praetulit,
550 3279 723 3350 cujus
749 3274 1046 3350 judicium
1066 3295 1190 3336 non
1229 3279 1612 3350 intelligendo
1662 3280 1893 3351 judica-

223 3368 330 3423 vit.
368 3368 646 3441 Sequitur
679 3388 692 3425 :

297 3459 471 3514 Vens.
502 3459 725 3515 5.Ecce
752 3460 1024 3531 gigantes
1055 3467 1301 3531 gemunt
1331 3460 1437 3515 sub
1467 3460 1657 3531 aquis.
1695 3493 1758 3498 —-
1799 3460 1886 3515 Di-

223 3561 419 3616 gnum
449 3547 676 3621 quippe
707 3553 851 3620 erat,
868 3552 931 3604 ut
956 3565 1064 3622 per
1092 3549 1564 3621 increpationem
1595 3550 1761 3622 prius
1790 3554 1878 3604 tu-

221 3652 464 3692 morem
495 3637 802 3709 sapientias
835 3643 1082 3694 terrenae
1112 3640 1472 3707 retunderet,
1497 3644 1553 3695 et
1583 3657 1689 3712 per
1739 3640 1880 3694 doc-

221 3726 449 3782 trinam
475 3728 870 3799 postmodum
901 3733 957 3783 et
985 3728 1164 3801 plena
1195 3728 1497 3801 mysteriis
1527 3728 1706 3784 verba
1727 3734 1880 3784 tran-

222 3816 389 3871 siret.
422 3817 699 3886 Gigantes
728 3822 930 3873 autem
958 3818 1054 3872 vel
1111 3823 1414 3890 apostatas
1464 3817 1732 3886 angelos.
1786 3818 1878 3872 vel

221 3905 524 3978 superbos
553 3921 828 3978 quosque
854 3906 1130 3961 homines
1162 3906 1309 3961 nihil
1358 3906 1557 3961 obstat
1617 3906 1883 3975 intelligi.

221 3994 378 4049 Hinc
406 3994 569 4049 enim
597 4009 706 4064 per
741 3994 1098 4065 prophetam
1129 3993 1345 4048 dicitur
1377 4011 1388 4048 :
1427 4016 1452 4042 ‹‹
1507 3995 1710 4049 Mortui
1764 4011 1886 4049 non

220 4084 448 4151 vivent,
481 4081 753 4151 gigantes
778 4097 901 4136 non
955 4087 1266 4151 resurgent
1323 4083 1461 4152 (Isa.
1494 4098 1660 4148 xxvi,
1716 4086 1820 4148 11).
1857 4107 1883 4130 ››

223 4170 377 4226 Hinc
403 4185 646 4226 rursum
681 4170 975 4242 scriptum
1015 4176 1104 4227 est
1139 4189 1150 4226 :
1185 4193 1212 4218 ‹‹
1244 4170 1337 4225 Vir
1365 4171 1468 4242 qui
1519 4170 1799 4224 erraverit
1851 4186 1886 4225 a

220 4263 322 4318 via
341 4261 652 4330 doctrinas,
720 4263 780 4318 in
840 4268 998 4319 coetu
1052 4263 1365 4334 gigantum
1415 4261 1888 4317 commorabitur

222 4353 430 4420 (Prov.
465 4369 574 4423 xxi,
613 4357 719 4421 16).
751 4376 777 4402 »
810 4357 890 4408 Ac
913 4354 959 4408 si
990 4367 1132 4422 ergo
1163 4352 1421 4407 diceret:
1457 4352 1571 4406 Cur
1594 4350 1668 4405 de
1700 4351 1883 4406 scien-

203 4433 302 4497 tia
333 4441 520 4497 homo
551 4442 879 4515 superbiat,
919 4459 1057 4498 cum
1096 4439 1458 4511 ignorantia:
1508 4439 1764 4510 abyssus
1823 4446 1881 4496 et

220 4532 388 4603 ipsos
409 4531 872 4604 superbissimos
905 4531 1258 4602 angelorum
1292 4529 1534 4602 spiritus
1594 4532 1880 4600 premat?

224 4619 282 4675 Si
309 4624 509 4675 autem
543 4620 854 4689 gigantum
891 4619 1136 4676 nomine
1168 4621 1440 4691 potentes
1471 4617 1650 4687 hujus
1681 4617 1880 4672 saeculi

221 4707 635 4777 designantur,
698 4709 757 4763 in
815 4709 989 4781 aquis
1036 4710 1291 4782 possunt
1349 4703 1556 4777 populi
1639 4704 1880 4775 signari,

218 4799 452 4853 Joanne
474 4802 807 4870 attestante,
838 4799 941 4871 qui
975 4799 1096 4854 ait:
1158 4821 1184 4846 ‹‹
1243 4800 1430 4868 Aqua:
1490 4799 1628 4850 sunt
1676 4795 1884 4866 populi

222 4887 432 4956 (Apoc.
461 4901 590 4952 xvu,
627 4885 730 4955 l5).
766 4910 794 4935 ››
829 4890 980 4942 Bene
1023 4890 1223 4942 autem
1282 4887 1489 4940 contra
1533 4881 1880 4954 superbien-

220 4977 342 5028 tem
371 4973 586 5028 dicitur
613 4991 624 5028 :
655 4975 810 5030 Ecce
831 4976 1103 5045 gigantes
1125 4979 1370 5044 gemunt
1391 4971 1498 5026 sub
1521 4973 1711 5042 aquis.
1734 4970 1883 5036 Quia

222 5062 361 5118 elati
391 5078 606 5118 omnes
641 5063 788 5118 dum
820 5063 880 5118 in
905 5064 1021 5119 hac
1040 5064 1163 5120 vita
1180 5061 1420 5135 assequi
1440 5060 1741 5116 honorum
1766 5060 1882 5116 cel-

223 5151 556 5207 situdinem
575 5153 843 5224 cupiunt,
868 5153 982 5209 sub
1008 5152 1378 5227 ponderibus
1399 5149 1762 5224 populorum
1790 5165 1885 5220 ge-

220 5246 417 5296 munt.
455 5243 602 5296 Nam
625 5246 922 5314 quantum
951 5243 1087 5315 quis
1105 5243 1202 5300 hic
1231 5241 1406 5299 altius
1427 5239 1687 5309 erigitur,
1717 5243 1884 5294 tanto

219 5329 380 5386 curis
415 5329 786 5397 gravioribus
818 5337 1149 5401 oneratur,_
1180 5331 1383 5403 eisque
1439 5327 1586 5400 ipsis
1645 5327 1884 5399 populis

218 5425 421 5475 mente
451 5418 512 5473 in
530 5420 887 5489 cogitatione
913 5420 1288 5492 supponitur,
1313 5419 1535 5492 quibus
1592 5432 1882 5488 superpo-

217 5511 380 5565 nitur
405 5509 712 5579 dignitate.
746 5509 1023 5581 Sequitur
1056 5527 1068 5563 :
1097 5511 1175 5564 Et
1206 5510 1598 5580 quihubitant
1628 5522 1760 5562 cum
1781 5507 1880 5561 eis.

216 5629 285 5639 -
318 5603 401 5663 Ac
434 5597 484 5651 si
523 5597 682 5653 dicat
713 5615 725 5652 :
762 5597 984 5652 Pariter
1012 5602 1280 5666 gemunt,
1308 5599 1410 5668 qui
1445 5595 1646 5666 gloria}
1673 5610 1882 5651 eorum

216 5702 288 5744 ex
323 5674 726 5743 delectatione
754 5686 1078 5742 sociantur.
1115 5684 1391 5757 Sequitur
1424 5701 1436 5738 :

2010 1768 2157 1825 boni
2187 1769 2383 1841 operis
2414 1769 2629 1826 reddit.
2661 1770 2740 1825 De
2769 1785 2893 1841 qua
2938 1784 3044 1840 per
3101 1765 3350 1836 Moysen
3403 1760 3620 1817 dicitur
3652 1778 3664 1814 :

2013 1881 2039 1907 «
2072 1858 2287 1915 Audiat
2314 1863 2468 1916 terra
2496 1875 2568 1914 ex
2588 1875 2689 1914 ore
2711 1874 2847 1914 meo
2871 1857 3063 1928 (Deut.
3095 1858 3277 1921 xxxii,
3311 1852 3418 1924 1).»
3441 1848 3669 1922 thuid

2010 1963 2118 2020 per
2146 1949 2427 2018 nihilum,
2449 1948 2562 2002 nisi
2593 1947 2839 2018 gentiles
2860 1945 3252 2015 designantur
3278 1944 3306 1998 ‘?
3338 1944 3417 1996 De
3446 1937 3669 2012 quibus

2010 2052 2119 2110 per
2146 2039 2507 2110 prophetam
2539 2037 2754 2092 dicitur
2787 2055 2798 2092 :
2836 2058 2863 2086 «
2889 2037 3110 2092 Omnes
3133 2036 3337 2102 gentes
3367 2028 3530 2085 velut
3584 2026 3670 2082 ni-

2009 2126 2199 2181 hilum
2231 2131 2286 2182 et
2340 2126 2519 2181 inane
2575 2128 2864 2197 reputatae
2914 2127 3052 2178 sunt
3095 2122 3147 2177 ei
3199 2122 3336 2191 (Isa.
3367 2135 3461 2185 XL,
3501 2117 3605 2187 l7).
3636 2134 3666 2168 ›
3761 2204 3766 2205 7

2013 2215 2165 2284 Ergo
2196 2214 2256 2269 in
2277 2213 2533 2268 nihilum
2563 2217 2716 2268 terra
2747 2211 3154 2283 suspenditur,
3187 2207 3352 2281 quod
3383 2205 3548 2278 prius
3573 2220 3670 2260 va-

2010 2318 2192 2357 cuum
2223 2301 2302 2356 ab
2333 2301 2614 2374 aquilone
2646 2300 2976 2361 tenebatur,
3010 2299 3153 2370 quia
3182 2296 3283 2352 illa
3311 2294 3496 2351 corda
3525 2309 3669 2363 gen-

2010 2390 2200 2446 tilium
2222 2391 2448 2463 repleta
2476 2394 2614 2446 sunt
2644 2389 2928 2446 charitate
2957 2388 3076 2458 Dei,
3108 2402 3243 2460 quae
3273 2399 3481 2458 pressa
3501 2381 3668 2454 prius

2006 2481 2243 2536 fuerant
2285 2486 2487 2554 tepore
2535 2479 2778 2536 diaboli.
2836 2479 3052 2534 Aliter:
3112 2477 3263 2542 Quia
3311 2473 3663 2529 Judaeorum

2010 2570 2195 2627 corda
2216 2587 2251 2626 a
2276 2571 2394 2626 ﬁde
2425 2586 2618 2627 vacua
2647 2569 2889 2626 diabolo
2920 2571 3059 2623 sunt
3084 2564 3346 2631 subdita,
3404 2560 3667 2618 extendit

2006 2660 2437 2732 aquilononem
2469 2675 2648 2732 super
2673 2674 2954 2715 vacuum.
2977 2655 3127 2722 Quia
3151 2670 3293 2710 vero
3319 2651 3498 2708 nullis
3518 2649 3666 2705 exis-

2009 2749 2269 2804 tentibus
2300 2749 2548 2815 meritis,
2610 2750 2766 2804 sicut
2817 2747 3043 2803 dictum
3097 2751 3204 2812 est,
3256 2757 3423 2816 «pro
3479 2737 3666 2795 nihilo

2007 2835 2205 2892 salvos
2247 2836 2426 2892 facies
2485 2836 2618 2892 illos
2670 2837 2859 2901 (Psal.
2888 2851 3002 2902 LIII,
3035 2837 3110 2906 6),
3146 2856 3173 2881 »
3227 2846 3408 2903 super
3459 2831 3666 2899 gentes

2005 2925 2295 2980 Dominus
2317 2924 2592 2980 fundavit
2621 2923 2966 2984 Ecclesiam.
2997 2936 3132 2994 quas
3161 2936 3268 2992 per
3307 2917 3663 2991 prophetam

2005 3012 2267 3069 nihilum
2301 3017 2443 3068 sunt
2466 3017 2694 3068 vocatas
2727 3017 2863 3084 apte
2895 3014 3134 3066 secutus
3165 3006 3442 3079 adjunxit
3473 3023 3486 3060 :
3542 3006 3664 3073 Ap-

2074 3193 2248 3248 Veus.
2282 3196 2335 3247 8.
2372 3193 2486 3259 Qui
2533 3192 2682 3262 ligat
2735 3204 2922 3260 aquas
2971 3189 3034 3243 in
3087 3185 3362 3251 nubibus,
3417 3187 3484 3237 ut
3539 3197 3662 3237 non

2000 3286 2321 3351 erumpant
2383 3283 2621 3350 pariter
2671 3281 2966 3336 deorsum.
3025 3307 3098 3316 —
3137 3274 3287 3340 Quid
3366 3273 3481 3328 hoc
3528 3271 3663 3326 loco

1999 3387 2245 3443 aquam,
2274 3371 2388 3426 nisi
2419 3371 2725 3427 scientiam
2757 3369 2785 3423 ‘I
2809 3368 2956 3441 quid
2982 3365 3195 3433 nubes,
3224 3363 3339 3420 nisi
3367 3361 3659 3436 praedica-

2001 3464 2153 3516 tores
2183 3459 2446 3532 appellat
2475 3459 2502 3513 ‘I
2536 3459 2683 3513 Hinc
2739 3457 3029 3529 scriptum
3066 3459 3157 3510 est
3186 3471 3197 3507 :
3247 3475 3273 3501 ‹‹
3308 3457 3479 3523 Aqua
3525 3464 3660 3522 pro-

1996 3549 2184 3605 funda
2215 3549 2393 3605 verba
2419 3565 2490 3604 ex
2523 3564 2624 3604 ore
2655 3547 2784 3614 viri,
2805 3551 2861 3602 et
2891 3549 3120 3602 torrens
3151 3541 3498 3597 redundans
3525 3538 3658 3595 fons

1997 3639 2305 3712 sapientiae
2340 3639 2538 3709 (Prov.
2573 3654 2732 3704 xvui,
2760 3639 2836 3708 4).
2866 3658 2894 3684 ››
2932 3634 3071 3689 Hinc
3099 3632 3284 3688 Isaias
3315 3630 3432 3685 ait:
3483 3650 3509 3676 «
3547 3627 3659 3693 Qui

1998 3734 2136 3784 sunt
2170 3728 2286 3797 isti,
2312 3728 2415 3798 qui
2446 3731 2511 3782 ut
2538 3727 2731 3781 nubes
2780 3725 2986 3780 volant
3014 3723 3041 3777 ‘l
3075 3746 3100 3771 »
3157 3723 3293 3790 (Isa.
3329 3735 3421 3788 1.x,
3451 3721 3528 3782 8.)
3590 3719 3660 3772 Ut

2000 3834 2137 3873 vero
2164 3817 2469 3873 auditores
2521 3815 2700 3870 rudes
2757 3831 2879 3869 non
2933 3811 3325 3867 inundatione
3376 3807 3654 3878 scientiae,

1997 3905 2102 3960 sed
2128 3903 2439 3960 moderata
2484 3901 2925 3974 praedicationis
2984 3897 3362 3954 distillatione
3417 3893 3659 3952 fovean-

1998 3999 2112 4062 tur,
2143 3995 2288 4062 ligat
2321 3993 2475 4046 Deus
2497 4007 2684 4061 aquas
2741 3992 2803 4044 in
2853 3988 3128 4052 nubibus,
3178 3992 3241 4039 ut
3271 3987 3280 3990 ”
3301 4001 3420 4040 non
3460 4000 3656 4039 erum-

1990 4086 2146 4149 pant
2169 4080 2409 4148 pariter
2439 4079 2736 4137 deorsum,
2771 4076 2912 4146 quia
2941 4075 3254 4130 doctorum
3282 4068 3656 4142 praedicatio-

1997 4183 2136 4224 nem
2169 4171 2478 4239 temperat,
2510 4171 2572 4221 ut
2603 4164 2945 4221 auditorum
2993 4162 3307 4216 inﬁrmitas
3359 4158 3655 4213 dictorum

1996 4274 2128 4314 rore
2156 4256 2375 4313 nutrita
2407 4255 2805 4312 convalescat.
2840 4253 2983 4309 Hinc
3031 4251 3248 4307 Paulus
3306 4249 3388 4305 ait
3422 4265 3434 4303 :
3471 4269 3497 4295 ‹‹
3528 4250 3657 4302 Non

1946 4346 2164 4447 )potui
2213 4344 2380 4401 vobis
2435 4344 2599 4416 loqui
2647 4343 2821 4416 quasi
2867 4339 3292 4414 spiritualibus,
3345 4336 3448 4392 sed
3482 4334 3657 4408 quasi

1998 4433 2364 4502 carnalibus,
2388 4439 2444 4488 et
2474 4437 2685 4487 caetera
2717 4432 2778 4499 (Ι
2805 4431 2941 4487 Cor.
2970 4446 3054 4498 ιιι,
3091 4431 3198 4499 1).»
3222 4427 3442 4482 Pariter
3485 4440 3656 4479 nam-

1995 4540 2112 4596 que
2141 4539 2313 4596 aquae
2335 4525 2735 4593 erumperent,
2765 4519 2816 4575 si
2838 4534 3044 4574 coram
3072 4515 3327 4572 inﬁrmis
3376 4512 3656 4570 auditori-

1994 4613 2133 4677 bus,
2164 4617 2390 4685 quanta
2422 4615 2509 4667 est
2539 4609 2788 4666 scientia
2827 4624 2898 4662 ex
2936 4622 3038 4662 ore
3058 4604 3357 4678 loquentis
3409 4617 3654 4656 emana-

1993 4708 2100 4772 ret,
2130 4703 2176 4758 si
2204 4701 2380 4757 simul
2413 4716 2474 4756 se
2497 4699 2693 4756 omnis
2743 4695 3053 4769 plenitudo
3083 4688 3525 4765 praedicationis
3577 4688 3655 4744 ef-

1993 4790 2286 4858 funderet,
2318 4794 2375 4845 et
2403 4788 2550 4844 nihil
2581 4786 2693 4842 sibi
2719 4786 2780 4841 in
2804 4800 2876 4840 ea
2905 4781 3356 4856 proﬁcientibus
3385 4793 3652 4834 reserva-

1992 4887 2098 4937 ret.
2131 4879 2406 4951 Sequitur
2431 4895 2442 4932 :

2067 4969 2242 5023 Vnus.
2277 4970 2328 5020 9.
2365 4965 2480 5032 Qui
2507 4969 2660 5020 tenet
2684 4964 2914 5018 vultum
2946 4960 3085 5016 solii
3109 4959 3221 5025 sui,
3259 4964 3313 5014 et
3361 4957 3650 5027 expandit

1993 5073 2172 5127 super
2198 5055 2356 5112 illud
2379 5054 2658 5110 nebulam
2687 5067 2878 5106 suam.
2911 5082 2980 5090 —
3005 5049 3069 5105 In
3091 5048 3258 5104 vultu
3289 5047 3436 5104 solet
3452 5045 3652 5116 cogni-

1993 5148 2074 5205 tio
2095 5143 2512 5202 demonstrari.
2540 5140 2676 5198 Solii
2699 5155 2841 5210 ergo
2858 5141 2905 5212 ej
2921 5157 2990 5194 us
3021 5139 3218 5194 vultus
3239 5140 3488 5203 tenetur,
3507 5133 3650 5205 quia

1993 5253 2030 5294 a
2059 5235 2234 5292 nobis
2258 5234 2317 5288 in
2334 5233 2447 5288 hac
2476 5231 2598 5286 vita
2623 5227 2812 5300 gloria
2840 5228 3008 5298 regni
3024 5228 3154 5298 ejus
3175 5241 3296 5280 non
3314 5225 3540 5295 quanta
3561 5219 3649 5272 in-

1994 5326 2282 5382 trinsecus
2310 5321 2586 5387 habetur,
2615 5317 2961 5388 agnoscitur
2993 5334 3005 5382 ;
3050 5330 3230 5386 super
3286 5308 3448 5381 quod
3493 5308 3648 5360 recte

1993 5413 2255 5487 expandi
2281 5409 2503 5467 nebula
2531 5407 2766 5470 dicitur,
2792 5406 2936 5477 quia
2967 5405 3118 5458 sicut
3137 5405 3242 5463 est,
3272 5397 3369 5451 illa
3393 5393 3647 5487 caelestis

1989 5485 2157 5574 regni
2187 5501 2378 5572 gloria
2407 5515 2528 5555 non
2555 5497 2806 5553 videtur.
2839 5499 3007 5561 Nam,
3042 5513 3068 5537 ‹‹
3095 5503 3313 5558 corpus
3335 5485 3498 5557 quod
3517 5500 3646 5541 cor-

1991 5592 2293 5662 rumpitur
2322 5591 2614 5660 aggravat
2645 5585 2936 5646 animam,
2970 5582 3025 5632 et
3081 5575 3377 5662 deprimit,
3406 5579 3646 5662 terrena

1994 5661 2351 5737 inhabitatio
2434 5688 2678 5730 sensum
2728 5667 2917 5724 multa
2943 5663 3306 5733 cogitantem
3363 5661 3528 5731 (Sap.
3563 5673 3641 5723 ix,
