4112 6152
422 123 526 179 315

1455 119 1510 173 S.
1552 113 1810 172 ODONIS
1849 109 2144 167 ABBATIS
2183 109 2685 166 CLUNIACENSIS
2727 111 2790 166 ΙΙ.

3735 118 3849 172 318

434 245 579 316 15).»
609 243 700 298 Ad
726 241 1052 298 videndum
1081 256 1224 312 ergo
1263 256 1402 296 eum
1456 237 1677 294 nebula
1727 235 2078 310 aspergitur,
2117 237 2163 288 Α
2193 231 2570 290 saecularium
2599 221 2783 292 corda
2813 235 3186 292 concorditer
3227 235 3494 292 credunt.
3557 237 3701 303 Quis
3750 239 3852 295 hic

431 333 574 406 quia
602 337 810 390 nostra
829 331 960 404 ipsa
975 330 1324 400 ignorantiae
1342 329 1704 386 obscuritate
1728 325 2080 394 caligamus.

435 421 596 480 Unde
627 424 782 478 recte
812 435 918 492 per
953 421 1331 477 Psalmistam
1361 419 1576 475 dicitur
1609 435 1620 474 :
1661 440 1687 466 ‹‹
1723 416 1924 484 Caligo
1969 412 2082 468 sub

431 509 688 582 pedibus
717 511 850 580 ejus
879 511 1068 582 (Psat.
1101 527 1239 576 xvu,
1273 510 1380 581 10).
1409 531 1436 557 ››
1472 509 1646 564 Tenet
1677 521 1819 575 ergo
1851 504 2083 560 vultum

429 599 568 656 solii
586 598 700 667 sui,
727 598 872 670 quia
887 597 1216 669 majestatis
1233 614 1355 653 suae
1383 595 1710 669 potentiam
1731 591 2082 650 mortalibus

431 687 767 746 abscondit.
795 687 907 744 Sed
937 688 986 744 si
1014 689 1145 759 ejus
1176 688 1392 744 solium
1408 685 1708 756 angelicas
1729 683 1974 742 virtutes
1991 697 2084 738 ac-

433 777 710 850 cipimus,
740 775 887 850 ipsis
907 792 1150 848 quoque
1197 777 1354 833 velut
1383 775 1507 833 sedi
1561 774 1738 843 regite
1786 771 2081 846 praesidet,

435 847 530 924 sui
549 865 725 922 nobis
749 847 982 922 vultum
1014 847 1143 924 solii
1167 869 1360 924 tenet:
1390 865 1535 938 quia
1561 863 1834 936 quandiu
1880 861 1942 916 in
1973 861 2084 917 hac

433 953 672 1014 mortali
703 969 881 1014 carne
909 953 1313 1025 subsistimus,
1343 971 1480 1028 quas
1510 957 1565 1010 et
1595 955 1824 1025 quanta
1844 950 1963 1004 sint
1985 949 2086 1004 illa

436 1041 788 1112 angelorum
819 1041 1146 1101 ministeria
1168 1058 1291 1098 non
1321 1043 1616 1099 videmus.
1676 1041 1755 1098 Et
1793 1039 2086 1109 expandit

434 1145 615 1200 super
635 1131 792 1188 illud
815 1131 1093 1188 nebulam
1109 1146 1301 1198 suam,
1324 1131 1467 1204 quia
1477 1129 1683 1202 procul
1701 1128 1888 1186 dubio
1909 1132 1966 1182 et
1985 1142 2089 1182 cor

436 1223 710 1279 nostrum
741 1219 819 1276 ad
847 1221 1242 1292 quaerendum
1273 1220 1562 1288 sublevat,
1593 1225 1650 1278 et
1690 1223 1814 1278 tam
1857 1216 2090 1273 occulta

436 1308 849 1370 moderatione
873 1308 1086 1379 agitur,
1122 1315 1186 1366 ut
1211 1309 1343 1382 ipsa
1366 1307 1766 1382 inquisitionis
1792 1322 1914 1362 sua)
1973 1305 2086 1360 im-

435 1398 746 1457 mensitate
775 1399 1153 1470 reprimatur.
1185 1399 1347 1456 Unde
1371 1397 1661 1472 scriptum
1692 1401 1780 1452 est
1811 1413 1823 1452 :
1868 1418 1894 1444 ‹‹
1926 1393 2092 1451 Dedit

436 1486 695 1559 abyssus
727 1503 934 1544 vocem
959 1504 1156 1553 suam,
1189 1488 1267 1544 ab
1293 1487 1602 1544 altitudine
1647 1486 1909 1542 fantasiae
1963 1501 2088 1540 suae

2192 322 2486 394 superbus
2518 325 2882 393 nominatur,
2915 325 3029 380 nisi
3085 325 3180 380 ille
3212 325 3316 398 qui
3341 325 3488 382 dixit
3515 341 3529 380 :
3579 349 3606 375 «
3632 330 3855 383 Ascen-

2190 410 2333 466 dam
2364 428 2540 484 super
2567 413 2940 469 altitudinem
2972 413 3249 484 nubium,
3277 418 3334 470 et
3373 413 3580 470 similis
3605 431 3708 471 ero
3762 415 3857 471 Al-

2191 500 2420 556 tissimo
2451 503 2571 570 (Isa
2602 519 2714 571 xw,
2751 507 2895 570 14).»
2925 505 2991 558 Et
3017 502 3092 558 de
3122 519 3246 576 quo
3277 519 3420 559 voce
3452 504 3551 560 Dei
3582 503 3804 562 dicitur
3835 523 3850 561 :

2193 611 2220 637 «
2255 589 2364 654 Qui
2395 589 2588 646 factus
2615 595 2703 647 est
2735 596 2798 646 ut
2823 590 3056 646 nullum
3087 592 3336 660 timeret,
3365 597 3422 649 et
3445 593 3573 666 ipse
3603 599 3692 650 est
3747 610 3852 650 rex

2193 696 2372 752 super
2401 697 2610 736 omnes
2638 680 2793 737 ﬁlios
2827 681 3124 755 superbiae
3159 682 3285 753 (Job
3315 699 3422 752 xu,
3445 686 3535 751 24,
3559 687 3712 752 25).»
3747 687 3855 740 No-

2193 769 2446 826 tandum
2470 786 2608 826 vero
2634 772 2800 843 quod
2838 787 2962 826 non
2988 770 3069 827 ait
3097 771 3381 827 fortitudo
3429 772 3534 827 sed
3587 771 3853 843 pruden-

2195 859 2280 914 tia
2313 860 2438 927 ejus
2470 861 2764 928 percussit
2787 860 3126 930 superbum.
3160 892 3228 899 —
3259 863 3405 916 Nam
3435 861 3716 933 quamvis
3771 861 3853 917 si-

2175 945 2295 1002 cut
2321 948 2546 1004 dictum
2572 953 2677 1015 est,
2721 955 2964 1022 propter
3005 953 3285 1005 naturam
3329 949 3662 1023 simplicem
3721 951 3852 1018 Dei,

2194 1035 2478 1092 fortitudo
2505 1038 2800 1110 sapientia
2827 1039 2919 1105 sit,
2955 1039 3242 1094 Dominus
3280 1044 3482 1095 tamen
3538 1039 3856 1096 diabolum

2195 1128 2499 1198 quantum
2521 1126 2601 1182 ad
2621 1127 2837 1183 faciem
2858 1133 3206 1200 exspectant
3226 1129 3495 1200 [spectat]
3525 1144 3647 1184 non
3675 1129 3860 1185 virtu-

2197 1220 2272 1283 te,
2302 1215 2406 1270 sed
2435 1215 2662 1272 ratione
2716 1217 3038 1286 superavit.
3087 1221 3216 1289 Ipse
3266 1233 3529 1291 namque
3570 1217 3856 1274 diabolus

2195 1303 2257 1360 in
2281 1303 2381 1360 illa
2408 1319 2520 1359 nos
2540 1305 2804 1376 parentis
2826 1305 3002 1378 primi
3033 1305 3233 1362 radice
3271 1306 3692 1380 supplantans,
3740 1307 3858 1363 sub

2197 1393 2537 1466 captivitate
2568 1410 2678 1452 sua
2703 1396 2880 1467 quasi
2927 1396 3090 1466 juste
3138 1397 3326 1452 tenuit
3380 1396 3710 1462 hominem,
3751 1398 3858 1470 qui

2195 1481 2382 1538 libero
2411 1481 2654 1538 arbitrio
2686 1482 2961 1538 conditus
2991 1483 3044 1539 ei
3073 1483 3293 1555 injuste
3321 1484 3594 1541 suadenti
3615 1501 3861 1541 conces-

439 1575 746 1647 (Habacuc
769 1593 851 1644 ιιι,
891 1577 1033 1644 10).»
1064 1577 1170 1632 Vel
1193 1581 1347 1634 certe
1374 1576 1518 1648 quia
1550 1575 1767 1632 solium
1810 1575 1930 1643 Dei,
1976 1573 2088 1644 ipsi
2122 1587 2170 1642 Β
2199 1571 2289 1626 sit.
2323 1570 2437 1628 Sed
2467 1573 2614 1626 dum
2643 1572 2930 1630 audacter
2957 1589 3118 1637 eum,
3144 1573 3206 1628 in
3235 1589 3358 1646 quo
3381 1573 3526 1629 nihil
3549 1573 3660 1630 sibi
3693 1589 3858 1630 com-

435 1680 549 1722 nos
572 1681 800 1728 sumus.
835 1667 1067 1722 vultum
1099 1667 1234 1722 solii
1258 1667 1354 1722 sui
1375 1681 1497 1722 non
1536 1663 1835 1722 immerito
1893 1667 2090 1720 tenere

438 1753 670 1824 dicitur,
686 1754 833 1814 dum
851 1759 1052 1812 nostra
1075 1754 1318 1814 scientia
1340 1753 1618 1827 progredi
1635 1753 1710 1810 ad
1729 1752 1938 1810 altiora
1959 1767 2095 1824 pro-

438 1842 694 1902 hibetur.
721 1845 910 1916 Super
934 1844 1097 1916 quod
1123 1843 1341 1900 solium
1371 1860 1548 1900 suum
1583 1842 1868 1900 nebulam
1917 1857 2092 1897 suam

441 1934 594 1993 Deus
615 1947 932 2006 aspergere
947 1932 1180 1998 dicitur,
1213 1933 1358 2006 quia
1377 1932 1688 1990 invisibilis
1717 1947 2092 1998 manens,oc-

440 2020 598 2081 culta
621 2038 804 2094 super
819 2039 930 2078 nos
954 2023 1184 2094 judicia
1209 2023 1413 2093 exerit,
1431 2027 1497 2082 ut
1521 2028 1578 2078 et
1596 2022 1700 2082 fiat
1719 2021 1781 2078 in
1801 2020 2094 2096 promptis

439 2111 606 2182 quod
638 2111 833 2170 videre
871 2113 1199 2185 possimus,
1230 2117 1286 2168 et
1313 2118 1508 2170 tamen
1541 2112 1708 2181 origo
1735 2111 1872 2167 facti
1915 2110 2097 2166 lateat

441 2199 502 2260 in
531 2199 772 2270 abditis,
806 2206 868 2258 ut
898 2219 1005 2262 cur
1027 2202 1129 2262 ﬁat
1158 2201 1385 2258 nescire
1407 2199 2044 2272 debeamus.Sequitur
2077 2216 2089 2252 :

515 2306 685 2363 Vsus.
726 2306 806 2364 10.
842 2309 1182 2364 Terminum
1225 2307 1616 2364 circumdedit
1662 2307 1851 2378 aquis,
1911 2320 2096 2375 usque

440 2396 582 2458 dum
609 2397 910 2463 ﬁniantur
940 2399 1051 2452 tua:
1071 2403 1125 2452 et
1152 2397 1424 2452 tenebrae.
1458 2428 1527 2436 —
1564 2400 1764 2466 Aquas
1810 2392 2094 2448 Dominus

440 2488 696 2539 termino
727 2485 1076 2548 circumdat,
1104 2485 1248 2556 quia
1272 2485 1524 2540 humani
1543 2483 1774 2552 generis
1788 2482 2096 2537 scientiam

442 2571 791 2627 moderatur
846 2579 912 2628 ut
959 2589 1280 2646 quousque
1309 2572 1744 2628 vicissitudines
1795 2571 2095 2627 alternan-

443 2659 593 2715 tium
612 2665 956 2733 temporum
998 2667 1323 2729 transeant,
1371 2661 1646 2734 perfectas
1700 2661 1776 2717 ad
1807 2659 2095 2729 cognitio-

441 2764 584 2805 nem
609 2748 890 2808 claritatis
917 2750 1142 2808 intimre
1170 2768 1292 2808 non
1323 2752 1681 2824 pertingant,
1707 2751 1756 2806 si
1783 2767 1920 2806 vero
1948 2749 2098 2805 lucis

442 2839 709 2910 nomine,
734 2840 931 2911 justos
977 2841 1325 2914 accipimus,
1371 2842 1754 2898 tenebrarum
1804 2855 1946 2895 vero
1997 2855 2102 2911 ap-

445 2927 780 3001 pellatione,
813 2935 1178 3002 peccatores.
1209 2931 1374 2987 Unde
1399 2937 1456 2987 et
1483 2931 1696 2986 Paulus
1718 2929 1896 2986 dicit:
1919 2949 1947 2981 «
1965 2932 2098 2984 Era-
2133 2936 2174 2992 C

441 3017 514 3074 tis
542 3018 870 3091 aliquando
903 3019 1174 3089 tenebrae,
1208 3036 1367 3078 nunc
1389 3025 1589 3076 autem
1620 3019 1721 3075 lux
1750 3021 1810 3075 in
1845 3021 2093 3075 Domino

445 3107 681 3178 (Ep/tes.
712 3125 769 3176 v,
805 3110 910 3181 10),
943 3133 970 3164 »
996 3111 1112 3167 hoc
1141 3111 1338 3183 ipsum
1371 3111 1537 3184 quod
1565 3110 1830 3166 diximus
1890 3109 2096 3166 sentiri

439 3196 522 3252 nil
547 3197 768 3268 obstat,
800 3199 946 3270 quia
969 3199 1228 3272 perfecta
1255 3200 1598 3256 mternitatis
1656 3199 1900 3255 scientia
1948 3198 2095 3254 nulli

439 3284 736 3348 tribuitur,
759 3302 1079 3359 quousque
1109 3303 1322 3343 cursus
1349 3289 1650 3358 justorum
1706 3287 2098 3358 injustorum-

439 3388 557 3444 que
585 3373 847 3435 ﬁniatur.
871 3375 1147 3447 Sequitur
1177 3393 1190 3430 :

513 3498 688 3554 Vens.
719 3498 800 3556 ll.
831 3500 1136 3556 Columnae
1161 3503 1298 3558 creti
1347 3503 1827 3564 contremiscunt,
1881 3507 1934 3556 et
1981 3517 2094 3571 pa-

442 3591 578 3642 vent
605 3588 686 3642 ad
710 3593 922 3644 nutum
945 3591 1095 3659 ejus.
1123 3622 1188 3629 —-
1212 3590 1364 3654 Quid
1396 3589 1560 3646 aliud
1580 3590 1894 3646 columnas
1943 3589 2093 3651 0031i,

439 3689 626 3752 quam
655 3675 744 3732 vel
773 3681 1013 3734 sanctos
1044 3677 1312 3749 angelos,
1347 3679 1438 3734 vel
1499 3695 1769 3734 summos
1813 3677 2097 3750 praedica-

440 3766 594 3818 tores
625 3763 895 3821 Ecclesiae
927 3767 1191 3840 appellat
1219 3768 1247 3823 ‘?
1273 3784 1452 3841 super
1489 3785 1643 3842 quos
1663 3768 1722 3823 in
1755 3766 2094 3822 coelestibus

439 3865 714 3914 crescens
745 3855 1023 3914 universa
1061 3855 1338 3930 spiritalis
1374 3857 1608 3915 fabricae
1643 3861 1940 3913 structura
1969 3871 2094 3909 sur-

439 3941 606 4014 rexit,
639 3943 790 4000 sicut
814 3945 960 4002 alias
989 3947 1290 4022 Scriptura
1313 3951 1560 4004 testatur
1601 3947 1806 4002 dicens
1841 3963 1852 4000 :
1917 3968 1943 3994 α
1979 3945 2097 4009 Qui

437 4031 638 4090 vicerit
664 4033 884 4092 faciam
913 4036 1082 4093 illum
1109 4037 1456 4096 columnam
1487 4038 1547 4094 in
1577 4037 1798 4110 templo
1848 4036 1946 4092 Dei
1980 4030 2099 4090 mei

437 4122 644 4193 (Apoc.
678 4141 760 4196 ιιι,
795 4126 937 4194 12).»
960 4130 1287 4184 Possumus
1307 4129 1484 4185 etiam
1516 4127 1832 4184 columnas
1860 4125 1992 4182 cceli
2041 4131 2095 4181 et

435 4211 603 4286 ipsas
636 4214 926 4270 Ecclesias
957 4231 1080 4272 non
1107 4215 1591 4272 inconvenienter
1620 4216 1908 4289 accipere.
1955 4214 2095 4270 Hinc

2198 1661 2456 1732 petebat,
2486 1661 2750 1734 appetiit,
2771 1663 2904 1732 jure
2935 1661 3125 1726 illum,
3154 1662 3332 1735 quasi
3382 1663 3539 1734 juste
3590 1663 3856 1726 tenebat,

2201 1751 2418 1806 amisit.
2474 1751 2787 1806 Prudentia
2840 1752 3062 1824 itaque,
3109 1767 3230 1808 non
3278 1752 3487 1808 virtute
3536 1768 3862 1826 percussus

2201 1846 2307 1905 est,
2341 1840 2486 1914 quia
2513 1841 2660 1896 dum
2693 1840 2772 1896 ad
2829 1841 3186 1897 tentandum
3247 1843 3433 1897 Deum
3479 1840 3745 1910 solvitur,
3777 1841 3861 1898 ab

2201 1930 2442 1995 homine
2491 1929 2861 2002 possidendo
2908 1929 3210 2000 religatur,
3251 1934 3315 1986 ut
3366 1930 3504 1986 inde
3561 1946 3700 1986 eum
3751 1931 3863 2004 qui

2203 2020 2315 2075 sub
2344 2019 2476 2090 ipso
2527 2023 2674 2084 erat,
2705 2018 3009 2089 perderet;
3043 2019 3205 2074 unde
3247 2035 3385 2074 cum
3416 2018 3514 2075 illo
3544 2020 3646 2092 qui
3677 2035 3864 2092 super

2201 2107 2402 2180 ipsum
2429 2111 2536 2172 est,
2559 2105 2844 2174 congredi
2885 2107 3390 2179 prtesumpsisset.
3425 2107 3700 2180 Sequitur
3731 2127 3744 2163 :

2275 2244 2442 2296 Vens.
2479 2245 2562 2296 t3.
2596 2243 2859 2311 Spiritus
2889 2245 3015 2312 ejus
3044 2244 3282 2298 ornavit
3333 2243 3528 2300 caelos.
3577 2274 3649 2284 —
3698 2245 3864 2310 Quos

2203 2329 2404 2400 caelos,
2458 2329 2575 2384 nisi
2623 2345 2725 2384 eos
2782 2329 2854 2386 de
2906 2329 3128 2404 quibus
3155 2331 3444 2404 scriptum
3472 2337 3602 2388 est:
3659 2355 3687 2382 α
3720 2330 3866 2386 Caeli

2203 2423 2486 2476 enarrant
2538 2417 2793 2488 gloriam
2843 2419 3000 2476 Dei?
3054 2420 3238 2490 (Psat.
3293 2423 3552 2492 xvm,2.)
3585 2441 3614 2476 »
3696 2424 3864 2488 Quos

2205 2514 2344 2564 tunc
2367 2509 2600 2564 ornavit
2629 2508 2898 2580 Spiritus,
2929 2526 3069 2565 cum
3098 2510 3348 2584 replevit
3375 2511 3540 2584 quod
3566 2514 3721 2569 Luca
3778 2528 3869 2568 re-

2203 2595 2444 2664 ferente,
2478 2595 2798 2652 didicimus
2841 2597 2946 2670 qui
2993 2597 3117 2654 ait:
3175 2621 3202 2648 «
3233 2602 3443 2658 Factus
3487 2606 3577 2657 est
3619 2606 3867 2673 repente

2204 2687 2279 2742 de
2309 2686 2457 2742 cmlo
2489 2701 2676 2742 sonus
2707 2692 2999 2760 tanquam
3051 2687 3421 2744 advenientis
3473 2689 3713 2762 spiritus
3765 2706 3868 2746 ve-

2203 2776 2522 2846 hementis,
2555 2780 2611 2831 et
2639 2775 2886 2848 replevit
2934 2781 3122 2834 totam
3147 2777 3401 2834 domum
3441 2777 3545 2834 ubi
3569 2784 3739 2836 erant
3767 2795 3867 2834 se-

2205 2865 2432 2926 dentes,
2459 2870 2514 2920 et
2536 2870 2946 2938 apparuerunt
2971 2865 3085 2922 illis
3113 2866 3439 2940 dispertitaa
3467 2867 3687 2938 lingua:
3736 2873 3869 2926 tan-

2203 2971 2390 3027 quam
2413 2954 2590 3024 ignis,
2609 2953 2880 3027 seditque
2903 2971 3086 3027 supra
3105 2954 3377 3025 singulos
3401 2972 3632 3026 eorum,
3670 2962 3730 3014 et
3772 2973 3867 3014 re-

2205 3043 2341 3116 pleti
2367 3047 2504 3098 sunt
2533 3058 2744 3099 omnes
2773 3042 2991 3114 Spiritu
3021 3047 3228 3100 sancto
3260 3048 3315 3100 ct
3351 3049 3651 3117 caeperunt
3696 3045 3868 3118 loqui

2204 3131 2383 3188 variis
2411 3131 2651 3200 linguis,
2685 3136 2861 3204 prout
2891 3131 3139 3205 Spiritus
3171 3137 3414 3190 sanctus
3435 3133 3622 3190 dabat
3660 3134 3868 3208 eloqui

2204 3219 2316 3275 illis
2359 3221 2514 3291 (Act.
2541 3237 2602 3290 ιι,
2624 3225 2680 3292 2,
2713 3225 2765 3289 3,
2789 3222 2898 3292 4)..
2936 3220 3250 3293 Sequitur:
3299 3223 3379 3278 Et
3440 3222 3868 3282 obstetricante

2187 3326 2389 3366 manu
2420 3313 2568 3380 ejus,
2602 3309 2849 3366 eductus
2878 3320 2961 3368 est
2993 3313 3236 3368 coluber
3265 3317 3586 3370 tortuosus.
3614 3345 3684 3357 ——
3718 3313 3866 3380 Quis

2207 3400 2368 3456 enim
2415 3399 2644 3455 colubri
2695 3400 2940 3457 nomine
2993 3401 3350 3475 appellatur,
3409 3403 3524 3462 nisi
3576 3403 3866 3476 antiquus

2205 3489 2394 3544 hostis
2422 3493 2478 3544 et
2505 3489 2772 3545 lubricus
2801 3495 2858 3546 et
2886 3495 3214 3558 tortuosus,
3241 3491 3346 3565 qui
3370 3490 3727 3565 decipiendo
3757 3491 3866 3546 ho-

2207 3577 2354 3633 mini
2384 3576 2612 3632 colubri
2643 3594 2745 3634 ore
2767 3577 3001 3636 locutus
3031 3584 3121 3636 est
3147 3580 3175 3638 ‘I
3208 3583 3285 3638 De
3311 3597 3434 3654 quo
3465 3596 3570 3654 per
3599 3578 3864 3652 prophe-

2205 3672 2329 3723 tam
2354 3667 2568 3722 dicitur
2600 3687 2612 3723 :
2650 3691 2677 3716 ‹‹
2713 3669 3030 3726 Leviathan
3076 3675 3417 3743 serpentem
3465 3674 3696 3727 vectem
3744 3675 3866 3727 tor-

2206 3761 2446 3812 tuosum
2502 3758 2643 3828 (Isa.
2691 3775 2866 3828 xxvn,
2929 3759 3038 3827 1).»
3095 3761 3373 3816 Caverna:
3425 3761 3610 3832 hujus
3646 3759 3866 3821 lubrici

2205 3846 2389 3902 corda
2413 3846 2653 3903 fuerunt
2680 3847 3047 3920 iniquorum,
3079 3865 3216 3922 quae
3265 3849 3412 3922 quia
3469 3849 3548 3906 ad
3599 3850 3863 3923 pravita—

2206 3942 2324 3991 tem
2355 3935 2661 4009 propriam
2691 3937 2886 4010 traxit,
2917 3938 3094 4012 quasi
3124 3939 3184 3994 in
3237 3955 3447 3996 eorum
3495 3939 3865 3996 habitatione

2206 4025 2494 4098 requievit
2527 4044 2538 4081 :
2575 4026 2678 4082 sed
2711 4027 3136 4086 ohstetricante
3195 4045 3382 4090 manu
3427 4028 3684 4098 Domini,
3741 4034 3861 4086 tor-

2206 4120 2412 4170 tuosus
2440 4113 2684 4170 coluber
2713 4114 2787 4171 de
2827 4116 3084 4188 propriis
3123 4117 3390 4173 cavernis
3437 4115 3722 4192 expulsus
3749 4121 3860 4182 est,

2204 4204 2347 4278 quia
2373 4203 2519 4259 dum
2547 4205 2722 4261 nobis
2741 4204 2945 4262 divina
2975 4206 3166 4276 gratia
3185 4206 3476 4272 medetur,
3508 4206 3559 4262 is
3586 4205 3690 4280 qui
3748 4220 3866 4263 nos

437 4299 720 4357 Salomon
752 4301 834 4357 ait
866 4321 878 4358 :
915 4325 942 4351 ‹‹
978 4305 1280 4376 Sapientia
1318 4303 1630 4360 aediﬁcavit
1661 4288 1777 4360 sibi
1817 4303 2091 4374 domum,
2131 4288 2173 4342 Β
2205 4297 2474 4348 tenuerat
2502 4293 2785 4366 antiquus
2833 4289 3040 4364 hostis,
3090 4310 3127 4350 a
3182 4294 3357 4350 nobis
3409 4294 3660 4368 ejicitur,
3711 4294 3868 4352 sicut

438 4391 495 4443 et
523 4389 694 4445 scidit
717 4390 1030 4448 columnas
1054 4409 1144 4465 se;
1164 4399 1286 4449 tem
1313 4393 1510 4462 (Prov.
1538 4411 1614 4460 Ix,
1643 4395 1752 4464 1).»
1769 4398 1849 4450 Ac
1873 4394 1921 4449 si
1951 4411 2094 4464 ergo

437 4475 659 4534 diceret
689 4497 700 4534 :
735 4479 884 4542 Quia
905 4495 1016 4536 nec
1035 4481 1094 4538 in
1127 4481 1424 4556 plerisque
1473 4481 1584 4554 ipsi
1639 4483 1971 4556 pertingere
2015 4485 2092 4540 ad

438 4564 761 4624 voluntatis
791 4570 1042 4646 praemia
1073 4569 1497 4628 denuntiantes
1544 4570 1767 4627 vident.
1822 4571 1935 4628 Sed
1965 4573 2092 4644 ipse

437 4670 680 4730 quoque
698 4657 1026 4716 cmlestium
1043 4661 1309 4730 virtutes,
1344 4676 1478 4734 quae
1507 4661 1666 4716 hunc
1717 4660 1842 4716 sine
1895 4677 2092 4718 cessa-

437 4737 594 4797 tione
625 4744 1020 4818 conspiciunt,
1046 4745 1107 4802 in
1131 4745 1265 4818 ipsa
1296 4762 1406 4802 sua
1436 4745 1934 4819 contemplatione
1953 4763 2092 4803 con-

438 4830 786 4885 tremiscunt
818 4849 831 4897 ;
862 4829 967 4886 sed
995 4830 1222 4886 eisdem
1269 4835 1492 4887 tremor
1545 4830 1772 4886 timoris
1804 4847 1925 4886 non
1979 4837 2090 4900 est,

439 4915 543 4970 sed
573 4915 1004 4976 admirationis.
1041 4921 1316 4996 Sequitur
1347 4937 1360 4975 :

509 5043 674 5102 Vens.
714 5043 796 5101 l2.
825 5046 899 5101 In
916 5047 1277 5116 fortitudine
1296 5047 1470 5104 illius
1486 5053 1728 5116 repente
1744 5050 1940 5104 maria
1962 5064 2098 5106 con-

435 5139 688 5202 gregata
715 5141 877 5198 sunt.
909 5141 963 5191 et
983 5136 1314 5204 prudentia
1369 5139 1498 5206 ejus
1551 5139 1842 5206 percussit
1890 5153 2093 5207 super-

439 5220 597 5280 bum.
621 5254 690 5266 -—
719 5223 868 5288 Quid
899 5223 1062 5282 aliud
1094 5225 1278 5283 maris
1303 5225 1566 5290 nomine.
1595 5243 1782 5299 quam
1826 5243 2094 5299 praesens

439 5313 727 5371 saeculum
755 5314 1123 5384 designatur,
1157 5315 1216 5371 in
1247 5331 1368 5388 quo
1397 5317 1580 5374 corda
1609 5318 1927 5373 hominum
1976 5322 2089 5373 ter-

438 5418 584 5460 rena
607 5406 1005 5476 quaarentium
1032 5405 1281 5462 diversis
1328 5407 1758 5476 cogitationum
1816 5407 2093 5464 ﬂuctibus

438 5493 890 5552 intumescunt?
915 5496 1028 5552 Sed
1051 5497 1181 5567 jam
1208 5498 1271 5552 in
1295 5494 1712 5566 fortitudinem
1733 5497 1929 5550 maria
1960 5512 2091 5552 con-

437 5589 692 5654 gregata
721 5593 883 5652 sunt,
913 5586 1058 5658 quia
1085 5585 1398 5642 incarnato
1415 5581 1668 5641 Domino
1687 5581 2097 5642 discordantia

2203 4383 2512 4438 incarnata
2561 4381 2780 4437 Veritas
2835 4382 3021 4438 dicit:
3065 4403 3094 4438 ‹
3142 4387 3306 4440 Nunc
3350 4387 3627 4456 princeps
3678 4383 3866 4456 hujus

2204 4470 2415 4527 mundi
2441 4471 2672 4542 ejicitur
2701 4469 2861 4527 foras
2897 4473 3098 4542 (Joan.
3136 4490 3228 4544 xu,
3287 4474 3397 4546 31).
3429 4495 3456 4522 »
3516 4471 3679 4530 Unde
3729 4472 3864 4544 jam

2203 4576 2364 4616 nunc
2396 4565 2634 4616 sanctos
2684 4576 2897 4616 omnes
2943 4577 3066 4618 non
3121 4560 3380 4618 tenendo
3430 4561 3716 4634 possidet,
3754 4560 3864 4615 sed

2203 4650 2489 4706 tentando
2546 4650 2944 4722 persequitur.
3001 4654 3148 4708 Nam
3203 4651 3346 4728 quia
3385 4652 3448 4707 in
3484 4651 3569 4707 eis
3592 4650 3868 4708 intrinse-

2203 4755 2308 4794 cus
2336 4754 2458 4794 non
2489 4743 2716 4809 regnat,
2777 4743 2984 4796 contra
3041 4756 3143 4796 eos
3189 4729 3556 4797 extrinsecus
3608 4743 3861 4812 pugnat.

2206 4827 2482 4901 Sequitur
2514 4847 2526 4883 :

2275 4965 2447 5018 Vens.
2479 4965 2564 5017 14.
2591 4961 2747 5018 Ecce
2773 4963 2898 5018 haec
2928 4978 3002 5020 ex
3023 4969 3204 5033 parte
3222 4964 3386 5020 dicta
3435 4968 3577 5019 sunt
3623 4965 3864 5020 viarum

2203 5054 2352 5122 ejus,
2380 5057 2434 5107 et
2465 5066 2595 5107 cum
2630 5052 2734 5108 vix
2748 5067 3001 5122 parvam
3016 5051 3242 5109 stillam
3263 5068 3602 5110 sermonum
3615 5055 3745 5123 eius
3761 5067 3867 5108 (m-

2203 5141 2644 5212 dierimus,quis
2655 5143 2872 5211 poterit
2893 5143 3222 5198 tonitruum
3238 5143 3675 5214 magnitudinis
3696 5143 3869 5198 titius

2204 5227 2425 5282 intueri
2449 5231 2549 5281 ?—
2573 5225 2720 5288 Quid
2737 5226 2851 5282 hoc
2869 5225 3004 5282 loco
3023 5227 3260 5282 viarum
3271 5227 3535 5292 nomine,
3550 5226 3662 5283 nisi
3685 5226 3870 5282 actio-

2204 5332 2310 5371 nes
2326 5314 2858 5387 Domiwiappellari
2875 5315 2904 5370 ‘I
2923 5314 3087 5372 Unde
3103 5321 3161 5372 et
3176 5331 3285 5389 per
3297 5317 3658 5389 prophetam
3669 5316 3871 5371 Domi-

2205 5421 2320 5460 nus
2337 5404 2478 5460 dicit
2501 5423 2512 5459 :
2531 5427 2557 5454 «
2580 5408 2704 5460 Non
2726 5405 2888 5461 enim
2909 5409 3049 5461 sunt
3067 5405 3178 5461 vitae
3191 5421 3340 5461 meas
3361 5405 3513 5462 sicut
3527 5405 3638 5462 vias
3651 5410 3868 5462 vestras

2207 5497 2345 5562 (Isa.
2378 5512 2468 5562 LV,
2503 5497 2615 5562 8).»
2640 5493 2976 5551 Adventum
3002 5510 3145 5567 ergo
3191 5496 3566 5554 Dominicum
3608 5509 3870 5552 narrans

2206 5601 2281 5642 ea:
2302 5591 2484 5654 parte
2512 5585 2638 5642 vias
2671 5584 2772 5641 Dei
2790 5584 3089 5655 retulerat,
3119 5587 3264 5660 quia
3290 5585 3406 5643 alia
3427 5587 3556 5660 ejus
3573 5585 3730 5644 actio
3756 5584 3870 5642 fuit
