4128 6158
181 175 263 230 317

974 163 1288 223 EPITOME
1328 162 1691 221 HORAIJUM
1730 165 1783 221 S.
1827 164 1845 219 ι

1943 164 2050 223 EG.
2097 165 2168 224 IN
2205 165 2350 227 JOB.
2390 199 2460 215 φρ
2499 171 2626 229 LIB.
2669 172 2845 227 XVIII.

3523 176 3629 231 818

174 308 283 366 qua
318 307 430 348 nos
483 287 776 355 condidit,
836 287 959 344 alia
1002 304 1131 360 qua
1160 285 1441 344 redemit.
1501 290 1581 343 Ea
1618 291 1833 359 itaque,
1866 289 1924 345 Α
1965 285 2183 355 quoris
2224 296 2483 351 emanat.
2519 293 2589 347 Et
2638 295 2767 364 quis
2795 294 3011 362 poterit
3038 294 3368 351 tonitruum
3396 298 3631 366 magni-

169 398 290 459 quse
342 380 419 435 de
472 378 711 436 Domini
769 378 1012 436 actione
1051 382 1284 443 narrat,
1344 377 1599 432 extremi
1635 376 1840 447 iudicii

166 469 607 544 comparatione
660 467 937 537 levigans
995 468 1096 523 ait.
1160 468 1320 523 Ecce
1377 481 1462 522 ex
1486 474 1656 537 parte
1682 467 1841 523 dicta

164 566 297 619 sunt
325 562 561 617 viarum
594 561 750 628 ejus,
782 557 955 630 quod
984 560 1043 613 et
1064 572 1329 627 parvam
1362 556 1599 612 stillam
1628 572 1839 613 sermo-

166 667 301 709 num
351 650 481 718 eius
538 645 830 718 appellat,
889 645 1035 717 quia
1089 642 1407 716 quidquid
1445 643 1842 718 altum,quid-

166 739 308 814 quid
338 736 595 795 terribile
620 735 684 793 in
714 735 833 792 hac
861 735 983 791 vita
1012 734 1191 807 positi
1220 733 1299 789 de
1334 732 1482 802 ejus
1516 736 1841 795 considera-

168 829 316 884 tione
367 824 823 896 cognoscimus,
878 840 951 877 ex
1007 821 1434 877 immensitate
1488 829 1842 882 secretorum

169 911 506 975 caelestium,
546 908 711 968 velut
758 907 955 965 tenuis
1010 906 1091 965 ad
1120 922 1233 965 nos
1266 908 1461 975 gutta
1521 910 1756 982 superni
1783 910 1852 966 li-

1970 375 2203 432 tudinis
2224 381 2350 447 ejus
2380 384 2600 439 intueri
2624 382 2650 439 ?
2679 390 2757 437 Ac
2795 382 2842 440 si
2872 386 3073 453 aperte
3101 382 3261 439 dicat
3292 399 3305 437 :
3338 383 3395 439 Si
3424 384 3620 441 humi-

1969 461 2155 523 litatis
2184 467 2311 537 ejus
2336 469 2694 529 admiranda
2716 471 2811 529 vix
2835 469 3099 539 ferimus,
3131 486 3417 530 sonorum
3440 476 3619 545 atque

1972 556 2289 619 terribilem
2324 560 2653 630 majestatis
2685 561 2815 631 ejus
2854 559 3201 629 adventum,
3232 576 3355 632 qua
3401 562 3613 619 virtute

1969 642 2412 708 tolerabimus?
2471 649 2638 707 Hunc
2714 648 3042 707 tonitruum
3099 648 3390 706 adventus
3458 650 3614 706 illius

1968 732 2149 791 etiam
2182 736 2364 793 David
2416 737 2728 808 psalmista
2757 738 2996 796 insonat
3023 736 3317 807 [intonat],
3362 737 3566 794 dicens
3599 757 3611 795 :

1968 843 1995 870 ‹‹
2028 824 2182 880 Deus
2204 824 2514 883 manifeste
2542 826 2754 892 veniet,
2786 828 2937 883 Deus
2965 827 3188 893 noster,
3244 826 3300 881 et
3324 838 3446 881 non
3478 824 3615 881 sile-

1966 907 2053 966 bit
2081 912 2265 982 (Psal.
2294 929 2450 980 xux,
2482 913 2555 980 3).
2588 931 2619 975 >

1050 1256 1057 1265 '
1132 1217 1483 1311 LIBER
1575 1219 2067 1310 OCTAVUS
2143 1222 2647 1311 DECIMUS.

766 1522 998 1583 CAPUT
1039 1521 1223 1585 XXVII

234 1619 406 1682 Vens.
442 1617 490 1675 Ι.
526 1615 781 1679 Addidit
812 1629 1044 1686 quoque
1073 1612 1188 1671 Job
1220 1625 1544 1673 assumens
1594 1612 1854 1680 parabo-

161 1711 279 1773 lam
308 1723 508 1777 suam,
542 1712 599 1769 et
615 1706 720 1765 ait.
752 1736 817 1744 -
849 1705 977 1770 Quo
1009 1702 1274 1775 profecto
1296 1713 1493 1765 versu
1512 1700 1855 1765 ostenditur

159 1798 339 1868 huius
371 1792 743 1861 sanctissimi
768 1792 877 1857 viri
903 1792 1067 1848 dicta
1087 1806 1273 1863 quam
1294 1785 1562 1860 mystice
1582 1788 1700 1847 sint
1718 1805 1854 1861 pro-

160 1886 299 1955 lata,
350 1885 505 1939 dum
562 1881 855 1955 parabole
906 1880 966 1935 id
1026 1885 1114 1935 est
1164 1875 1490 1941 similitudo
1525 1881 1852 1950 assumpta

160 1977 445 2039 narratur
472 1971 553 2035 ab
604 1988 675 2031 eo
723 1970 826 2042 qui
851 1970 999 2033 nihil
1018 1968 1264 2033 inferius
1310 1981 1411 2037 per
1439 1967 1850 2039 comparatio-

160 2082 303 2129 nem
334 2063 427 2120 vel
490 2061 944 2127 similitudinem
976 2058 1264 2131 loquitur.
1326 2054 1414 2117 Ad
1466 2070 1608 2115 eam
1644 2056 1847 2128 itaque

158 2152 622 2215 similitudinem
654 2154 871 2215 cuncta
901 2147 1197 2213 trahenda
1228 2148 1386 2210 sunt,
1412 2158 1538 2214 qua
1589 2142 1846 2215 ﬁgurate

160 2241 423 2307 Ecclesia
454 2239 829 2308 designatur,
861 2242 918 2295 et
945 2236 1007 2297 in
1052 2236 1186 2309 ipso
1225 2232 1475 2306 quidem
1525 2232 1843 2295 locutionis

156 2330 410 2393 exordio
459 2328 622 2393 dicta
677 2331 879 2399 aperte
909 2325 1148 2398 prolata
1201 2328 1365 2388 sunt,
1426 2320 1533 2377 sed
1558 2322 1841 2393 subjectis

161 2415 644 2481 obscuritatibus
672 2414 1079 2486 implicantur.
1118 2410 1401 2483 Sequitur
1433 2426 1446 2465 :

230 2507 409 2567 Vens.
426 2506 482 2567 2.
504 2505 656 2569 Vivit
680 2505 857 2571 Deus,
884 2501 1258 2574 quiabstulit
1275 2500 1578 2569 judicium
1604 2514 1797 2556 meum
1816 2514 1838 2569 ;

153 2605 213 2653 et
242 2595 656 2669 Omnipotens,
689 2594 795 2663 qui
823 2593 902 2657 ad
931 2589 1406 2657 amaritudinem
1428 2588 1685 2649 adduxit
1711 2591 1839 2650 ani-

156 2701 317 2749 mam
347 2697 564 2748 meam.
598 2712 666 2721 -—
689 2679 918 2750 Quibus
947 2679 1242 2743 nimirum
1266 2675 1464 2740 verbis
1494 2674 1706 2739 beatus
1726 2676 1836 2739 Job

153 2778 215 2837 et
244 2787 361 2827 sua
380 2772 611 2845 narrat,
645 2773 701 2833 et
733 2766 1003 2835 Ecclesiae
1034 2770 1318 2837 tempore,
1345 2762 1563 2827 afﬂicta
1608 2763 1835 2832 signiﬁ-

1890 1520 1935 1574 B
1964 1524 2292 1599 loquuntur
2318 1524 2703 1585 mendacium
2738 1527 2927 1594 (Psal.
2956 1543 3011 1594 v,
3044 1526 3101 1597 7)
3131 1544 3144 1595 ;
3168 1549 3195 1579 ››
3228 1526 3342 1589 hoc
3369 1541 3613 1599 quoque

1963 1615 2262 1675 mendacii
2291 1630 2481 1683 genus
2511 1615 2758 1687 perfecti
2785 1615 2896 1671 viri
2944 1630 3326 1687 summopere
3356 1614 3612 1685 fugiunt,

1962 1706 2026 1763 ut
2053 1718 2163 1765 nec
2194 1702 2315 1761 vita
2344 1702 2664 1777 cujuslibet
2713 1719 2819 1775 per
2847 1718 3056 1763 eorum
3086 1702 3385 1767 fallaciam
3414 1703 3615 1765 defen-

1959 1790 2155 1863 datur,
2216 1808 2323 1851 nec
2373 1807 2497 1855 suae
2560 1793 2779 1853 animae
2834 1797 3109 1863 noceant,
3151 1792 3301 1859 dum
3331 1796 3614 1866 praestare

1960 1880 2123 1937 carni
2151 1881 2418 1945 nituntur
2448 1879 2679 1945 alienae.
2707 1899 2737 1933 ›
2767 1881 3042 1955 Sequitur
3082 1899 3095 1938 :

2028 1973 2195 2033 Vens.
2223 1976 2274 2035 5.
2314 1970 2486 2029 Absit
2533 1986 2572 2029 a
2602 1987 2693 2027 me
2725 1977 2788 2028 ut
2826 1974 3023 2042 justas
3052 1987 3151 2031 vos
3184 1987 3304 2035 esse
3329 1972 3611 2044 iudicem,

1955 2061 2139 2117 donec
2194 2061 2464 2129 deﬁciam
2518 2076 2640 2118 non
2685 2060 2955 2119 recedam
2982 2062 3055 2123 ab
3086 2062 3431 2123 innocentia
3460 2078 3609 2123 mea.

1954 2148 2132 2211 —-Ab
2178 2148 2520 2213 innocentia
2569 2148 2795 2222 quippe
2852 2149 3173 2219 recederet,
3230 2150 3277 2205 si
3330 2149 3495 2213 bona
3536 2150 3611 2207 de

1953 2238 2127 2305 malis
2196 2237 2535 2306 aestimaret,
2593 2238 2910 2303 Salomone
2964 2242 3274 2297 attestante
3329 2238 3431 2310 qui
3488 2240 3606 2296 ait:

1952 2346 1984 2387 ς
2016 2326 2126 2395 Qui
2140 2326 2425 2399 justiﬁcat
2450 2326 2708 2398 impium
2748 2331 2806 2385 et
2829 2327 2935 2400 qui
2963 2326 3329 2391 condemnat
3352 2328 3605 2398 justum,

1949 2421 2199 2488 uterque
2225 2415 2650 2493 abominabilis
2679 2420 2767 2483 est
2821 2420 2959 2479 ante
2989 2419 3177 2477 Deum
3224 2418 3428 2487 (Prov.
3462 2434 3604 2483 xvii,

1955 2506 2059 2575 15).
2090 2529 2118 2555 ››
2147 2507 2292 2565 Sunt
2352 2520 2616 2578 namque
2660 2504 2910 2572 nollulli,
2966 2504 3071 2578 qui
3100 2505 3247 2565 dum
3290 2504 3611 2581 malefacta

1947 2592 2265 2653 hominum
2295 2592 2579 2659 laudibus
2604 2593 3111 2663 eﬂ‘erunt,augent
3139 2608 3276 2665 qua:
3298 2592 3611 2665 increpare

1947 2681 2301 2741 debuerunt.
2364 2682 2505 2743 Hinc
2561 2698 2668 2756 per
2726 2683 3082 2758 prophetam
3124 2680 3387 2739 dicitur:
3436 2701 3457 2741 ς
3514 2685 3614 2753 V83

1945 2770 2050 2843 qui
2080 2775 2377 2833 consuunt
2398 2771 2676 2846 pulvillos
2710 2772 2825 2831 sub
2851 2771 3018 2827 omni
3040 2770 3243 2837 cubito
3274 2786 3528 2841 manus,
3561 2774 3619 2828 et

153 2864 273 2925 cat,
315 2858 381 2913 in
425 2856 651 2929 quibus
697 2860 905 2928 aperta
940 2850 1656 2943 inﬁdeliumupel‘vicaCit}
1696 2867 1826 2923 pre-
1873 2890 1915 2943 Ο
1946 2858 2171 2925 faciunt
2247 2858 2557 2923 cervicalia
2613 2860 2726 2916 sub
2794 2860 2985 2933 capite
3042 2858 3339 2919 universae
3413 2861 3616 2921 mtatis

153 2948 369 3015 mitur,
412 2950 472 3003 et
507 2944 937 3021 persecutionis
986 2940 1396 3007 amaritudine
1427 2939 1825 3013 perturbatur.

156 3036 414 3104 Duobus
454 3050 721 3108 namque
778 3034 976 3101 modis
1028 3031 1292 3099 Ecclesia
1350 3029 1429 3097 ab
1472 3029 1831 3091 adversariis

153 3125 380 3191 tentari
413 3123 582 3191 solet,
610 3127 675 3180 ut
703 3122 972 3189 videlicet
1000 3119 1483 3195 persecutionem
1505 3124 1608 3179 aut
1631 3119 1829 3185 verbis

152 3214 426 3286 patiatur
453 3214 557 3279 aut
586 3210 820 3283 gladiis.
856 3214 1018 3277 Nunc
1044 3226 1189 3273 vero
1221 3207 1298 3263 de
1328 3222 1401 3262 ea
1421 3207 1831 3278 persecutione

152 3301 454 3373 loquitur,
485 3298 547 3354 in
576 3315 698 3371 qua
729 3314 851 3354 non
882 3298 1117 3367 gladiis,
1152 3296 1259 3352 sed
1299 3293 1463 3351 falsis
1494 3295 1830 3361 assertioni-

147 3392 275 3457 bus
302 3389 639 3455 lacessitur.
664 3388 759 3453 Vir
782 3392 983 3460 itaque
1015 3390 1265 3456 sanctus
1308 3389 1528 3451 sanctae
1560 3384 1829 3444 Ecclesiae

154 3486 377 3554 typum
409 3482 676 3551 gestans,
720 3481 786 3546 ut
816 3480 1002 3545 Deum.
1044 3492 1177 3547 esse
1208 3475 1486 3544 fateatur,
1517 3473 1635 3533 ait:
1679 3476 1827 3543 Vivit

150 3573 341 3636 Deus,
381 3571 453 3627 Ut
488 3583 625 3627 vero
652 3584 746 3629 res
776 3567 1080 3637 humanas
1118 3582 1263 3627 eum
1295 3579 1505 3633 curare
1558 3564 1826 3635 perhibe-

150 3666 262 3727 ret,
292 3656 564 3725 subdidit
605 3676 617 3714 :
651 3657 767 3727 Qui
793 3656 1041 3723 abstulit
1078 3656 1386 3729 judicium
1418 3668 1630 3717 meum,
1659 3660 1712 3709 et
1743 3657 1825 3715 ad

147 3747 628 3817 amaritudinem
649 3746 910 3811 adth
938 3748 1207 3817 animum
1256 3757 1465 3800 meam.
1496 3742 1615 3807 Ista
1660 3743 1820 3811 enim

147 3850 293 3913 qua:
330 3833 569 3905 patitur,
601 3849 723 3901 non
754 3849 900 3901 casu
940 3849 1002 3899 se
1028 3833 1278 3908 perpeti,
1315 3830 1419 3893 sed
1449 3832 1569 3891 Deo
1617 3831 1822 3895 omnia

146 3926 535 3998 disponente,
617 3928 910 3996 testatur;
969 3940 1045 3993 ne
1097 3921 1374 3989 tentatori
1437 3937 1548 3983 suo
1602 3922 1820 3987 amari-

148 4015 383 4079 tudinis
444 4030 565 4085 supa
606 4018 964 4089 potestatem
1006 4013 1228 4081 tribuit,
1261 4011 1367 4077 sed
1414 4011 1659 4073 auctori.
1724 4014 1819 4073 Se?

142 4104 361 4178 quitur
392 4121 407 4171 ξ

222 4193 403 4261 Vrsas.
439 4196 490 4261 3,
518 4197 571 4253 4.
601 4194 753 4265 Quia
781 4195 968 4263 donec
991 4200 1261 4266 superest
1278 4193 1505 4257 halitus
1536 4192 1597 4245 in
1620 4205 1729 4255 me,
1761 4196 1817 4251 et

142 4284 405 4353 spiritus
436 4284 548 4353 Dei
590 4284 654 4340 in
685 4284 930 4347 naribus
966 4285 1127 4352 meis,
1151 4299 1272 4349 non
1307 4284 1628 4354 loquentur
1652 4280 1814 4343 labia

145 4390 279 4445 mea
314 4375 715 4447 iniquitatem,
763 4390 870 4439 nec
900 4376 1113 4445 lingua
1160 4372 1553 4431 meditabitur
1577 4372 1815 4437 menda-

146 4467 331 4533 cium,
366 4494 438 4504 -—
468 4463 640 4535 Quod
664 4462 828 4537 prius
853 4463 1248 4535 iniquitatem,
1278 4462 1392 4519 hoc
1423 4459 1813 4533 postmodum

146 4559 432 4629 repetens
462 4551 846 4621 mendacium
893 4551 1056 4608 dixit.
1091 4555 1237 4608 Nam
1268 4556 1325 4607 et
1360 4564 1540 4617 omne
1571 4548 1815 4615 menda-

145 4642 314 4711 cium
339 4640 631 4714 iniquitas
657 4644 761 4711 est,
791 4646 847 4698 et
868 4640 1063 4701 omnis
1092 4639 1374 4713 iniquitas
1405 4635 1811 4710 mendacium,

143 4731 297 4802 quia
348 4728 618 4805 profecto
669 4730 748 4797 ab
778 4729 1055 4804 aequitate
1104 4728 1404 4801 discrepat
1450 4724 1747 4799 quidquid
1778 4744 1813 4793 ει

146 4818 397 4885 veritate
455 4817 776 4877 discordat.
823 4816 936 4879 Sed
983 4816 1133 4877 inter
1160 4817 1273 4879 hoc
1300 4814 1465 4888 quod
1496 4812 1578 4869 ait
1623 4813 1808 4889 loqui,

144 4906 552 4978 postmwum
597 4906 860 4975 subdidit
912 4905 1207 4975 meditari,
1257 4919 1484 4974 magna
1532 4901 1812 4971 distantia

142 5002 254 5055 est.
292 4998 745 5072 nonnunquam
771 4995 930 5063 enim
960 4995 1131 5070 pejus
1154 4998 1244 5050 est
1281 4992 1667 5063 mendacium
1691 5009 1811 5055 me-

139 5085 348 5156 ditari.
388 5101 579 5172 quam
607 5084 792 5159 loqui.
825 5088 974 5153 Nam
1028 5083 1192 5158 loqui
1230 5082 1587 5172 plerumque
1614 5082 1810 5172 praeci-

136 5171 459 5247 pitationis
504 5178 611 5247 est,
642 5173 915 5244 meditari
970 5189 1111 5231 vero
1164 5171 1445 5233 studiosae
1478 5171 1805 5243 pravitatis,

134 5264 439 5336 quamvis
464 5279 904 5335 nonnunquam
928 5262 1000 5318 sit
1028 5260 1272 5334 aliquod
1292 5259 1590 5321 mendacii
1619 5275 1806 5329 genus

133 5355 341 5427 culpas
372 5354 634 5421 levioris,
660 5353 707 5411 si
735 5354 1061 5427 quisquam
1107 5348 1535 5425 praecipitando
1563 5350 1808 5420 mentia-

134 5449 254 5505 tur.
293 5443 421 5509 Sed
464 5442 609 5516 quia
637 5442 926 5515 scriptum
964 5445 1051 5501 est
1082 5459 1095 5497 :
1124 5464 1151 5492 ‹‹
1187 5444 1262 5498 0s
1311 5439 1476 5513 quod
1522 5439 1805 5509 mentitur

1946 2948 2180 3019 (Ezech.
2210 2964 2400 3015 xxxiii,
2437 2952 2543 3019 16),
2575 2949 2852 3022 Sequitur
2886 2967 2899 3005 :

2015 3037 2178 3090 Vsus.
2207 3039 2258 3091 6.
2291 3038 2790 3106 Justiﬁcationem
2816 3050 3007 3099 meam
3030 3036 3173 3106 quia
3199 3038 3353 3105 ειερί
3383 3042 3615 3108 tenere,

1943 3138 2062 3181 non
2091 3123 2381 3181 deseram.
2409 3157 2476 3165 —
2508 3127 2776 3198 Cmptam
2817 3137 3084 3195 namque
3106 3122 3613 3193 justiﬁeationem

1941 3210 2258 3282 desereret,
2292 3212 2342 3268 si
2380 3213 2441 3277 in
2480 3213 2858 3288 peccantium
2888 3212 3067 3279 laude
3105 3209 3453 3273 declinaret.
3519 3214 3613 3275 Sa-

1940 3299 2143 3374 quitur
2172 3319 2185 3356 :
2216 3303 2424 3377 Neque
2451 3305 2606 3365 enim
2640 3302 3024 3374 reprehendit
3051 3316 3145 3361 me
3173 3316 3278 3357 cor
3304 3314 3508 3365 meum
3543 3304 3606 3363 in

1939 3390 2103 3445 omni
2130 3391 2251 3451 vita
2314 3408 2462 3457 mea,
2492 3423 2561 3433 με
2615 3397 2695 3455 Ac.
2725 3394 2773 3448 si
2824 3394 3026 3464 aperte
3055 3389 3216 3455 dicat
3244 3408 3257 3455 ;
3289 3391 3397 3449 Pro
3426 3390 3605 3457 vobis

1934 3494 2059 3536 non
2110 3479 2303 3543 debeo
2353 3483 2429 3549 ad
2489 3482 2729 3554 culpam
2770 3482 3054 3556 pertrahi,
3101 3481 3207 3553 qui
3258 3493 3509 3554 peccare
3537 3481 3600 3539 in

1934 3568 2191 3643 propriis
2221 3569 2560 3635 formidavi.
2596 3572 2919 3633 Sciendum
2952 3586 3093 3638 vero
3117 3575 3211 3631 est
3236 3569 3405 3644 quod
3435 3570 3600 3642 quis-

1932 3656 2068 3728 quis
2096 3673 2132 3721 a
2153 3661 2466 3732 prieceptis
2525 3660 2846 3729 Dominicis
2874 3659 3181 3729 discordat
3209 3674 3411 3734 opere,
3442 3673 3595 3730 quo,

1934 3744 2038 3803 ties
2064 3761 2133 3801 ea
2163 3748 2349 3816 audit,
2383 3750 2561 3811 corde
2590 3765 2702 3811 suo
2732 3748 3189 3822 reprehenditur
3228 3754 3407 3820 atque
3457 3763 3596 3805 con-

1932 3833 2218 3907 funditur,
2279 3838 2422 3909 quia
2474 3838 2536 3903 id
2593 3838 2761 3912 quod
2819 3853 2943 3903 non
2974 3836 3177 3899 fecerit
3201 3841 3588 3903 memoratur.

1931 3925 2080 3983 Nam
2112 3925 2169 3980 in
2204 3942 2325 4000 quo
2346 3943 2580 3989 errasse
2605 3928 2967 3996 considerat,
3029 3927 3162 3998 ipsa
3194 3943 3255 3983 se
3291 3926 3593 3987 consciam

1928 4011 2009 4077 tia
2046 4012 2294 4077 latenter
2323 4021 2583 4081 accusat.
2634 4017 2799 4072 Unde
2842 4016 3027 4073 David
3059 4016 3351 4088 propheta
3382 4030 3588 4086 preca-

1929 4104 2023 4157 tur
2046 4099 2251 4159 dicens
2284 4122 2295 4158 :
2340 4123 2369 4159 ς
2400 4107 2561 4169 Tunc
2592 4120 2714 4160 non
2768 4104 3128 4174 confundar,
3160 4104 3305 4169 dum
3336 4102 3587 4175 respicio

1927 4188 1989 4242 in
2012 4190 2219 4253 omnia
2250 4193 2539 4259 mandata
2566 4196 2668 4253 tua
2692 4195 2883 4262 (Psal.
2917 4210 3117 4262 exvm,
3151 4195 3225 4260 6).
3260 4210 3291 4249 ›
3321 4191 3588 4249 Graviter

1928 4294 2191 4350 namque
2224 4282 2641 4356 unusquisque
2668 4282 3076 4353 confunditur,
3109 4281 3356 4356 quando
3408 4296 3584 4345 man-

1924 4368 2065 4425 data
2108 4369 2205 4424 Dei
2236 4370 2328 4437 vel
2354 4371 2631 4442 legendo,
2680 4374 2775 4429 vel
2804 4372 3108 4439 audiendo
3158 4372 3415 4445 respicit,
3447 4388 3584 4444 quae

1924 4457 2182 4523 vivendo
2232 4462 2608 4532 contempsit.
2664 4462 2806 4517 Hinc
2862 4462 3107 4525 Joannis
3140 4477 3286 4517 voce
3326 4460 3578 4521 dicitur;

1926 4569 1953 4593 ‹‹
1980 4545 2031 4603 Si
2070 4563 2172 4603 cor
2200 4553 2476 4611 nostrum
2508 4566 2627 4606 non
2659 4550 3107 4623 reprehenderit
3135 4567 3265 4617 nos,
3294 4549 3580 4611 ﬁduciam

1920 4634 2217 4691 habemus
2249 4636 2327 4705 ad
2360 4641 2546 4697 Deum
2576 4641 2635 4710 (Ι
2655 4642 2830 4697 Joan.
2870 4655 2956 4707 in,
2988 4640 3096 4711 21).
3133 4662 3161 4691 »
3196 4642 3261 4699 Et
3294 4655 3307 4693 :
3341 4660 3367 4693 α
3401 4637 3580 4703 Quid-

1920 4723 2067 4801 quid
2114 4725 2479 4797 petierimus,
2511 4726 2877 4799 accipiemus
2916 4728 3116 4797 (Joan.
3146 4743 3260 4793 xm,
3298 4727 3404 4797 14).
3436 4749 3465 4776 ››
3498 4731 3579 4782 Ac

1921 4814 1969 4870 si
1999 4814 2219 4875 diceret
2252 4834 2264 4871 :
2309 4818 2365 4873 Si
2387 4818 2448 4875 id
2491 4818 2656 4890 quod
2688 4818 2956 4891 praecipit
2995 4818 3271 4885 facimus,
3301 4817 3363 4877 id
3408 4818 3578 4890 quod

1919 4904 2177 4976 petimus
2234 4905 2598 4971 obtinemus.
2670 4908 2855 4967 Valde
2912 4922 3178 4981 namque
3233 4908 3363 4967 huic
3410 4909 3578 4981 apud

1922 4996 2105 5051 Deum
2160 4997 2412 5067 utraque
2468 4995 2581 5059 sibi
2638 4996 2978 5063 necessario
3024 5001 3388 5068 congruunt,
3419 5002 3485 5055 ut
3518 5001 3578 5057 et

1917 5081 2185 5145 oratione
2242 5084 2510 5156 operatio
2549 5090 2606 5143 et
2634 5087 2978 5159 operatione
3036 5086 3315 5149 fulciatur
3354 5088 3564 5147 oratio.

1919 5170 2009 5226 Sic
2035 5170 2219 5243 qumri
2251 5176 2446 5245 potest
2475 5189 2598 5245 quo
2627 5179 2806 5247 pacto
2830 5190 2868 5239 a
2887 5174 3065 5239 corde
3089 5192 3200 5232 suo
3217 5174 3569 5247 reprehendi

1916 5276 1976 5315 se
2000 5264 2197 5335 negat,
2228 5260 2331 5333 qui
2356 5277 2417 5317 se
2443 5278 2724 5335 peccasse
2751 5264 3026 5335 superius
3043 5267 3311 5327 accusat,
3325 5261 3565 5321 dicens:

1913 5351 2185 5417 Peccavi,
2241 5352 2387 5422 quid
2435 5353 2665 5423 faciam
2721 5356 2847 5424 tibi,
2897 5370 2931 5415 o
2978 5359 3173 5411 custos
3204 5350 3509 5411 hominum
3540 5351 3568 5406 ‘?
3612 5394 3621 5397 -

1926 5441 2027 5497 Vel
2055 5446 2210 5498 certe
2238 5442 2291 5503 si
2307 5443 2650 5513 justiﬁcare
2700 5459 2790 5505 me
2817 5446 3078 5506 voluero,
3108 5457 3172 5496 οε
3208 5453 3402 5499 meum
3432 5455 3569 5499 ι’οη-

129 5535 366 5607 occidit
384 5534 655 5605 annnam
681 5534 847 5604 (βαρ.
880 5550 917 5603 ι,
946 5531 1062 5605 ll);
1090 5554 1118 5582 »
1149 5535 1206 5588 et
1237 5548 1248 5585 :
1276 5551 1304 5584 κ
1326 5529 1541 5591 Perdes
1571 5544 1674 5586 eos
1698 5529 1804 5603 qui
1909 5530 2213 5601 demnabit
2241 5547 2353 5591 me.
2378 5565 2444 5573 —
2476 5534 2589 5595 Sed
2615 5533 2925 5595 sciendum
2955 5534 3044 5587 est
3070 5530 3239 5604 quod
3254 5534 3400 5601 sunt
3426 5546 3565 5604 pec-
