4146 6156
567 165 669 218 319

1608 171 1666 226 S.
1707 169 1964 229 ODONIS
2002 165 2295 224 ABBATIS
2333 165 2834 225 CLUNIACENSIS
2874 169 2941 224 Il.

3883 173 3991 228 320

568 287 698 340 cata
725 301 860 356 que
889 300 926 340 a
940 285 1120 357 justis
1143 290 1314 370 vitari
1345 298 1617 365 possunt,
1652 299 1709 350 et
1738 299 1876 350 sunt
1904 291 2215 358 nonnulla,
2246 291 2296 344 A
2325 293 2625 360 premunt.
2671 288 2752 346 De
2797 307 2920 363 quo
2970 295 3171 363 aperte
3223 259 3500 347 subditur
3533 309 3546 347 :
3577 291 3656 346 Et
3707 293 3991 352 invocare

567 387 700 443 que
729 373 905 428 etiam
935 391 972 430 a
997 375 1169 446 justis
1199 379 1373 437 vitari
1401 397 1524 437 non
1547 387 1815 455 possunt.
1841 386 1997 439 Mens
2017 383 2219 454 itaque

558 459 859 530 justorum
880 465 987 520 etsi
1003 465 1192 524 libera
1214 473 1302 525 est
1315 486 1350 526 a
1370 485 1651 543 perverso
1674 488 1873 546 opere,
1889 469 2216 544 aliquando

561 550 764 604 tamen
791 552 1012 609 corruit
1037 555 1099 610 in
1129 571 1410 628 perversa
1441 561 1818 630 cogitatione.
1875 564 1942 616 Et
1993 561 2054 615 in
2084 575 2218 632 pec-

564 639 696 692 cato
727 653 870 709 ergo
897 640 1138 715 labitur,
1161 646 1305 718 quia
1328 647 1537 704 saltem
1558 649 1619 704 in
1649 649 2005 719 cogitatione
2031 647 2216 703 decli-

564 730 743 783 natur
807 733 864 784 et
909 733 1109 787 tamen
1162 735 1322 791 unde
1373 739 1760 810 semetipsam
1823 737 2216 810 postmodum

563 813 765 871 ﬂendo
793 817 1192 890 reprehendat
1217 839 1341 879 non
1371 825 1568 894 habet,
1599 827 1740 899 quia
1785 831 1920 884 ante
1961 842 2022 882 se
2051 841 2217 898 repa-

562 908 655 961 rat
673 921 860 978 quam
882 923 988 980 per
1016 927 1376 970 consensum
1401 916 1596 973 cadat.
1627 917 1902 990 Sequitur
1935 935 1948 972 :

637 995 800 1051 Vens.
831 1003 881 1051 7.
912 999 1082 1054 Sicut
1109 1002 1324 1070 impius
1352 1006 1626 1061 inimicus
1663 1019 1870 1077 meus;
1921 1012 1976 1061 et
2006 1005 2215 1061 adver-

563 1085 758 1140 sarius
783 1101 944 1142 meus
1011 1093 1187 1160 quasi
1235 1093 1494 1164 iniquus.
1551 1126 1620 1135 ——-
1673 1101 1736 1151 1n
1769 1111 1938 1152 sacro
1975 1094 2213 1167 eloquio

564 1173 712 1228 sicut
746 1176 802 1229 et
823 1179 1015 1246 quasi,
1047 1194 1170 1234 non
1195 1180 1520 1254 aliquando
1551 1200 1662 1256 pro
1701 1184 2086 1240 similitudine
2113 1200 2216 1256 po-

563 1261 740 1330 nitur,
785 1264 889 1318 sed
920 1281 1030 1336 pro
1060 1268 1321 1326 veritate.
1387 1273 1550 1328 Unde
1581 1279 1669 1330 est
1696 1273 1844 1330 illud
1877 1292 1889 1329 :
1920 1297 1947 1323 «
1981 1277 2045 1329 Et
2071 1273 2217 1329 vidi-

562 1366 698 1406 mus
729 1351 982 1420 gloriam
1009 1357 1156 1427 ejus,
1191 1359 1444 1430 gloriam
1467 1364 1640 1435 quasi
1672 1364 1966 1434 Unigeniti
1986 1380 2022 1419 a
2048 1367 2213 1419 Patre

562 1441 758 1506 (Joan.
793 1457 830 1510 1,
867 1445 974 1515 i4),
1007 1469 1033 1494 ››
1069 1447 1227 1503 unde
1259 1454 1315 1504 et
1340 1451 1434 1506 hic
1466 1454 1616 1508 sicut
1641 1457 1697 1508 et
1716 1469 1886 1523 quasi
1914 1469 2023 1526 pro
2055 1452 2214 1509 afﬁr-

561 1529 824 1584 matione
853 1532 1053 1602 potius
1085 1551 1270 1606 quam
1321 1554 1433 1610 pro
1456 1540 1841 1596 similitudine
1871 1541 2098 1598 dictum
2129 1542 2212 1597 vi-

2325 379 2644 435 Dominum
2713 381 2775 434 in
2831 381 2999 436 omni
3051 386 3331 450 tempore.
3401 411 3470 420 —
3525 383 3685 437 Tunc
3757 383 3986 456 quippe

2329 469 2516 522 Deum
2543 467 2858 540 hypocrita
2909 468 3168 538 invocat,
3217 485 3358 525 cum
3413 469 3577 525 hunc
3617 475 3990 530 terrenarum

2325 571 2525 611 rerum
2565 557 2864 614 tribulatio
2922 561 3222 628 angustat.
3271 561 3426 614 Nam.
3453 575 3594 614 cum
3641 561 3704 615 in
3739 561 3856 616 hoc
3889 579 3988 616 se-

2327 643 2462 700 culo
2493 644 2770 702 effectum
2799 647 3068 718 quesite
3109 646 3400 703 felicitatis
3431 647 3745 719 invenerit,
3781 655 3983 706 aucto-

2325 749 2453 790 rem
2482 735 2586 807 qui
2613 735 2770 791 hanc
2794 735 2990 808 ipsam
3015 735 3352 793 felicitatem
3371 737 3574 793 tribuit
3604 754 3730 794 non
3749 738 3980 812 querit.

2327 823 2601 896 Sequitur
2632 841 2644 879 :

2399 913 2564 967 Vens.
2591 916 2675 967 11.
2706 915 2930 970 Docebo
2961 928 3059 968 vos
3081 927 3194 982 per
3223 928 3468 970 manum
3499 915 3627 983 Dei,
3663 930 3796 986 que
3851 915 3984 972 0m-

2329 1000 2598 1069 nipotens
2625 1001 2860 1071 habeat,
2884 1017 2991 1058 nec
3021 1001 3400 1058 abscondam.
3425 1034 3494 1040 —
3519 1001 3608 1058 Sic
3634 1001 3847 1058 beatus
3877 1001 3984 1060 Job

2326 1089 2590 1161 loquitur
2643 1090 2834 1146 verbis
2865 1089 3009 1156 suis,
3067 1095 3131 1147 ut
3161 1089 3388 1163 aliquid
3425 1091 3618 1160 signet
3637 1106 3710 1146 ex
3737 1093 3981 1148 nostris.

2325 1182 2475 1234 Nam
2505 1183 2712 1236 sancta
2743 1179 3001 1235 Ecclesia
3031 1179 3254 1235 docens
3301 1179 3364 1234 in
3389 1184 3686 1252 quantum
3727 1197 3984 1252 cognos-

2326 1283 2456 1324 cere
2508 1269 2765 1341 expedit,
2813 1268 2897 1324 nil
2945 1268 3205 1325 veritatis
3257 1267 3595 1324 abscondit.
3647 1271 3796 1335 Quia
3825 1271 3984 1326 enim

2324 1373 2542 1412 manus
2601 1357 2700 1412 Dei
2757 1360 3001 1413 vocatur
3056 1355 3234 1424 ﬁlius,
3281 1377 3312 1410 ‹
3344 1357 3550 1413 omnia
3604 1357 3832 1431 quippe
3879 1374 3986 1430 per

2322 1441 2528 1514 ipsum
2571 1443 2728 1501 facta
2780 1449 2918 1502 sunt
2966 1445 3160 1517 (Joan.
3194 1462 3233 1516 ι,
3269 1446 3322 1517 3)
3357 1463 3369 1500 :
3407 1467 3434 1495 υ
3460 1460 3575 1516 per
3601 1461 3848 1502 manum
3875 1447 3986 1502 Dei

2323 1531 2537 1588 docere
2568 1550 2630 1589 se
2657 1535 2931 1607 perhibet
2981 1551 3083 1591 eos
3131 1551 3284 1608 quos
3313 1535 3375 1590 in
3423 1534 3668 1607 propria
3689 1536 3982 1608 sapientia

561 1616 752 1672 detur.
787 1623 940 1675 Inter
983 1621 1236 1694 impium
1266 1643 1406 1684 vero
1447 1635 1503 1684 ει
1529 1629 1806 1702 iniquum
1851 1632 1964 1687 hoc
1994 1631 2212 1688 distare
2249 1647 2286 1700 Β
2321 1637 2631 1679 remanere
2655 1624 2852 1680 fatuos
2887 1624 3146 1681 videbat.
3169 1629 3249 1680 Ac
3281 1625 3333 1680 si
3363 1629 3564 1697 aperte
3617 1623 3777 1680 dicat
3809 1643 3822 1681 :
3855 1627 3976 1695 Ego

559 1720 1002 1781 nonnunquam
1049 1713 1214 1783 solet,
1266 1717 1410 1788 quia
1448 1719 1644 1775 omnis
1681 1720 1902 1792 impius
1943 1721 2208 1793 iniquus,

559 1808 683 1884 non
741 1799 938 1854 tamen
981 1803 1177 1858 omnis
1234 1804 1476 1879 iniquus
1532 1813 1619 1864 est
1685 1810 1926 1882 impius.
1991 1811 2211 1884 Impius

558 1883 718 1972 enim
745 1901 854 1957 pro
883 1888 1106 1946 inﬁdeli
1136 1895 1397 1966 ponitur,
1428 1896 1490 1952 id
1509 1901 1596 1954 est
1618 1914 1654 1954 a
1677 1899 1892 1972 pietate
1909 1883 2210 1970 religionis

558 1971 820 2044 alienus;
850 1976 1092 2050 iniquus
1115 1997 1255 2039 vero
1282 1984 1512 2054 dicitur,
1539 1987 1645 2059 qui
1673 1971 1962 2060 pravitate
2011 1992 2209 2061 operis

557 2061 635 2118 ab
690 2065 968 2136 equitate
998 2069 1319 2141 discordat,
1351 2075 1444 2130 vel
1503 2077 1550 2132 si
1579 2077 1831 2134 fortasse
1863 2080 2208 2136 Christiane

555 2151 695 2207 ﬁdei
722 2169 945 2211 nomen
977 2163 1190 2229 portat.
1227 2163 1442 2219 Beatus
1465 2165 1642 2234 igitur
1670 2167 1785 2222 Job
1814 2184 1960 2224 voce
2009 2169 2209 2241 typica

555 2246 776 2298 sancte
823 2246 1114 2316 Ecclesiae,
1166 2252 1309 2322 quia
1339 2253 1485 2310 alios
1539 2261 1712 2312 recte
1743 2257 2205 2314 ﬁdeicontradi-

553 2335 752 2386 centes
785 2332 1009 2402 tolerat,
1037 2336 1292 2410 impium
1317 2358 1377 2396 se
1402 2343 1621 2398 habere
1641 2343 2204 2404 fateturinimicum.

554 2419 704 2508 Quia
747 2437 888 2478 vero
936 2424 1084 2480 alios
1133 2429 1250 2484 sub
1279 2436 1566 2501 praetextu
1618 2433 1758 2488 ﬁdei
1791 2435 1950 2490 intus
1979 2437 2205 2508 positos

550 2505 612 2560 in
642 2509 844 2579 pravis
878 2513 1160 2584 operibus
1215 2518 1456 2588 patitur,
1485 2520 1759 2592 iniquum
1791 2505 2204 2583 adversarium

553 2610 733 2650 suum
763 2597 1090 2656 detestatur
1120 2605 1430 2676 [testatur].
1459 2608 1514 2664 Si
1545 2615 1746 2665 autem
1777 2613 1928 2667 sicut
1951 2619 2008 2669 et
2032 2619 2206 2685 quasi

550 2689 784 2754 oportet
839 2691 904 2742 ut
953 2691 1148 2761 magis
1196 2708 1307 2764 pro
1356 2695 1738 2755 similitudine
1767 2701 1964 2772 posita
1993 2705 2205 2761 sentia-

547 2789 704 2842 mus,
739 2781 949 2834 sancta
971 2779 1230 2837 Ecclesia
1255 2799 1408 2855 quos
1431 2786 1694 2844 viventes
1710 2791 2025 2848 carnaliter
2047 2795 2202 2852 intra

549 2879 610 2919 se
631 2863 860 2936 tolerat,
894 2867 968 2922 de
1025 2869 1406 2930 similitudine
1462 2876 1786 2949 impiorum
1814 2885 1998 2939 notat.
2033 2883 2196 2940 Intus

550 2951 776 3049 quippe
791 2954 1070 3049 inimicus
1097 2964 1202 3027 est,
1227 2962 1332 3034 qui
1360 2965 1598 3021 ﬁdelem
1648 2983 1708 3024 se
1739 2968 1886 3025 dum
1939 2971 2198 3032 afﬁrmat
2226 2995 2268 3049 ο

542 3037 814 3111 vocibus,
840 3041 1112 3099 moribus
1135 3051 1332 3116 negat.
1366 3050 1642 3122 Sequitur
1669 3071 1682 3108 :

613 3129 785 3184 Vens.
811 3131 860 3184 8.
885 3131 1026 3198 Quae
1053 3137 1208 3190 enim
1230 3151 1360 3204 spes
1389 3137 1739 3208 hypocrita,
1787 3145 1840 3198 si
1881 3160 2064 3202 avare
2093 3163 2192 3204 ra-

532 3219 690 3308 piat,
719 3225 775 3274 et
803 3237 924 3308 non
955 3224 1162 3281 liberet
1190 3228 1346 3284 Deus
1378 3231 1640 3287 animam
1672 3236 1800 3302 ejus
1832 3239 1860 3289 ?
1885 3267 1952 3275 ——
1992 3237 2194 3308 Hypo-

542 3305 688 3362 crita
735 3307 840 3376 qui
892 3310 1099 3366 Latina
1143 3312 1351 3383 lingua
1392 3317 1606 3374 dicitur
1645 3320 1976 3386 simulator,
1995 3305 2193 3394 justus

539 3406 664 3486 non
693 3408 820 3449 esse
852 3399 1096 3469 appetit,
1121 3401 1226 3456 sed
1245 3403 1450 3472 videri,
1475 3410 1532 3462 et
1558 3407 1778 3465 idcirco
1810 3426 2028 3468 avarus
2052 3429 2190 3486 rap-

537 3481 631 3534 tor
651 3485 756 3547 est,
788 3483 894 3554 qui
913 3483 1061 3542 dum
1088 3486 1297 3560 iniqua
1320 3493 1458 3562 agit,
1481 3493 1778 3553 desiderat
1796 3498 1870 3553 de
1888 3481 2192 3558 sanctitate

537 3571 832 3663 venerari,
843 3571 1100 3663 laudem
1129 3577 1262 3633 vite
1281 3581 1434 3653 rapit
1463 3582 1672 3640 aliene
1702 3603 1714 3640 :
1743 3586 1850 3659 qui
1871 3587 2018 3644 dum
2039 3606 2190 3663 pre-

538 3658 730 3750 sentia
753 3659 961 3731 diligit,
997 3663 1196 3722 futura
1227 3667 1473 3726 minime
1507 3679 1726 3745 sperat.
1762 3658 2080 3750 Sequitur:

606 3747 777 3803 Vens.
808 3754 859 3805 9.
891 3751 1184 3843 Nunquid
1211 3758 1530 3816 clamorem
1589 3765 1716 3832 ejus
1764 3747 1966 3824 audiet
2009 3771 2185 3843 Deus,

535 3849 669 3892 cum
717 3842 944 3896 venerit
997 3858 1178 3912 super
1229 3861 1360 3904 eum
1391 3853 1719 3921 angustia?
1745 3887 1813 3894 —
1853 3842 2186 3916 Clamorem

533 3924 663 4021 ejus
711 3930 1003 4021 angustie
1053 3937 1318 4008 tempore
1374 3939 1662 3997 Dominus
1709 3958 1834 4000 non
1860 3947 2045 4017 audit,
2083 3949 2186 4021 qui

529 4017 969 4110 tranquillitatis
1000 4025 1266 4097 tempore
1313 4027 1376 4082 in
1406 4032 1718 4105 preceptis
1775 4035 1896 4091 suis
1927 4036 2053 4110 ipse
2083 4017 2188 4097 Do-

527 4105 783 4202 minum.
811 4107 1172 4202 clamantem
1218 4130 1342 4172 non
1380 4119 1564 4175 audit.
1614 4122 1908 4195 Scriptum
1947 4105 2182 4202 quippe

529 4198 617 4248 est
649 4212 716 4287 :.«
749 4197 860 4260 Qui
890 4201 1102 4256 avertit
1129 4217 1337 4260 aurem
1397 4223 1569 4263 suam
1601 4225 1676 4266 ne
1732 4213 1938 4270 audiat
1961 4197 2177 4287 legem,

527 4282 717 4375 oratio
763 4284 893 4354 ejus
945 4287 1053 4344 erit
1106 4293 1485 4350 exsecrabilis
1529 4299 1731 4364 (Prov.
1783 4318 1987 4368 xxvm,
2025 4282 2112 4375 v9).
2149 4282 2177 4358 ἦ

525 4369 670 4424 Hinc
703 4373 990 4428 Dominus
1019 4376 1101 4431 ait
1131 4395 1144 4432 :
1178 4401 1206 4428 ‹‹
1229 4381 1558 4439 Novissime
1583 4388 1830 4445 veniunt
1862 4391 2040 4449 fatue
2065 4369 2178 4451 vir-

525 4456 693 4550 gines
741 4459 1003 4517 dicentes
1059 4481 1074 4517 :
1125 4467 1392 4536 Domine,
1459 4473 1728 4541 Domine,
1782 4480 1945 4550 aperi
2001 4483 2178 4539 nobis

526 4544 788 4640 (Matth:
811 4566 946 4618 xxv,
978 4556 1091 4640 7H).
1125 4576 1153 4603 »
1200 4557 1266 4610 Et
1301 4559 1698 4630 respondetur
1745 4544 1846 4620 eis.
1883 4589 1910 4616 ‹‹
1964 4573 2174 4640 Amen,

521 4649 701 4692 amen
731 4636 866 4694 dico
893 4639 1086 4714 vobis,
1117 4645 1322 4701 nescio
1352 4662 1482 4703 vos.
1519 4671 1546 4698 ››
1586 4651 1862 4724 Sequitur
1894 4673 1906 4710 :

591 4727 762 4782 Vens.
801 4731 884 4784 10.
901 4729 1026 4786 Aut
1045 4734 1268 4800 poterit
1297 4737 1358 4790 in
1391 4737 1806 4810 Omnipotente
1833 4745 2124 4806 delectari
2147 4752 2174 4808 ‘I

520 4814 728 4902 —-Qui
755 4819 1128 4876 terrenarum
1156 4837 1357 4879 rerum
1405 4841 1610 4884 amore
1657 4830 1930 4902 vincitur,
1962 4836 2022 4893 in
2053 4841 2173 4896 Deo

517 4899 858 4958 nullatenus
905 4907 1250 4968 delectatur.
1310 4916 1451 4970 Esse
1482 4917 1729 4988 quidem
1760 4923 1884 4980 sine
1914 4899 2170 4985 delecta-

517 4989 674 5046 tione
701 4993 905 5052 anima
933 5011 1249 5070 nunquam
1280 5007 1492 5074 potest.
1527 5010 1676 5064 Nam
1698 5015 1802 5068 aut
1822 5013 2044 5071 inﬁmis
2074 5017 2170 5074 de-

512 5077 783 5150 lectatur,
833 5089 937 5140 aut
991 5089 1280 5160 summis;
1341 5099 1398 5150 et
1458 5101 1685 5168 quanto
1743 5100 1934 5159 altiori
1971 5106 2168 5164 studio

513 5173 908 5266 eserceturad
933 5191 1192 5249 summa,
1216 5184 1378 5240 tanto
1401 5185 1615 5256 majori
1631 5187 1868 5247 fastidio
1890 5197 2170 5266 torpescit

513 5258 594 5315 ad
648 5259 912 5352 infirma,
968 5269 1132 5323 tanto
1179 5273 1382 5342 tepore
1439 5274 1771 5334 damnabili
1819 5258 2077 5352 frigescit
2132 5302 2168 5341 a

513 5349 788 5406 summis.
839 5353 1094 5425 Utraque
1125 5357 1284 5412 enim
1315 5359 1492 5416 simul
1539 5367 1596 5419 et
1636 5349 1942 5438 equalite‘r
1976 5374 2167 5428 amari

510 5447 636 5527 non
659 5445 929 5527 possunt.
961 5443 1244 5501 Delectari
1275 5463 1417 5519 ergo
1445 5451 1506 5506 in
1549 5455 1666 5510 Deo
1697 5457 2012 5527 hypocrita
2041 5475 2164 5517 non

509 5521 682 5614 valet,
715 5525 860 5596 quia
887 5529 950 5583 in
980 5532 1110 5601 ejus
1145 5539 1343 5592 mente
1387 5537 1687 5596 desideria
1739 5521 2008 5614 superna
2041 5563 2164 5603 non

507 5611 828 5684 prodeunt,
878 5633 1064 5689 quam
1119 5624 1386 5695 profesto
1436 5629 1622 5698 spinae
1681 5611 1896 5690 terreni
1938 5636 2161 5693 amoris

2323 1725 2396 1766 ex
2433 1727 2531 1766 me
2586 1711 2814 1785 aliquid
2860 1713 3082 1781 nescio,
3134 1713 3239 1768 sed
3284 1712 3583 1786 quidquid
3633 1728 3708 1768 ex
3735 1715 3979 1770 veritate

2323 1801 2530 1870 sentio,
2559 1802 2675 1858 hoc
2699 1802 2775 1858 de
2805 1803 3076 1874 ejusdem
3105 1801 3364 1859 veritatis
3388 1802 3659 1874 largitate
3710 1819 3980 1876 compre-

2320 1889 2539 1947 hendo.
2576 1891 2849 1964 Sequitur
2872 1909 2885 1947 :

2391 1981 2558 2034 Vens.
2596 1984 2678 2035 12.
2712 1981 2866 2037 Ecce
2913 1997 3012 2037 vos
3068 1996 3266 2036 omnes
3317 1982 3524 2049 nostis,
3557 1987 3612 2036 et
3649 1981 3796 2052 quid
3849 1984 3978 2040 sine

2321 2081 2504 2124 causa
2544 2083 2699 2124 vana
2732 2070 3086 2139 loquimini?
3111 2101 3182 2109 -—
3205 2069 3502 2142 Scriptum
3529 2072 3618 2125 est
3651 2087 3663 2124 :
3695 2091 3724 2116 «
3761 2071 3976 2126 Servus

2319 2157 2422 2228 qui
2453 2157 2728 2227 cognovit
2758 2157 3126 2215 voluntatem
3175 2157 3406 2214 domini
3457 2158 3548 2213 sui
3593 2163 3651 2215 et
3689 2173 3812 2214 non
3843 2158 3978 2215 fecit

2319 2245 2654 2301 secundum
2677 2245 3048 2303 voluntatem
3077 2247 3229 2318 ejus,
3259 2246 3572 2320 vapulabit
3601 2247 3830 2303 multis.
3867 2249 3978 2314 Qui

2318 2338 2519 2390 autem
2553 2351 2674 2391 non
2705 2337 2987 2405 cognovit
3011 2341 3068 2393 et
3096 2352 3220 2393 non
3250 2336 3386 2392 fecit
3413 2336 3618 2406 digna,
3649 2336 3844 2409 plagis
3877 2355 3976 2394 va-

2317 2423 2548 2494 pulabit
2572 2425 2779 2497 paucis
2805 2425 2971 2498 (Luc.
2993 2443 3090 2497 xn,
3115 2429 3226 2495 47).
3251 2445 3282 2478 ›
3315 2429 3659 2499 Rursusque
3684 2427 3974 2499 scriptum

2316 2517 2407 2568 est
2438 2530 2450 2567 :
2485 2515 2752 2571 «Scienti
2805 2516 2985 2586 igitur
3041 2516 3275 2572 bonum
3299 2520 3357 2572 et
3381 2529 3504 2572 non
3549 2515 3809 2584 facienti,
3840 2531 3976 2589 pec-

2317 2607 2516 2658 catum
2537 2609 2624 2659 est
2642 2604 2722 2660 illi
2751 2605 2904 2675 (Jac.
2927 2621 3005 2670 1v,
3034 2608 3139 2676 t7).
3167 2627 3196 2654 »
3229 2605 3320 2660 Ad
3345 2605 3592 2676 majoris
3607 2621 3749 2676 ergo
3779 2605 3974 2678 culpe

2315 2691 2625 2748 cumulum
2654 2694 2855 2750 hostes
2917 2709 3060 2750 suos
3115 2699 3322 2750 sancta
3370 2693 3634 2749 Ecclesia
3677 2695 3972 2766 perhibet,

2313 2783 2368 2834 et
2406 2780 2552 2835 scire
2583 2781 2732 2853 quid
2778 2782 2948 2864 sequi
2999 2781 3278 2854 debeant,
3311 2786 3368 2838 et
3415 2781 3586 2854 sequi
3613 2781 3772 2838 nolle
3801 2785 3973 2856 quod

2313 2869 2526 2926 sciunt.
2554 2871 2828 2944 Sequitur
2861 2890 2873 2926 :

2381 2959 2558 3016 Vens.
2613 2965 2695 3017 13.
2739 2963 2884 3018 Haec
2953 2969 3039 3018 est
3077 2977 3227 3031 pars
3279 2961 3530 3018 hominis
3591 2963 3764 3031 impii
3806 2964 3975 3032 apud

2307 3051 2514 3118 Deum,
2574 3057 2631 3106 et
2687 3052 3003 3107 hereditas
3057 3053 3450 3108 violentorum
3493 3066 3670 3122 quam
3725 3052 3802 3108 ab
3855 3069 3974 3108 om-

2306 3139 2610 3208 nipotente
2659 3142 2999 3210 suscipiant.
3046 3173 3115 3181 —
3166 3142 3360 3207 Quam
3401 3141 3668 3214 profecto
3723 3147 3962 3214 partem

2305 3227 2834 3302 hereditatemque
2911 3230 3185 3303 protinus
3257 3231 3538 3299 insinuat,
3609 3246 3751 3286 cum
3821 3231 3966 3288 sub-

2303 3317 2501 3388 jungit
2533 3335 2546 3373 :

2377 3407 2542 3462 Vens.
2577 3412 2661 3463 14.
2686 3409 2756 3464 Si
2806 3408 3201 3478 multiplicati
3254 3409 3489 3478 fuerint
3533 3409 3651 3477 ﬁlii
3693 3412 3844 3478 ejus,
3899 3413 3958 3464 in

2302 3497 2508 3568 gladio
2551 3504 2748 3565 erunt,
2796 3505 2852 3554 et
2887 3505 3126 3568 nepotes
3174 3500 3301 3568 eius
3341 3514 3461 3554 non
3513 3499 3964 3556 saturabuntur

2295 3600 2476 3654 pane.
2509 3619 2578 3626 —
2608 3591 2734 3644 Non
2761 3587 3020 3644 absurde
3049 3587 3218 3660 impii
3245 3591 3539 3643 vocantur
3567 3587 3830 3644 heretici
3857 3589 3964 3664 qui

2300 3691 2407 3748 per
2436 3691 2698 3732 errorem
2717 3677 2888 3749 pravi
2919 3676 3219 3748 dogmatis
3257 3693 3294 3733 a
3327 3677 3668 3747 cognitione
3689 3678 3958 3734 veritatis

2301 3770 2440 3821 sunt
2479 3765 2672 3822 alieni.
2723 3768 2884 3832 Quos
2912 3766 3182 3839 sequenti
3235 3765 3420 3822 verbo
3451 3766 3632 3822 etiam
3659 3765 3960 3823 violentos

2298 3854 2598 3928 appellat:
2627 3855 2851 3929 quippe
2895 3855 3000 3928 qui
3055 3855 3370 3928 Scripture
3420 3855 3739 3912 sententias
3796 3863 3962 3913 recta

2295 3943 2582 4016 dogmata
2634 3944 3002 4000 continentes
3045 3943 3124 4000 ad
3163 3943 3526 4000 intellectum
3553 3961 3810 4018 pravum
3861 3961 3958 4002 co-

2293 4039 2514 4090 nantur
2532 4033 2816 4090 violenter
2841 4032 3158 4090 inﬂectere.
3181 4033 3430 4090 Violenti
3459 4049 3601 4104 ergo
3631 4039 3790 4102 sunt,
3847 4035 3960 4090 etsi

2291 4139 2417 4180 non
2435 4123 2616 4180 rebus
2641 4124 2980 4190 hominum,
3002 4127 3155 4178 certe
3178 4123 3453 4179 sensibus
3483 4127 3950 4197 preceptorum,

2451 4217 2652 4270 autem
2683 4201 3076 4270 violentorum
3129 4217 3267 4269 sunt
3311 4229 3597 4286 sequaces
3643 4213 3952 4270 heretico-

2291 4321 2448 4374 rum,
2475 4304 2579 4377 qui
2607 4303 2754 4358 dum
2781 4303 2965 4360 errori
2993 4318 3202 4359 eorum
3241 4303 3639 4374 consentiunt,
3672 4303 3852 4376 quasi
3881 4319 3956 4360 ex

2291 4409 2500 4450 eorum
2528 4392 2950 4466 predicatione
3003 4381 3377 4464 generentur.
3429 4392 3542 4449 Sed
3573 4391 3952 4465 multiplicati

2288 4482 2350 4538 in
2399 4481 2597 4552 gladio
2647 4486 2840 4551 erunt,
2894 4481 3038 4554 quia
3091 4480 3371 4554 quamvis
3419 4480 3604 4537 modo
3643 4481 3952 4538 immensa

2287 4571 2664 4629 multitudine
2707 4571 2769 4626 in
2806 4571 3038 4644 perdita
3063 4571 3332 4628 libertate
3360 4577 3765 4641 succrescunt,
3797 4587 3948 4628 ven-

2286 4662 2399 4718 turi
2447 4665 2648 4718 tamen
2691 4660 2912 4732 judicis
2955 4661 3245 4717 sententia
3275 4659 3584 4717 feriuntur.
3623 4661 3786 4717 Unde
3839 4677 3952 4734 per

2283 4753 2548 4822 Moysem
2575 4751 2862 4806 Dominus
2918 4749 3059 4805 dicit
3091 4767 3102 4804 :
3153 4771 3181 4798 ‹‹
3207 4749 3450 4806 Gladius
3481 4765 3652 4805 meus
3682 4749 3952 4806 mandu-

2283 4839 2441 4895 cabit
2469 4855 2679 4896 carnes
2725 4839 2920 4910 (Deut.
2953 4853 3138 4909 xxxn,
3170 4841 3284 4906 42).
3319 4861 3348 4888 ››
3403 4841 3654 4910 Nepotes
3714 4838 3948 4912 quippe

2279 4926 2694 4982 hereticorum
2724 4925 2882 4997 Sunt,
2909 4925 3014 5000 qui
3039 4925 3112 4981 de
3142 4925 3469 4982 errantium
3495 4925 3760 4982 ﬁliorum
3791 4941 3950 4998 pre-

2276 5014 2571 5071 dicatione
2601 5019 2948 5088 nascuntur,
2989 5030 3145 5088 quos
3197 5030 3588 5088 nequaquam
3637 5014 3816 5088 panis
3853 5031 3952 5070 sa-

2281 5104 2403 5173 tiat,
2435 5104 2578 5176 quia
2603 5104 2751 5160 dum
2780 5104 2842 5160 in
2873 5103 3026 5160 sacri
3053 5103 3222 5159 verbi
3243 5103 3471 5176 pabulo
3501 5103 3638 5176 plus
3657 5109 3946 5176 querunt

2275 5193 2489 5250 sentire
2519 5209 2706 5266 quam
2736 5193 2999 5264 capiunt,
3039 5207 3276 5264 semper
3303 5191 3566 5249 veritatis
3595 5191 3946 5261 cognitione

2267 5283 2562 5354 jejunant.
2601 5283 2877 5354 Sequitur
2906 5299 2919 5335 :
3671 5339 3676 5346 ,

2345 5374 2512 5427 Vens.
2541 5372 2626 5425 15.
2657 5369 2770 5436 Qui
2797 5369 3016 5439 reliqui
3031 5370 3264 5438 fuerint
3286 5385 3361 5425 ex
3381 5385 3465 5440 eo,
3481 5371 3856 5440 sepelientur
3879 5372 3942 5426 in

2271 5461 2540 5516 interitu.
2557 5490 2624 5498 —
2655 5461 2736 5512 Ex
2757 5473 2827 5512 eo
2843 5457 3116 5513 videlicet
3133 5457 3547 5514 hereticorum
3575 5458 3808 5530 populo
3838 5459 3946 5515 de-

2271 5549 2460 5606 relicti
2485 5547 2842 5620 sepelientur
2867 5545 2930 5601 in
2961 5546 3220 5617 interitu,
3265 5548 3410 5620 quia
3443 5547 3593 5602 dum
3623 5547 3704 5603 ad
3731 5547 3942 5605 lucem

2270 5637 2532 5695 veritatis
2559 5651 2685 5693 non
2726 5635 2995 5707 redeunt,
3038 5635 3304 5708 profecto
3333 5635 3395 5691 in
3429 5651 3612 5708 poena
3638 5640 3944 5714 perpetua.
