4128 6158
113 175 194 228 δτι
880 162 1194 221 EPITOME
1233 161 1606 220 MORALIUM
1647 164 1701 220 s.
1743 167 1963 224 sane.
2007 167 2085 226 IN
2124 174 2271 230 JOB.
2317 209 2385 218 —
2425 179 2553 240 LIB.
2596 187 2767 245 xvm

110 288 468 362 intelligentia
514 291 753 343 terrena
810 285 1246 357 deprimuntur
1327 285 1600 392 Sequitur
1634 303 1646 340 :
1687 289 1760 343 Et
1802 312 1852 362 Α
1886 307 2035 348 rum
2062 293 2126 351 in
2149 301 2433 392 manibus
2459 308 2580 363 suis
2609 311 2728 381 (Ps.
2754 332 2914 386 Lxxv,
2945 319 2997 392 5)

110 386 273 441 viduae
298 384 425 451 ejus
456 395 576 434 non
605 377 970 448 plorabant.
991 409 1060 416 -—
1092 377 1253 440 Quas
1286 375 1654 475 viduas'ejus
1675 394 1763 475 ac-

106 474 352 547 cipimus,
387 469 501 525 nisi
535 467 847 538 subjectas
878 467 1010 537 ejus
1045 465 1257 538 plebes
1290 470 1496 520 morte
1516 465 1663 521 illius
1683 467 1763 522 fe-

101 563 262 618 liciter
316 557 628 613 destitutas
660 556 688 611 ?
737 555 892 621 Quia
943 569 1107 626 sape
1158 558 1222 608 ut
1275 551 1577 623 diximus,
1624 555 1764 610 dum

99 648 438 724 praedicator
483 643 703 700 erroris
759 643 838 698 ad
889 647 1112 698 aeterna
1161 639 1480 714 supplicia
1529 644 1760 715 rapitur,

100 741 316 810 sujectte
341 735 552 808 plebes
591 733 753 788 illius
795 733 875 787 ad
920 731 1275 802 cognitionis
1317 747 1486 786 verae
1525 733 1764 802 gratiam

98 831 474 886 revertuntur.
499 823 594 879 His
623 822 791 877 enim
823 821 1101 894 plebibus
1130 836 1478 894 perversus
1510 823 1766 894 predica-

98 927 177 976 tor
201 916 370 991 quasi
400 913 654 969 maritus
685 912 945 983 praefuit,
979 911 1122 983 quia
1167 909 1336 965 male
1373 911 1463 966 eis
1496 914 1769 984 conjunc-

98 1015 181 1064 tus
207 1006 524 1062 inhaeserat
557 1004 876 1072 corruptor
906 1000 1138 1055 mentis.
1183 1004 1600 1073 Nequaquam
1631 1018 1769 1072 ergo

97 1097 274 1152 viduae
305 1093 402 1148 vel
433 1090 728 1146 destitutae
760 1089 1019 1162 plorant,
1043 1089 1181 1159 quia
1206 1092 1416 1144 morte
1440 1092 1607 1163 pravi
1632 1092 1770 1147 doc-

95 1186 224 1242 toris
245 1183 406 1238 viam
437 1179 697 1235 veritatis
719 1177 1048 1244 inveniunt,
1083 1194 1152 1233 ex
1186 1178 1323 1247 ejus
1352 1178 1598 1235 interitu
1629 1180 1774 1236 afﬂi-

95 1276 139 1347 gi
160 1289 334 1348 posse
365 1269 751 1326 videbantur.
786 1266 883 1322 Vel
916 1270 1070 1367 certe
1110 1282 1234 1367 non
1268 1264 1520 1367 plorant
1551 1269 1769 1367 viduae,

93 1367 222 1439 quia
238 1365 293 1418 in
319 1377 432 1416 suo
457 1374 655 1415 errore
688 1360 1068 1412 remanentes
1091 1355 1240 1410 dum
1273 1361 1566 1412 sanctum
1589 1357 1772 1412 fuisse

93 1455 377 1511 aestimant
430 1448 889 1523 praedicatorem
945 1461 1144 1512 suum,
1209 1460 1316 1516 spe
1355 1445 1517 1501 falsa
1561 1463 1640 1500 ne
1682 1446 1773 1501 lu-

92 1547 276 1614 geant,
309 1539 723 1596 consolantur.
759 1534 1066 1607 Sequitur:

151 1637 318 1689 Vnus.
347 1636 437 1698 l6,
476 1635 559 1684 17.
595 1630 665 1685 Si
702 1625 1136 1696 comparaverit
1165 1625 1317 1679 sicut
1341 1630 1529 1679 terra
1561 1638 1776 1694 argen-
1816 1657 1855 1710 Β
1959 1631 2124 1687 Vens.
2160 1637 2248 1690 20.
2290 1639 2724 1708 Apprehendet
2755 1665 2887 1707 eum

93 1733 235 1791 tum,
261 1728 314 1778 et
345 1721 501 1775 sicut
533 1719 727 1773 lutum
760 1713 1138 1786 prwparavit
1178 1712 1574 1808 vestimenta.
1609 1713 1775 1808 Prse-

89 1812 324 1883 parabit
369 1807 638 1879 quidem,
695 1805 796 1860 sed
829 1807 1035 1874 justus
1067 1798 1540 1899 vestieturillis,
1577 1807 1635 1899 et
1682 1816 1778 1899 ar:

92 1908 332 1973 gcntum
349 1900 642 1953 innocens
663 1895 1310 1988 dividet—Argentum
1331 1886 1600 1988 intelligi
1625 1889 1775 1988 sacri

90 1990 303 2064 eloquii
327 1987 577 2042 claritas
599 1983 766 2050 solet,
801 1983 953 2038 sicut
980 1981 1131 2075 alias
1163 1979 1412 2075 dicitur:
1451 1999 1481 2025 ‹‹
1523 1978 1776 2075 Eloquia

93 2077 324 2136 Domini
368 2074 617 2146 eloquia
657 2075 841 2136 casta,
889 2073 1212 2140 argentum
1257 2066 1394 2163 igne
1440 2065 1772 2163 probatum

90 2168 276 2238 fPsal.
308 2181 388 2235 χι,
423 2170 499 2230 7).
524 2186 551 2211 »
579 2163 807 2216 Horum
831 2160 1054 2215 scilicet
1083 2158 1422 2227 argentum,
1457 2153 1634 2252 idest
1658 2156 1775 2252 hae-

89 2229 412 2312 reticorum
465 2229 799 2322 eloquium,
847 2252 1016 2304 terrae
1047 2249 1137 2302 est
1176 2245 1599 2314 comparatum
1629 2245 1774 2342 quia

87 2347 161 2402 de
194 2344 505 2415 Scriptura
546 2355 720 2396 sacra
760 2343 824 2394 ut
867 2335 1100 2430 aliquid
1131 2333 1346 2430 sciant,
1378 2347 1451 2430 ei:
1501 2333 1772 2430 appetitu

90 2444 339 2492 terrenae
383 2430 587 2487 laudis
628 2427 958 2484 elaborant.
993 2423 1103 2490 Qui
1155 2423 1341 2520 etiam
1384 2421 1538 2520 sicut

91 2524 456 2580 vestimenta
480 2521 848 2592 praeparant,
877 2515 1020 2588 quia
1043 2514 1210 2569 ﬂuxe
1241 2515 1299 2566 et
1327 2509 1776 2581 inquinabiliter

91 2631 164 2670 ea
197 2611 424 2685 quibus
453 2624 515 2663 se
561 2607 712 2663 tueri
759 2605 982 2674 volunt,
1017 2602 1304 2700 Sripturae
1347 2614 1539 2700 sacrae.
1571 2605 1773 2700 conte-

91 2707 248 2759 xunt
303 2692 670 2756 testimonia.
712 2694 1094 2764 Prwparabit
1147 2691 1408 2787 quidem,
1438 2690 1552 2787 sed.
1571 2691 1775 2787 justus

94 2793 387 2849 vestietur
407 2788 556 2843 illis.
577 2788 776 2841 Justus
806 2798 948 2852 ergo
975 2781 1264 2838 vestietur
1293 2778 1378 2833 eis
1409 2778 1775 2876 vestimentis

91 2899 233 2955 quae
261 2875 629 2951 praeparavit
653 2874 908 2944 injustas
933 2890 944 2939 ;
977 2871 1120 2943 quia
1155 2869 1248 2924 vir
1278 2872 1519 2923 sanctus
1548 2866 1774 2922 eisdem

93 2967 411 3026 sententiis
442 2965 520 3021 ad
551 2964 860 3019 veritatem
891 2961 1091 3028 utitur,
1119 2957 1347 3031 quibus
1368 2972 1430 3054 se
1454 2971 1774 3054 ‘perversus

94 3057 362 3130 quisque
393 3053 639 3108 doctum
670 3049 980 3107 ostendere
1011 3052 1226 3104 contra
1256 3049 1565 3101 veritatem
1592 3059 1774 3099 cona-

97 3154 217 3203 tur.
249 3147 336 3200 Et
363 3149 680 3213 argentum
712 3142 993 3196 innocens
1036 3137 1293 3231 dividet.
1314 3139 1637 3231 Argentum
1685 3138 1780 3231 est

95 3237 494 3290 innocentem
521 3228 804 3296 dividere,
832 3226 1072 3299 eloquia
1123 3223 1363 3281 Domini
1403 3221 1779 3321 minuteIdis-

99 3327 388 3392 cretaque
457 3331 777 3389 exponere,
847 3321 904 3371 et
976 3310 1546 3409 unicuiquenquod.
1599 3310 1779 3409 digne

107 3413 414 3480 congruat
443 3409 744 3478 coeptare.
780 3408 926 3460 Nam
957 3403 1273 3498 eloquium
1309 3401 1780 3498 P‘ornini,.quod

100 3501 203 3555 hic
239 3500 560 3566 argentum
589 3493 680 3549 vel
709 3493 1066 3549 vestimenta
1119 3490 1238 3545 hoc
1269 3488 1413 3544 alibi
1445 3488 1638 3560 spolia
1669 3505 1778 3545 no-

100 3590 400 3644 minatur.
436 3584 606 3649 Quod
634 3583 816 3639 etiam
841 3581 1155 3638 Psalmista
1197 3582 1448 3635 testatur
1484 3593 1589 3650 per
1620 3595 1780 3634 com-

101 3676 491 3754 parationem
532 3673 770 3728 dicens:
806 3693 832 3720 ‹‹
870 3670 1139 3735 Laetabor
1168 3683 1283 3738 ego
1324 3682 1505 3738 super
1543 3667 1780 3740 eloquia

105 3777 230 3836 tua,
277 3765 438 3820 sicut
482 3763 584 3836 qui
638 3761 866 3817 invenit
909 3760 1104 3832 spolia
1137 3757 1328 3814 multa
1365 3757 1553 3827 (Psal.
1587 3773 1775 3825 cxvm,

109 3862 260 3922 162).
294 3875 326 3905 ›
352 3852 654 3925 Sequitur:

179 3947 354 3999 Vsus.
389 3939 853 3996 18.zEdiﬁcavit
873 3940 1026 3994 sicut
1053 3939 1214 3993 tinea
1240 3935 1479 3990 domum
1510 3948 1698 4000 suam,
1723 3938 1779 3989 et

105 4036 266 4090 sicut
311 4036 506 4087 custos
549 4030 693 4099 fecit
737 4027 1177 4083 umbraculum.
1214 4057 1282 4065 —
1312 4022 1492 4079 Tinea
1536 4021 1647 4076 sibi
1677 4021 1780 4077 do-

107 4139 289 4180 mum
322 4118 767 4191 corrumpendo
789 4117 1062 4189 aediﬁcat,
1085 4133 1196 4172 nec
1218 4112 1450 4171 meliori
1471 4127 1780 4212 compara-

109 4215 276 4270 tione
335 4209 651 4266 baereticus
700 4207 1100 4264 demonstrari
1149 4205 1362 4280 potuit,
1423 4201 1527 4275 qui
1575 4201 1776 4257 locum

3447 211 3550 263 322

3005 364 3016 376 .
3051 341 3080 374 ›
3104 326 3212 380 Res
3245 343 3386 384 suas
3408 347 3547 389 cum

1887 390 2234 443 moreretur
2286 408 2486 450 secum
2538 399 2778 471 tolleret,
2811 406 2858 460 si
2912 390 2989 463 ad
3035 415 3289 483 potentis
3338 434 3545 478 vocem

1885 484 2040 525 cum
2062 473 2282 534 viveret
2302 482 2411 538 sibi
2462 487 2702 546 tulisset.
2737 495 2882 551 Nam
2915 473 3148 558 terrena
3176 507 3380 563 omnia
3408 525 3543 581 quae

1889 565 2194 654 servando
2269 573 2618 646 amittimus,
2678 579 2990 651 largiendo
3039 606 3366 652 servamus.
3425 565 3542 654 Sed

1888 647 2042 717 quia
2084 652 2266 713 homo
2320 676 2390 717 ex
2448 667 2650 724 anima
2693 678 2924 730 constat
2971 682 3028 734 et
3080 697 3345 754 corpore,
3404 703 3540 744 cum

1889 737 2075 794 unius
2116 745 2197 800 rei
2229 764 2474 807 somnus
2506 756 2740 830 dicitur,
2770 763 3009 821 alterius
3040 768 3237 839 vigilia
3266 775 3542 836 demons-

1891 827 2099 901 tratur,
2153 837 2295 907 quia
2338 857 2475 898 cum
2524 861 2741 919 corpus
2793 852 3182 916 obdormiscit
3232 863 3291 918 in
3332 874 3540 937 morte,

1889 919 2032 974 tunc
2063 924 2266 982 anima
2322 929 2519 999 vigilat
2555 935 2616 990 in
2645 953 2786 994 vera
2829 945 3184 1012 cognitione.
3217 954 3281 1008 Et
3327 919 3546 1014 dormit

1886 1022 2032 1076 ergo
2060 1011 2224 1069 dives
2255 1022 2310 1072 et
2334 1021 2541 1077 oculos
2574 1028 2782 1096 aperit,
2823 1011 2966 1103 quia
2987 1052 3126 1093 cum
3158 1056 3335 1099 carne
3367 1048 3544 1103 mori-

1885 1099 2000 1161 tur,
2033 1100 2163 1167 ejus
2214 1106 2417 1163 anima
2465 1111 2667 1168 videre
2727 1119 2959 1187 cogitur
3003 1128 3166 1196 quod
3215 1133 3544 1202 praevidere

1885 1191 2265 1261 contempsit.
2297 1197 2513 1264 Aperit
2563 1205 2765 1260 oculos
2795 1223 2930 1264 suos
2961 1191 3042 1267 ρι’
3061 1191 3236 1273 nihil
3261 1221 3542 1296 inveniet,

1883 1275 2174 1370 quiaillic
2206 1283 2394 1370 aperit
2425 1287 2502 1342 ad
2548 1293 2841 1363 supplicia
2864 1313 3020 1369 quos
3065 1303 3158 1359 hic
3207 1309 3283 1364 ad

1885 1363 2151 1472 cordiam
2183 1369 2424 1426 clausus
2454 1375 2738 1436 habebat.
2765 1363 3203 1462 Aperitoculos,
3227 1363 3283 1453 et
3311 1363 3544 1472 pietatis

1886 1450 2144 1508 fructum
2173 1472 2294 1512 non
2327 1461 2776 1540 inveniet,quos
2807 1473 3043 1532 clausos
3074 1481 3165 1537 his
3198 1450 3384 1545 tendit
3406 1508 3543 1548 cum

2919 1660 3095 1725 quasi
3120 1676 3278 1733 aqua
3321 1668 3547 1757 inopia,

1885 1725 2055 1775 nocte
2083 1725 2375 1792 opprimet
2405 1745 2540 1786 eum.
2577 1739 2906 1806 tempestas.
2941 1776 3008 1784 —
3038 1725 3360 1809 Videamus
3388 1725 3549 1814 nunc

1885 1805 2152 1879 inopiam
2196 1814 2392 1871 divitis
2429 1822 2715 1896 ardentis,
2753 1830 2924 1900 cujus
2959 1837 3189 1894 tantum
3218 1840 3327 1899 fuit
3355 1846 3549 1904 abun-

1887 1893 2091 1954 dantia
2121 1903 2434 1973 epulantis.
2469 1911 2563 1966 Ait
2589 1893 2787 1972 enim:
2823 1893 2849 1968 <1
2887 1925 3054 1979 Pater
3082 1893 3550 1997 Abraham-Tini-

1886 1999 2078 2042 serere
2106 1991 2241 2059 mei,
2267 1999 2323 2049 et
2343 1996 2505 2052 mitte
2526 2002 2818 2062 Lazarum
2845 2013 2909 2064 ut
2938 2011 3193 2085 intingat
3213 2026 3548 2085 extremum

1885 2069 2052 2140 digiti
2083 2077 2174 2132 sui
2189 2079 2250 2134 in
2268 2096 2446 2152 aqua,
2471 2091 2528 2141 et
2544 2089 2846 2159 refrigeret
2868 2069 3137 2168 linguam
3161 2121 3380 2171 meam,
3407 2113 3551 2184 quia

1884 2164 2118 2220 crucior
2145 2167 2204 2222 in
2227 2169 2340 2226 hac
2362 2173 2612 2234 ﬂamma
2645 2181 2810 2251 (Luc.
2842 2164 3094 2261 x1x,w24).
3130 2215 3157 2242 ››
3188 2198 3316 2253 Non
3348 2164 3548 2258 aulam

1882 2248 2179 2312 immerito
2211 2274 2384 2332 aquae
2417 2268 2556 2321 tunc
2588 2268 2687 2326 illa
2717 2271 2921 2345 inopia
2967 2290 3372 2355 comparatur,
3405 2292 3552 2362 quia

1884 2340 1947 2394 in
1977 2341 2210 2401 inferno
2253 2352 2493 2424 cruciat,
2529 2359 2631 2428 qui
2665 2368 2972 2434 susceptos
3011 2367 3070 2422 in
3101 2340 3556 2442 profundisjab-

1885 2430 2136 2488 sorbens
2169 2437 2314 2493 solet
2356 2439 2521 2497 lacus
2562 2430 2864 2518 designari
2917 2430 3182 2515 nomine.
3229 2464 3395 2520 Unde
3443 2483 3553 2538 per

1882 2520 2238 2590 prophetam
2271 2527 2520 2586 humani
2552 2537 2784 2604 generis
2823 2556 2968 2598 voce
3000 2544 3249 2604 dicitur:
3294 2573 3320 2600 ‹‹

1886 2607 2057 2702 estin
2085 2609 2284 2669 lacum
2308 2615 2423 2672 vita
2456 2635 2591 2677 mea
2623 2623 2870 2694 (Thrcn.
2899 2645 2978 2699 ιιι,
3004 2633 3113 2703 53).
3151 2658 3178 2683 ››
3212 2607 3557 2712 Tempesta-

1889 2693 1960 2748 tis
1991 2713 2128 2754 Vero
2160 2704 2423 2776 nomine,
2459 2709 2669 2778 judicii
2711 2717 3011 2775 turbinem
3052 2693 3560 2803 designatfquod

1888 2784 2068 2840 etiam
2099 2789 2410 2850 Psalmista
2430 2800 2676 2856 testatur
2703 2803 2907 2861 dicens
2932 2825 2944 2862 :
2978 2811 3168 2867 «Deus
3186 2784 3561 2881 “nosterlma-

1891 2871 2102 2931 nifeste
2127 2880 2503 2950 veniet,Deus
2533 2896 2733 2946 noster
2756 2898 2812 2948 et
2831 2910 2951 2951 non
2986 2897 3178 2956 silebit
3204 2905 3562 2982 (Psal.xux,

1895 2962 1940 2982 Μ
2076 2966 2134 2982 π,
2272 2969 2281 2979 .
2359 2971 2369 2980 .
2753 2980 2760 2982 .

1816 3004 1856 3058 C
1893 2962 1964 3033 3).
2006 2984 2032 3011 ››
2075 2966 2138 3020 Et
2182 2969 2324 3040 quia
2354 2971 2486 3044 ipsa
2533 2980 2764 3034 venturi
2808 2983 2997 3038 exitus
3039 2962 3390 3055 ignorantia
3417 2962 3565 3057 ES;

1893 3058 2154 3121 vocatur,
2203 3065 2376 3115 nocte
2429 3079 2569 3120 eum
2601 3069 2900 3140 opprimet
2930 3077 3274 3149 tempestas,
3327 3084 3386 3137 id
3444 3095 3561 3157 est,

1891 3142 2065 3240 turbo
2091 3144 2273 3202 divini
2289 3149 2498 3218 judicii
2521 3171 2660 3211 eum
2681 3158 2828 3215 dum
2849 3142 3104 3232 ignorat,
3125 3142 3559 3240 apprehendit:

1889 3229 2166 3303 Sequitur
2190 3253 2202 3289 :

1962 3322 2126 3377 Vens.
2162 3328 2248 3379 2t.
2286 3328 2467 3385 Tollit
2495 3347 2626 3388 eum
2660 3343 2869 3392 ventus
2913 3355 3113 3396 urens.
3147 3375 3216 3384 -—
3248 3347 3390 3412 Quis
3435 3353 3555 3412 hoc

1886 3405 2022 3463 loco
2048 3417 2257 3468 ventus
2286 3431 2485 3483 urens,
2518 3419 2632 3476 nisi
2674 3425 2976 3496 malignus
3005 3429 3249 3500 spiritus
3283 3444 3551 3512 vocatur,
3657 3425 3664 3430 ’

1889 3498 1994 3570 qui
2023 3499 2460 3563 desideriorum
2488 3508 2772 3568 ﬂammas
2811 3515 2868 3571 in
2902 3498 3082 3574 corde
3111 3523 3345 3592 excitat,
3381 3533 3444 3584 ut
3473 3533 3552 3588 ad

1889 3587 2276 3646 aeternitatem
2308 3597 2739 3669 suppliciorum
2767 3606 2962 3661 trahat
2983 3606 3010 3660 ?
3031 3607 3387 3668 Perversum
3408 3629 3553 3686 ergo

1888 3676 2217 3746 quemlibet
2265 3690 2474 3741 ventus
2517 3703 2698 3745 urens
2727 3692 2944 3749 dicitur
2981 3695 3206 3768 tollere,
3234 3701 3377 3774 quia
3406 3701 3552 3760 insi-

1889 3762 2082 3819 diator
2123 3769 2427 3840 malignus
2476 3776 2739 3848 spiritus,
2775 3782 2880 3853 qui
2919 3783 3218 3843 viventem
3247 3806 3551 3864 quemque

1889 3855 2159 3912 accendit
2203 3859 2282 3915 ad
2309 3861 2470 3931 vitia,
2501 3866 2856 3925 morientem
2887 3872 3065 3929 trahit
3108 3877 3188 3932 ad
3234 3855 3548 3939 tormenta.

1890 3942 2033 3997 Hinc
2060 3947 2344 4006 Jeremias
2369 3968 2380 4005 :
2402 3953 2629 4010 «Ollam
2663 3973 3015 4016 succensam
3035 3964 3229 4032 video,
3256 3972 3312 4023 et
3337 3968 3553 4027 faciem

1889 4032 2020 4102 ejus
2047 4049 2082 4089 a
2111 4035 2260 4093 facie
2313 4041 2625 4113 Aquilonis
2655 4045 2802 4114 (Jer.
2834 4065 2872 4112 ι,
2907 4049 3011 4119 13).
3050 4073 3078 4100 ››
3126 4056 3438 4127 Sequitur:
3471 4061 3554 4114 Et

1892 4123 2051 4177 velut
2091 4127 2267 4182 turbo
2299 4133 2462 4198 rapit
2488 4146 2620 4187 eum
2651 4134 2723 4190 de
2755 4138 2882 4193 loco
2925 4153 3054 4194 suo.
3087 4123 3275 4198 Locus
3315 4161 3551 4217 perver-

1890 4226 2095 4268 sorum
2144 4219 2232 4272 est
2277 4219 2624 4292 temporalis
2653 4223 2789 4281 vitae
2833 4225 3092 4300 dilectio,
3124 4236 3180 4287 et
3218 4234 3415 4289 carnis
3457 4252 3552 4291 vo~

111 4320 238 4358 suae
266 4299 540 4374 perﬁdia:
568 4313 693 4354 non
734 4297 847 4353 nisi
889 4297 949 4352 in
978 4296 1281 4352 mentibus
1310 4309 1463 4366 quas
1497 4307 1776 4363 corrupe-
1816 4352 1860 4405 Β
1889 4297 2108 4372 luptas,
2133 4305 2312 4370 Quasi
2365 4309 2598 4366 turbine
2637 4311 2818 4382 igitur
2857 4320 3278 4394 unusquisque
3315 4323 3389 4379 de
3418 4323 3551 4382 loco

241 4392 262 4405 ο
338 4391 371 4405 ι.
512 4389 523 4398 ο
581 4388 666 4405 .ι⁸Α
729 4404 734 4405 ,
815 4402 1048 4405 _cs__-__l
1097 4401 1233 4405 ___A_
1276 4384 1343 4405 -1.
1394 4386 1606 4405 “1-....-
1641 4381 1774 4405 εκ..-
2157 4394 2189 4405 ο.
2772 4404 2778 4405 ,

109 4394 207 4452 rit.
233 4391 399 4458 fecit,
424 4389 527 4461 qui
568 4388 746 4444 etiam
773 4402 1061 4460 sequaces
1092 4401 1236 4442 suos
1268 4384 1350 4480 ab
1390 4381 1777 4480 aeternOAigne

113 4497 254 4536 esse
289 4479 513 4534 liberos
534 4476 861 4550 pollicetur.
885 4473 1149 4569 Spondet
1177 4473 1404 4569 quippe
1435 4469 1780 4569 eis-refrige-

113 4571 277 4625 rium
309 4567 528 4641 quietis
577 4571 827 4632 aeternae,
867 4563 972 4619 sed
1022 4563 1205 4619 verba
1262 4563 1392 4632 ejus
1426 4558 1782 4615 soliditatem

115 4674 242 4715 non
297 4655 548 4723 habent,
603 4655 746 4727 quia
802 4651 1171 4726 plenitudine
1237 4649 1496 4706 veritatis
1560 4652 1780 4704 carent.

117 4747 296 4802 Unde
342 4750 404 4802 et
432 4743 742 4800 subditur:
775 4745 857 4798 Et
890 4744 1039 4798 sicut
1077 4748 1270 4798 custos
1293 4741 1438 4810 fecit
1470 4737 1786 4794 umbracu-

118 4839 270 4891 lum.
307 4832 739 4891 Umbraculum
783 4847 1048 4904 namque
1081 4829 1341 4887 custodis
1368 4828 1534 4884 nullo
1566 4825 1782 4884 funda-

116 4930 329 4980 mento
384 4922 693 4989 solidatur,
753 4920 859 4976 sed
916 4925 1182 4993 tempore
1237 4935 1381 4975 mox
1440 4919 1785 4973 transeunte

117 5014 474 5082 destruitur,
507 5016 562 5068 et
612 5011 912 5084 promissa
943 5009 1019 5066 ab
1051 5007 1338 5065 haereticis
1379 5006 1615 5079 requies
1647 5023 1784 5062 cum

117 5107 399 5177 tempore
429 5101 770 5170 destruitur,
803 5116 940 5173 quae
978 5104 1113 5172 post
1139 5099 1295 5154 hanc
1318 5098 1502 5153 vitam
1531 5096 1784 5152 nullate-

115 5210 234 5249 nus
265 5193 589 5249 invenitur.
621 5191 894 5264 Sequitur
917 5208 930 5245 :

187 5285 368 5338 Vens.
395 5281 478 5338 19.
496 5282 670 5337 Dives
695 5295 827 5337 cum
847 5279 1174 5345 dormierit,
1202 5278 1319 5333 nisi
1337 5292 1534 5333 secum
1559 5277 1783 5345 aufert,

114 5375 318 5443 aperit
354 5373 560 5427 oculos
587 5386 722 5427 suos
767 5376 822 5426 et
871 5370 1025 5425 nihil
1054 5369 1328 5424 inveniet.
1360 5399 1428 5406 -—
1470 5365 1574 5422 Cui
1618 5365 1788 5421 nimi-

116 5479 260 5518 rum
293 5461 604 5517 sententiae
626 5459 941 5516 Psalmista
967 5456 1289 5513 concinens
1317 5456 1489 5512 dicit:
1525 5455 1787 5511 «Turba-

115 5553 154 5606 ti
187 5556 346 5606 sunt
380 5566 591 5605 omnes
632 5548 975 5620 insipientes
1003 5546 1202 5617 corde,
1233 5545 1603 5600 dormierunt
1629 5559 1784 5600 som-

114 5655 272 5696 num
308 5655 519 5706 suum,
551 5642 607 5694 et
633 5636 779 5693 nihil
805 5637 1153 5692 invenerunt
1175 5649 1386 5690 omnes
1414 5633 1523 5688 viri
1551 5632 1784 5688 divitia-

1894 4407 2003 4446 suo
2040 4394 2289 4465 rapitur,
2319 4413 2457 4453 cum
2506 4415 2541 4455 a
2586 4404 2814 4459 cunctis
2869 4405 2990 4462 suis
3035 4408 3550 4483 delectationibus,

1893 4485 2160 4539 extremo
2205 4486 2439 4542 territus
2479 4489 2573 4544 die
2626 4499 2958 4565 separatur.
2994 4499 3073 4554 De
3120 4515 3244 4572 quo
3287 4509 3553 4561 extremo

1893 4570 2006 4646 die
2021 4573 2578 4646 apteisubjungitur
2603 4596 2614 4633 :

1964 4645 2130 4699 Vens.
2155 4645 2243 4701 22.
2273 4645 2352 4703 Et
2381 4645 2572 4705 mittet
2593 4666 2775 4720 super
2804 4670 2956 4724 eum,
2989 4663 3043 4713 et
3074 4675 3193 4716 non
3220 4668 3450 4731 parcet.
3485 4697 3553 4704 —

1895 4735 2267 4789 Peccatorem
2287 4737 2565 4808 quotiens
2588 4741 2741 4795 Deus
2757 4741 3023 4800 feriendo
3041 4749 3300 4822 corrigit,
3333 4751 3411 4806 ad
3437 4752 3554 4810 hoc

1893 4820 2198 4892 ﬂagellum
2230 4825 2422 4887 mittit,
2458 4831 2519 4882 ut
2539 4834 2764 4900 parcat.
2793 4835 2941 4888 Cum
2962 4851 3100 4892 vero
3125 4838 3254 4908 ejus
3283 4820 3470 4898 vitam
3492 4843 3554 4899 in

1895 4916 2142 4984 peccato
2158 4920 2608 4985 permanentem
2629 4919 2895 4978 feriendo
2912 4925 3232 4998 concludit,
3250 4929 3555 5000 ﬂagellum
3581 4965 3584 4968 λ

1895 5001 2128 5071 emittit,
2153 5002 2262 5058 sed
2285 5019 2678 5078 nequaquam
2698 5011 2910 5081 parcit.
2931 5015 3041 5079 Qui
3069 5016 3230 5074 enim
3247 5019 3556 5091 ﬂagellum
3584 5051 3588 5056 ν

1896 5090 2092 5148 emisit
2117 5095 2183 5147 ut
2212 5098 2500 5166 parceret,
2533 5096 2612 5152 ad
2659 5099 2774 5156 hoc
2813 5102 3038 5160 emissit
3082 5090 3451 5183 quandoque
3481 5129 3589 5170 ne!

1893 5186 2121 5255 parcat.
2150 5185 2213 5237 In
2246 5183 2357 5239 hac
2382 5200 2648 5260 namque
2676 5189 2816 5259 vita,
2852 5193 3139 5252 Dominus
3172 5201 3336 5256 tanto
3362 5201 3555 5270 magis

1896 5271 2093 5328 studet
2103 5274 2166 5326 ut
2180 5276 2389 5343 parcat
2399 5280 2626 5346 quanto
2643 5279 2837 5349 magis
2851 5287 3253 5355 exspectando
3271 5287 3554 5355 ﬂagellat.
3581 5323 3585 5328 -

1899 5361 2201 5434 Sequitur:
2234 5363 2320 5418 De
2360 5380 2544 5421 manu
2572 5370 2700 5438 ejus
2737 5371 2980 5441 fugiens
3004 5375 3219 5444 fugiet.
3249 5406 3316 5414 —
3352 5375 3449 5431 llle
3479 5381 3558 5433 et-

1893 5452 2054 5508 enim
2082 5450 2232 5521 fugit
2257 5453 2332 5510 de
2370 5470 2556 5512 manu
2584 5456 2860 5526 ferientis,
2888 5461 2991 5532 qui
3018 5464 3373 5532 pravitatem
3414 5483 3560 5523 suse-

1896 5543 2136 5612 corrigit
2176 5545 2444 5602 actionis.
2491 5549 2587 5602 Vel
2629 5555 2782 5607 certe
2821 5551 2963 5621 quia
3007 5551 3065 5604 in
3101 5569 3272 5610 sacro
3318 5555 3556 5630 eloquio

1898 5648 2121 5689 manus
2165 5636 2433 5707 operatio
2467 5637 2616 5694 solet
2657 5638 2920 5708 intelligi,
2949 5638 3024 5696 de
3062 5657 3252 5701 manu
3280 5647 3554 5718 percussi
