4112 6152
469 71 574 132 323
1499 62 1556 126 S,
1589 57 1848 124 ODONIS
1879 56 2180 122 ABBATIS
2207 52 2722 125 CLUNIACENSIS
2763 55 2832 116 ll.
3791 60 3906 126 324,

466 191 637 264 fugit,
668 189 771 264 qui
792 190 939 252 dum
960 185 1132 260 pravi
1157 185 1457 252 interitum
1487 183 1796 257 conspicit,
1828 182 1956 242 vias
1981 197 2120 255 pra,
2163 184 2200 237 A
2236 179 2617 240 aﬂlictionem
2636 179 2960 250 carnis,vel
2975 177 3155 238 etiam
3180 196 3288 253 per
3303 180 3662 253 martyrium
3689 181 3900 254 vultis,

466 280 662 338 vitatis
697 277 994 350 relinquit.
1035 275 1198 332 Unde
1228 275 1427 336 adhuc
1458 274 1764 333 subditur:
2234 269 2340 326 sed
2370 269 2569 328 locum
2586 285 2708 342 quo
2729 268 2997 328 debeatis
3027 269 3274 326 conﬂari
3295 269 3553 330 nescitis.
3576 271 3859 346 Sequitur
3884 289 3901 330 :

537 372 704 432 Vnus,
723 371 811 426 23.
832 367 1094 438 Stringit
1121 365 1257 434 (57),
1284 365 1538 436 stringet
1554 378 1735 432 super
1762 377 1894 423 eum
1910 377 2123 420 manus
2302 361 2535 416 Vens.2.
2553 359 2803 414 Ferrum
2830 360 2902 416 de
2929 364 3093 415 terra
3125 359 3470 418 tottitur.—
3499 358 3702 420 Solent
3719 361 3907 420 haere-

463 473 622 515 θυαε.
656 489 726 498 -
750 459 957 521 Manus
988 454 1213 530 quippe
1243 453 1530 522 stringere
1556 451 1799 510 estvitee
1831 467 1954 506 suae
1984 466 2124 523 ope-
2231 448 2325 510 tici
2355 448 2430 506 de
2468 447 2709 520 juslltltﬁ
2750 465 2872 508 suae
2917 452 3124 504 contra
3172 465 3284 505 nos
3332 448 3586 514 elatione
3630 449 3900 521 gloriari,

461 562 530 603 ra
557 544 907 610 rectitudine
933 529 1308 602 conﬁrmare.
1347 541 1507 602 Unde
1545 541 1724 598 etiam
1755 539 1972 596 Paulus
2001 541 2118 598 ait:
2230 542 2409 610 atque
2467 553 2654 610 opera
2703 553 2814 592 sua
2865 537 3278 594 ostentationis
3323 537 3630 601 inﬂatione
3657 539 3902 612 jactari,

463 659 492 685 «
510 635 811 695 Remissas
828 649 1066 702 manus,
1081 637 1138 690 et
1153 631 1442 698 dissoluta
1468 646 1665 701 genua
1688 628 1890 698 erigite
1912 629 2118 701 (Hebr.
2229 643 2461 700 nosque
2487 627 2727 700 iniquos
2749 631 2813 683 ut
2833 626 3116 698 diximus,
3145 631 3248 684 aut
3277 644 3425 696 esse,
3451 633 3554 688 aut
3582 627 3768 688 fuisse
3793 630 3904 688 cri-

463 741 560 798 xu,
595 723 702 794 12).
733 745 761 773 ››
809 725 962 782 Dum
999 720 1199 796 itaque
1231 719 1494 778 alienum
1537 718 1838 777 interitum
1886 717 2120 789 conspi-
2228 715 2550 776 minantur.
2586 717 2695 772 Pcr
2743 716 3150 776 humillimam
3180 733 3322 787 ergo
3351 717 3797 776 confessionem
3845 724 3906 776 et

461 813 628 870 ciunt
651 816 959 868 revocatur
985 809 1063 870 ad
1091 825 1213 878 cor,
1241 814 1305 863 ut
1323 807 1644 876 recogitent
1661 823 1860 873 suum,
1881 811 1938 862 et
1963 806 2120 863 unde
2235 821 2507 862 veracem
2537 803 2944 862 defensionem
2976 811 3185 862 contra
3203 822 3309 863 eos
3334 806 3418 867 vir
3439 810 3684 866 sanctus
3706 806 3908 884 loqui.

462 901 617 958 alius
668 899 747 958 ad
788 901 1085 962 tormenta
1127 897 1381 964 ducitur,
1406 912 1442 952 a
1481 901 1774 954 tormento
1805 895 1956 956 alius
1981 893 2119 949 inde
2229 898 2324 950 tur
2353 895 2597 952 dicens:
2624 896 2876 952 Ferrum
2905 896 2978 952 de
3007 902 3172 952 terra
3198 897 3456 956 tollitur.
3499 909 3580 954 Ac
3609 896 3657 957 si
3691 903 3906 970 aperte

460 991 765 1048 liberatur.
810 989 1066 1060 Stringit
1109 1003 1252 1058 ergo
1293 1001 1474 1056 super
1514 1001 1645 1041 eum
1687 1001 1902 1042 manus
1955 999 2117 1053 suas,
2227 983 2651 1042 dicatzFortes
2677 983 2854 1053 igitur
2873 984 2978 1056 qui
3007 985 3370 1044 acutissimis
3393 985 3742 1056 linguarum
3769 987 3905 1056 gla-

460 1079 606 1154 quia
631 1077 926 1158 conspicit
952 1077 1013 1136 in
1039 1075 1235 1134 aliena
1264 1091 1445 1148 pmna
1465 1075 1632 1148 quod
1655 1073 1882 1144 timeat,
1900 1072 2120 1132 etdum
2229 1072 2342 1127 diis
2374 1072 2433 1128 in
2463 1073 2580 1128 hac
2609 1072 2734 1128 acie
2755 1072 3144 1128 defendendae
3171 1073 3313 1134 ﬁdei
3339 1073 3564 1134 ferrum
3592 1075 3769 1144 ﬁunt,
3795 1075 3903 1138 ali-

461 1168 907 1242 delinquentem
967 1166 1050 1222 sic
1099 1181 1456 1240 percussum
1513 1162 1772 1236 respicit,
1831 1162 2122 1220 dissoluta
2227 1161 2477 1234 quando
2507 1162 2740 1219 terrain
2765 1161 2986 1218 inﬁmis
3012 1162 3904 1228 actionibusfuerunt.l’ecean-

459 1273 644 1330 opera
671 1271 782 1312 sua
803 1254 1044 1327 justitiae
1087 1253 1292 1324 vigore
1331 1251 1704 1320 constringit.
1749 1251 1890 1308 Hinc
1935 1250 2118 1324 scrip-
2228 1249 2269 1306 ti
2295 1251 2520 1324 quippe
2536 1250 2764 1306 homini
2790 1250 3016 1308 dictum
3039 1255 3156 1308 est:
3178 1255 3387 1310 «Terra
3407 1269 3496 1322 es,
3513 1257 3570 1312 et
3583 1251 3646 1310 in
3673 1257 3900 1316 terram

459 1350 588 1402 tum
614 1349 736 1404 est:
773 1367 801 1393 «
833 1343 1146 1402 Laetabitur
1167 1343 1363 1414 justus
1390 1357 1530 1400 cum
1559 1339 1768 1399 viderit
1795 1339 2118 1398 vindictam
2228 1340 2341 1396 ibis
2373 1341 2540 1411 (Gen.
2568 1357 2650 1410 in,
2679 1341 2792 1412 20).
2840 1362 2857 1392 ι
2903 1341 3009 1398 sed
3040 1345 3196 1400 terra
3224 1341 3448 1402 ferrum
3478 1341 3722 1412 tollitur,
3753 1360 3899 1404 cum

461 1435 646 1506 (Psat.
682 1449 814 1499 LVII,
853 1431 959 1499 ll),
993 1455 1020 1481 »
1051 1435 1108 1486 et
1135 1430 1382 1502 reliqua.
1420 1429 1726 1501 Sequitur:
1756 1429 1833 1483 Et
1855 1429 2118 1486 sibitabit
2229 1430 2394 1484 fortis
2441 1433 2856 1502 propugnator
2911 1430 3182 1490 Ecclesiae
3223 1447 3260 1490 a
3299 1436 3472 1501 terra,
3503 1447 3694 1504 quam
3725 1432 3898 1506 prius

458 1539 639 1594 super
665 1524 861 1588 illum,
889 1523 1125 1578 intuens
1158 1522 1351 1576 locum
1375 1523 1522 1590 ejus.
1556 1551 1626 1558 —
1656 1517 1810 1584 Quid
1836 1517 1898 1574 in
1922 1517 2114 1583 sibilo,
2150 1545 2189 1598 Β
2227 1519 2433 1588 tenuit,
2475 1519 2708 1576 actione
2763 1524 3096 1592 separatur.
3132 1523 3259 1581 Non
3305 1535 3450 1592 ergo
3501 1520 3682 1586 debet
3729 1522 3794 1580 in
3823 1538 3896 1578 eo

457 1612 572 1668 nisi
619 1610 866 1668 intentio
898 1608 1310 1668 admirationis
1343 1607 1738 1680 exprimitur?
1784 1607 1840 1664 Si
1887 1622 2026 1662 vero
2055 1607 2117 1662 in
2225 1607 2452 1679 despici
2489 1606 2787 1680 quidquid
2826 1606 2956 1674 fuit,
2987 1608 3093 1681 qui
3127 1608 3258 1682 jam
3287 1608 3516 1682 accepit
3562 1625 3693 1668 esse
3723 1609 3896 1683 quod

457 1699 629 1756 sibilo
655 1697 905 1758 fortasse
935 1697 1052 1755 alia
1080 1694 1436 1766 signiﬁcatio
1475 1695 1780 1768 quaeritur,
1826 1695 2117 1750 moriente
2226 1712 2350 1752 non
2379 1695 2505 1754 fuit.
2538 1697 2845 1770 Sequitur:
2887 1698 2966 1752 Et
3001 1697 3155 1766 lapis
3198 1699 3429 1757 solutus
3472 1699 3676 1760 calore
3708 1701 3773 1759 in
3816 1715 3892 1761 an

456 1793 768 1863 peccatore
811 1788 873 1843 hi
913 1785 1019 1860 qui
1059 1785 1364 1844 interitum
1406 1785 1535 1856 ejus
1585 1784 1901 1856 aspiciunt,
1947 1801 2017 1840 os
2055 1783 2116 1842 in
2227 1787 2500 1843 vertitur.
2560 1817 2628 1825 ——
2671 1789 2833 1842 Tunc
2875 1785 3030 1858 lapis
3069 1786 3266 1844 calore
3309 1786 3560 1856 solutus,
3603 1804 3748 1854 cum
3788 1805 3894 1846 cor

460 1877 632 1934 sibilo
683 1873 1000 1947 stringunt,
1026 1875 1174 1932 dum
1217 1873 1294 1930 ad
1341 1890 1413 1931 ea
1448 1890 1585 1947 quae
1633 1877 2120 1946 contempserant
2201 1875 2447 1940 ,durum
2469 1880 2647 1948 atque
2676 1891 2713 1932 a
2739 1874 2928 1932 divini
2943 1876 3169 1936 amoris
3190 1876 3331 1947 igne
3346 1875 3652 1948 frigidum,
3672 1877 3894 1940 eodem

457 1966 644 2024 verba
675 1966 964 2042 spiritalia
993 1969 1442 2037 convertuntur,
1490 1969 1551 2022 ut
1599 1965 1728 2036 jam
1777 1965 2017 2022 credere
2061 1968 2117 2020 et
2223 1965 2410 2024 divini
2439 1965 2664 2024 amoris
2693 1964 2878 2036 [igne]
2903 1965 3186 2035 tangitur,
3217 1970 3276 2024 et
3301 1965 3364 2024 in
3385 1965 3618 2026 fervore
3644 1966 3893 2038 spiritus

457 2057 785 2131 praedicare
810 2055 1118 2128 incipiant,
1149 2070 1288 2126 quae
1319 2054 1484 2127 prius
1521 2055 1670 2110 dum
1699 2055 1973 2130 iniquum
2003 2053 2114 2110 ﬂo-
2223 2055 2505 2128 liquatur,
2530 2060 2595 2112 ut
2619 2054 2700 2112 ad
2743 2059 3094 2128 sequentem
3137 2055 3318 2116 vitam
3342 2055 3708 2118 desiderium
3737 2061 3892 2119 metu

456 2159 585 2200 rere
615 2147 921 2199 cernerent
949 2157 1073 2198 non
1101 2139 1448 2199 credebant.
1495 2139 1637 2198 Hinc
1670 2141 1953 2202 Salomon
1993 2140 2111 2202 ait:
2224 2144 2452 2208 ardeat,
2484 2161 2673 2217 quam
2694 2145 2860 2218 prius
2889 2144 3142 2208 audiens
3191 2144 3551 2206 insensibilis
3579 2145 3889 2212 monebat,

457 2256 486 2284 ‹‹
505 2233 777 2298 Mulctato
793 2229 1462 2303 Pestilente,sapientior
1477 2231 1586 2286 erit
1600 2231 1888 2302 parvulus
1913 2232 2110 2301 (Prov.
2224 2250 2296 2288 ex
2327 2249 2450 2305 quo
2485 2233 2699 2290 ardore
2731 2233 2950 2294 scilicet
2977 2238 3034 2294 et
3059 2232 3355 2295 emollitur
3385 2233 3464 2292 ad
3503 2250 3800 2304 amorem,
3831 2237 3892 2294 et

415 2305 428 2313 ’
455 2340 580 2394 xxi,
618 2323 721 2399 11).
753 2346 780 2372 ››
811 2321 914 2376 Vir
942 2319 1119 2391 igitur
1163 2325 1405 2378 sanctus
1436 2324 1760 2392 postquam
1801 2324 2114 2392 potentum
2224 2328 2509 2395 operatur
2561 2323 2638 2380 ad
2693 2324 3126 2395 operationem,
3178 2328 3242 2382 ut
3284 2323 3436 2382 sicut
3479 2325 3646 2397 prius
3697 2324 3890 2383 durus

455 2426 664 2484 poenas
691 2410 797 2482 qui
825 2407 1188 2466 extolluntur
1215 2407 1278 2467 in
1295 2407 1512 2468 saeculo
1533 2406 1891 2462 sufficienter
1917 2407 2112 2480 exple-
2223 2411 2415 2470 fuerat
2459 2411 2520 2468 in
2549 2428 2756 2468 amore
2786 2412 3009 2482 saeculi,
3037 2412 3119 2473 ita.
3149 2429 3212 2470 se
3247 2413 3463 2472 fortem
3491 2413 3890 2486 postmodum

454 2499 558 2566 vit,
579 2513 821 2558 rursum
849 2496 928 2552 ad
951 2495 1368 2553 haereticorum
1400 2496 1769 2568 superbiam,
1799 2496 1906 2568 qui
1927 2497 2114 2552 extol-
2223 2505 2494 2560 exerceat.
2519 2501 2581 2558 in
2603 2517 2809 2560 amore
2838 2503 2962 2560 Dei:
2994 2508 3050 2558 et
3070 2503 3236 2575 quod
3267 2507 3406 2562 ante
3435 2503 3644 2562 audire
3672 2518 3888 2562 renue-

455 2585 660 2644 luntur
687 2586 750 2644 in
799 2585 1038 2658 eloquio
1069 2583 1250 2646 verba
1277 2585 1586 2642 convertit.
1617 2588 1767 2644 Nam
1811 2585 2112 2659 sequitur:
2224 2589 2343 2657 bat,
2377 2595 2434 2646 et
2461 2589 2702 2652 credere
2731 2595 2790 2650 et
2813 2591 3142 2663 praedicare
3170 2591 3779 2664 incipiat,‘Sequ,itur:

1037 2673 1265 2729 CAPUT
1302 2673 1526 2728 XXVIII.
2294 2679 2469 2736 Vens.
2498 2683 2551 2738 3..
2611 2681 2859 2748 Tempus
2907 2682 3114 2750 posuit
3158 2681 3432 2752 tenebris,
3480 2687 3536 2744 et
3580 2682 3888 2744 universo-

525 2767 694 2828 Veas.
733 2765 997 2822 LHabet
1019 2769 1334 2834 argentum
1365 2778 1652 2822 venarum
1679 2779 1928 2824 suarum
1947 2767 2113 2836 prin-
2219 2784 2354 2832 rum
2407 2769 2587 2836 ﬁnem
2643 2769 2767 2838 ipse
2821 2771 3180 2829 considerat.
3233 2799 3302 2812 —-
3356 2771 3618 2842 Tempus
3681 2769 3890 2842 pesuit

455 2855 636 2927 cipia,
667 2861 723 2948 et
751 2869 900 2948 auro
935 2853 1099 2948 locus
1129 2858 1211 2909 est
1241 2853 1444 2948 inquo
1479 2855 1798 2948 conﬂatur.
1826 2855 1988 2948 --_In
2017 2870 2109 2911 ar-
2139 2896 2179 2948 Ο
2222 2857 2504 2925 tenebris,
2562 2857 2785 2930 iniquis
2838 2858 3114 2919 videlicet
3161 2858 3414 2922 modum
3466 2857 3636 2932 quod
3689 2858 3888 2948 ἱμὶιιιιί

455 2947 633 3014 genta
659 2939 1236 3015 eloquium,in‘auro
1258 2941 1390 2996 vitae
1423 2939 1516 2996 vel
1541 2940 1846 3014 sapientia:
1869 2941 2110 3000 claritas
2143 2939 2176 2948 “’
2219 2961 2347 3006 esse
2376 2948 2666 3008 desistant
2688 2947 2850 3004 unde
2879 2947 3111 3010 eisdem
3138 2964 3246 3021 per
3262 2946 3615 3021 Apostolum
3629 2946 3883 3009 dicitur:

452 3033 754 3104 designari
783 3031 948 3089 solet.
981 3032 1049 3087 Et
1075 3029 1220 3110 quia
1252 3030 1510 3088 haeretici
1546 3031 1628 3092 sic
1659 3031 1733 3086 de
1763 3031 1983 3105 eloquii
2018 3032 2110 3090 sui
2219 3036 2402 3094 Eratis
2431 3035 2759 3110 aliquando
2814 3036 3096 3105 tonebrae,
3126 3052 3290 3098 nunc
3317 3041 3523 3100 autem
3543 3036 3648 3098 lux
3673 3036 3738 3095 in
3767 3039 3885 3100 D0-

451 3121 640 3178 nitore
697 3119 1068 3194 superbiunt,
1124 3122 1190 3174 ut
1233 3118 1398 3174 nulla
1453 3135 1765 3174 sacrorum
1819 3120 2110 3180 librorum
2219 3125 2384 3186 mino
2413 3126 2594 3196 (Eph.
2626 3143 2680 3195 γ,
2731 3127 2896 3198 10).»
2926 3127 3089 3185 Sicut
3115 3125 3244 3184 aliis
3283 3141 3527 3199 quoque
3567 3124 3888 3198 discipulis

452 3210 801 3267 auctoritate
851 3208 1206 3265 solidentur:
1265 3207 1370 3286 qui
1415 3207 1553 3267 libri
1609 3208 1686 3266 ad
1734 3208 2109 3282 loquendum
2215 3214 2411 3273 isdem
2441 3214 2651 3272 doctor
2675 3216 2950 3288 egregius
2970 3215 3155 3276 dixit:
3189 3235 3219 3270 α
3246 3218 3374 3274 Nox
3401 3215 3728 3288 prmcessit,
3751 3213 3884 3272 dies

451 3297 629 3360 nobis
657 3297 832 3372 quasi
859 3295 1143 3380 quaedam
1190 3296 1418 3366 argenti
1465 3311 1629 3352 venaa
1670 3299 1830 3366 sunt,
1860 3295 2005 3370 (ιωᾶ
2033 3296 2109 3354 de
2216 3309 2417 3364 autem
2447 3305 2970 3379 appropinquavit.
3003 3305 3375 3376 Abjioiamus
3405 3320 3548 3380 ergo
3575 3321 3766 3378 opera
3796 3311 3882 3367 te-

452 3385 601 3460 ipsis
630 3385 950 3444 locutionis
975 3389 1195 3442 nostra;
1225 3385 1518 3456 originem
1553 3385 1862 3455 trahimus,
1893 3403 1998 3443 eos
2031 3385 2110 3444 ad
2215 3393 2562 3462 nehrarum,
2589 3398 2646 3452 et
2694 3392 3022 3455 induamus
3053 3409 3166 3456 nos
3197 3409 3371 3456 arma
3410 3393 3586 3464 lucis,
3619 3394 3778 3454 sicut
3819 3393 3884 3454 in

454 3491 640 3533 sacrae
663 3475 1032 3533 auctoritatis
1053 3473 1308 3547 paginas
1326 3479 1586 3542 revocat,
1614 3479 1679 3530 ut
1708 3473 1756 3530 si
1785 3489 1918 3532 vere
1945 3473 2111 3548 loqui
2213 3481 2310 3538 die
2346 3482 2594 3542 honeste
2625 3481 3013 3544 ambulemus
3039 3483 3227 3554 (Rom.
3259 3499 3390 3552 xui,
3427 3483 3534 3554 t2).
3565 3505 3592 3535 υ
3627 3482 3876 3540 Univer-

455 3564 817 3636 desiderant,
850 3563 990 3625 inde
1020 3579 1254 3620 sumere
1283 3562 1544 3620 debeant
1571 3563 1719 3638 quid
1763 3563 2107 3637 loquantur,

451 3659 508 3710 et
537 3653 652 3712 ait:
681 3653 880 3712 Habet
911 3657 1227 3726 argentum
1259 3667 1547 3710 venarum
1587 3668 1838 3710 suarum
1871 3655 2104 3724 princi-

441 3745 570 3816 pia.
599 3748 683 3810 Ac
712 3744 762 3800 si
791 3749 996 3818 aperte
1033 3742 1195 3800 dicat
1221 3760 1235 3799 :
1267 3741 1420 3810 Quid
1444 3742 1521 3802 ad
1550 3758 1705 3800 verte
1737 3741 2124 3816 praedicatio--

447 3835 542 3902 nis
579 3835 763 3900 verba
789 3851 852 3892 se
895 3837 1217 3909 praeparat,
1244 3849 1486 3891 necesse
1519 3849 1648 3890 esse
1671 3838 1738 3890 ut
1778 3849 2104 3894 causarum

2215 3587 2421 3628 eorum
2451 3572 2694 3636 nomine
2721 3571 2940 3630 electos
2967 3577 3024 3632 et
3064 3573 3356 3646 reprohos
3385 3571 3574 3633 voluit
3600 3587 3882 3644 compre-

2213 3660 2417 3720 hendi.
2442 3665 2592 3720 Nam
2635 3661 2800 3720 bona
2829 3662 3054 3720 faciens
3083 3667 3140 3720 et
3171 3663 3458 3724 ordinans
3499 3665 3678 3732 Dens,
3713 3660 3880 3723 male

2212 3765 2356 3806 vero
2385 3765 2509 3806 non
2539 3749 2783 3812 faciens,
2813 3751 2918 3806 sed
2967 3750 3045 3807 ab
3094 3751 3318 3826 iniquis
3350 3751 3508 3814 facta
3536 3767 3614 3810 ne
3653 3748 3882 3808 ωσι-ὧ-

2212 3843 2351 3897 nate
2380 3839 2680 3908 eveniant,
2707 3839 2841 3912 ipse
2861 3839 3211 3913 disponens,
3267 3840 3607 3903 considerat
3643 3839 3879 3902 univer-

448 3923 710 3996 origines
745 3940 782 3982 a
823 3923 1008 3982 sacris
1049 3921 1288 3996 paginis
1336 3926 1553 3980 sumat.
1614 3925 1761 3978 Vera
1805 3921 2105 3996 siquidem
2213 3945 2420 3986 sorum
2476 3929 2683 3998 ﬁnem,
2715 3935 2774 3986 et
2814 3929 3106 4002 patienter
3161 3929 3374 3992 tolerat
3415 3929 3644 3994 omnia,
3693 3934 3880 4002 atque

447 4013 717 4076 ﬁdelium
759 4013 1074 4088 sapientia,
1103 4011 1198 4074 cui
1243 4011 1598 4072 universalis
1637 4011 1901 4071 Ecclesia
1936 4011 2107 4078 locus.
2210 4019 2473 4080 intuetur
2501 4019 2826 4080 electorum
2858 4019 3204 4091 terminum,
3234 4019 3404 4092 quod
3423 4036 3496 4082 ex
3525 4018 3694 4082 male
3735 4034 3874 4082 mlh

449 4110 554 4175 est,
603 4104 1052 4163 tribulationem
1093 4103 1266 4162 vobis
1320 4102 1820 4178 persequentibus
1861 4103 2102 4177 patitur,
2213 4112 2408 4168 tentur
2469 4109 2549 4166 ad
2598 4109 2852 4166 bonum.
2915 4113 3182 4170 Intuetur
3231 4109 3418 4170 etiam
3471 4108 3878 4182 reproborm

450 4193 559 4252 sed
587 4210 626 4252 a
653 4193 882 4252 cunctis
919 4196 1306 4268 peccatorum
1355 4190 1633 4250 sordibus
1675 4190 2106 4263 persecutionis
2139 4252 2181 4272 η
2211 4196 2417 4266 ﬁnem,
2449 4197 2618 4270 quod
2666 4214 2700 4254 θ
2737 4197 2900 4258 malo
2929 4214 3110 4272 opere
3157 4199 3413 4270 dignum
3457 4198 3768 4260 trahantur
3792 4195 3876 4256 ad

447 4287 659 4340 vestrae
707 4281 845 4354 igne
891 4252 1204 4357 purgatur.
1259 4280 1423 4338 Unde
1474 4252 1764 4354 scriptum
1811 4252 1928 4338 est:
1977 4301 2007 4338 «
2039 4285 2106 4337 in
2139 4252 2186 4306 Β
2213 4252 2940 4360 εηρξλῖὶὀίῖιέέιίδξειῗιὶῶε

445 4371 584 4443 igne
617 4370 909 4444 probatur
948 4386 1165 4428 aurum
1202 4373 1260 4430 et
1286 4373 1622 4440 argentum,
1653 4369 1932 4430 homines
1960 4387 2106 4432 vero
2282 4377 2456 4436 Vens.
2483 4380 2538 4433 4.
2587 4378 2873 4448 Lapidem
2923 4393 3156 4450 suoque
3192 4379 3472 4450 caliginis
3499 4383 3558 4436 et
3589 4377 3876 4438 umbram

443 4459 836 4534 receptabiles
867 4461 931 4516 in
961 4460 1200 4516 camino
1229 4459 1658 4516 humiliationis
1689 4459 1880 4531 (Eccti
1903 4477 1963 4524 ιι,
1988 4462 2100 4534 5).»
2211 4468 2417 4525 mortis
2481 4466 2697 4526 dividit
2743 4473 2982 4526 torrem
3027 4484 3065 4526 a
3133 4469 3366 4539 populo
3424 4467 3868 4539 peregrinam.

449 4553 578 4620 Quo
603 4551 666 4612 in
687 4550 822 4611 loco
850 4551 967 4610 hoc
996 4565 1239 4623 quoque
1265 4552 1461 4622 potest
1488 4547 1912 4606 convenienter
1933 4549 2102 4606 intel-
2207 4586 2276 4595 —
2332 4554 2484 4620 Quid
2507 4555 2720 4612 durius
2735 4555 2836 4612 illa
2865 4554 3122 4628 perﬁdia
3161 4555 3554 4618 Iudaeorum?
3583 4554 3732 4628 quid
3761 4570 3874 4628 po-

444 4641 572 4714 lisi.
601 4644 667 4704 ut
691 4641 770 4700 de
809 4655 921 4703 sua
949 4638 1129 4700 stulta
1166 4637 1428 4697 haeretici
1468 4635 1752 4710 passione
1784 4637 2102 4697 videantur
2206 4646 2407 4718 putus,
2453 4644 2562 4717 qui
2611 4649 2921 4702 auctorem
2965 4645 3102 4703 vitae
3149 4645 3350 4705 videre
3403 4659 3512 4718 per
3537 4643 3721 4704 ﬁnem
3758 4659 3874 4702 no-

445 4731 761 4805 increpari.
786 4735 936 4792 Nam
980 4745 1142 4804 saepe
1198 4743 1309 4802 pro
1337 4730 1479 4788 Iesu
1507 4727 1718 4786 Christi
1751 4727 1987 4786 Domini
2029 4745 2101 4787 ac
2205 4735 2335 4802 luit,
2363 4750 2539 4808 quem
2569 4751 2675 4808 per
2697 4737 3057 4809 prophetam
3105 4735 3398 4808 praedixit,
3432 4734 3547 4794 nisi
3591 4734 3743 4808 lapis
3774 4751 3877 4794 oa-

445 4820 858 4894 Redemptoris
882 4819 1072 4878 nostri
1090 4818 1334 4877 nomine
1362 4811 1907 4890 multa'patiuntur,
1949 4833 2103 4876 sese-
2205 4822 2404 4894 liginis
2435 4823 2544 4889 fuit
2564 4824 2591 4878 ?
2621 4824 2766 4896 quia
2801 4828 2860 4881 et
2887 4824 3236 4884 crudelitate
3282 4825 3478 4884 durus
3521 4823 3652 4894 fuit,
3680 4826 3742 4882 et
3783 4823 3873 4882 in-

444 4925 562 4983 que
577 4909 804 4970 eisdem
817 4908 1204 4984 passionibus
1218 4908 1350 4979 ejus
1370 4907 1499 4966 ﬁeri
1514 4909 1810 4980 martyres
1825 4913 2096 4981 sperant:
2203 4912 2486 4972 ﬁdelitate
2538 4912 2886 4972 nebulosus.
2950 4915 3062 4980 Qui
3112 4915 3230 4972 alio
3259 4931 3508 4990 quoque
3543 4911 3868 4980 vocabulo.

444 4997 672 5072 quibus
704 4997 896 5058 sancti
922 4996 1034 5055 viri
1075 5012 1221 5056 voce
1245 5011 1408 5056 nunc
1439 4995 1690 5054 dicitur:
1735 4998 1904 5054 Auro
1934 4998 2098 5056 iocus
2205 4999 2426 5058 umbra
2451 5001 2660 5058 mortis
2683 5002 2916 5061 dicitur.
2948 5003 3170 5062 Umbra
3200 5005 3427 5077 quippe
3447 5002 3560 5060 alis
3585 5000 3871 5074 exprimi-

445 5093 558 5155 εει,
577 5090 642 5146 in
669 5102 786 5160 quo
813 5087 1133 5157 conﬂatur.
1155 5088 1308 5146 Nam
1339 5086 1514 5158 juxta
1535 5086 1651 5144 hoc
1679 5085 1846 5158 quod
1864 5085 1996 5158 jam
2041 5090 2100 5144 et
2204 5092 2319 5158 tur,
2346 5089 2552 5163 qualia
2594 5091 2724 5163 ejus
2751 5092 2838 5148 rei
2869 5091 2943 5148 de
2978 5109 3103 5166 qua
3141 5092 3393 5158 uehitur
3419 5091 3642 5150 fuerint
3676 5090 3868 5150 liuea-

442 5183 580 5238 ante
623 5192 736 5236 n08
773 5176 1001 5238 dictum
1047 5179 1136 5234 est
1166 5192 1180 5232 :
1227 5197 1256 5230 ‹‹
1293 5175 1574 5248 Quisquis
1609 5179 1779 5232 extra
1821 5175 2096 5234 Ecclesiae
2205 5183 2426 5238 menta.
2458 5179 2601 5245 Quis
2631 5185 2834 5240 autem
2878 5182 3088 5240 mortis
3120 5181 3388 5249 nomine,
3421 5181 3538 5241 nisi
3581 5178 3868 5240 diabolus

444 5269 734 5330 unitatem
775 5265 1018 5341 patitur,
1051 5281 1262 5340 pinnas
1300 5265 1425 5340 pati
1466 5269 1678 5338 potest,
1702 5269 1932 5336 martyr
1968 5264 2098 5322 ﬁeri
2199 5270 2486 5329 vocatur?
2517 5273 2596 5328 De
2623 5287 2748 5343 quo
2773 5287 2882 5345 per
2904 5272 3243 5344 quamdam

440 5371 565 5416 non
586 5363 799 5430 potest,
827 5381 857 5408 »
877 5357 1041 5431 quia,
1067 5372 1219 5414 auro
1241 5358 1404 5414 locus
1433 5361 1518 5413 est
1544 5357 1610 5414 in
1631 5371 1750 5427 quo
1777 5355 2094 5424 conﬂatur.
2202 5360 2500 5417 cntionem
2529 5360 2770 5418 dicitur:
2799 5383 2826 5411 ‹‹
2851 5365 3078 5419 Nomen
3098 5361 3184 5420 illi
3212 5379 3378 5420 mors
3395 5363 3604 5434 (Apoc.
3637 5376 3720 5428 vr,
3745 5363 3872 5426 8).:-

444 5445 599 5511 Quid
624 5446 825 5519 itaque
862 5447 942 5506 ad
978 5448 1109 5506 haec
1131 5445 1388 5504 haeretici
1417 5444 1654 5500 dicitis?
1695 5443 1955 5501 Conﬂari
1991 5459 2100 5516 per
2205 5448 2386 5520 Cujus
2405 5447 2501 5506 ille
2529 5449 2794 5522 populus
2819 5451 3038 5508 umbra
3058 5452 3292 5521 exstitit,
3311 5451 3457 5524 quia
3484 5448 3868 5522 iniquitatem

513 5536 630 5608 (57)
646 5537 819 5612 Deest
843 5536 960 5597 hoc
984 5536 1236 5597 verbum
1262 5536 1326 5594 in
1355 5532 1576 5594 Bibliis.
2202 5535 2360 5594 illius
2381 5551 2658 5610 sequens,
2689 5539 2824 5610 ejus
2847 5539 2912 5597 in
2935 5556 3005 5597 se
3021 5539 3352 5612 imaginem
3373 5539 3684 5612 expressit.
3705 5537 3868 5604 Quid
