4146 6156
202 126 290 178 325
858 127 862 132 ’
1006 132 1300 188 EPITOME
1338 135 1702 191 MORALIUM
1744 136 1799 190 S.
1842 135 2044 189 GREG.
2087 134 2155 189 IN
2193 137 2332 192 JOB.
2375 170 2445 177 —
2486 141 2612 194 LIB.
2654 144 2791 197 VIII.

3497 151 3599 204 326

201 260 326 300 vero
349 247 623 301 torrentis
649 250 913 320 nomine,
960 251 1073 308 nisi
1124 252 1219 308 ille
1268 270 1303 310 a
1351 262 1675 329 conspectu
1721 260 1834 311 tre-
1876 278 1921 330 Α
1954 257 2067 311 lius
2095 273 2333 315 aurum.
2361 260 2513 325 Quid
2540 277 2647 334 per
2673 262 2899 331 glebas,
2924 265 3039 321 nisi
3069 267 3442 327 collectiones
3486 269 3600 327 sin-

201 335 387 390 mendi
405 336 624 406 judicis
652 353 758 409 per
786 339 1057 395 ultimum
1092 358 1346 400 examen
1378 346 1708 414 egrediens,
1756 350 1836 401 at—

198 440 304 496 que
334 424 550 481 electos
581 431 636 482 et
665 428 956 501 reprobos
992 430 1290 500 dividens,
1330 434 1487 503 ignis
1538 440 1789 495 vocatur
1814 435 1840 488 ?

200 514 352 569 Unde
379 530 487 587 per
510 517 867 589 prOphetam
899 518 1150 578 dicitur:
1182 546 1207 569 ‹‹
1242 523 1475 579 Fluvius
1502 525 1714 594 igneus
1746 540 1840 580 ra-

197 603 386 675 pidus,
404 604 508 677 qui
526 605 941 675 egrediebatur
963 626 997 664 a
1026 609 1174 666 facie
1200 612 1329 685 ejus
1352 616 1529 684 (Dan.
1550 632 1652 681 νιι,
1687 616 1791 683 10).
1815 636 1841 662 ››

198 692 329 753 Quis
351 699 553 750 autem
580 695 639 750 in
670 695 784 752 hoc
838 699 1071 754 mundo
1103 703 1515 772 peregrinatur
1563 703 1841 776 populus,

196 783 303 838 nisi
324 782 429 858 qui
461 784 538 840 ad
570 790 789 842 sortem
818 787 1143 847 electorum
1193 808 1456 859 currens,
1511 794 1735 849 habere
1784 810 1845 848 se

198 875 440 946 patriam
473 874 639 931 novit
662 876 723 932 in
746 877 1082 935 ccelestibus
1111 885 1139 936 ?
1162 884 1224 938 Et
1266 886 1430 939 tanto
1479 884 1674 953 magis
1731 883 1846 941 illic

199 968 387 1032 sperat
419 963 679 1019 invenire
702 981 763 1020 se
793 967 1054 1039 propria,
1088 973 1315 1043 quanto
1346 971 1441 1027 hic
1469 977 1682 1029 cuncta
1710 988 1846 1045 quin

196 1056 547 1123 praetereunt
577 1070 708 1110 esse
739 1070 774 1111 a
806 1071 867 1112 se
897 1057 1145 1129 deputat
1172 1058 1386 1117 aliena.
1440 1061 1588 1117 Hinc
1632 1061 1846 1117 Paulus

196 1139 305 1195 ait:
340 1164 367 1190 ‹‹
394 1143 546 1197 Dum
579 1159 789 1198 sumus
816 1143 877 1199 in
900 1145 1015 1201 hoc
1064 1162 1332 1221 corpore,
1393 1150 1848 1220 peregrinamur

194 1248 228 1284 a
253 1231 504 1287 Domino
535 1232 629 1303 (II
654 1233 790 1289 Cor.
819 1251 876 1302 v,
911 1235 985 1306 6).
1016 1259 1041 1285 ››
1070 1237 1266 1293 Potest
1312 1238 1562 1294 fortasse
1621 1239 1680 1297 in
1738 1244 1848 1295 tor-

190 1320 372 1375 rentis
396 1321 641 1376 nomine
663 1321 795 1399 ipsa
825 1323 1090 1393 irrigatio
1136 1331 1355 1382 sancta:
1409 1328 1848 1403 praedicationis

192 1407 458 1476 intelligi,
484 1410 656 1481 juxta
687 1410 745 1465 id
776 1411 939 1485 quod
991 1429 1097 1488 per
1145 1414 1531 1472 Salomonem
1584 1416 1798 1479 dicitur
1832 1434 1845 1470 :

193 1520 221 1545 (ι
248 1498 500 1552 Oculum
523 1498 627 1571 qui
658 1499 990 1556 subsannat
1020 1506 1275 1573 patrem,
1307 1509 1365 1559 et
1411 1504 1661 1581 despicit
1712 1521 1848 1576 par-

1952 345 2229 412 gulorum
2258 349 2537 409 ordinum
2584 368 2654 407 ac
2702 353 3110 413 multitudines
3159 358 3601 428 designantur?

1952 433 2145 491 Glebaa
2177 442 2377 495 autem
2410 455 2478 496 ex
2510 441 2761 497 humore
2788 446 2858 499 .et
2897 443 3140 514 pulvere
3182 447 3599 517 constringun-

1952 526 2063 580 tur.
2099 528 2317 582 Omnes
2348 544 2489 596 ergo
2517 530 2621 602 qui
2652 546 2782 586 rore
2814 532 3017 601 gratiae
3055 533 3235 593 infusi
3263 552 3334 593 ex
3393 536 3600 597 mortis

1952 612 2153 669 debito
2202 616 2506 689 pulverem
2568 634 2631 673 se
2680 636 2811 675 esse
2860 621 3056 681 veraci
3102 624 3439 693 cognitione
3465 642 3602 689 eon-

1954 701 2090 758 fessi
2119 708 2275 773 sunt,
2309 705 2457 767 dum
2504 707 2636 763 vitae
2688 708 2898 765 virtute
2958 710 3367 779 clarescerent,
3426 715 3602 788 quasi

1956 807 2115 847 aurae
2147 794 2207 851 in
2232 793 2333 854 illa
2360 795 2547 863 glebae
2573 796 2910 870 jacuerunt.
2940 800 3153 861 Glebas
3180 801 3305 859 haec
3333 805 3486 861 terra
3502 804 3603 859 ha-

1954 881 2085 939 buit
2112 882 2171 939 in
2206 885 2535 955 prophetis,
2570 886 2777 955 glebas
2802 888 2863 943 in
2893 888 3264 958 doctoribus,
3304 890 3514 963 glebas
3545 891 3607 949 in
3684 961 3693 965 α

1957 969 2233 1027 Pati-ibus
2262 974 2543 1045 antiquis,
2572 975 2677 1047 qui
2699 992 2925 1046 magna
2949 995 3011 1033 se
3054 978 3352 1036 infusione
3404 980 3607 1051 gratiae

1953 1056 2013 1112 in
2047 1060 2434 1130 professionis
2465 1066 2521 1118 et
2574 1063 2771 1134 operis
2824 1058 3227 1122 unanimitate
3268 1072 3604 1133 tenuerunt.

1958 1146 2232 1218 Sequitur
2262 1166 2273 1203 :

2028 1239 2196 1291 Vens.
2230 1244 2279 1291 7.
2311 1239 2596 1294 Semitam
2654 1241 2954 1311 ignorabit
2998 1245 3146 1315 avis,
3202 1260 3310 1302 nec
3353 1247 3608 1305 intuitus

1958 1332 2041 1380 est
2073 1342 2199 1381 eum
2230 1329 2437 1383 oculus
2466 1330 2963 1396 vutturis.-—Quis
2986 1333 3099 1388 hoc
3131 1332 3264 1395 loco
3319 1334 3446 1391 avis
3500 1349 3609 1389 no-

1960 1414 2119 1469 mine
2144 1415 2257 1471 nisi
2285 1416 2378 1472 ille
2410 1417 2697 1485 signatur,
2730 1420 2832 1492 qui
2858 1436 3078 1493 corpus
3109 1438 3392 1482 carneum
3443 1422 3612 1500 quod

1960 1505 2314 1576 assumpsit,
2348 1506 2731 1563 ascendendo
2774 1507 2854 1563 ad
2907 1509 3129 1569 aethera
3173 1510 3449 1567 libravit?
3503 1510 3615 1576 Qui

192 1592 321 1681 tum
353 1587 560 1681 matris
591 1588 1049 1681 suae,_eﬁ‘odiant
1076 1590 1241 1647 illum
1275 1593 1436 1649 corvi
1468 1594 1541 1648 de
1580 1594 1849 1650 torrenti-
1892 1623 1932 1681 Β
1961 1598 2096 1664 apte
2126 1610 2370 1666 quoque
2397 1592 2575 1653 etiam
2607 1595 2856 1657 vulturis
2881 1598 3278 1671 appellatione
3330 1599 3611 1672 exprimi-

192 1675 307 1730 bus
339 1676 541 1743 (Prov.
568 1694 700 1748 xxx,
740 1678 846 1742 l7).
883 1696 912 1729 »
946 1680 1296 1736 Sanctorum
1315 1682 1538 1755 quippe
1568 1682 1851 1756 praedica-

191 1764 272 1819 tio
304 1764 637 1821 obduratas
668 1770 896 1823 mentes
954 1769 1350 1843 reproborum
1390 1770 1625 1839 deserit,
1677 1777 1734 1827 et
1774 1772 1854 1827 ad

190 1853 291 1924 pia
324 1853 644 1911 humilium
674 1873 735 1912 se
767 1856 950 1912 corda
976 1858 1282 1917 convertit.
1316 1860 1591 1932 Sequitur
1616 1879 1627 1919 :
1654 1862 1731 1915 Et
1761 1876 1853 1917 eos

188 1960 340 2014 quos
365 1944 584 2000 oblitus
608 1952 693 2002 est
714 1962 820 2015 pes
846 1949 1069 2018 egentis
1112 1949 1385 2016 hominis,
1430 1955 1483 2005 et
1528 1951 1739 2005 invios.
1787 1981 1855 1988 —

192 2034 341 2097 Quis
371 2033 486 2088 hoc
510 2032 643 2089 loco
674 2035 827 2090 alius
856 2036 1146 2107 accipitur
1175 2051 1357 2105 egens
1387 2037 1590 2103 homo,
1625 2038 1741 2095 nisi
1759 2037 1854 2093 ille

194 2120 270 2177 de
294 2138 417 2195 quo
444 2138 548 2194 per
572 2123 820 2179 Paulum
851 2125 1065 2179 dicitur
1090 2141 1101 2177 :
1134 2148 1159 2174 ‹‹
1183 2125 1293 2190 Qui
1315 2130 1556 2197 propter
1586 2143 1696 2181 nos
1720 2143 1855 2195 ege-

191 2226 316 2266 nus
346 2210 540 2266 factus
569 2218 661 2267 est
688 2212 836 2268 dum
864 2218 1021 2269 esset
1049 2212 1267 2268 dives?
1297 2214 1386 2285 (II
1409 2215 1548 2270 Cor.
1577 2230 1695 2283 vui,
1726 2218 1807 2286 6.)
1828 2236 1854 2263 ››

192 2301 385 2371 Cujus
410 2300 680 2357 videlicet
704 2302 931 2371 egentis
959 2301 1219 2358 hominis
1244 2303 1429 2375 pedes
1466 2304 1655 2359 sancti
1712 2320 1860 2376 prae-

193 2390 496 2445 dicatores
522 2390 783 2457 fuerunt,
812 2407 919 2462 per
938 2407 1197 2464 quorum
1244 2392 1543 2464 profectus
1598 2409 1858 2465 praesen-

194 2481 344 2535 tiam
377 2480 763 2550 gentilitatem
793 2481 1149 2552 circumens,
1190 2481 1489 2536 mundum
1540 2482 1861 2554 perambu-

200 2568 349 2624 lavit
368 2569 808 2626 universorum.
838 2571 950 2625 Sed
978 2587 1188 2625 eorum
1221 2571 1324 2642 qui
1381 2571 1597 2626 umbra
1655 2572 1862 2627 mortis

199 2662 256 2712 et
286 2657 445 2729 lapis
473 2657 747 2727 caliginis
777 2658 1141 2725 exstiterunt,
1163 2672 1268 2728 pes
1327 2658 1578 2714 hominis
1641 2660 1862 2729 egentis

199 2747 427 2802 oblitus
456 2754 561 2811 est,
588 2747 731 2820 quia
755 2747 816 2803 in
848 2747 981 2820 ipso
1007 2748 1173 2803 initio
1232 2748 1532 2803 nascentis
1592 2747 1862 2803 Ecclesiae

198 2837 349 2892 dum
384 2838 573 2893 sancti
604 2837 856 2909 apostoli
888 2838 1180 2894 caelorum
1196 2852 1450 2906 regnum
1479 2837 1697 2892 Judaem
1719 2853 1866 2910 pra:-

199 2928 407 2983 dicare
436 2926 785 2987 voluissent,
816 2928 1085 2983 videntes
1111 2927 1274 3000 quod
1303 2928 1364 2981 in
1394 2926 1477 2981 eis
1534 2925 1680 2981 nihil
1734 2944 1863 2982 om-

201 3018 349 3072 nino
376 3018 755 3089 proﬁcerent,
780 3016 859 3073 ad
880 3016 1341 3089 praedicandum
1359 3015 1635 3085 gentibus
1684 3015 1869 3071 deﬂu-

201 3110 446 3175 xerunt,
482 3105 632 3161 sicut
658 3105 808 3177 ipsis
837 3106 899 3162 in
929 3107 1054 3163 suis
1080 3105 1325 3161 Actibus
1349 3106 1557 3161 dicunt
1585 3124 1596 3159 ε
1634 3122 1662 3158 ‹
1684 3105 1867 3160 Vobis

202 3196 532 3267 oportebat
561 3196 825 3268 primum
852 3195 1018 3268 loqui
1037 3196 1289 3251 verbum
1324 3194 1445 3261 Dei,
1480 3195 1583 3249 sed
1612 3210 1869 3266 quomo-

204 3285 286 3341 do
310 3285 597 3357 repellitis
625 3286 794 3352 illud,
829 3291 884 3341 et
913 3284 1194 3357 indignos
1225 3300 1330 3340 vos
1355 3284 1643 3354 judicatis
1702 3289 1870 3339 aeter-

1963 1686 2075 1748 tur,
2107 1683 2212 1755 qui
2241 1699 2494 1745 manens
2514 1684 2573 1740 in
2598 1684 2908 1743 altitudine
2929 1686 3252 1749 divinitatis
3274 1703 3419 1758 suae,
3437 1686 3615 1761 quasi

1963 1772 2231 1843 quodam
2265 1773 2464 1835 volatu
2496 1774 2760 1839 sublimi.
2793 1775 3054 1832 cadaver
3082 1776 3455 1839 mortalitatis
3481 1791 3615 1831 nos-

1966 1866 2065 1916 trae
2097 1863 2407 1935 conspexit
2430 1862 2490 1919 in
2520 1863 2765 1928 infimis,
2797 1869 2855 1920 et
2882 1881 3016 1920 sese
3044 1865 3118 1921 de
3149 1864 3492 1923 coalestibus
3537 1864 3616 1940 ad

1965 1951 2084 2007 ima
2114 1952 2410 2009 submisit.
2446 1952 2587 2011 Fieri
2612 1953 2837 2026 quippe
2869 1960 3111 2027 propter
3141 1972 3252 2012 nos
3273 1956 3457 2017 homo
3485 1955 3616 2025 dig-

1963 2043 2142 2099 natus
2171 2045 2279 2104 est,
2313 2043 2387 2105 et,
2411 2039 2559 2101 dum
2584 2046 2891 2103 mortuum
2945 2042 3171 2098 animal
3227 2043 3410 2116 petiit,
3463 2058 3618 2106 mor-

1967 2133 2085 2185 tem
2116 2129 2280 2200 apud
2302 2144 2435 2193 nos,
2467 2128 2571 2201 qui
2593 2130 2757 2203 apud
2784 2146 2845 2185 se
2872 2135 2997 2191 erat
3034 2130 3409 2199 immortalis,
3457 2131 3618 2187 inve-

1966 2217 2070 2273 nit.
2104 2216 2216 2272 Sed
2239 2217 2419 2288 hujus
2450 2216 2698 2273 vulturis
2728 2218 2938 2274 oculus
2968 2218 3075 2275 fuit
3102 2218 3345 2279 intentio
3400 2222 3619 2275 nostrae

1967 2305 2432 2369 resurrectionis,
2467 2305 2609 2376 quia
2630 2305 2758 2376 ipse
2780 2305 2858 2361 ad
2898 2306 3165 2371 triduum
3213 2312 3486 2362 mortuus
3543 2305 3620 2363 ab

1970 2400 2190 2451 aeterna
2222 2399 2411 2451 morte
2441 2410 2554 2450 nos
2581 2393 2870 2450 liberavit.
2908 2395 3002 2451 Ille
3034 2411 3177 2466 ergo
3206 2396 3472 2468 perﬁdus
3521 2399 3620 2457 Ju-

1971 2484 2114 2538 daeze
2146 2483 2407 2556 populus
2437 2483 2754 2541 mortalem
2806 2483 2967 2553 vidit,
3028 2485 3154 2555 sed,
3212 2484 3377 2558 quod
3433 2488 3623 2541 morte

1975 2589 2085 2628 sua
2116 2577 2381 2628 nostram
2411 2578 2666 2628 mortem
2696 2572 3043 2637 destrueret,
3079 2573 3325 2635 minime
3352 2571 3619 2635 attendit,

1977 2660 2296 2734 Conspexit
2324 2660 2569 2732 quidem
2595 2660 2911 2723 vulturem,
2964 2661 3067 2716 sed
3118 2661 3325 2719 oculos
3372 2660 3623 2719 vulturis

1977 2767 2099 2805 non
2123 2755 2373 2821 aspemt,
2406 2748 2511 2819 qui
2542 2748 2685 2805 dum
2719 2749 3070 2809 humilitatis
3099 2752 3230 2822 ejus
3250 2752 3376 2809 vias
3402 2751 3626 2827 quibus

1978 2855 2089 2897 nos
2113 2839 2190 2894 ad
2215 2837 2334 2893 alta
2356 2837 2701 2906 sublevavit,
2722 2838 3099 2899 considerare
3120 2839 3330 2909 noluit,
3353 2840 3629 2901 semitam

1980 2929 2107 2983 avis
2131 2926 2443 2995 ignoravit.
2479 2930 2677 2998 Neque
2706 2926 2867 2981 enim
2898 2942 3149 2999 pensare
3202 2929 3427 2987 studuit
3464 2929 3631 3003 quod

1980 3018 2108 3087 ejus
2136 3014 2441 3072 humilitas
2467 3030 2589 3071 non
2619 3014 2842 3072 levaret
2863 3015 2942 3071 ad
2974 3015 3254 3084 cmlestia,
3316 3021 3375 3073 et
3425 3017 3631 3077 mortis

1980 3106 2109 3176 ejus
2131 3104 2376 3160 intentio
2402 3102 2750 3159 reformaret
2780 3103 2859 3159 ad
2891 3104 3097 3160 vitam.
3129 3104 3407 3178 Sequitur
3439 3122 3451 3159 :

2054 3195 2227 3249 Vens.
2261 3198 2312 3247 8.
2335 3192 2472 3247 Non
2504 3193 2893 3248 calcaverunt
2947 3207 3077 3249 eam
3124 3195 3247 3263 ﬂtii
3294 3194 3635 3251 institorum

1982 3300 2088 3340 nec
2110 3282 2509 3352 pertransivit
2530 3296 2646 3355 per
2674 3296 2802 3339 eam
2837 3283 3192 3339 temna.-—In
3221 3282 3448 3339 cunctis
3492 3282 3638 3349 Lati-

209 3390 304 3428 nae
338 3373 499 3445 vitae,
527 3389 661 3430 ecce
689 3375 1093 3430 convertimur
1142 3373 1217 3429 ad
1268 3376 1473 3442 gentes
1533 3373 1689 3444 (Act.
1750 3390 1870 3440 xm,

208 3464 320 3532 46).
360 3485 390 3512 ι»
414 3464 579 3528 Quos
609 3468 763 3519 recte
785 3478 1028 3536 quoque
1054 3469 1109 3518 et
1126 3462 1321 3518 invios
1344 3464 1539 3532 vocat,
1563 3461 1706 3535 quia
1727 3462 1875 3517 dum

212 3551 564 3608 inﬁdelitate
595 3569 707 3608 sua
737 3553 1018 3609 obdurati
1045 3556 1205 3621 sunt,
1237 3550 1435 3606 verbis
1458 3550 1592 3606 vita;
1647 3550 1724 3607 ad
1774 3568 1877 3607 cor
1985 3552 2209 3620 titores,
2242 3547 2358 3607 nisi
2388 3548 2694 3620 propheta:
2712 3547 2902 3607 sancti
2924 3548 3119 3605 vocati
3144 3553 3304 3614 sunt,
3322 3549 3425 3623 qui
3451 3550 3641 3623 Syna-

213 3640 375 3695 viam
405 3640 674 3712 praebere
704 3641 1043 3697 noluerunt.
1077 3639 1351 3713 Sequitur
1380 3657 1393 3694 :
1990 3656 2159 3711 gogae
2188 3654 2386 3694 mores
2416 3637 2495 3694 ad
2524 3636 2708 3697 ﬁdem
2738 3637 3027 3695 instruere
3065 3638 3483 3715 prophetando
3539 3655 3642 3697 cus

284 3731 471 3786 νεεδ·
501 3735 551 3786 5.
586 3733 770 3788 Terra
804 3733 877 3787 de
904 3746 1022 3802 qua
1054 3729 1358 3786 oriebatur
1408 3731 1584 3798 panis
1633 3731 1696 3785 in
1754 3731 1880 3786 loco
1989 3727 2317 3787 raverunt?
2349 3729 2614 3792 Quarum
2658 3726 2944 3783 nimirum
2993 3727 3099 3783 ﬁlii
3154 3728 3343 3787 sancti
3393 3727 3646 3803 apostoli

215 3836 321 3875 suo
348 3822 495 3891 igne
519 3821 800 3878 subversa
827 3827 931 3877 est.
956 3851 1025 3859 —-
1056 3822 1273 3874 Panem
1304 3817 1513 3873 Iudaea
1533 3819 1676 3874 dare
1735 3834 1879 3874 con-
1991 3820 2437 3889 nuncupantur,
2459 3816 2563 3889 qui
2609 3820 2673 3872 ut
2714 3818 2900 3873 Deum
2955 3815 3263 3873 hominem
3317 3816 3644 3885 crederent,

218 3915 524 3979 sueverat,
553 3926 688 3981 quae
744 3908 893 3975 legis
936 3907 1125 3963 verba
1176 3907 1537 3979 proferebat,
1594 3907 1700 3962 sed
1756 3908 1883 3963 haec
1996 3904 2075 3959 ad
2101 3902 2381 3958 eamdem
2423 3902 2606 3958 ﬁdem
2660 3918 2734 3959 ex
2789 3917 2999 3959 eorum
3044 3907 3184 3961 sunt
3228 3903 3649 3977 praedicatione

220 4003 373 4055 terra
407 3998 473 4053 in
498 3997 633 4052 loco
662 4013 773 4051 suo
803 3996 938 4065 igne
967 3995 1256 4051 subversa
1282 4000 1387 4062 est,
1428 3993 1570 4065 quia
1617 3995 1886 4049 ﬁdelium
1998 3989 2280 4060 generati.
2315 3989 2621 4046 Calcarent
2648 3989 2873 4063 quippe
2900 3989 3243 4049 institorum
3272 3990 3397 4057 ﬁlii,
3426 3990 3474 4047 si
3502 4006 3652 4066 prae-

221 4088 399 4159 signa
456 4085 854 4158 conspiciens,
917 4102 979 4141 se
1037 4085 1194 4142 fasse
1242 4083 1690 4140 concremavit.
1738 4084 1889 4149 Quia
1997 4079 2292 4134 dicatores
2348 4076 2538 4133 sancti
2590 4076 2864 4149 ejusdem
2919 4080 3255 4150 Synagogae
3302 4078 3444 4137 vitia
3488 4077 3653 4139 calce

220 4179 385 4235 enim
438 4192 677 4249 semper
726 4174 953 4232 invidia
994 4174 1070 4233 de
1108 4172 1391 4247 superbia
1462 4172 1631 4229 nasci
1695 4173 1885 4241 solet,
1998 4165 2230 4223 virtutis
2279 4170 2637 4239 premerent.
2685 4166 2743 4221 Si
2801 4170 3004 4223 autem
3056 4166 3359 4225 institores
3407 4167 3654 4227 eosdem

222 4267 284 4323 in
315 4268 458 4325 loco
487 4282 597 4323 suo
626 4265 768 4336 igne
802 4265 992 4337 periit,
1023 4281 1159 4337 quas
1188 4263 1412 4327 idcirco
1441 4262 1588 4319 arsit
1640 4262 1885 4331 invidia,
1931 4319 1974 4337 ἡ
2002 4260 2223 4312 sanctae
2251 4254 2524 4311 Ecclesia:
2551 4256 2969 4328 praedicatores
3014 4257 3364 4331 accipimus,
3422 4257 3653 4317 instito-

222 4357 375 4430 quia
408 4356 753 4428 superbiam
782 4371 904 4412 non
934 4354 1232 4428 relinquit.
1270 4352 1545 4425 Sequitur
1576 4369 1589 4407 :
1932 4345 1976 4371 υ
2001 4364 2138 4403 rum
2169 4345 2323 4402 ﬁlios
2351 4351 2620 4419 pastores
2649 4350 2706 4403 et
2734 4346 3029 4415 doctores,
3084 4347 3190 4420 qui
3245 4347 3656 4420 apostolorum

302 4445 481 4501 Vens.
510 4452 562 4501 6.
596 4446 783 4501 Locus
811 4445 1091 4513 sapphiri
1118 4442 1347 4511 lapides
1391 4444 1541 4511 ejus,
1592 4447 1650 4497 et
1703 4442 1892 4512 gleba:
2006 4437 2168 4493 viam
2200 4434 2383 4491 secuti
2411 4441 2566 4504 sunt,
2600 4435 2684 4491 nil
2711 4436 2911 4493 obstat
2937 4435 3202 4506 intelligi.
3236 4437 3347 4503 Qui
3386 4439 3657 4509 Synago—

228 4533 406 4589 illius
432 4548 764 4589 aurum.—
795 4532 947 4597 Quid
977 4531 1138 4586 enim
1159 4530 1273 4586 hoc
1320 4528 1452 4584 loco
1507 4543 1613 4600 per
1659 4528 1892 4601 lapides
2006 4544 2148 4599 gam
2176 4526 2421 4583 minime
2450 4526 2853 4593 calcaverunt,
2913 4526 3056 4599 quia
3102 4527 3252 4583 dum
3300 4543 3510 4585 eorum
3557 4529 3658 4583 Pa:

230 4621 351 4678 nisi
382 4626 727 4678 sanctorum
757 4638 827 4677 ac
852 4620 1093 4679 fortium
1133 4624 1365 4675 mentes
1416 4618 1743 4690 accipimus
1774 4619 1801 4674 ?
1830 4622 1893 4675 ln
2006 4623 2144 4684 tres,
2174 4616 2236 4673 id
2257 4620 2362 4681 est,
2396 4615 2653 4688 apostoli
2679 4615 2758 4671 ab
2782 4614 2884 4671 illa
2912 4615 3134 4688 repulsi
3154 4620 3313 4688 sunt,
3358 4615 3474 4691 ipsi
3508 4631 3661 4689 quo-

231 4710 542 4784 Scriptura
572 4710 791 4767 etenim
820 4727 991 4769 sacra
1018 4708 1348 4782 aliquando
1375 4706 1607 4780 lapides
1630 4707 1692 4763 in
1713 4708 1898 4779 malo,
2010 4723 2127 4779 que
2153 4705 2232 4760 ab
2262 4705 2391 4775 ejus
2412 4704 2727 4760 vocatione
2749 4709 3154 4760 cessaverunt.
3183 4706 3294 4765 Per
3343 4720 3530 4779 quam
3584 4703 3662 4765 vi-

233 4799 573 4874 aliquando
604 4816 743 4857 vero
773 4800 833 4857 in
864 4799 1028 4855 bono
1049 4798 1240 4870 accipi
1270 4796 1480 4853 solent.
1519 4796 1667 4852 Hinc
1719 4798 1901 4855 Joan-
2013 4795 2225 4851 delicat
2269 4796 2655 4865 Synagogam
2701 4792 2895 4851 leaena
2935 4810 3059 4849 non
3111 4794 3473 4867 pertransiit,
3521 4794 3666 4868 quia

234 4904 349 4945 nes
379 4889 615 4960 [Lucas]
640 4889 723 4945 ait
753 4906 766 4944 :
799 4912 824 4937 ‹‹
857 4892 1067 4944 Potens
1121 4891 1211 4942 est
1269 4889 1423 4941 Deus
1472 4886 1547 4942 de
1598 4885 1904 4958 lapidibus
2015 4888 2220 4941 sancta
2252 4882 2510 4940 Ecclesia
2535 4882 2865 4939 collectioni
2891 4884 3157 4954 gentium
3186 4884 3389 4941 dedita
3434 4900 3665 4961 nequa-

236 4979 371 5035 istis
402 4980 689 5037 suscitare
738 4978 889 5035 ﬁlios
946 4978 1199 5034 Abrahae
1254 4978 1422 5048 (Luc.
1473 4993 1555 5043 ιιι,
1588 4978 1663 5047 8).
1698 5000 1726 5027 ››
1758 4977 1907 5034 Hinc
2014 4991 2200 5047 quam
2233 4990 2294 5029 se
2316 4972 2395 5030 ad
2425 4972 2592 5031 illum
2608 4972 2831 5028 Judaeas
2854 4973 3147 5046 populum
3162 4973 3386 5035 diutius
3406 4990 3667 5046 occupa.-

239 5072 452 5125 Petrus
478 5068 560 5126 ait
590 5087 603 5127 :
634 5092 663 5119 «
698 5072 763 5125 Et
788 5086 894 5125 vos
912 5072 1204 5141 tanquam
1231 5066 1464 5139 lapides
1495 5065 1611 5122 vivi
1652 5082 1910 5139 superae-
2016 5064 2114 5119 vit.
2149 5065 2322 5120 Recte
2352 5067 2553 5120 autem
2586 5061 2841 5119 Ecclesia
2870 5062 3059 5123 leaena
3088 5070 3492 5139 nuncupatur,
3523 5062 3669 5134 quia

239 5156 581 5215 diticamini
607 5158 825 5216 domos
854 5158 1145 5231 spiritales
1175 5159 1232 5224 (Ι
1254 5158 1419 5213 Petr.
1454 5173 1511 5226 ιι,
1568 5156 1646 5226 5).
1694 5178 1722 5206 ››
1766 5159 1909 5228 Sap-
2020 5153 2175 5211 male
2197 5152 2546 5209 viventesin
2601 5153 2751 5209 vitiis
2798 5168 2901 5209 ore
2957 5157 3181 5213 sanctis
3226 5148 3669 5227 praedicationis

242 5247 464 5321 phirus
493 5249 743 5321 quidem
772 5248 923 5321 lapis
943 5248 1207 5305 colorem
1238 5246 1392 5302 aeris
1422 5245 1625 5311 habet,
1660 5250 1714 5302 et
1767 5246 1912 5317 quia
2016 5243 2309 5300 interﬁcit.
2340 5242 2598 5298 Ecclesia
2627 5242 2829 5315 itaque
2860 5259 2968 5315 per
3003 5246 3390 5315 Synagogam
3416 5235 3668 5309 transiit,

243 5337 322 5393 de
348 5338 561 5394 Judeea
588 5354 907 5411 nunquam
938 5342 1156 5393 sanctae
1175 5336 1415 5399 animae,
1442 5352 1578 5408 quae
1609 5335 1913 5391 ccelestem
2022 5334 2129 5389 sed
2152 5349 2274 5389 non
2306 5332 2662 5406 pertransiit,
2694 5332 2838 5406 quia
2865 5349 2939 5389 ex
2966 5332 3068 5388 illa
3099 5332 3180 5387 ad
3219 5330 3402 5385 ﬁdem
3449 5343 3673 5397 paucos

245 5426 441 5482 vitam
470 5426 776 5493 ducerent,
806 5425 1142 5483 defuerunt.
1171 5423 1425 5478 dicitur:
1462 5425 1648 5479 Locus
1669 5424 1913 5492 sapphi—
2022 5422 2235 5495 rapuit.
2273 5420 2547 5494 Sequitur
2582 5441 2594 5477 :

250 5519 309 5572 ri
338 5515 575 5586 lapides
600 5519 749 5587 ejus.
786 5517 850 5570 Et
872 5529 1061 5586 quam
1091 5527 1318 5581 magna
1345 5512 1476 5568 vitae
1508 5529 1577 5569 ac
1607 5512 1915 5585 sapientia
2096 5512 2270 5567 Vens.
2298 5514 2349 5567 9.
2376 5511 2476 5567 Ad
2492 5512 2716 5567 siticem
2743 5509 3009 5573 extendit
3036 5520 3278 5562 manum
3318 5520 3508 5575 suam,
3536 5507 3675 5565 subs

250 5606 524 5662 claritate
546 5621 651 5678 per
679 5603 863 5660 ﬁdem
892 5600 1072 5669 fulsit,
1096 5600 1444 5671 adjungitur
1472 5619 1484 5655 :
1520 5602 1597 5655 Et
1625 5602 1811 5672 gtebw
1841 5602 1918 5658 it-
2028 5602 2201 5656 vertit
2224 5615 2262 5655 a
2281 5600 2584 5656 radicibus
2610 5598 3169 5654 montes—Manum
3193 5594 3419 5667 quippe
3447 5593 3527 5651 ad
3557 5594 3677 5649 sili-

1984 3375 2075 3429 nis
2098 3371 2408 3428 codicibus
2442 3369 2741 3426 institores
2773 3370 3002 3444 positos
3033 3371 3383 3443 reperimus,
3409 3372 3469 3428 in
3487 3373 3639 3428 Grae-

1986 3463 2069 3518 cis
2100 3477 2238 3517 vero
2260 3458 2660 3529 negotiatores
2690 3459 3056 3516 invenimus.
3086 3460 3196 3526 Qui
3223 3461 3337 3519 hoc
3356 3460 3490 3519 loco
3518 3460 3639 3525 ins-
