4146 6156
483 143 586 200 327

1535 120 1593 176 S.
1635 116 1892 174 ODONIS
1931 111 2221 169 ABBATIS
2260 108 2761 166 CLUNIACENSIS
2809 109 2856 161 Il

3801 108 3916 160 328

484 283 616 323 cem
646 259 921 324 extendit,
946 254 1090 328 quia
1120 251 1196 306 ad
1220 245 1500 304 duritiam
1535 241 1802 314 gentium
1828 255 1952 294 suae
2000 237 2136 293 bra-
2165 238 2215 291 Α
2258 248 2380 328 non
2411 232 2652 299 invenit,
2681 229 2850 328 fateri
2863 229 3042 328 solet,
3074 227 3219 326 quia
3259 226 3410 325 quid
3463 226 3643 283 faciat
3673 229 3908 328 ‘nescit.

485 355 684 411 chium
716 327 1154 422 prmdicationis
1185 338 1362 394 misit.
1391 333 1556 390 Unde
1587 335 1645 422 et
1672 327 2136 422 eisdem-beatus

483 446 514 497 J
519 442 596 498 ob
619 413 922 513 passionis
941 448 1064 488 sua:
1085 426 1394 486 historiam
1414 421 1738 496 praesciens
1761 416 2038 513 gentib-us
2053 413 2132 468 in-

483 504 912 588 notescendam
941 521 1118 578 dicit:
1155 540 1182 568 ‹‹
1219 515 1563 574 Scribantur
1591 510 1720 564 haec
1752 505 1907 578 stylo
1949 504 2139 560 ferreo

481 621 542 677 in
573 616 807 692 plumbi
835 613 1081 678 lamina,
1124 607 1218 664 vel
1265 607 1420 661 certe
1475 598 1827 671 sculpantur
1875 595 1936 650 in
1981 592 2140 690 silice

484 678 635 781 (Jol).
661 723 782 774 XIX,
805 703 918 775 24).
953 721 982 754 »
1011 697 1164 765 Quid
1193 710 1334 750 vero
1381 692 1496 746 hoc
1551 688 1710 781 loco_
1733 687 1986 748 montes,
2027 678 2142 735 nisi

482 774 664 868 hujus
696 774 898 850 saeculi
927 789 1202 862 potentes
1231 779 1579 854 accipimus,
1611 774 1714 848 qui
1743 788 1853 846 pro
1909 777 2143 868 terrena

486 859 821 944 substantia
851 859 1036 937 altum
1074 875 1307 932 tument
1345 872 1372 926 ?
1417 873 1495 924 De
1549 865 1770 938 quibus
1827 859 2142 916 Psalmista

488 976 570 1032 ait
601 992 614 1030 :
649 997 676 1024 «
705 977 904 1042 Tange
930 971 1186 1031 montes,
1219 967 1276 1017 et
1303 955 1686 1026 fumigabunt
1728 951 1928 1042 (Εεαι.Δ
1949 962 2137 1008 cxun,

433 1115 440 1120 .
488 1069 564 1134 5).
593 1088 621 1114 »
649 1061 760 1120 Sed
783 1037 1015 1116 mbntes
1036 1072 1072 1111 a
1095 1049 1397 1109 radicibus
1429 1047 1571 1100 sunt
1600 1040 1804 1102 eversi,
1829 1037 1976 1134 quia
1997 1051 2144 1108 prae-

487 1127 724 1211 dicante
753 1153 960 1207 sancta
985 1142 1243 1202 Ecclesia
1274 1135 1497 1193 summi
1545 1133 1727 1203 hujus
1781 1127 1982 1184 seaculi
2032 1141 2140 1198 po-

489 1248 676 1301 tentes
707 1242 770 1297 iu
801 1241 1053 1296 adoratu
1080 1226 1507 1302 omnipotentis
1533 1222 1634 1278 Dei
1667 1220 1746 1276 ab
1789 1218 1999 1274 intima
2051 1230 2144 1272 co-

489 1331 771 1403 gitatione
813 1325 1170 1383 ceciderunt.
1207 1316 1480 1390 Sequitur
1512 1331 1524 1403 :

559 1423 725 1475 Vens.
763 1417 922 1473 {0.I-n
950 1413 1136 1484 petris
1167 1409 1324 1464 rivos
1350 1402 1686 1464 e.1:cidit,——
1713 1395 1774 1452 id
1805 1401 1924 1484 est,
1939 1393 2000 1449 in
2031 1393 2140 1447 du-

485 1509 567 1564 ris
597 1505 907 1579 gentilium
933 1483 1214 1557 cordibus
1253 1493 1465 1550 ﬂuvios
1523 1483 1966 1579 praedicationis
2009 1497 2144 1579 ape-

2247 321 2432 392 Hujus
2459 335 2601 390 ergo
2625 317 2928 391 sapientia).
2952 315 3211 389 pretium
3240 315 3467 370 nescire
3496 319 3604 384 est,
3655 315 3910 386 dignum

2247 410 2442 483 operis
2469 409 2748 464 meritum
2773 423 2895 480 quo
2918 406 3082 463 illam
3105 404 3396 478 percipiat
3443 420 3566 460 non
3620 404 3906 462 invenire.

2246 499 2334 554 Ad
2365 499 2478 554 hoc
2499 511 2764 569 namque
2787 495 3046 569 pretium
3075 494 3314 563 damus,
3348 498 3414 550 ut
3442 493 3572 564 ejus
3605 493 3734 550 vice
3779 511 3914 550 rem

2247 603 2434 661 quam
2460 586 2802 659 appetimus
2854 582 3159 658 possidere
3189 582 3540 640 debeamus.
3597 583 3752 648 Quid
3805 599 3914 640 au-

2249 681 2368 734 tem
2392 692 2516 732 non
2546 674 2846 743 dedimus,
2867 680 2932 730 ut
2959 675 3120 730 hanc
3151 673 3528 746 sapientiam,
3556 688 3694 745 qua:
3721 671 3916 728 Chris-

2249 769 2344 821 tus
2373 769 2479 831 est,
2511 763 2816 836 percipere
2845 777 3213 818 mereremur
3239 761 3267 816 ‘?
3299 761 3494 818 Gratia
3537 760 3764 833 quippe
3817 775 3914 816 re-

2249 853 2478 927 dempti
2519 869 2749 908 sumus.
2809 852 2956 908 Hinc
3003 851 3225 907 Paulus
3282 850 3408 906 ait:
3471 873 3499 899 «
3529 850 3676 906 Cum
3707 848 3916 905 adhuc

2249 947 2591 1016 peccatores
2618 957 2886 997 essemus
2931 940 3264 996 secundum
3325 943 3582 1011 tempus,
3643 937 3918 994 Christus

2249 1047 2360 1104 pro
2389 1030 2589 1103 impiis
2619 1035 2892 1086 mortuus
2917 1033 3005 1084 est
3031 1030 3218 1097 (Rom.
3251 1045 3308 1096 v,
3341 1031 3393 1094 8,
3427 1028 3502 1100 9).
3533 1049 3559 1078 ››
3587 1027 3864 1099 Sequitur
3899 1043 3913 1080 :

2249 1121 2372 1176 Nec
2401 1121 2740 1176 invenietur
2768 1121 2830 1174 in
2853 1123 3018 1175 terra
3041 1118 3309 1174 suaviter
3330 1114 3918 1180 viventium—Quid

2221 1209 2364 1288 hoc
2391 1207 2525 1264 loco
2559 1207 2830 1278 signatur
2855 1211 3022 1262 terra:
3075 1205 3340 1272 nomine,
3393 1204 3508 1260 nisi
3545 1203 3751 1260 anima
3797 1203 3914 1258 hu—

2249 1314 2435 1356 mana
2456 1301 2482 1355 ‘?
2503 1297 2578 1353 de
2609 1313 2732 1369 qua
2753 1296 3065 1353 Psalmista
3087 1297 3168 1352 ait
3201 1313 3214 1350 :
3241 1319 3269 1346 «
3301 1295 3517 1350 Anima
3566 1309 3702 1350 mea
3753 1293 3908 1348 sicut

2251 1393 2427 1455 terra,
2457 1387 2583 1442 sine
2611 1401 2772 1458 aqua
2792 1385 2898 1441 tibi
2928 1386 3117 1456 (Psal.
3147 1399 3326 1453 CXLII,
3358 1385 3432 1454 6).
3461 1407 3487 1434 »
3521 1384 3655 1439 Haec
3705 1386 3914 1438 autem

2253 1478 2544 1550 sapientia
2571 1475 2822 1532 inveniri
2842 1477 2907 1531 in
2935 1482 3099 1532 terra
3139 1475 3406 1532 suaviter
3435 1475 3756 1530 viventium
3787 1487 3916 1528 non

486 1560 632 1666 Eii:
643 1560 932 1664 Vsicutper
958 1587 1318 1662 prophetam
1349 1560 1590 1653 quoque
1612 1575 1686 1630 de
1705 1571 2012 1642 irriganda
2053 1567 2140 1622 di-
2175 1590 2214 1642 Β
2251 1567 2428 1665 valet,
2453 1566 2604 1666 quia.
2623 1565 2900 1638 quisquis
2919 1563 3118 1664 adhuc
3133 1564 3315 1664 hujus
3499 1560 3914 1634 voluptatibus

490 1661 640 1740 citur
670 1661 940 1738 ariditate
972 1673 1300 1745 gentilium.
1332 1668 1540 1724 Posuit
1571 1665 1866 1720 desertum
1889 1661 1950 1714 in
1980 1663 2142 1728 stag-

490 1787 574 1828 na
597 1784 914 1841 aquarum,
938 1771 991 1821 et
1015 1769 1240 1819 terram
1260 1760 1388 1815 sine
1415 1769 1574 1826 aqua
1602 1754 1665 1810 in
1713 1750 1908 1808 exitus
1955 1762 2144 1818 aqua—

491 1837 1089 1930 rum._Sequitur_:Et
1141 1865 1310 1907 omne
1353 1845 1680 1917 pretiosum
1734 1840 1886 1897 vidit
1937 1837 2144 1893 oculus

493 1945 1041 2021 ejus.—Sciendum
1071 1951 1458 2010 magnopere,
1493 1933 1636 2006 quia
1665 1934 1828 1986 tanto
1860 1941 2144 1998 unaquae-

492 2019 610 2114 que
637 2038 840 2095 anima
865 2035 931 2090 ﬁt
958 2030 1271 2107 pretiosior
1300 2030 1435 2114 ante
1487 2021 1694 2114 oculos
1744 2019 1864 2114 Dei,
1917 2019 2146 2114 quanto

491 2103 603 2202 pro
634 2141 839 2183 amore
867 2103 1130 2179 veritatis
1164 2113 1498 2190 despectior
1527 2109 1704 2166 fuerit
1752 2110 1893 2202 ante
1940 2103 2146 2202 oculos

495 2191 656 2273 suOs.
693 2220 754 2270 In
801 2212 1102 2283 Scriptura
1162 2209 1370 2261 sancta
1413 2201 1613 2257 videre
1667 2195 1768 2252 Dei
1821 2191 2147 2266 aliquando

491 2321 602 2378 pro
633 2304 848 2374 eligere
876 2298 1136 2373 ponitur.
1171 2293 1323 2350 Vidit
1349 2291 1700 2378 pretiosum,
1754 2283 2148 2378 cum-huma-

491 2369 639 2449 nam
669 2369 940 2448 animam
961 2387 1035 2442 de
1067 2401 1128 2439 se
1152 2382 1390 2452 abjecta
1413 2377 1744 2449 sapientem
1786 2369 1988 2442 gratia:
2025 2383 2148 2422 suae

493 2479 881 2536 illustratione
909 2472 1192 2545 respexit,
1219 2470 1292 2523 de
1324 2483 1447 2539 qua
1475 2462 1746 2520 videlicet
1789 2459 1993 2515 anima
2044 2470 2150 2528 per

493 2569 856 2642 prophetam
879 2563 1135 2619 dicitur:
1185 2559 1253 2614 Si
1309 2553 1683 2624 separaveris
1738 2549 2061 2642 pretiosum
2113 2559 2150 2599 a

500 2635 633 2728 viti,
663 2655 836 2727 quasi
859 2669 919 2708 os
947 2665 1140 2706 meum
1174 2661 1287 2702 eris
1309 2645 1454 2715 (Jer.
1486 2658 1585 2708 xv,
1619 2641 1723 2711 19).
1756 2635 2030 2709 Sequitur
2063 2652 2074 2689 :

569 2747 746 2801 Vens.
784 2743 870 2797 ll.
904 2737 1222 2808 Profunda
1252 2748 1476 2806 quoque
1498 2732 1822 2801 ﬂuviorum
1846 2730 2150 2782 scrutatus

499 2839 603 2902 est,
650 2839 703 2890 et
725 2828 1075 2889 abscondita
1097 2827 1158 2880 in
1187 2825 1374 2878 lucem
1405 2813 1950 2890 produxit—Quid
1982 2827 2150 2868 nam-

2251 1655 2630 1730 pascitur,ab
2662 1659 2896 1710 aeternae
2923 1653 3228 1726 sapientiai
3253 1651 3551 1710 intellectu
3575 1653 3914 1724 separatur.

2255 1751 2400 1803 Nam
2435 1745 2482 1800 si
2504 1761 2638 1801 vere
2661 1749 2916 1817 saperet,
2947 1743 3235 1816 expulsus
3260 1741 3338 1799 ab
3372 1741 3622 1798 internis
3677 1739 3917 1812 gaudiis

2254 1835 2328 1892 de
2381 1851 2453 1890 ea
2509 1834 2572 1889 in
2615 1850 2738 1906 qua
2783 1833 2995 1889 cecidit
3018 1831 3211 1888 exsilii
3239 1832 3332 1887 sui
3360 1831 3622 1888 caecitate
3665 1830 3914 1900 lugeret.

2257 1925 2406 1979 Hinc
2435 1937 2700 1995 namque
2731 1937 2837 1994 per
2865 1921 3247 1980 Salomonem
3277 1919 3492 1976 dicitur
3521 1938 3534 1974 :
3586 1942 3613 1968 «
3657 1917 3768 1984 Qui
3811 1933 3919 1990 ap-

2255 2013 2426 2087 ponit
2445 2011 2753 2068 scientiam
2783 2011 3034 2084 apponit
3063 2009 3336 2066 dolorem
3377 2009 3595 2082 (Eccle.
3645 2026 3682 2076 ι,
3735 2007 3848 2075 18).
3887 2029 3917 2056 ιι

2260 2103 2536 2175 Sequitur
2569 2119 2581 2156 :

2338 2231 2508 2283 Vsus.
2548 2231 2629 2284 14.
2653 2228 2921 2298 Abyssus
2947 2226 3094 2282 dicit
3121 2243 3133 2280 :
3163 2226 3298 2282 Non
3331 2231 3414 2282 est
3438 2221 3918 2289 mecum—Quid

2257 2319 2372 2374 hoc
2401 2317 2534 2372 loco
2589 2316 2881 2390 abyssum
2923 2315 3038 2371 nisi
3080 2314 3266 2370 corda
3317 2313 3632 2370 hominum
3689 2312 3918 2368 vocat?

2259 2423 2396 2479 quae
2418 2411 2474 2462 et
2493 2421 2600 2479 per
2627 2405 2869 2478 lapsum
2899 2403 3106 2472 ﬂuida,
3131 2407 3189 2458 et
3209 2418 3318 2476 per
3337 2402 3750 2475 duplicitatem
3781 2404 3922 2456 sunt

2260 2493 2512 2563 caligine
2565 2492 2902 2548 tenebrosa.
2946 2493 3087 2556 Quin
3143 2490 3434 2546 nimirum
3479 2489 3740 2562 abyssus
3793 2503 3920 2550 non

2261 2600 2390 2640 esse
2419 2583 2482 2638 in
2515 2599 2578 2638 se
2603 2582 2762 2638 hanc
2794 2581 3152 2654 sapientiam
3181 2580 3513 2652 proﬁtetur,
3545 2580 3692 2652 quia
3709 2579 3924 2651 iniqua

2261 2688 2432 2729 mens
2463 2671 2610 2727 dum
2641 2687 2770 2726 esse
2795 2670 3035 2743 sapiens
3063 2667 3381 2726 carnaliter
3402 2669 3647 2742 appetit,
3679 2667 3922 2723 stultam

2262 2766 2386 2819 tam
2415 2777 2478 2817 se
2508 2760 2588 2816 ad
2619 2759 2907 2831 spiritalia
2934 2757 3214 2814 ostendit.
3245 2761 3518 2830 Namque
3541 2761 3682 2812 teste
3715 2755 3918 2824 Paulo,

2263 2871 2291 2901 ‹‹
2328 2848 2628 2922 Sapientia
2655 2848 2838 2918 hujus
2865 2847 3076 2902 mundi
3103 2846 3345 2902 stultitia
3389 2851 3480 2902 est
3528 2845 3694 2919 apud
3733 2847 3922 2902 Deum

498 2939 617 2996 que
643 2921 740 2977 hic
771 2917 934 2975 θλίυά
981 2911 1252 3009 ΠΨΠΞΠῨ
1283 2908 1440 3009 ,Ifisi'
1473 2907 1862 3009 antiquorum
1879 3007 1890 3009 _
1911 2905 2153 3009 Ρ
2185 2938 2225 2992 C
2266 2941 2300 2994 Ι
2493 2955 2571 3004 ni,
2609 2939 2716 3008 l9).
2738 2905 2781 2986 ⁷»
2812 2940 2996 2993 Tanto
3025 2935 3300 3009 quisquis
3316 2936 3476 2992 intus
3501 2905 3764 3008 amplius
3785 2933 3924 2990 stul-

499 2989 658 3067 dicta
677 3005 1104 3078 nuncupantur
1133 3001 1161 3054 ?
1192 2998 1305 3056 Sed
1333 2997 1552 3052 horum
1580 2993 1900 3049 fluminum
1943 2989 2156 3062 Judsea

501 3100 762 3175 speciem
808 3093 1010 3162 tenuit,
1038 3091 1186 3146 dum
1233 3088 1437 3144 litterae
1495 3082 1870 3175 superﬁciem
1921 3085 2151 3138 tenens.

504 3170 716 3247 eorum
744 3182 1051 3260 profunda
1081 3177 1327 3236 nescivit
1354 3195 1367 3245 ;
1397 3191 1508 3231 nos
1537 3189 1680 3228 vero
1729 3170 1999 3228 veniente
2040 3171 2153 3223 Do-

499 3280 666 3336 mino
689 3278 749 3334 in
781 3275 863 3332 eis
910 3273 1146 3329 interna
1203 3264 1488 3340 spiritalia
1540 3262 1886 3335 quaerimus,
1947 3273 2155 3314 eorum

500 3366 806 3443 profunda
825 3363 1137 3420 rimamur.
1173 3355 1345 3424 Quod
1374 3355 1502 3443 ipse
1533 3351 1824 3408 Dominus
1847 3349 2043 3412 facere
2073 3345 2157 3400 di—

503 3439 676 3528 citur,
710 3455 854 3529 quia
877 3452 939 3508 id
961 3467 1072 3507 nos
1104 3461 1280 3519 agere
1301 3445 1433 3518 ipso
1450 3442 1714 3498 donante
1735 3439 2152 3514 praevalemus.

503 3551 610 3604 Per
639 3523 752 3602 nos
783 3557 925 3612 ergo
955 3538 1060 3612 qui
1107 3551 1230 3592 non
1271 3533 1530 3590 litteram
1577 3545 1714 3602 quea
1767 3526 2000 3594 occidit,
2052 3523 2159 3580 sed

504 3635 778 3709 spiritum
809 3630 914 3704 qui
941 3625 1202 3684 vivificat
1257 3622 1348 3693 (ΙΙ
1393 3620 1529 3676 Cor.
1587 3633 1676 3686 ni,
1733 3618 1787 3684 6)
1827 3615 2154 3709 sequimur,

503 3703 807 3800 p-rofunda
830 3703 1159 3775 ﬂuviorum
1181 3709 1468 3768 Dominus
1484 3709 1800 3772 scrutatur,
1830 3707 1886 3760 et
1915 3703 2160 3800 abscon-

503 3789 629 3870 dita
653 3815 713 3868 in
742 3810 940 3865 lucem
968 3801 1264 3879 producit,
1292 3799 1439 3873 quia
1467 3796 1627 3853 dicta
1649 3794 1817 3865 legis,
1845 3809 1980 3866 quae
2027 3789 2161 3847 cali-

506 3919 655 3975 gosa
682 3899 860 3957 nimis
879 3893 1127 3953 historia
1151 3891 1454 3956 obscurat,
1487 3901 1648 3943 nunc
1698 3881 1988 3956 expositio
2037 3879 2158 3953 spi-

505 3971 692 4050 ritalis
721 3986 1037 4046 illuminat.
1067 3981 1234 4040 Unde
1258 3979 1582 4050 etloquens
1607 3991 1670 4030 in
1700 3971 2004 4046 parabolis
2055 3985 2162 4043 per

505 4078 898 4152 Evangelium
933 4073 1163 4131 Veritas
1191 4066 1504 4142 discipulis
1574 4061 1845 4152 praecipit
1880 4061 2087 4152 dicens
2144 4077 2157 4152 :

508 4149 728 4236 «Quod
742 4167 876 4223 dico
897 4162 1069 4219 vobis
1085 4161 1146 4216 in
1171 4157 1432 4215 tenebris
1476 4153 1653 4209 dicite
1706 4152 1767 4206 in
1807 4149 2054 4210 lumine,
2107 4150 2162 4202 et

507 4257 676 4333 quod
703 4256 765 4310 in
794 4268 937 4310 aure
963 4248 1182 4307 auditis
1204 4245 1528 4320 praedicate
1547 4255 1729 4314 super
1743 4243 1896 4295 tecta
1918 4237 2158 4308 (Matth.

508 4363 570 4419 x,
599 4345 711 4417 27).
749 4367 776 4394 ››
809 4340 1085 4414 Sequitur
1113 4355 1126 4393 :

581 4437 754 4490 Vens.
819 4433 904 4498 12,
963 4433 1049 4485 13.
1099 4423 1412 4494 Sapientia
1461 4435 1598 4477 vero
1629 4419 1732 4474 ubi
1757 4417 2082 4479 invenitur,
2112 4420 2166 4472 et

511 4525 642 4597 quis
671 4528 754 4579 est
806 4521 966 4576 locus
992 4512 1403 4584 intelligentiae
1431 4513 1459 4564 ?
1480 4508 1682 4564 Nescit
1717 4507 1888 4597 nemo
1907 4505 2166 4574 pretium

512 4594 844 4688 ejus.-Vir
863 4608 1064 4680 itaque
1094 4605 1337 4660 sanctus
1374 4613 1564 4672 quam
1613 4594 1968 4668 sapientiam
2026 4609 2169 4650 con-

511 4683 859 4778 templatur,
892 4695 1006 4754 nisi
1031 4710 1168 4751 eam
1188 4692 1262 4749 de
1287 4705 1412 4763 qua
1427 4687 1645 4744 Paulus
1661 4684 1970 4758 apostolus
1991 4683 2130 4740 dicit
2153 4701 2166 4738 :

516 4820 546 4849 ‹‹
579 4775 876 4854 Christum
905 4786 1008 4842 Dei
1053 4784 1353 4846 virtutem,
1403 4783 1460 4836 et
1509 4777 1608 4833 Dei
1655 4775 2012 4848 sapientiam
2041 4775 2068 4830 ?
2117 4776 2178 4843 (I

517 4887 655 4943 Cor.
713 4899 754 4953 1,
801 4879 917 4949 24.)
972 4895 999 4925 »
1051 4877 1132 4930 De
1187 4887 1313 4944 qua
1360 4885 1466 4942 per
1497 4866 1879 4925 Salomonem
1909 4864 2166 4920 dicitur:

518 4994 550 5028 α
579 4968 883 5044 Sapientia
909 4961 1223 5020 aediﬁcavit
1243 4959 1356 5014 sibi
1385 4955 1869 5044 domumiProv.
1893 4955 2059 5044 IX,”
2093 4971 2111 5044 Ξ
2143 4975 2170 5003 ››

518 5065 576 5120 et
604 5041 679 5117 de
708 5072 833 5131 qua
861 5051 1174 5110 Psalmista
1199 5048 1279 5105 ait
1305 5065 1316 5102 :
1353 5069 1380 5096 ‹‹
1406 5044 1620 5104 Omnia
1643 5043 1707 5098 in
1745 5042 2035 5114 sapientia
2087 5041 2172 5097 fe-

519 5151 651 5211 cisti
679 5147 999 5220 (Psal.cn1,
1025 5140 1136 5213 24).
1157 5157 1188 5192 ›
1219 5137 1408 5208 Hujus
1426 5133 1712 5191 nimirum
1737 5131 2042 5204 sapientiae
2067 5131 2173 5187 ho-

519 5257 622 5300 mo
644 5235 903 5314 pretium
919 5231 1128 5300 nescit,
1154 5227 1300 5302 quia
1325 5224 1474 5281 nihil
1501 5223 1755 5294 dignum
1786 5221 2174 5277 aestimatione

519 5310 677 5386 illius
706 5322 932 5383 invenit
963 5339 977 5390 ;
1009 5335 1134 5376 non
1162 5319 1364 5374 autem
1385 5315 1500 5370 hoc
1559 5310 1863 5384 sapientiae
1921 5310 2175 5381 pretium

524 5423 582 5474 et
609 5432 736 5472 esse
767 5413 982 5471 dicitur
1011 5414 1070 5466 et
1097 5405 1332 5474 nesciri,
1366 5403 1469 5458 sed
1507 5401 1728 5457 idcirco
1767 5397 1982 5454 nesciri
2035 5398 2178 5470 quia

525 5504 712 5572 deest,
738 5517 808 5557 co
831 5501 1051 5556 scilicet
1077 5493 1367 5570 loquendi
1397 5506 1633 5562 genere,
1656 5503 1779 5560 quo
1805 5487 1864 5541 in
1890 5485 2178 5555 angustiis

524 5592 784 5667 quisque
813 5589 1136 5660 depressus
1184 5601 1323 5641 cum
1381 5579 1716 5638 remedium
1765 5574 2178 5632 subventionis

2263 3033 2361 3084 tus
2385 3027 2470 3098 iit,
2494 3030 2722 3099 quanto
2753 3029 3004 3082 conatur
3033 3024 3291 3081 exterius
3321 3023 3561 3096 sapiens
3589 3023 3797 3079 videri.
3829 3024 3924 3080 Se-

2264 3117 2468 3189 quitur
2501 3117 2600 3170 :Et
2622 3130 2790 3171 mare
2819 3115 3088 3185 loquitur
3120 3132 3132 3169 :
3163 3115 3296 3170 Non
3333 3118 3417 3170 est
3442 3109 3926 3177 mecum.—-Quid

2266 3205 2428 3262 enim
2499 3203 2684 3260 maris
2748 3202 2993 3258 nomine
3046 3201 3160 3257 nisi
3208 3201 3586 3258 saecularium
3633 3199 3928 3256 mentium

2267 3309 2477 3352 amara
2505 3291 2861 3364 inquietudo
2887 3291 3158 3361 signatur
3187 3307 3345 3364 ;que
3387 3290 3536 3345 dum
3567 3306 3628 3345 se
3659 3287 3926 3344 vicissim

2266 3382 2587 3440 inimicitiis
2618 3381 2933 3454 impetunt,
2965 3379 3139 3453 quasi
3187 3379 3575 3436 adversantes
3631 3394 3697 3433 se
3747 3376 3928 3434 undae

2269 3471 2559 3530 collidunt
2585 3472 2612 3526 ‘I
2637 3473 2806 3526 Recte
2836 3469 2997 3524 enim
3021 3484 3187 3524 mare
3220 3468 3338 3524 vita
3363 3466 3738 3524 saecularium
3769 3465 3928 3526 dici-

2268 3567 2382 3628 tur,
2415 3559 2561 3632 quia
2586 3557 2733 3613 dum
2754 3557 3104 3630 procellosis
3131 3557 3436 3612 actionum
3482 3555 3748 3611 motibus
3791 3569 3930 3611 con-

2270 3651 2501 3711 citatur,
2531 3647 2608 3704 ab
2629 3645 2875 3702 internae
2905 3646 3210 3718 sapientiai
3253 3645 3450 3718 quiete
3505 3651 3684 3717 atque
3711 3642 3934 3700 stabili-

2269 3741 2390 3795 tate
2411 3735 2792 3807 disjungitur.
2829 3736 2958 3801 Quo
2989 3738 3197 3791 contra
3225 3734 3379 3790 bene
3409 3749 3514 3806 per
3569 3733 3932 3807 prophetam

2270 3826 2485 3882 dicitur
2511 3842 2524 3880 :
2549 3827 2739 3896 Super
2763 3839 2948 3896 quem
2971 3823 3290 3896 requiescit
3308 3822 3558 3895 Spiritus
3583 3837 3776 3888 meus,
3809 3820 3932 3878 nisi

2272 3930 2453 3988 super
2489 3912 2782 3969 humilem
2811 3916 2868 3968 et
2896 3911 3167 3984 quietum
3211 3916 3268 3968 et
3315 3915 3668 3968 trementem
3707 3925 3936 3966 sermo-

2271 4019 2378 4060 nes
2399 4017 2568 4059 meos
2595 4001 2615 4053 Ψ
2645 4001 2762 4058 Isa.
2797 4017 2948 4068 vai,
2980 4001 3056 4072 2.)
3083 4023 3110 4050 »
3142 4000 3422 4074 Sequitur
3454 4017 3468 4056 :

2342 4133 2510 4185 Vens.
2544 4132 2628 4183 15.
2652 4128 2786 4182 Non
2825 4126 3072 4183 dabitur
3101 4141 3318 4183 aurum
3363 4126 3627 4182 obrizum
3674 4141 3788 4196 pro
3837 4139 3928 4181 ea.

2275 4250 2344 4260 ——
2370 4215 2543 4284 Quod
2563 4231 2830 4287 namque
2858 4231 2966 4287 per
2995 4231 3211 4271 aurum
3237 4213 3530 4284 obrizum,
3579 4213 3693 4269 nisi
3737 4213 3932 4270 sancti

2277 4307 2474 4378 angeli
2503 4305 2915 4376 designantur,
2947 4304 3053 4378 qui
3079 4309 3235 4362 recte
3275 4309 3333 4361 et
3366 4320 3584 4362 aurum
3615 4308 3932 4370 vocantur,

2278 4403 2336 4455 et
2386 4396 2650 4452 obrizum
2675 4397 2704 4448 ?
2745 4395 2994 4462 Aurum,
3049 4394 3196 4467 quia
3249 4393 3480 4464 fulgent
3507 4392 3776 4449 claritate
3801 4392 3936 4462 jus-

2277 4489 2415 4546 titiee
2451 4484 2779 4555 ;obrizum,
2809 4483 2955 4556 quia
2982 4483 3216 4540 nullum
3273 4483 3616 4539 habuerunt
3659 4497 3936 4554 unquam

2279 4577 2624 4648 contagium
2653 4574 2864 4648 culpae.
2897 4575 3174 4630 Homines
3200 4591 3340 4630 vero
3379 4573 3546 4645 justi,
3571 4571 3848 4647 quandiu
3873 4571 3936 4627 in

2277 4671 2393 4727 hac
2422 4681 2600 4724 carne
2629 4663 2997 4737 corruptibili
3045 4663 3374 4720 mortaliter
3423 4663 3654 4734 vivunt,
3715 4677 3936 4717 aurum

2278 4759 2503 4833 quippe
2529 4771 2662 4811 esse
2681 4758 2962 4826 possunt,
3012 4753 3280 4810 obrizum
3334 4751 3582 4810 omnino
3639 4767 3768 4808 esse
3813 4765 3938 4806 non

2278 4849 2570 4924 possunt,
2619 4843 2764 4916 quia
2813 4865 2840 4892 ‹‹
2889 4844 3118 4916 Corpus
3157 4843 3326 4916 quod
3378 4841 3782 4915 corrumpitur
3839 4855 3940 4912 ag-

2281 4939 2493 5008 gravat
2518 4933 2808 5004 animam,
2849 4937 2907 4988 et
2960 4937 3194 4989 terrena
3256 4931 3610 4988 inhabitatio
3657 4929 3942 5002 deprimit

2281 5039 2530 5084 sensum
2587 5021 2776 5078 multa
2832 5021 3194 5092 cogitantem
3253 5023 3410 5093 (Sap.
3441 5024 3664 5089 ix,15).
3721 5043 3748 5070 ››
3789 5021 3942 5075 Nam

2281 5112 2562 5189 quamvis
2619 5111 2680 5167 in
2727 5111 2843 5167 hac
2896 5110 3018 5167 vita
3072 5127 3142 5166 ex
3216 5125 3440 5182 magna
3506 5108 3750 5180 justitiaa
3825 5107 3946 5164 cla-

2281 5205 2450 5260 ritate
2478 5199 2918 5274 resplendeant,
2961 5215 3350 5272 nequaquam
3399 5198 3476 5254 ad
3527 5213 3774 5270 purum,
3807 5211 3948 5269 pec-

2284 5296 2556 5350 catorum
2613 5289 2892 5346 sordibus
2947 5293 3168 5357 carent,
3207 5292 3434 5345 Joanne
3463 5287 3740 5361 apostolo
3771 5289 3952 5342 attes-

2284 5385 2467 5449 tante,
2526 5379 2625 5452 qui
2681 5378 2807 5434 ait:
2869 5401 2896 5427 «
2959 5379 3016 5434 Si
3040 5377 3370 5434 dixerimus
3423 5377 3568 5450 quia
3621 5381 3948 5448 peccatum

2287 5487 2412 5527 non
2441 5469 2756 5538 habemus,
2781 5468 3058 5542 nosipsos
3090 5467 3458 5538 seducimus,
3507 5470 3566 5522 et
3615 5465 3839 5522 veritas
3883 5464 3950 5518 in

2291 5559 2468 5616 nobis
2495 5572 2616 5614 non
2649 5561 2736 5613 est
2765 5557 2824 5624 (Ι
2843 5559 3020 5614 Joan.
3039 5573 3077 5628 1,
3103 5559 3176 5629 8).
3209 5581 3234 5606 ν
3265 5556 3400 5626 Sed,
3421 5555 3566 5628 quia
3591 5569 3704 5627 pro
3719 5554 3838 5610 hac
3853 5569 3950 5609 sa-
