4146 6156
272 129 377 182 329

1116 125 1409 183 EPI'I‘OME
1439 123 1802 182 MORALIUM
1831 126 1886 179 S.
1920 122 2124 178 GREG.
2156 124 2224 180 IN
2249 126 2390 182 JOB.
2423 158 2491 167 —
2512 128 2651 185 συθ.
2685 131 2864 186 XVIII.

3600 136 3706 193 330

272 244 498 317 pientia
523 243 726 301 nullus
777 245 1131 315 angelorum
1180 246 1523 319 redemptor
1565 243 1815 301 humani
1846 248 1941 313 εξε-
1964 244 2020 311 ,Α
2050 261 2179 300 cem
2234 252 2290 302 et
2322 247 2585 305 claritate
2641 248 2889 323 fulgent,
2920 255 2976 308 et
2998 253 3259 326 puritate
3286 254 3651 313 translucent
3676 257 3705 313 ?

266 336 431 393 neris
447 333 773 390 mittendus
785 335 994 401 fuit,ne
1023 335 1159 408 quis
1181 350 1352 406 spem
1381 337 1443 390 in
1463 335 1738 408 his,quos
1765 338 1824 389 in
1838 333 1940 388 ad-

265 423 564 495 jutorium
595 423 913 480 hominum
940 424 1159 496 sapius
1186 425 1571 497 apparuissse
1593 423 1935 493 didicimus,

270 513 502 582 angelis
533 517 780 585 poneret
811 512 1039 568 dictum
1070 518 1161 569 est
1189 530 1200 566 :
1231 514 1368 569 Non
1394 513 1643 569 dabitur
1670 513 1935 568 obrizum

266 616 382 670 pro
410 615 502 657 ea.
555 600 872 672 Sequitur:
934 602 1057 658 Nec
1104 601 1482 671 appendetur
1527 607 1844 672 argentum
1873 602 1934 655 in

272 689 737 747 commutatione
789 692 938 759 ejus.
966 718 1039 730 -—
1088 689 1239 754 Quia
1283 690 1442 745 enim
1484 693 1732 759 argento
1776 705 1935 761 sape

252 778 518 851 ,eloquia
543 777 751 834 divina
781 778 1114 849 signantur,
1138 784 1393 851 possunt
1420 780 1649 847 argenti
1674 778 1938 834 vocabu-

269 868 330 924 lo
360 869 543 924 etiam
565 868 841 938 ejusdem
887 869 1111 940 eloquii
1143 869 1462 941 scriptores
1487 868 1750 939 intelligi,
1781 884 1935 940 quo—

272 972 407 1012 rum
456 956 570 1012 vita
601 956 750 1012 inter
797 956 1008 1012 turbas
1040 956 1354 1013 hominum
1407 956 1776 1029 resplenduit
1803 955 1934 1010 luce

271 1048 578 1111 virtutum.
611 1047 727 1103 Sed
777 1047 926 1120 quia
978 1047 1072 1102 lex
1100 1054 1349 1121 peccata
1403 1048 1674 1118 judicare
1721 1047 1934 1120 potuit,

269 1151 397 1192 non
416 1136 671 1203 auferre,
699 1152 823 1192 non
861 1137 1171 1209 quisquam
1205 1142 1474 1192 veterum
1518 1139 1779 1201 Patrum,
1810 1151 1934 1191 non

262 1225 576 1296 legislator
604 1229 832 1298 Moyses
859 1227 1104 1281 humani
1135 1227 1369 1295 generis
1397 1226 1742 1299 redemptor
1766 1225 1936 1281 exsti-

268 1315 356 1371 tit.
378 1316 713 1385 Argentum
750 1329 890 1385 ergo
925 1317 983 1369 in
1011 1316 1470 1371 commutatione
1498 1316 1680 1386 hujus
1706 1314 1936 1387 sapien-

267 1404 364 1460 tiae
385 1418 509 1459 non
550 1403 939 1473 appenditur,
986 1404 1132 1475 quia
1165 1403 1416 1475 quilibet
1443 1404 1633 1459 sancti
1659 1418 1795 1459 esse
1823 1418 1931 1475 po-

269 1497 533 1560 tuerunt,
590 1492 652 1548 in
710 1493 1160 1565 comparatione
1219 1492 1506 1562 unigeniti
1557 1492 1676 1548 Filii
1710 1491 1931 1548 nullius

264 1580 468 1637 meriti
495 1580 678 1636 fuisse
707 1586 1017 1652 pensatur.
1046 1580 1321 1652 Sequitur
1345 1599 1357 1635 :

345 1670 518 1724 Vens.
550 1672 632 1725 16.
691 1670 826 1724 Νοη
855 1670 1202 1738 conferetur
1248 1670 1450 1724 tinctis
1498 1670 1689 1725 Indue
1715 1670 1930 1725 colori-

267 1758 400 1815 bus.
434 1788 505 1797 —
536 1757 690 1823 Quid
716 1757 879 1813 enim
910 1773 1016 1830 per
1061 1758 1315 1825 Indiam,
1350 1774 1484 1830 qua
1542 1759 1779 1828 nigrum
1828 1773 1931 1829 po-

266 1847 488 1921 pulum
546 1846 739 1917 mittit,
768 1846 882 1903 nisi
933 1847 1027 1902 hic
1057 1847 1324 1903 mundus
1373 1847 1684 1920 accipitur,
1718 1847 1776 1903 in
1808 1863 1930 1919 quo

268 1938 394 1993 vita
448 1937 764 1992 hominum
822 1952 930 2009 per
962 1937 1204 2010 culpam
1257 1937 1516 1993 obscura
1566 1927 1930 2006 generatur?

263 2026 457 2082 'l‘incti
485 2030 684 2082 autem
715 2025 943 2081 colores
976 2031 1117 2081 sunt
1151 2026 1350 2094 India,
1383 2027 1562 2097 hujus
1594 2025 1805 2081 mundi
1835 2042 1928 2081 sa-

265 2114 529 2187 pientes,
560 2114 663 2186 qui
693 2114 974 2186 quamvis
1004 2128 1111 2186 per
1141 2113 1549 2169 infidelitatem
1581 2118 1637 2168 et
1665 2113 1929 2186 plerum-

265 2220 392 2275 que
420 2219 527 2275 per
555 2202 849 2259 actionem
880 2202 1024 2257 fcedi
1055 2207 1210 2268 sunt,
1236 2208 1371 2258 ante
1402 2203 1702 2257 humanos
1730 2208 1928 2258 tamen

263 2291 479 2347 oculos
530 2291 905 2364 superducta
960 2291 1289 2347 honestatis
1344 2290 1538 2347 colore
1596 2290 1925 2347 fuscantur.

268 2381 392 2437 Sed
421 2385 716 2437 coaterna
744 2381 844 2435 Dei
875 2380 1167 2453 sapientia
1198 2379 1391 2436 tinctis
1424 2380 1605 2436 India
1631 2379 1930 2436 coloribus

264 2485 397 2524 non
423 2469 744 2535 confertur,
773 2469 915 2542 quia
965 2469 1101 2541 quis
1127 2470 1282 2525 hanc
1327 2469 1611 2525 veraciter
1639 2467 1926 2538 intelligit,

263 2558 349 2615 ab
406 2558 498 2613 his
552 2558 836 2614 omnibus
868 2575 1021 2631 quos
1082 2559 1345 2613 mundus
1403 2559 1698 2631 sapientes
1728 2556 1926 2624 coluit,

262 2663 460 2719 quam
489 2646 665 2717 longe
697 2646 871 2702 distet
901 2649 1189 2717 agnoscit.
1246 2647 1557 2720 Sequitur:
1587 2647 1709 2704 Nec
1740 2646 1933 2715 lapidi

263 2736 599 2792 Sardonico
624 2737 1053 2805 pretiosissima
1096 2738 1187 2792 vet
1214 2737 1523 2806 sapphiro.
1558 2768 1626 2776 —
1654 2734 1931 2791 Sardoni-

273 2841 386 2881 cus
416 2826 641 2898 quippe
672 2830 838 2880 terra
865 2825 1058 2880 rubrae
1093 2825 1541 2881 similitudinem
1582 2829 1756 2896 tenet,
1792 2838 1930 2895 sap-

2047 350 2234 406 quam
2266 338 2531 392 Joannes
2555 338 2615 393 in
2642 338 3008 414 Apocalypsi
3034 349 3429 417 conspexerat
3460 360 3601 402 cum
3620 345 3706 401 di-

2046 424 2258 481 cebat:
2291 447 2320 475 «
2358 429 2419 481 Et
2448 430 2575 483 erat
2602 432 2906 486 structura
2930 428 3087 488 muri
3132 432 3263 504 ejus
3291 448 3366 490 ex
3390 431 3592 507 lapide
3617 434 3705 508 ja-

2045 514 2236 586 spide,
2267 514 2399 587 ipsa
2427 531 2566 572 vero
2596 516 2804 573 civitas
2843 534 2914 575 ex
2958 534 3107 577 auro
3135 523 3387 593 mundo,
3421 522 3599 581 simili
3621 523 3705 580 vi-

2044 606 2135 658 tro
2161 603 2394 660 mundo
2427 605 2631 676 (Apoc.
2662 620 2771 678 xxi,
2808 606 2913 680 l8).
2951 629 2978 658 »
3013 606 3333 682 Sequitur:

2115 694 2280 748 Vens.
2317 693 2397 749 18.
2427 695 2552 751 Nec
2581 696 3114 753 commutabantur
3133 712 3250 767 pro
3271 715 3335 755 eo
3366 715 3509 759 vasa
3538 716 3696 771 auri,

2044 784 2277 837 excelsa
2306 788 2360 837 et
2417 784 2759 841 eminentia.
2820 784 3133 842 Excelsum
3186 786 3411 861 quippe
3434 806 3540 847 vas
3570 791 3700 848 auri

2046 869 2235 925 Helias
2262 871 2503 939 exstitit,
2562 873 2864 930 excelsum
2915 890 3021 932 vas
3052 874 3183 932 auri
3238 874 3580 950 Hieremias,
3604 894 3701 935 ex-

2043 957 2201 1014 celsa
2256 964 2436 1032 atque
2487 960 2813 1018 eminentia
2869 962 3000 1019 auri
3025 979 3177 1021 vasa
3231 963 3460 1038 priores
3499 969 3698 1023 Patres

2044 1046 2301 1103 fuerunt.
2337 1047 2453 1105 Sed
2483 1048 2611 1104 hac
2638 1050 2739 1105 Dei
2794 1050 3107 1124 sapientia,
3138 1057 3206 1110 ut
3261 1069 3299 1111 a
3322 1053 3547 1112 carnali
3589 1070 3701 1112 nos

2043 1136 2493 1193 conversatione
2523 1138 2859 1209 redimeret,
2888 1142 3171 1215 apparuit
3196 1142 3260 1198 in
3286 1158 3488 1216 carne,
3516 1148 3573 1200 et
3594 1144 3701 1217 qui

2042 1223 2203 1280 illam
2234 1225 2517 1281 veraciter
2546 1243 2668 1283 non
2721 1228 2984 1299 agnovit,
3042 1228 3436 1288 mediatorem
3486 1229 3588 1289 Dei
3642 1235 3701 1289 et

2042 1313 2358 1369 hominum
2388 1314 2685 1371 Christum
2710 1317 2911 1373 Iesum
2953 1332 3087 1374 esse
3120 1333 3308 1375 unum
3334 1335 3407 1376 ex
3444 1320 3701 1394 prophe-

2044 1402 2113 1456 tis
2146 1402 2394 1473 putavit.
2456 1403 2712 1460 Ecclesia
2744 1420 2885 1461 vero
2938 1420 3050 1479 pro
3078 1405 3194 1463 hac
3224 1408 3518 1481 sapientia
3550 1424 3698 1465 vasa

2041 1490 2169 1545 auri
2200 1490 2432 1548 excelsa
2481 1496 2537 1548 et
2583 1493 2908 1550 eminentia
2936 1510 3060 1551 non
3116 1495 3524 1567 commutavit,
3553 1496 3699 1572 quia

1963 1597 2002 1650 Β
2040 1577 2331 1633 Christum
2368 1579 2466 1634 Dei
2491 1579 2697 1636 Filium
2719 1595 2843 1636 non
2869 1597 3057 1637 unum
3081 1597 3215 1638 esse
3242 1585 3694 1658 prophetarum,

2040 1667 2146 1722 sed
2181 1684 2367 1724 unum
2399 1669 2828 1742 prophetarum
2855 1669 3177 1728 Dominum
3204 1672 3469 1731 credidit.
3497 1674 3699 1748 Sequi-

2040 1759 2169 1811 tur:
2204 1758 2323 1813 Ncc
2372 1760 2997 1816 commemorabuntur
3051 1762 3501 1832 comparatione
3544 1766 3692 1835 ejus.

2038 1877 2107 1887 —
2139 1847 2358 1902 Omnes
2382 1848 2543 1903 enim
2594 1864 2867 1922 supernas
2895 1849 3106 1922 patria
3150 1850 3321 1908 electi
3352 1848 3540 1908 sancti
3564 1851 3698 1925 qui-

2037 1935 2177 1989 dem
2206 1939 2264 1991 et
2285 1935 2432 2007 justi
2483 1942 2639 2004 sunt,
2696 1937 2803 1994 sed
2853 1936 3308 2012 participatione
3364 1939 3694 2013 sapientia,

2039 2039 2161 2078 non
2193 2024 2662 2096 comparatione.
2702 2025 2856 2091 Quid
2896 2027 3058 2083 enim
3088 2033 3231 2084 sunt
3278 2028 3555 2085 homines
3579 2030 3697 2086 Deo

2038 2112 2420 2184 comparati?
2477 2115 2701 2169 Lumen
2753 2119 2955 2171 autem
3010 2116 3321 2189 sapientia,
3377 2117 3583 2175 lumen
3640 2122 3700 2176 et

2040 2202 2197 2257 servi
2227 2202 2531 2274 sapientia
2576 2204 2779 2260 vocari
2813 2204 3022 2261 solent.
3054 2205 3169 2262 Sed
3206 2206 3307 2262 illa
3333 2206 3540 2264 lumen
3562 2207 3696 2265 illu-

2038 2289 2303 2361 minans,
2356 2290 2449 2346 isti
2506 2290 2710 2348 lumen
2764 2291 3188 2365 illuminatum,
3229 2294 3381 2351 sicut
3407 2295 3697 2369 scriptum

2039 2384 2156 2435 est:
2191 2401 2218 2428 «
2250 2381 2384 2435 Erat
2410 2378 2514 2434 lux
2539 2396 2681 2437 vera
2709 2397 2844 2453 qua
2875 2380 3173 2438 illuminat
3199 2397 3445 2439 omnem
3499 2383 3695 2443 homi-

2038 2484 2179 2524 nem
2218 2468 2557 2524 venientem
2587 2469 2647 2525 in
2700 2470 2861 2525 hunc
2888 2470 3190 2528 mundum
3247 2473 3444 2539 (Joan.
3480 2488 3523 2542 ι,
3555 2474 3629 2544 9).
3664 2494 3694 2523 ι

2038 2558 2167 2613 Istis
2196 2562 2396 2613 autem
2431 2558 2850 2615 tantummodo
2908 2559 3158 2615 dicitur:
3220 2583 3250 2610 (ι
3280 2563 3396 2618 Vos
3430 2561 3569 2618 estis
3592 2561 3698 2618 lux

2038 2645 2250 2702 mundi
2282 2648 2521 2717 (Matth.
2578 2664 2636 2716 v,
2676 2648 2785 2719 14).
2823 2669 2850 2697 ››
2919 2645 3231 2722 Sequitur:
3284 2649 3578 2707 Trahitur
3603 2665 3701 2708 sa-

2032 2736 2264 2805 pientia
2293 2734 2366 2791 de
2394 2736 2662 2791 occultis.
2693 2767 2761 2774 —
2806 2737 2884 2791 De
2934 2733 3179 2793 occultis
3205 2737 3499 2811 sapientia
3523 2738 3701 2796 trahi-

2038 2825 2155 2893 tur,
2186 2824 2330 2895 quia
2358 2840 2497 2879 cum
2529 2824 2601 2879 sit
2630 2822 2966 2895 invisibilis,
3017 2841 3140 2881 non
3190 2822 3304 2882 nisi
3332 2824 3702 2884 invisibiliter

264 2914 483 2987 phirus
512 2930 651 2969 vero
682 2930 921 2970 aeream
954 2914 1135 2970 habet
1190 2914 1470 2987 speciem.
1506 2918 1759 2970 Possunt
1789 2928 1930 2984 ergo
1969 2943 2011 2998 ο
2039 2910 2356 2984 invenitur,
2386 2929 2521 2985 qua
2550 2916 2704 2968 recte
2734 2929 2980 2986 quoque
3014 2911 3166 2970 trahi
3191 2913 3427 2986 dicitur,
3451 2915 3597 2990 quia
3627 2914 3701 2973 si-

264 3004 324 3059 in
359 3003 829 3077 Sardonico,per
858 3008 1074 3060 terram
1106 3004 1350 3059 mbram
1385 3004 1677 3073 homines,
1712 3004 1769 3058 in
1798 3017 1932 3075 sap-

264 3093 447 3167 phiro
479 3098 677 3149 autem
713 3109 819 3166 per
849 3109 1052 3149 aeram
1074 3092 1366 3149 visionem
1391 3091 1586 3162 angeli
1608 3091 1927 3163 designari.

268 3186 422 3238 Nam
449 3199 587 3238 cum
620 3186 788 3238 terra
840 3182 1038 3238 rubra
1066 3183 1326 3255 speciem
1380 3180 1535 3255 lapis
1571 3180 1932 3239 Sardonicus

266 3270 512 3337 habeat,
544 3285 666 3326 non
692 3270 989 3326 immerito
1023 3269 1331 3325 hominem
1363 3268 1678 3339 signiﬁcat,
1705 3268 1849 3342 quia
1878 3271 1937 3323 et

269 3359 491 3428 Adam,
523 3360 629 3433 qui
676 3360 901 3434 primus
931 3362 1020 3415 est
1071 3359 1373 3427 conditus,
1422 3359 1625 3415 Latino
1657 3372 1934 3414 sermone

270 3456 440 3506 terra
468 3449 658 3506 rubra
682 3449 1049 3505 nominatur.
1101 3448 1255 3514 Quid
1285 3451 1376 3504 est
1427 3463 1569 3519 ergo
1597 3447 1763 3521 quod
1794 3446 1935 3502 dici-

268 3542 390 3604 tur,
421 3536 565 3610 quia
595 3536 722 3592 hac
772 3536 1065 3610 sapientia
1097 3536 1283 3609 lapidi
1314 3534 1639 3593 Sardonico
1667 3535 1761 3591 vel
1803 3549 1937 3608 sap-

266 3626 450 3701 phiro
479 3641 600 3682 non
632 3624 952 3695 confertur,
986 3625 1100 3683 nisi
1132 3626 1297 3700 quod
1318 3628 1367 3682 is
1399 3627 1503 3700 qui
1529 3630 1617 3682 est
1651 3646 1670 3677 ι
1699 3625 1802 3682 Dei
1827 3624 1939 3680 vir-

268 3720 371 3771 tus
396 3719 455 3771 et
489 3714 590 3771 Dei
619 3715 912 3788 sapientia
935 3716 995 3784 (Ῑ
1037 3716 1164 3771 Cor.
1198 3731 1241 3787 ι,
1272 3716 1382 3787 24),
1413 3734 1443 3767 ›
1496 3714 1790 3771 mediator
1820 3713 1936 3769 sci-

268 3804 413 3860 licet
470 3824 491 3857 ι
530 3804 631 3861 Dei
686 3809 743 3861 et
770 3804 1090 3860 hominum
1134 3805 1319 3860 homo
1367 3803 1633 3860 Christus
1687 3806 1855 3859 Jesus
1884 3803 1943 3873 (Ι

274 3895 428 3950 Tim.
459 3908 517 3961 ιι,
550 3894 626 3965 5),
662 3916 688 3943 »
744 3896 912 3949 tanta
963 3893 1377 3964 magnitudine
1436 3891 1683 3948 excellat
1709 3891 1936 3961 omnia,

271 3987 340 4039 ut
392 3982 447 4038 ei
497 3997 610 4038 nec
666 3981 727 4036 in
758 3984 915 4036 terra
964 3980 1143 4052 primi
1182 3980 1477 4045 homines,
1534 3996 1643 4036 nec
1696 3980 1757 4035 in
1788 3978 1939 4035 coelo

272 4069 480 4141 angeli
532 4069 1004 4141 comparentur?
1056 4068 1221 4124 Unde
1292 4073 1348 4124 et
1401 4084 1509 4141 per
1562 4067 1939 4123 Psalmistam

272 4161 534 4219 dicitur:
568 4179 596 4208 ‹‹
630 4158 771 4224 Quis
796 4157 858 4213 in
882 4156 1145 4213 nubibus
1167 4156 1505 4230 aequabitur
1530 4156 1803 4224 Domino,
1838 4160 1941 4212 aut

272 4250 416 4325 quis
445 4245 654 4303 similis
680 4245 787 4303 erit
814 4248 932 4302 Deo
960 4246 1113 4302 inter
1129 4245 1282 4302 ﬁlios
1306 4245 1439 4301 Dei?
1470 4246 1936 4314 (Psalmxxxvm,

275 4340 354 4410 7).
388 4338 643 4392 Possunt
664 4338 866 4391 autem
897 4350 1004 4408 per
1033 4333 1428 4390 Sardonicum
1446 4333 1710 4408 lapidem
1740 4337 1940 4389 Patres

272 4422 636 4480 Testamenti
664 4422 902 4489 Veteris,
960 4437 1068 4495 per
1118 4422 1474 4496 sapphirum
1529 4437 1672 4478 vero
1730 4421 1942 4495 pradi-

280 4516 515 4569 catores
561 4512 816 4585 exprimi
871 4512 1229 4569 Testamenti
1287 4512 1454 4568 Novi.
1513 4516 1595 4567 Ac
1641 4511 1693 4567 si
1734 4515 1943 4585 paten-

280 4606 374 4658 ter
418 4601 683 4658 insinuat
729 4601 974 4658 dicens:
1025 4603 1091 4658 Et
1120 4600 1225 4675 qui
1252 4601 1437 4658 homo
1487 4601 1638 4658 inter
1666 4600 1943 4657 homines

284 4691 565 4761 cernitur,
595 4705 706 4747 nec
748 4692 810 4747 in
838 4691 1099 4765 antiquis
1146 4692 1495 4765 quisquam,
1542 4706 1652 4748 nec
1681 4690 1744 4747 in
1772 4689 1945 4747 novis

282 4779 558 4836 Patribus
602 4785 895 4853 aequatur,
943 4781 1088 4853 quia
1116 4797 1189 4837 ex
1238 4781 1454 4838 deitate
1484 4780 1668 4838 habet
1691 4779 1859 4854 quod
1885 4779 1947 4835 in

258 4868 660 4927 humanitate
707 4884 1082 4943 quemquam
1136 4868 1391 4926 similem
1439 4885 1562 4926 non
1609 4869 1809 4926 habet.
1854 4870 1947 4926 Se-

282 4957 491 5032 quitur
512 4975 525 5013 :

359 5050 532 5104 Vens.
562 5052 648 5104 17.
676 5049 812 5105 Νοη
868 5049 1206 5120 aequabitur
1236 5049 1291 5105 ei
1328 5064 1547 5106 aurum
1579 5050 1672 5106 vel
1702 5051 1947 5105 vitrum.

287 5166 361 5178 -
390 5137 532 5193 Auri
551 5152 819 5210 namque
843 5137 1153 5196 metallum
1198 5136 1477 5194 novimus
1502 5137 1720 5211 potiori
1751 5137 1951 5194 mctal-

288 5226 364 5282 lis
394 5226 677 5283 omnibus
704 5226 967 5283 claritate
999 5226 1225 5297 fulgere
1251 5245 1263 5283 :
1294 5227 1425 5283 vitri
1445 5243 1588 5283 vero
1604 5230 1823 5283 natura
1843 5230 1951 5299 est,

289 5320 358 5370 ut
384 5316 752 5372 extrinsecus
791 5316 1015 5385 visum,
1068 5332 1225 5389 pura
1251 5316 1610 5372 intrinsecus
1634 5315 1957 5388 perspicui-

292 5408 416 5459 tate
439 5405 760 5477 perluceat.
812 5404 966 5471 Quid
1000 5420 1141 5476 ergo
1191 5404 1354 5460 aliud
1412 5404 1472 5461 in
1520 5420 1668 5461 auro
1697 5404 1788 5460 vel
1806 5404 1957 5462 vitro

293 5492 775 5565 accipimus,nisi
804 5493 967 5549 illam
989 5509 1314 5566 supernam
1331 5493 1608 5567 patriam,
1626 5492 1789 5550 illam
1820 5493 1957 5550 bea-

260 5604 265 5605 ί
295 5586 497 5637 torum
530 5582 751 5639 civium
780 5580 1146 5649 societatem,
1168 5596 1431 5652 quorum
1458 5582 1643 5639 corda
1672 5581 1785 5638 sibi
1817 5582 1964 5639 invi-

736 5673 989 5728 PATROL.
1030 5668 1299 5726 CXXXIII.

2041 3005 2142 3056 cut
2167 3000 2377 3056 ﬂatJm
2412 3000 2701 3057 trahimus
2752 3009 2815 3057 ut
2840 3017 3059 3074 corpus
3105 3001 3286 3071 vivat,
3331 3002 3415 3061 sic
3468 3004 3547 3061 ab
3573 3003 3704 3062 inti-

2041 3090 2153 3145 mis
2185 3090 2488 3162 sapientia
2548 3089 2787 3163 spiritus
2819 3090 3077 3160 ducitur,
3131 3096 3196 3148 ut
3221 3092 3302 3149 ad
3353 3093 3539 3150 vitam
3579 3092 3704 3150 ani-

2040 3195 2142 3235 ma
2169 3179 2473 3234 subsistat.
2493 3178 2657 3235 Unde
2686 3178 3002 3236 Psalmista
3032 3176 3142 3236 ait:
3174 3201 3202 3231 ‹‹
3233 3180 3309 3237 Os
3333 3196 3541 3238 meum
3565 3196 3706 3255 ape-

2040 3268 2153 3337 rui,
2185 3270 2242 3323 et
2270 3266 2485 3325 attraxi
2543 3266 2817 3340 spiritum
2872 3268 3058 3340 (Psal.
3112 3285 3300 3338 cxvm,
3356 3269 3497 3343 131).
3533 3292 3561 3321 ››
3612 3271 3708 3329 Se.

2041 3357 2245 3431 quitur
2263 3375 2276 3412 :

2112 3448 2280 3501 Vsus.
2318 3450 2401 3502 19.
2436 3446 2571 3502 Νοη
2606 3444 3031 3518 adaquabitur
3059 3446 3123 3503 ei
3145 3447 3444 3517 topazium
3459 3446 3705 3505 (Ethio-

2039 3537 2177 3607 pian.
2206 3567 2273 3574 —
2302 3534 2455 3601 Quid
2512 3533 2814 3608 /Elhiopia
2866 3533 2983 3591 nisi
3011 3541 3368 3610 prasentem
3403 3534 3705 3594 mundum

2044 3625 2375 3699 accipimus
2395 3624 2423 3680 ‘2
2450 3624 2665 3682 coloris
2697 3625 3005 3696 nigredine
3032 3624 3309 3698 designat
3328 3630 3707 3700 peccatorem

2043 3714 2345 3788 pollutum
2395 3713 2661 3770 faditate
2731 3714 3104 3772 meritorum.
3166 3713 3506 3788 Aliquando
3564 3730 3706 3773 vero

2046 3803 2353 3876 Ethiopia
2378 3803 2625 3859 nomine
2677 3802 3011 3875 specialiter
3057 3802 3353 3875 gentilitas
3406 3803 3710 3877 designari

2047 3893 2213 3961 solet,
2246 3891 2612 3948 inﬁdelitatis
2666 3891 2832 3965 prius
2862 3892 3035 3962 nigra
3086 3893 3369 3966 peccatis,
3392 3910 3584 3967 quam
3612 3910 3710 3953 ve-

2047 3982 2245 4037 niente
2299 3980 2552 4036 Domino
2608 3980 2891 4038 Habacuc
2953 3980 3249 4055 propheta
3298 3981 3448 4038 vidit
3498 3982 3708 4040 timore

2049 4068 2443 4142 perterritam,
2471 4073 2528 4124 et
2552 4068 2668 4124 ait:
2708 4090 2735 4117 «
2768 4064 3180 4125 Taberuacula
3232 4069 3574 4142 Ethiopum
3614 4086 3711 4127 ex-

2048 4161 2406 4231 pavescent;
2439 4155 2823 4213 tabernacula
2850 4161 3015 4213 terra
3045 4156 3279 4214 Madian
3323 4158 3577 4228 (Eabae.
3626 4174 3708 4229 ιιι,

2051 4251 2129 4314 7).
2160 4265 2188 4295 υ
2253 4245 2553 4318 Tupazion
2613 4261 2754 4301 vero
2808 4244 3107 4319 pretiosus
3135 4244 3288 4320 lapis
3346 4251 3452 4317 est,
3484 4250 3541 4304 et
3566 4246 3713 4320 quia

2053 4338 2252 4393 Graeca
2280 4332 2490 4405 lingua
2521 4350 2642 4407 pan
2673 4349 2842 4391 omne
2872 4332 3107 4403 dicitur,
3123 4351 3235 4410 pro
3262 4352 3333 4393 eo
3361 4334 3529 4410 quod
3545 4334 3712 4392 omni

2052 4424 2246 4481 calore
2277 4422 2919 4497 resplendet,topazion
2945 4423 3123 4497 quasi
3149 4422 3514 4498 thonpazion
3539 4441 3714 4483 voca-

2051 4517 2326 4571 tur.Dum
2356 4529 2496 4569 vero
2528 4512 2791 4584 inDeum
2808 4529 3102 4571 conversa
3122 4514 3418 4585 gentilitas
3440 4514 3709 4584 credidit,

2051 4622 2126 4662 ex
2152 4619 2224 4660 ea
2254 4603 2427 4661 multi
2452 4608 2591 4661 sunt
2619 4604 2703 4661 ita
2754 4603 2917 4660 dono
2949 4602 3202 4676 Spiritus
3253 4604 3620 4679 locupletati,
3646 4608 3714 4661 ut

2054 4692 2226 4767 quasi
2256 4692 2460 4749 multis
2511 4691 2831 4762 coloribus,
2864 4692 2947 4747 sic
3001 4691 3204 4749 multis
3232 4692 3295 4748 in
3326 4692 3460 4749 altis
3493 4692 3715 4750 virtuti-

2054 4781 2170 4838 bus
2200 4781 2458 4836 luceant.
2483 4784 2564 4835 Ac
2590 4779 2639 4834 si
2661 4794 2804 4850 ergo
2833 4779 2918 4835 eis
2941 4778 3271 4837 disceretur
3297 4798 3310 4836 :
3344 4779 3551 4837 Nullus
3583 4797 3717 4839 sau-

2056 4874 2289 4926 ctorum
2328 4866 2695 4942 quibuslibet
2744 4866 3065 4924 virtutibus
3096 4866 3312 4941 plenus
3367 4869 3602 4942 existat,
3629 4873 3715 4929 ta-

2058 4974 2199 5015 men
2226 4956 2536 5029 nigredine
2565 4956 2777 5013 mundi
2806 4955 3351 5033 collectus,aquari
3373 4974 3498 5017 non
3522 4963 3719 5034 potest

2060 5048 2114 5105 ei
2142 5048 2216 5103 de
2246 5063 2368 5120 quo
2394 5046 2621 5103 dictum
2648 5050 2735 5102 est
2760 5063 2772 5101 :
2819 5067 2847 5096 ‹‹
2881 5045 3053 5113 Quod
3082 5052 3363 5106 nascetur
3389 5065 3462 5106 ex
3491 5054 3546 5107 te
3576 5065 3717 5107 san-

2062 5142 2225 5193 ctum
2257 5135 2567 5192 vocabitur
2593 5135 2766 5191 Filius
2797 5135 2899 5192 Dei
2930 5135 3094 5208 (Luc.
3122 5154 3161 5208 ι,
3196 5138 3304 5211 35).
3341 5162 3370 5189 »
3404 5139 3714 5212 Sequitur:

2061 5227 2186 5283 Nec
2217 5226 2495 5282 tinctura
2543 5224 2949 5283 mundissima:
2988 5234 3437 5298 componentur.
3470 5257 3539 5267 —
3590 5225 3719 5281 Tin-

2065 5320 2241 5373 cturae
2280 5315 2442 5371 enim
2462 5313 2874 5371 mundissima
2906 5321 3198 5372 vocantur
3241 5316 3301 5370 hi
3332 5314 3437 5386 qui
3492 5312 3719 5370 veraci-

2064 5411 2153 5463 ter
2182 5408 2325 5462 sunt
2372 5402 2649 5474 humiles,
2681 5407 2739 5459 et
2790 5404 3078 5461 veraciter
3128 5402 3337 5470 sancti,
3394 5401 3499 5474 qui
3530 5403 3724 5460 sciunt

2066 5496 2310 5570 quidem
2386 5492 2529 5567 quia
2585 5509 2658 5549 ex
2733 5491 3057 5565 semetipsa
3113 5491 3397 5547 virtutum
3462 5491 3723 5567 speciem

2070 5599 2194 5641 non
2240 5582 2485 5650 habent,
2544 5580 2650 5637 sed
2675 5580 2836 5637 hanc
2888 5596 2960 5635 ex
2986 5577 3149 5635 dono
3193 5576 3393 5649 gratias
3445 5596 3723 5654 superve-

3246 5668 3328 5723 ll.
