4146 6156
1553 85 1609 145 S.
1652 83 1908 142 ODONIS
1945 83 2234 138 ABBATIS
2273 83 2773 140 CLUNlACENSIS
2812 83 2858 138 Il
3802 85 3918 140 332

485 92 585 149 331

487 215 706 272 nientis
733 215 949 270 tenent.
1005 209 1190 266 Tincti
1219 209 1382 266 enim
1423 225 1546 266 non
1601 213 1817 276 essent,
1851 207 1898 263 si
1925 205 2136 262 sancti—
2167 213 2213 265 A
2249 207 2524 264 omnium
2553 207 2886 263 viventium
2911 205 3100 263 oculis
3130 209 3292 263 esset
3314 206 3567 274 occulta,
3590 206 3748 264 hanc
3775 223 3922 281 pro-

484 311 665 362 tatem
721 299 1068 357 naturaliter
1113 299 1510 368 habuissent;
1566 298 1674 354 sed
1725 295 2137 354 mundissimae
2249 297 2346 353 cul
2377 297 2563 352 dubio
2595 300 2941 352 sanctorum
2987 311 3166 352 nemo
3215 294 3478 352 vidisset.
3515 295 3628 354 Sed
3659 301 3717 352 et
3771 297 3920 353 huic

481 394 743 450 tincturae
774 393 932 457 sunt,
961 387 1108 462 quia
1161 387 1465 444 humiliter
1495 387 1840 444 custodiunt
1871 384 2140 457 superni-

479 485 698 538 tentem
727 479 790 534 in
819 494 882 534 se
911 477 1199 534 virtutum
1244 476 1500 547 gratiam
1531 493 1718 549 quam
1759 478 2136 547 acceperunt.

477 567 860 626 Pensandum
911 581 1281 638 magnopere
1335 570 1448 632 est,
1497 564 1664 638 quod
1693 582 1729 621 a
1775 568 1981 620 sancto
2009 562 2140 618 viro

475 657 796 732 requiritur
824 655 986 712 unde
1015 655 1312 728 sapientia
1341 655 1559 717 veniat.
1587 653 1676 710 Ab
1703 669 1774 710 eo
1795 653 2016 709 etenim
2045 669 2144 708 ve-

477 748 564 802 nit
592 764 626 802 a
655 763 778 820 quo
809 749 940 801 orta
989 747 1100 800 est.
1137 745 1248 801 Sed
1278 743 1423 816 quia
1475 743 1551 798 ab
1582 741 1860 798 invisibili
1900 745 1956 798 et
1985 757 2140 797 coae-

478 841 648 892 terno
697 839 862 891 Patre
917 833 1204 900 nascitur,
1265 833 1394 904 ejus
1423 832 1520 888 via
1571 832 1805 888 occulta
1831 838 1938 888 est.
1974 829 2140 888 Unde

480 930 539 982 et
558 941 667 998 per
721 923 1080 997 prophetam
1127 921 1376 978 dicitur:
1408 943 1436 972 ‹‹
1471 921 1924 978 Generationem
1980 919 2139 975 illius

480 1014 618 1088 quis
647 1012 999 1070 cnarrabit?
1045 1034 1076 1062 »
1107 1011 1248 1083 (Isa.
1279 1026 1392 1080 Llll,
1426 1013 1502 1079 8).
1541 1013 1726 1066 Locus
1757 1025 1897 1065 vero
1926 1007 2139 1064 intelli—

482 1103 693 1174 gentiae
723 1103 852 1174 ejus
881 1104 972 1158 est
992 1101 1267 1157 humana
1295 1116 1487 1170 mens,
1533 1115 1722 1172 quam
1751 1099 1881 1155 haec
1911 1097 2008 1154 Dei
2044 1113 2138 1153 sa-

480 1191 723 1264 pientia,
755 1191 902 1246 dum
932 1189 1196 1264 replevit,
1229 1193 1497 1246 sanctam
1540 1187 1698 1244 facit.
1733 1187 1883 1254 Quia
1913 1201 2054 1256 ergo
2085 1189 2141 1242 et

478 1280 788 1337 invisibilis
818 1283 906 1336 est
932 1279 1008 1335 de
1036 1295 1160 1352 quo
1183 1278 1421 1352 prodiit,
1453 1283 1510 1333 et
1534 1277 1828 1334 incertum
1851 1276 2027 1332 nobis
2053 1279 2143 1332 est

477 1370 540 1426 in
591 1369 762 1440 cujus
791 1371 991 1425 mente
1017 1367 1316 1424 intellecta
1371 1366 1730 1440 requiescat,
1789 1370 1946 1422 recte
1976 1380 2138 1420 nunc

477 1458 692 1514 dicitur
715 1475 729 1514 :

2248 385 2552 442 sententiae
2578 388 2870 442 Joannem
2904 384 3085 441 audio
3132 383 3622 455 concordantem,
3653 385 3760 458 qui
3787 385 3912 442 ait:

2247 498 2276 524 ‹‹
2303 479 2490 532 Deum
2516 491 2696 532 nemo
2744 474 2888 531 vidit
2938 490 3214 547 unquam
3272 475 3466 546 (Joan.
3495 491 3535 546 ι,
3586 475 3694 546 18).
3733 499 3762 525 ››
3795 476 3916 532 Sed

2241 564 2412 636 juxta
2437 563 2595 620 beati
2650 561 2760 618 Job
2814 562 3168 618 sententiam
3227 561 3540 635 sapientia,
3581 579 3720 636 quas
3753 566 3915 620 Deus

2246 658 2352 722 est,
2381 653 2732 710 abscondita
2781 657 2866 708 est
2895 652 2970 708 ab
3014 653 3202 708 oculis
3244 653 3506 708 omnium
3538 653 3866 710 viventium
3892 667 3916 723 ;

2245 743 2388 818 quia
2416 743 2478 799 in
2504 743 2618 799 hac
2646 741 2882 798 mortali
2911 757 3090 798 carne
3147 741 3608 798 consistentibus
3629 747 3686 798 et
3724 743 3917 799 videri

2244 830 2437 904 potuit
2464 847 2572 904 per
2595 829 2898 904 quasdam
2952 829 3432 903 circumscriptas
3481 829 3800 900 imagines,
3859 834 3920 884 et

2244 919 2432 976 videri
2484 935 2607 976 non
2659 922 2858 992 potest
2913 924 3020 992 per
3065 918 3650 992 incircumscriptum
3699 917 3919 974 lumen

2244 1007 2607 1065 aeternitatis.
2665 1007 2763 1064 Sin
2813 1023 2955 1063 vero
3005 1023 3042 1064 a
3070 1007 3438 1080 quibusdam
3466 1009 3666 1080 potest
3691 1007 3756 1063 in
3793 1006 3920 1063 hac

2244 1096 2612 1170 corruptibili
2667 1112 2846 1152 carne
2881 1095 3239 1168 viventibus,
3298 1097 3404 1152 sed
3441 1101 3644 1154 tamen
3692 1095 3920 1152 inaesti-

2247 1185 2452 1242 mabili
2479 1186 2686 1242 virtute
2713 1184 3118 1240 crescentibus
3144 1185 3414 1258 quodam
3443 1184 3916 1258 contemptionis

2245 1275 2522 1332 acumine
2549 1279 2771 1331 {eterna
2801 1273 2902 1330 Dei
2931 1273 3169 1331 claritas
3198 1273 3404 1330 videri.
3441 1277 3560 1331 Hoe
3601 1290 3851 1348 quoque
3877 1290 3916 1328 a

2244 1365 2422 1422 beato
2447 1363 2556 1419 Job
2587 1364 2879 1420 sententia
2908 1379 3031 1419 non
3055 1363 3356 1432 abhorret,
3371 1363 3478 1437 qui
3507 1362 3616 1420 ait:
3649 1363 3909 1420 Abscon-

2245 1455 2372 1510 dita
2405 1458 2488 1510 est
2515 1453 2589 1509 ab
2615 1453 2804 1510 oculis
2834 1453 3095 1510 omnium
3143 1454 3485 1510 viventium.
3521 1455 3712 1520 Quam
3740 1453 3914 1526 quis-

547 1533 718 1604 Vrins.
751 1550 841 1603 20.
865 1547 1032 1603 Unde
1056 1561 1197 1618 ergo
1225 1547 1524 1616 sapientia
1546 1547 1758 1609 veniet,
1787 1545 1880 1600 vel
1907 1543 2037 1615 quis
2053 1549 2137 1600 est
2166 1563 2210 1616 Β
2243 1542 2380 1616 quis
2410 1541 2787 1616 sapientiam,
2845 1559 2982 1616 quae
3015 1545 3168 1598 Deus
3211 1547 3320 1612 est,
3360 1541 3544 1612 videt,
3603 1541 3744 1598 huic
3773 1541 3915 1598 vita:

479 1640 642 1695 locus
666 1637 1081 1706 intelligentia,
1101 1638 1130 1689 ?
1186 1667 1256 1676 ——
1285 1635 1399 1692 Sed
1447 1635 1562 1690 hoc
1590 1633 1762 1690 valde
1799 1632 2020 1688 mirum
2051 1636 2138 1688 est

478 1726 645 1800 quod
669 1725 943 1797 protinus
973 1723 1339 1794 subinfertur
1367 1741 1378 1778 :

549 1817 722 1870 Vens.
755 1817 843 1869 2i.
893 1813 1260 1870 Abscondita
1317 1817 1402 1868 est
1428 1813 1502 1868 ab
1545 1813 1734 1868 oculis
1759 1813 2023 1868 omnium
2056 1811 2139 1866 vi-

481 1903 762 1958 ventium.
821 1934 888 1942 —
947 1901 1249 1980 Sapientia
1295 1901 1544 1974 quippe,
1573 1917 1708 1974 quae
1761 1901 1916 1956 Deus
1947 1903 2054 1968 est,
2089 1898 2138 1954 si

2244 1631 2513 1687 funditus
2541 1630 2902 1700 moritur,ne
2920 1631 3049 1702 jam
3079 1631 3209 1702 ejus
3227 1647 3434 1687 amore
3464 1630 3914 1688 teneatur.Nul-

2242 1720 2335 1776 lus
2361 1719 2585 1793 quippe
2617 1735 2752 1776 eam
2780 1720 2959 1790 videt,
2990 1719 3094 1793 qui
3125 1720 3322 1777 adhuc
3379 1719 3696 1778 carnaliter
3739 1719 3910 1776 vivit.

2244 1811 2390 1864 Hinc
2421 1808 2605 1881 Moysi
2635 1807 2881 1864 dicitur:
2916 1811 3098 1882 (Non
3127 1809 3287 1864 enim
3320 1809 3544 1866 videbit
3571 1825 3668 1866 me
3697 1810 3910 1877 homo,

2247 1903 2305 1954 et
2333 1898 2490 1953 vivet
2518 1897 2732 1968 (Exod.
2761 1913 2968 1966 χχχιιι,
3001 1901 3116 1966 20).
3145 1920 3172 1947 »

1515 2245 1850 2332 LIBER
1909 2242 2292 2351 NONUS
2379 2243 2888 2330 DECIMUS.

551 2585 832 2640 Vens.2t.
866 2583 1144 2640 Volucres
1175 2597 1406 2654 quoque
1428 2583 1566 2638 σανιί
1587 2583 1752 2638 latet.
1786 2613 1856 2622 —
1885 2586 1950 2638 In
1983 2582 2134 2638 Scri-

477 2678 656 2748 ptura
683 2687 856 2729 sacra
877 2669 1150 2728 volucres
1174 2669 1503 2744 aliquando
1527 2670 1588 2726 in
1621 2669 2137 2744 malo,aliquando

478 2778 624 2818 vero
649 2762 708 2817 in
735 2760 898 2817 bono
919 2759 1098 2816 datur
1137 2759 1402 2830 intelligi.
1453 2763 1560 2815 Per
1590 2758 1858 2815 volucres
1911 2759 2137 2832 quippe

2253 2581 2558 2654 sapientiaa
2591 2582 2742 2638 sicut
2769 2582 2902 2654 ipsa
2943 2580 3244 2654 Sapientia
3289 2585 3627 2650 attestante,
3656 2581 3907 2650 dicitur;

2250 2693 2278 2719 «
2311 2673 2434 2740 Ego
2457 2671 2519 2726 in
2553 2671 2740 2741 Patre,
2762 2675 2820 2727 et
2850 2673 3020 2728 Pater
3048 2670 3110 2726 in
3140 2686 3237 2726 me
3263 2670 3460 2742 (Joan.
3484 2688 3602 2743 xxv,
3632 2675 3717 2732 10.
3752 2672 3910 2741 11).»

2247 2759 2425 2815 Aliter
2453 2775 2596 2831 ergo
2645 2759 2936 2832 sapientia
2983 2759 3165 2816 habet
3190 2759 3370 2826 viam,
3423 2764 3602 2834 atque
3632 2759 3805 2817 aliter
3825 2761 3914 2818 lo-

481 2865 927 2923 nonnunquam
960 2851 1280 2922 potestates
1311 2847 1484 2904 aeriae
1517 2847 1910 2917 designantur
1945 2847 2137 2904 bono-
2175 2849 2220 2902 D
2248 2865 2407 2906 cum.
2432 2849 2600 2904 Viam
2625 2865 2732 2922 per
2759 2847 3152 2905 humanitatis
3178 2848 3736 2918 transitum,locum
3765 2867 3912 2908 vero

480 2955 618 2996 rum
647 2938 858 2995 studiis
887 2937 1172 2995 adversae.
1226 2940 1298 2992 At
1323 2941 1531 2992 contra
1575 2935 1638 2991 in
1666 2935 1830 2993 bono
1866 2935 2139 2993 volucres

479 3028 625 3102 poni
655 3027 880 3084 solent:
917 3050 946 3078 ‹‹
979 3027 1180 3086 Simile
1209 3029 1296 3084 est
1333 3041 1588 3097 regnum
1633 3025 1924 3083 calorum
1949 3041 2140 3098 grano

481 3117 735 3192 sinapis,
782 3117 951 3191 quod
996 3121 1314 3192 acceptum
1364 3118 1548 3172 homo
1589 3116 1764 3173 mittit
1791 3116 1854 3172 in
1895 3117 2138 3172 hortum

480 3223 684 3278 suum,
715 3210 772 3262 et
796 3206 998 3272 crevit,
1029 3209 1087 3263 et
1113 3205 1340 3262 factum
1364 3209 1452 3260 est
1479 3205 1540 3260 in
1563 3205 1777 3260 arbore
1803 3219 2050 3274 magna,
2083 3207 2142 3259 et

477 3297 752 3352 volucres
782 3294 917 3350 coeli
943 3293 1368 3366 requieverunt
1389 3293 1451 3348 in
1480 3293 1664 3348 ramis
1690 3293 1822 3363 ejus
1839 3294 2136 3364 (Luanu,

482 3383 586 3454 19).
623 3405 650 3433 ››
682 3383 806 3438 Hoc
831 3381 1096 3453 igiturin
1143 3381 1278 3438 loco
1335 3385 1660 3453 postquam
1715 3381 1790 3436 de
1844 3380 2138 3454 sapientia

479 3473 708 3530 dictum
739 3478 828 3530 est
853 3491 865 3528 :
893 3472 1266 3528 Abscondita
1321 3477 1408 3527 est
1433 3471 1508 3528 ab
1539 3472 1728 3528 oculis
1760 3472 2023 3527 omnium
2051 3472 2137 3526 vi-

480 3563 764 3630 ventium,
789 3565 946 3618 recte
976 3548 1389 3631 subjungitur:
1436 3560 1714 3615 Volucres
1745 3561 1882 3616 caeli
1910 3573 2142 3630 quoque

479 3652 643 3716 latet,
672 3649 816 3723 quia
839 3649 902 3706 in
929 3649 1046 3704 hac
1099 3647 1470 3720 corruptibili
1499 3663 1677 3702 carne
1707 3647 2008 3704 constituti
2036 3663 2140 3703 na-

479 3743 624 3795 turae
654 3739 783 3810 ejus
811 3736 1144 3812 potentiam
1173 3735 1291 3808 ipsi
1320 3751 1564 3808 quoque
1597 3735 1854 3792 vivendo
1894 3751 2020 3792 non
2041 3750 2140 3808 pe-

478 3830 734 3891 netrant,
769 3825 873 3898 qui
899 3825 1030 3898 jam
1059 3839 1166 3898 per
1195 3824 1476 3879 meritum
1515 3827 1736 3880 sanctae
1767 3823 2139 3898 contempla-

479 3915 656 3972 tionis
691 3915 909 3985 volant,
941 3913 1046 3970 ubi
1076 3918 1213 3988 apte
1247 3913 1670 3985 subjungitur:

545 4007 692 4060 Vens
713 4005 1078 4062 22.Perditio
1102 4008 1157 4060 et
1186 4019 1346 4060 mors
1373 4003 1659 4059 dixerunt
1682 4017 1701 4061 .°
1730 4003 2001 4060 Auribus
2032 4019 2138 4059 no-

476 4097 616 4152 stris
646 4095 986 4152 audivimus
1011 4093 1244 4164 famam
1267 4086 1499 4164 ejusi—
1526 4091 1680 4158 Quid
1707 4091 2058 4166 perditionis
2085 4097 2143 4150 et

2247 2952 2353 3010 per
2383 2940 2601 2996 statum
2631 2935 2975 2994 divinitatis.
3001 2942 3080 2992 Ac
3111 2936 3158 2992 si
3189 2942 3392 3010 aperte
3422 2938 3721 2994 diceretur
3745 2957 3758 2994 :
3791 2941 3909 2995 Hu-

2247 3043 2444 3083 mana;
2496 3026 2836 3098 cogitationi
2882 3025 3116 3084 occulta
3166 3031 3325 3093 sunt,
3384 3027 3478 3084 vel
3519 3028 3772 3100 quando
3799 3045 3912 3102 per

2247 3130 2492 3172 carnem
2517 3115 2596 3172 ad
2621 3115 2900 3172 homines
2924 3115 3224 3188 Sapientia
3248 3115 3466 3184 veniat,
3482 3117 3574 3172 vel
3595 3118 3911 3190 quomodo

2249 3204 2415 3278 apud
2446 3205 2680 3262 Patrem
2711 3203 3022 3260 invisibilis
3053 3204 3234 3262 etiam
3262 3221 3404 3262 cum
3432 3205 3576 3262 foris
3607 3222 3911 3282 apparue-

2246 3293 2320 3350 rit
2348 3293 2648 3366 persistat.
2683 3293 2968 3360 Quamvis
2997 3295 3112 3349 hoc
3135 3293 3382 3364 intelligi
3411 3299 3468 3350 et
3494 3295 3662 3352 aliter
3691 3300 3908 3369 potest.

2246 3385 2394 3439 Nam
2432 3383 2527 3438 via
2578 3382 2708 3453 ejus
2738 3397 2861 3437 non
2915 3381 3402 3438 inconvenienter
3455 3383 3745 3457 accipitur
3793 3385 3912 3441 hoc

2247 3470 2444 3543 ipsum
2477 3470 2644 3544 quod
2674 3472 2835 3527 venit
2861 3470 2940 3528 ad
2969 3487 3090 3538 cor,
3147 3487 3398 3544 seseque
3435 3472 3612 3528 nobis
3641 3473 3916 3531 intrinse-

2248 3575 2353 3616 cus
2383 3557 2660 3615 infundit.
2696 3562 2884 3615 Locus
2936 3575 3079 3616 vero
3107 3560 3236 3631 ejus
3261 3561 3330 3616 ﬁt
3356 3575 3478 3628 cor,
3510 3561 3590 3618 ad
3618 3563 3790 3636 quod
3817 3579 3916 3619 ve-

2247 3650 2417 3704 niens
2441 3653 2778 3722 permanet.
2811 3651 2887 3705 De
2917 3649 3030 3705 hac
3054 3665 3298 3723 quoque
3329 3650 3424 3707 via
3453 3649 3612 3708 illius
3645 3651 3900 3708 dicitur:

2249 3760 2277 3788 «
2307 3740 2432 3794 Vox
2463 3736 2778 3794 clamantis
2821 3737 2882 3793 in
2911 3737 3180 3794 deserto:
3229 3741 3434 3796 Parate
3481 3739 3645 3796 viam
3673 3741 3915 3798 Domini

2247 3828 2449 3898 (Joan.
2476 3843 2515 3895 ι,
2546 3827 2660 3895 23).
2694 3848 2722 3877 ››
2755 3829 2820 3882 Et
2846 3826 2990 3900 quia
3013 3827 3362 3884 hominibus
3386 3828 3681 3886 incertum
3701 3833 3792 3887 est
3817 3831 3914 3888 vel

2244 3915 2308 3972 in
2337 3917 2511 3988 cujus
2542 3915 2720 3971 corde
2747 3916 2966 3985 veniat,
2999 3916 3093 3972 vel
3119 3917 3179 3973 in
3209 3933 3332 3991 quo
3361 3922 3689 3992 postquam
3736 3935 3914 3976 vene-

2245 4004 2338 4073 rit,
2371 4004 2786 4078 permanendo
2837 4004 3193 4076 requiescat,
3238 4010 3396 4062 recte
3445 4021 3608 4063 nunc
3655 4007 3910 4065 dicitur:

2245 4095 2402 4151 Deus
2457 4095 2745 4164 intelligit
2793 4094 2952 4150 viam
3011 4096 3162 4164 ejus,
3211 4100 3268 4152 et
3332 4096 3456 4165 ipse
3501 4096 3666 4152 novit
3715 4099 3914 4154 locum

478 4185 686 4241 mortis
728 4184 993 4252 nomine,
1027 4182 1141 4238 nisi
1171 4181 1420 4251 maligni
1450 4181 1692 4253 spiritus
1721 4181 2138 4251 designantur,
2167 4201 2208 4254 ο
2245 4183 2432 4240 illius.
2467 4182 2618 4249 Quia
2671 4181 2854 4238 solius
2881 4182 3100 4240 divinae
3125 4183 3368 4240 visionis
3398 4189 3489 4241 est
3515 4201 3779 4256 cernere,
3813 4185 3914 4243 vel

477 4272 584 4344 qui
641 4271 980 4328 inventores
1032 4269 1244 4326 mortis
1277 4275 1335 4326 et
1361 4269 1714 4342 perditionis
1743 4269 2142 4326 exstiterunt?

479 4360 691 4416 Videre
719 4359 944 4432 quippe
967 4358 1224 4432 perfecte
1254 4363 1615 4414 coaeternam
1639 4359 1740 4414 Dei
1761 4357 2138 4430 sapientiam,

477 4448 594 4503 hoc
620 4451 708 4503 est
735 4447 901 4520 quod
929 4446 1175 4502 habere.
1207 4445 1346 4502 Ideo
1369 4445 1557 4518 iniqui
1588 4445 1828 4518 spiritus
1857 4446 2016 4502 hanc
2047 4455 2141 4502 sa-

477 4536 765 4610 pientiam
792 4551 916 4592 non
944 4535 1170 4605 vident,
1205 4535 1350 4608 quia
1379 4535 1602 4608 repulsi
1657 4552 1766 4608 per
1794 4535 2138 4608 superbiam

477 4641 868 4698 nequaquam
925 4640 1062 4682 eam
1117 4623 1342 4682 habere
1396 4629 1738 4698 potuerunt.
1801 4623 1891 4680 Ad
1942 4623 2139 4680 lucem

477 4714 702 4788 quippe
731 4713 860 4786 ejus
905 4713 1250 4770 clauserunt
1302 4713 1508 4770 oculos
1539 4711 1756 4780 cordis,
1813 4711 2140 4785 superfusis

479 4804 608 4874 ejus
656 4803 839 4860 radiis
866 4806 1292 4877 repugnantes.
1347 4805 1594 4859 Famam
1651 4817 1795 4873 ergo
1833 4801 2140 4874 sapientiae

477 4890 756 4962 malignis
786 4891 1092 4964 spiritibus
1139 4891 1380 4949 audisse
1439 4895 1547 4964 est,
1581 4891 1685 4948 sed
1731 4891 2010 4948 eamdem
2043 4907 2138 4949 sa-

478 4981 767 5054 pientiam
789 4998 912 5038 non
935 4981 1182 5050 vidisse,
1211 4987 1268 5037 et
1295 4982 1428 5053 ejus
1455 4981 1783 5054 potentiam
1819 4999 1892 5039 ex
1921 4981 2137 5038 virtute

477 5069 634 5125 illius
665 5069 1038 5139 cognovisse,
1091 5073 1149 5126 et
1179 5073 1379 5125 tamen
1409 5069 1523 5126 sub
1554 5085 1626 5126 ea
1655 5070 1956 5126 humiliter
1983 5075 2136 5126 stare

475 5159 765 5216 noluisse.
804 5159 951 5214 Hinc
982 5158 1210 5214 Veritas
1237 5158 1348 5214 ait:
1383 5183 1411 5208 «
1443 5159 1540 5215 Ille
1570 5159 1873 5216 homicida
1902 5163 2029 5216 erat
2057 5160 2136 5217 ab

475 5248 663 5316 initio,
691 5253 748 5305 ct
774 5249 835 5304 in
861 5247 1103 5304 veritate
1133 5263 1258 5304 non
1280 5249 1434 5304 stetit
1464 5249 1658 5314 (Joan.
1691 5265 1807 5316 Vill,
1841 5250 1950 5320 4-1).
1983 5269 2014 5302 ip
2041 5251 2138 5305 Se-

475 5341 678 5412 quitur
693 5356 706 5394 :

548 5429 716 5481 Vens.
748 5432 838 5484 23.
872 5429 1030 5483 Deus
1059 5427 1347 5498 intelligit
1371 5428 1528 5482 viam
1561 5429 1710 5495 ejus,
1740 5434 1793 5482 et
1825 5427 1947 5495 ipse
1970 5428 2134 5482 novit

479 5514 674 5570 locum
705 5516 891 5571 illius.
927 5548 994 5556 —
1021 5519 1213 5573 Locus
1255 5514 1564 5588 sapientia;
1592 5515 1762 5569 Pater
1801 5517 1907 5569 est.
1940 5516 2128 5569 Locus

2247 4270 2468 4345 quibus
2495 4270 2690 4326 modis
2746 4270 3078 4328 intellectus
3131 4271 3438 4346 sapientia
3491 4289 3676 4347 quem
3704 4290 3914 4348 perce-

2247 4359 2399 4434 perit
2429 4359 2747 4416 mortiferis
2801 4359 3266 4431 cogitationibus
3325 4377 3450 4418 non
3499 4361 3791 4420 admittat.
3817 4365 3917 4421 Se-

2247 4447 2450 4522 quitur
2467 4466 2480 4505 :

2318 4538 2496 4594 Vens.
2523 4540 2614 4594 24.
2641 4538 2774 4608 Ipse
2802 4539 2957 4594 enim
2985 4539 3134 4607 ﬁnes
3163 4539 3378 4596 mundi
3401 4540 3690 4610 intuetur,
3709 4548 3767 4598 et
3793 4557 3916 4598 om-

2247 4627 2372 4696 nia,
2403 4642 2538 4699 quw
2597 4629 2707 4682 sub
2763 4629 2908 4685 calo
2950 4623 3112 4696 sunt,
3159 4630 3421 4700 respicit.
3475 4663 3544 4672 —
3600 4628 3914 4704 Respicere

2245 4717 2471 4790 quippe
2499 4715 2600 4773 Dei
2624 4721 2713 4773 est
2739 4732 2812 4773 ea
2859 4733 2995 4789 quae
3026 4717 3251 4774 amissa
3297 4735 3368 4775 ac
3397 4719 3633 4792 perdita
3673 4719 3917 4777 fuerant

2246 4805 2326 4862 ad
2353 4821 2530 4862 suam
2574 4805 2828 4876 gratiam
2856 4805 3202 4864 reformare.
3257 4808 3424 4865 Unde
3449 4809 3740 4884 scriptum
3781 4815 3909 4868 est:

2246 4917 2275 4945 «
2303 4897 2424 4951 Rex
2449 4894 2554 4968 qui
2585 4894 2750 4951 sedet
2777 4894 2840 4950 in
2871 4895 3022 4952 solio
3046 4897 3256 4968 judicii
3302 4899 3394 4954 sui
3429 4899 3683 4973 dissipat
3729 4915 3914 4958 omne

2246 4983 2469 5040 malum
2504 4982 2566 5039 in
2595 4982 2812 5040 intuitu
2841 5000 2954 5040 suo
2982 4985 3181 5056 (Prov.
3213 5004 3316 5058 xx,
3349 4989 3425 5059 8).
3459 5010 3487 5039 ››
3521 4989 3838 5063 Sequitur:

2316 5071 2490 5128 Vens.
2523 5077 2612 5129 25.
2647 5072 2763 5140 Qui
2780 5074 2932 5144 fecit
2967 5077 3156 5131 ventis
3176 5078 3440 5145 pondus.
3488 5111 3556 5120 —
3591 5079 3916 5136 Velocitate

2244 5159 2407 5216 enim
2455 5176 2524 5216 ac
2549 5160 2872 5220 subtilitate
2921 5167 3241 5220 ventorum
3267 5165 3326 5221 in
3385 5167 3686 5241 Scriptura
3739 5185 3917 5226 saera

2244 5247 2436 5305 solent
2461 5247 2680 5305 animae
2710 5249 3038 5320 designari,
3087 5251 3238 5308 sicut
3293 5271 3402 5327 per
3430 5255 3806 5313 Psalmistam
3837 5257 3916 5313 de

2243 5339 2363 5394 Deo
2384 5337 2626 5394 dicitur:
2666 5355 2684 5388 ς
2707 5337 2818 5403 Qui
2848 5339 3120 5396 ambulat
3141 5357 3320 5414 super
3339 5358 3570 5416 pennas
3595 5349 3916 5402 ventorum

2242 5425 2428 5496 (Psal.
2479 5442 2621 5488 xvn,
2686 5425 2794 5492 11),
2821 5426 2880 5481 id
2911 5432 3018 5497 est,
3051 5428 3154 5500 qui
3209 5432 3640 5502 transgreditur
3664 5434 3916 5491 virtutes

2243 5516 2605 5572 animarum.
2622 5515 2789 5572 Fecit
2811 5531 2954 5587 ergo
2972 5519 3160 5574 ventis
3183 5521 3446 5593 pondus,
3463 5523 3608 5595 quia
3639 5523 3789 5582 dum
3813 5541 3915 5581 su-
