4146 6156
300 164 305 167 ’
337 175 440 225 333

1161 177 1451 230 ΕΡΙΤΟΜΕ
1492 177 1853 233 ΜΟΒΛΙΛΕΜ
1894 177 1948 233 S.
1992 176 2192 231 GREG.
2239 178 2301 230 lN
2344 177 2484 232 JOB.
2543 208 2606 217 —
2646 179 2775 235 LIB.
2817 180 2945 235 XIX.

3656 188 3760 241 334,

336 308 525 364 perna
570 293 861 363 sapientia
908 296 1089 366 replet
1120 296 1377 365 animas,
1411 313 1513 352 eas
1547 298 1881 354 maturitate
1911 298 1995 353 in-
2022 302 2069 353 Α
2105 313 2164 352 ιιι
2224 296 2381 353 viam
2432 298 2641 368 judieii
2691 299 3007 372 propitiam
3065 304 3256 374 parat.
3311 303 3375 357 El
3422 316 3457 358 1‘
3498 306 3760 362 viandum

333 380 484 436 duta
514 397 722 447 graves
752 382 1119 447 reddet.nou
1154 384 1249 440 illa
1281 388 1566 451 gravitate
1599 404 1721 459 qua
1751 387 1990 443 dicitur:

334 492 361 518 ι(
387 469 507 524 Filii
538 470 874 531 hominum.
909 488 1223 544 usquequo
1250 474 1416 543 gravi
1446 476 1673 532 corde?
1700 477 1887 543 (Psal.
1916 492 1993 539 ιν,

333 558 414 628 3.)
433 579 463 609 ›
494 558 669 613 Aliud
696 574 960 631 namque
986 565 1072 615 est
1097 576 1334 627 gravem
1365 578 1495 616 esse
1519 578 1625 634 per
1654 563 1992 629 consilium,

332 645 498 701 aliud
530 662 636 719 per
660 653 972 718 peccatum
1000 667 1012 715 ;
1061 649 1223 705 aliud
1258 666 1496 717 gravem
1543 667 1672 707 esse
1714 669 1821 724 per
1851 668 1992 707 con-

331 734 635 799 stantiam,
666 736 827 791 aliud
869 753 974 808 per
1021 738 1283 811 culpam.
1310 738 1407 795 Vel
1434 745 1588 795 certe
1624 741 1817 796 ventis
1850 756 1995 814 pon-

329 822 447 877 dus
478 822 670 879 facere
702 829 807 892 est,
842 841 1191 881 concessam
1222 827 1318 883 hic
1349 828 1546 883 electis
1576 828 1650 885 de
1678 829 1993 885 virtutibus

328 911 582 980 gloriam
608 913 893 985 permista
923 914 1262 971 inﬁrmitate
1294 920 1647 989 temperare.
1685 918 1987 989 Sequitur:

326 1002 407 1055 Et
431 1016 621 1073 aquas
651 1004 936 1072 appendit
969 1020 1271 1060 mensura.
1290 1036 1362 1045 —
1390 1011 1573 1078 Aquae
1602 1007 1659 1061 in
1691 1008 1991 1079 Scriptura

327 1106 502 1146 sacra
532 1090 859 1163 aliquando
892 1099 1165 1149 sanctum
1218 1094 1500 1166 Spiritum
1541 1095 1900 1165 significant,
1928 1102 1992 1152 ut

326 1177 471 1233 illud
497 1196 511 1233 :
546 1203 572 1227 ‹‹
599 1179 709 1245 Qui
740 1180 924 1235 credit
945 1180 1004 1236 in
1033 1197 1149 1248 me,
1180 1182 1331 1238 sicut
1355 1182 1495 1238 dicit
1528 1184 1847 1255 Scriptura,
1883 1186 1989 1240 flu-

323 1267 492 1322 mina
520 1267 596 1323 de
621 1273 822 1323 ventre
864 1268 994 1339 ejus
1026 1270 1211 1325 fluent
1258 1286 1430 1341 aquze
1465 1270 1615 1326 viva:
1651 1273 1847 1337 (.luan.
1880 1286 1985 1339 vn,

321 1360 490 1424 38).»
541 1357 878 1430 Aliquando
938 1360 1247 1415 scientiam
1314 1375 1588 1432 pravam,
1659 1360 1986 1432 aliquand..

321 1446 633 1502 scientiam
656 1462 912 1516 sacram,
946 1447 1106 1504 velut
1134 1466 1147 1502 :
1182 1470 1209 1495 «
1236 1452 1406 1521 Aqua
1434 1447 1740 1520 sapientiae
1772 1448 1986 1504 saluta-

318 1534 400 1589 ris
449 1534 675 1607 potavit
724 1550 826 1591 eos
873 1536 1083 1601 (Eccli.
1112 1553 1210 1601 xv,
1245 1542 1369 1606 3).»
1416 1540 1688 1601 Pravam,
1730 1541 1795 1592 ut
1837 1536 1984 1592 illud

320 1622 692 1680 Salomonis:
728 1626 959 1697 «Aquae
1003 1624 1233 1680 furtiva:
1264 1624 1562 1681 dulciores
1608 1630 1749 1681 sunt
1780 1626 1979 1696 (Prov.
2013 1647 2053 1699 Β

316 1730 392 1780 ιχ,
432 1716 576 1785 17).»
603 1713 940 1785 Aliquando
984 1714 1449 1779 tribulationem,
1476 1720 1542 1772 ut
1586 1715 1764 1772 illud:
1816 1738 1839 1763 ‹‹
1865 1714 1985 1771 Sal-

315 1818 464 1857 vum
492 1818 589 1857 me
616 1801 729 1871 fac,
760 1804 936 1872 Deus,
963 1803 1253 1874 quoniam
1297 1803 1667 1860 intraverunt
1698 1820 1872 1876 aquae
1903 1802 1982 1859 ad

314 1890 590 1946 animam
638 1907 838 1946 meam
884 1892 1066 1963 (Psal.
1100 1908 1285 1954 vaiu,
1338 1893 1460 1963 2).»
1506 1892 1846 1964 Aliquando
1877 1892 1980 1947 de-

314 1980 570 2036 ﬂuentes
594 1980 872 2053 populos,
908 1985 971 2036 ut
996 1980 1144 2036 illud
1169 1981 1596 2053 Apocalypsis:
1632 2005 1657 2029 ‹‹
1676 1987 1860 2053 Aquae
1889 1999 1982 2036 ve-

314 2086 383 2126 ro
411 2076 551 2127 sunt
568 2069 776 2143 populi
800 2071 1008 2139 (Apoc.
1042 2087 1179 2133 xvn.
1220 2070 1301 2126 13.
1322 2094 1348 2119 ››
1380 2070 1717 2143 Aliquando
1748 2075 1978 2126 mentes

314 2158 498 2214 tidem
526 2157 906 2230 sequentium
936 2158 1239 2228 designari
1266 2158 1475 2227 solent,
1510 2158 1661 2213 sicut
1689 2159 1980 2230 propheta

313 2248 431 2303 ait:
466 2270 492 2295 «ι
520 2247 675 2303 Beati
704 2246 807 2318 qui
833 2247 1138 2302 seminatis
1161 2263 1343 2319 super
1373 2262 1584 2301 omnes
1610 2262 1801 2318 aquas
1832 2250 1974 2317 (Isa.

313 2354 483 2403 χχχιι,
536 2338 704 2407 20).»
755 2338 874 2393 Hoc
929 2337 1107 2406 igitur
1175 2337 1236 2391 in
1290 2337 1422 2393 loco
1476 2337 1623 2410 quid
1679 2353 1976 2409 aquarum

312 2427 579 2495 nomine,
611 2426 726 2481 nisi
756 2425 1080 2482 electorum
1112 2426 1296 2482 corda
1341 2426 1671 2497 signantur,
1706 2443 1840 2499 quae
1871 2443 1977 2499 per

310 2515 675 2571 intellectum
705 2514 1010 2586 sapientia:
1037 2515 1310 2570 auditum
1335 2516 1465 2585 jam
1505 2532 1778 2588 supernae
1810 2515 1973 2570 vocis

311 2604 719 2677 acceperunt?
770 2607 847 2659 De
894 2604 1115 2676 quibus
1165 2609 1319 2661 recte
1364 2605 1608 2660 dicitur:
1666 2606 1745 2660 Et
1788 2621 1976 2677 aquas

311 2695 601 2764 appendit
628 2709 932 2759 mensura,
964 2694 1108 2766 quia
1139 2694 1325 2749 sancti
1360 2694 1494 2766 ipsi,
1527 2694 1631 2766 qui
1661 2694 1977 2750 sublevan-

313 2787 368 2838 te
403 2782 621 2854 Spiritu
652 2782 732 2837 ad
775 2798 1015 2838 summa
1055 2782 1387 2855 rapiuntur,
1435 2783 1707 2855 quandiu
1755 2783 1815 2838 in
1862 2784 1975 2839 hac

310 2871 433 2926 vita
491 2875 662 2937 sunt,
732 2886 807 2925 ne
871 2870 1075 2943 aliqua
1127 2870 1380 2925 elatione
1448 2869 1798 2942 superbiant
1847 2868 1976 2941 qui-

2103 401 2239 456 quee
2269 385 2341 440 de
2368 403 2438 441 ca
2464 393 2723 458 quatuor
2749 387 2907 443 dicta
2939 388 3071 444 sint.
3091 388 3181 445 Ait
3205 389 3385 457 enim,
3408 392 3763 460 indigena)"

2104 476 2283 541 ravit,
2311 478 2703 543 przrparavit,
2738 480 2795 531 et
2840 478 3237 545 investigavit.
3273 478 3423 533 Vidit
3470 496 3756 553 namque,

2102 563 2244 635 quia
2280 564 2507 635 species
2536 570 2651 631 est;
2696 566 3013 633 enarravit,
3045 566 3187 638 quia
3216 566 3495 637 verbum;
3531 587 3760 643 praepa-

2100 650 2271 715 ravit,
2312 652 2455 723 quia
2502 653 2864 721 remedium;
2918 653 3314 725 investigavit,
3360 657 3503 728 quia
3557 658 3758 715 occul-

2100 741 2249 793 tum.
2292 739 2596 810 Sequitur:

2126 855 2135 863 ο
2174 827 2347 884 Vens.
2380 832 2470 883 28.
2512 831 2587 884 Et
2629 831 2778 888 dixit
2810 832 3077 887 homini:
3118 832 3273 888 Ecce
3315 835 3494 889 timor
3522 837 3763 892 Domini

2099 917 2229 986 ipsa
2255 922 2337 973 est
2366 919 2680 987 sapientia,
2705 926 2757 975 et
2790 921 3058 976 recedere
3084 936 3121 977 a
3149 923 3310 978 malo
3336 923 3755 993 intelligentia.

2098 1038 2166 1045 -—
2198 1012 2277 1061 Ac
2309 1006 2356 1061 si
2386 1013 2586 1078 aperte
2618 1008 2947 1064 dici-retur:
2981 1010 3067 1064 Ad
3097 1014 3276 1067 temet
3303 1011 3528 1083 ipsum,
3551 1013 3760 1083 homo,

2097 1099 2408 1159 revertere,
2432 1095 2629 1150 cordis
2660 1096 2739 1151 tui
2770 1102 2994 1152 secreta
3024 1102 3357 1169 perscruta.
3389 1098 3445 1155 Si
3478 1102 3663 1155 Deum
3698 1100 3762 1154 ti-

2099 1199 2259 1239 mere
2288 1183 2707 1255 deprehendis,
2740 1186 3006 1258 profecto
3038 1190 3269 1242 constat
3316 1187 3459 1259 quia
3510 1188 3627 1243 hac
3669 1205 3762 1244 sa-

2095 1272 2315 1343 pientia
2346 1272 2560 1344 plenus
2592 1291 2652 1327 es
2680 1293 2692 1341 ;
2726 1291 2911 1347 quam
2944 1275 2991 1328 si
3018 1275 3217 1330 adhuc
3245 1291 3609 1345 cognoscere
3635 1294 3761 1333 non

2096 1363 2265 1430 potes
2294 1360 2440 1433 quid
2470 1361 2544 1417 sit
2594 1361 2653 1417 in
2688 1380 2768 1428 se,
2812 1363 2943 1433 jam
2974 1364 3288 1431 cognoscis
3336 1363 3572 1420 interim
3611 1365 3760 1438 quid

2095 1448 2168 1502 sit
2196 1448 2255 1503 in
2284 1453 2357 1504 te.
2393 1449 2538 1504 Hinc
2571 1450 2858 1522 scriptum
2886 1456 3009 1506 est:
3041 1475 3065 1499 ‹‹
3096 1451 3330 1507 Initium
3360 1452 3664 1524 sapientiae
3692 1453 3759 1509 ti-

2093 1552 2227 1592 mor
2252 1538 2484 1593 Domini
2517 1541 2705 1607 (Psal.
2739 1557 2825 1607 cx,
2863 1540 3005 1609 11).»
3040 1541 3152 1597 Sed
3182 1540 3327 1613 quia
3356 1540 3449 1595 ille
3474 1541 3759 1598 veraciter

2094 1625 2215 1681 vim
2244 1626 2429 1682 divini
2464 1627 2689 1683 timoris
2720 1628 3009 1697 intelligit,
3044 1629 3147 1700 qui
3178 1645 3241 1684 se
3290 1645 3325 1685 a
3370 1630 3599 1687 cunctis
3627 1646 3760 1702 pra-

2092 1714 2175 1769 vis
2202 1716 2485 1787 operibus
2517 1718 2796 1786 custodit,
2829 1722 2983 1773 recte
3017 1717 3294 1773 subditur
3323 1735 3335 1772 :
3378 1720 3457 1774 Et
3488 1719 3759 1775 recedere

2091 1822 2128 1859 ιι
2158 1806 2317 1861 malo
2339 1806 2761 1876 intelligentia.
2795 1806 3071 1879 Sequitur
3095 1824 3107 1861 :

2699 1968 2739 2019 C
2765 1970 2929 2023 \PUT
2968 1969 3152 2023 XXIX.

2162 2074 2330 2127 Vnus.
2372 2078 2415 2127 t.
2450 2073 2703 2128 Addidit
2730 2090 2961 2144 quoque
2998 2076 3109 2130 Job
3145 2090 3449 2132 assumens
3491 2076 3754 2145 parabo-

2090 2161 2210 2216 lam
2240 2175 2505 2217 suam.—
2529 2162 2678 2227 Quia
2699 2162 2858 2217 enim
2888 2163 3182 2234 parabola
3207 2163 3534 2220 similitudo
3563 2168 3756 2221 nomi-

2086 2253 2283 2315 natur,
2315 2255 2515 2321 aperte
2563 2255 2795 2306 constat
2820 2251 2985 2322 quod
3014 2268 3120 2322 per
3149 2251 3509 2308 exteriorum
3542 2254 3755 2309 verbo-

2085 2353 2220 2393 rum
2244 2337 2503 2393 formam
2526 2338 2809 2411 mysteria
2839 2339 3121 2412 loquitur,
3143 2340 3248 2413 qui
3269 2340 3347 2396 ad
3378 2340 3753 2412 loquendum

2084 2425 2439 2499 parabolam
2488 2428 2893 2499 assumpsisse
2933 2433 3321 2485 memoratur.
3357 2430 3504 2485 Cum
3531 2429 3752 2484 etenim

2083 2532 2194 2570 sua
2220 2520 2445 2583 narrat,
2478 2532 2735 2588 quicque
2769 2521 2909 2572 sunt
2949 2521 3169 2573 sanctae
3197 2516 3468 2572 Ecclesiae
3500 2522 3750 2573 ventura

2081 2603 2412 2673 denuntiat,
2436 2609 2492 2660 et
2522 2621 2626 2677 per
2657 2605 2768 2660 hoc
2794 2604 2961 2677 quod
2983 2605 3078 2661 ille
3110 2606 3349 2678 patitur,
3370 2605 3594 2661 indicat
3619 2606 3749 2677 ipse

2082 2693 2228 2765 quid
2276 2693 2377 2749 illa
2423 2694 2703 2766 patiatur.
2741 2694 2855 2751 Sed
2899 2694 3065 2750 electi
3115 2710 3327 2750 omnes
3374 2694 3479 2766 qui
3526 2695 3585 2749 in
3630 2693 3751 2749 ﬁne

2082 2781 2292 2836 mundi
2324 2782 2693 2854 temporibus
2724 2783 3063 2839 Antichristi
3095 2782 3313 2839 fuerint
3336 2783 3399 2837 in
3429 2782 3531 2838 illa
3563 2782 3749 2839 tribu-

2081 2868 2299 2925 latione
2329 2870 2766 2942 comprehensi,
2795 2872 3262 2927 reminiscuntur
3280 2872 3500 2927 horum
3524 2876 3753 2944 tempo-

312 2960 577 3015 busdam
649 2959 1071 3016 tentationibus
1140 2960 1565 3031 repiimuntur,
1625 2962 1687 3014 ut
1755 2973 1977 3029 nequa-
2005 2997 2048 3050 ο
2082 2973 2219 3014 rum
2248 2958 2309 3014 in
2339 2958 2561 3031 quibus
2583 2975 2745 3014 nunc
2778 2959 3036 3015 Ecclesia
3069 2960 3203 3015 fidei
3233 2976 3447 3032 pacem
3481 2964 3659 3029 tenet,
3694 2966 3753 3015 et

308 3066 500 3123 quam
556 3054 786 3105 tantum
852 3050 1140 3121 prolicere
1210 3048 1450 3104 valeant
1522 3052 1818 3121 quantum
1870 3063 1974 3103 vo-

308 3139 460 3195 lunt.
521 3138 635 3194 Sed
702 3154 776 3194 ne
838 3138 1197 3195 extollantur
1256 3136 1571 3209 superbia,
1630 3136 1703 3192 sit
1778 3135 1840 3192 in
1892 3136 1977 3191 eis

308 3232 580 3302 ipsarum
610 3229 890 3301 quaedam
921 3243 1204 3284 mensura
1232 3227 1536 3282 virtutum.
1566 3225 1840 3298 Sequitur
1867 3243 1879 3280 :

384 3322 545 3374 Vens.
577 3318 667 3384 26,
700 3323 788 3374 27.
840 3318 1091 3385 Quando
1132 3318 1388 3387 ponebat
1419 3317 1640 3385 pluviis
1686 3317 1889 3386 legem,
1919 3321 1973 3371 et

2086 3048 2349 3121 superba
2368 3049 2781 3105 haereticorum
2813 3048 2967 3104 colla
2998 3049 3357 3121 comprimit,
3388 3066 3511 3105 non
3542 3054 3751 3121 poten-

2085 3141 2211 3193 tatu
2256 3136 2553 3204 culminis,
2605 3138 2707 3194 sed
2755 3138 2905 3209 jugo
2954 3137 3220 3207 rationis,
3270 3142 3329 3193 et
3378 3154 3486 3210 per
3536 3154 3751 3194 vocem

2084 3224 2244 3281 beati
2266 3225 2376 3281 Job
2405 3225 2547 3281 dicit
2574 3243 2586 3279 :

2155 3317 2321 3370 Vens.
2350 3318 2402 3370 2.
2440 3315 2580 3382 Quis
2610 3315 2763 3370 mihi
2806 3315 3033 3370 tribuat
3066 3321 3129 3369 ut
3158 3314 3269 3369 sim
3296 3315 3476 3384 iuxta
3517 3330 3743 3372 menses

308 3410 469 3465 viam
508 3409 795 3477 procellis
851 3406 1219 3463 sonantibus.
1275 3407 1438 3460 Tunc
1499 3405 1646 3461 vidit
1693 3405 1861 3459 illam
1919 3409 1973 3459 et
2074 3405 2412 3474 pristinos?
2445 3436 2513 3444 —
2562 3405 2713 3470 Quia
2760 3403 2923 3459 enim
2979 3407 3236 3459 statutus
3288 3419 3578 3460 numerus
3628 3404 3749 3460 die-

307 3498 644 3566 enarravit,
674 3502 729 3553 et
755 3497 1150 3567 praeparavit,
1175 3501 1227 3551 et
1260 3495 1661 3565 investigavil.
1684 3525 1752 3533 —
1776 3492 1976 3550 Solent

307 3604 417 3660 per
453 3586 687 3659 pluvias
719 3584 1177 3658 praedicantium
1207 3583 1369 3639 dicta
1396 3583 1638 3653 signari.
1674 3581 1838 3638 Unde
1867 3596 1974 3653 per

306 3680 549 3749 Moysen
593 3675 838 3732 dicitur:
892 3697 919 3725 «
947 3677 1329 3746 Exspectetur
1385 3672 1536 3727 sicut
1590 3671 1798 3743 pluvia
1849 3670 1969 3727 elo-

305 3766 522 3839 quium
570 3780 772 3821 meum
802 3766 998 3834 (Deut.
1033 3780 1203 3823 xxxu.
1235 3763 1353 3833 2).»
1386 3763 1654 3827 Quorum
1700 3759 1971 3815 videlicet

310 3854 495 3910 verba
523 3870 664 3909 cum
710 3852 931 3908 blande
960 3850 1346 3923 persuadent,
1373 3848 1589 3922 pluviae
1620 3853 1759 3904 sunt
1784 3866 1796 3910 ;
1831 3865 1970 3903 cum

304 3959 451 4000 vero
477 3940 758 3999 terribilia
782 3940 857 3995 de
886 3944 1137 3994 venturo
1159 3938 1384 4008 judicio
1416 3938 1711 4005 intonant,
1742 3936 1970 4009 procel-

304 4032 402 4088 lae.
438 4034 506 4086 Et
548 4027 887 4085 notandum
921 4027 1088 4099 quod
1116 4026 1335 4098 pluviis
1362 4025 1458 4081 lex
1485 4026 1746 4097 ponitur,
1782 4030 1845 4080 ut
1875 4024 1970 4079 via

304 4118 587 4195 procellis
621 4115 975 4173 sonantibus
1005 4114 1325 4187 aperiatur.
1368 4117 1482 4169 Lex
1508 4113 1733 4185 quippe
1762 4118 1850 4169 est
1886 4113 1971 4185 ip-

305 4210 391 4266 sis
449 4204 943 4280 praedicatoribus
997 4204 1211 4275 posita,
1264 4206 1329 4258 ut
1379 4201 1630 4257 vivendo
1686 4200 1973 4273 impleant

305 4298 476 4373 quod
511 4295 817 4369 loquendo
857 4293 1109 4350 suadere
1153 4292 1452 4349 festinant.
1497 4295 1646 4347 Nam
1684 4289 1969 4363 loquendi

306 4386 632 4445 auctoritas
676 4384 963 4457 perditur,
996 4382 1245 4455 quando
1269 4398 1387 4438 vox
1434 4396 1613 4453 opere
1651 4396 1773 4435 non
1804 4380 1972 4451 adju-

310 4482 505 4534 vatur.
568 4476 733 4531 Viam
780 4478 984 4529 autem
1022 4472 1309 4542 procellis
1361 4470 1708 4527 sonantibus
1749 4468 1968 4542 posuit,

308 4583 451 4624 cum
480 4561 972 4638 praedicatoribus
1018 4560 1239 4617 sanctis
1280 4558 1405 4614 suis
1445 4558 1524 4615 ad
1570 4557 1755 4614 corda
1782 4558 1972 4613 homi-

310 4671 462 4712 num
502 4660 719 4709 terrore
746 4648 976 4707 venturi
998 4648 1210 4721 judicii
1248 4647 1524 4719 perculsa
1554 4646 1785 4703 aditum
1816 4645 1968 4702 fecit.

314 4744 533 4801 Usitata
562 4740 787 4815 quippe
818 4739 971 4795 sacri
1019 4737 1241 4810 eloquii
1288 4735 1605 4805 locutione,
1634 4735 1834 4791 videre
1874 4736 1974 4791 Dei

310 4832 527 4889 dicitur
550 4829 746 4885 videre
772 4842 884 4884 nos
910 4828 1125 4896 facere,
1159 4825 1310 4882 sicut
1329 4826 1492 4896 justo
1520 4824 1651 4881 viro
1683 4824 1971 4880 Dominus

310 4921 489 4977 dicit:
543 4922 762 4974 «Nunc
804 4916 1059 4987 cognovi
1103 4914 1268 4987 quod
1313 4914 1522 4970 timeas
1572 4917 1759 4969 Deum
1802 4912 1969 4982 (Gen.

310 5027 453 5075 xxu,
492 5012 634 5079 12).»
671 5011 733 5063 Et
759 5005 1036 5062 lsraelitaa
1081 5007 1555 5075 priemonentur:
1589 5005 1836 5057 «Tentat
1866 5018 1973 5056 vos

315 5098 603 5156 Dominus
628 5099 779 5151 Deus
797 5099 1003 5157 vester,
1026 5097 1089 5148 ut
1111 5092 1257 5147 sciat
1285 5091 1334 5145 si
1359 5090 1598 5159 diligitis
1620 5107 1757 5145 eum
1775 5090 1970 5159 (Deut.

310 5205 434 5259 xm,
476 5187 588 5257 3),»
634 5184 692 5240 id
740 5188 847 5250 est,
906 5187 968 5238 ut
1011 5182 1159 5237 scire
1205 5196 1314 5235 vos
1373 5179 1569 5235 faciat.
1623 5182 1783 5234 Tunc
1832 5194 1974 5247 ergo

311 5292 454 5331 cum
496 5274 690 5345 legem
740 5274 954 5347 pluviis
1008 5276 1276 5346 poneret,
1325 5272 1440 5327 hoc
1486 5273 1574 5325 est
1617 5268 1974 5324 mandatum

312 5364 597 5422 custodiae
645 5362 1138 5437 praedicatoribus
1184 5362 1349 5429 dare,
1388 5361 1546 5417 hanc
1591 5358 1836 5413 incarna
1854 5363 1975 5413 tam

313 5454 672 5527 sapientiam
722 5451 907 5508 videri
959 5455 1017 5505 et
1066 5449 1332 5505 enarrari
1380 5465 1415 5504 a
1464 5446 1975 5521 praedicatoribus,

314 5542 642 5617 praeparari
670 5546 728 5597 et
756 5538 1096 5607 investigari
1144 5537 1224 5593 ab
1268 5537 1642 5594 auditoribus
1672 5535 1824 5591 fecit.
1859 5535 1976 5591 Sibi

312 5635 541 5707 quippe
564 5631 727 5687 illam
745 5626 1341 5702 prieparat,quisquis
1364 5627 1527 5683 illam
1548 5626 1701 5682 bene
1725 5624 1978 5680 vivendo

2081 3510 2216 3549 rum
2268 3499 2559 3549 vocantur
2603 3509 2861 3561 menses,
2890 3494 3038 3565 quid
3070 3492 3314 3549 nomine
3344 3492 3541 3564 signat
3587 3510 3751 3548 men-

2082 3583 2238 3639 sium
2297 3583 2407 3638 nisi
2452 3583 2827 3638 collectiones
2882 3582 3269 3638 animarum?
3324 3581 3456 3638 Dies
3524 3582 3749 3655 quippe

2079 3673 2227 3728 dum
2257 3672 2635 3741 colliguntur,
2670 3672 2728 3727 in
2755 3672 3065 3727 mensibus
3112 3671 3568 3728 subtrahuntur.
3601 3671 3751 3735 Quia

2079 3768 2136 3818 et
2182 3762 2237 3817 in
2286 3762 2400 3816 hoc
2447 3766 2711 3833 tempore
2744 3767 2952 3817 sancta
3000 3759 3260 3817 Ecclesia
3308 3760 3458 3817 dum
3488 3760 3750 3817 veritatis

2078 3851 2210 3906 luce
2240 3849 2674 3922 resplendentis
2722 3849 2959 3905 animas
3007 3847 3248 3917 colligit,
3279 3849 3342 3903 in
3386 3848 3610 3905 intimis
3639 3848 3749 3904 ab-

2082 3937 2333 3993 scondit.
2367 3937 2706 4010 Aliquando
2737 3938 2915 3992 etiam
2960 3936 3186 3991 mensis
3234 3951 3344 4007 pro
3387 3936 3749 4009 perfectione

2078 4027 2342 4099 ponitur,
2377 4027 2531 4083 sicut
2558 4027 2855 4099 propheta
2886 4026 2997 4081 ait:
3035 4048 3061 4073 ‹‹
3088 4024 3207 4079 Erit
3226 4025 3451 4080 mensis
3481 4041 3554 4081 ex
3577 4041 3748 4080 men-

2080 4132 2142 4171 se
2191 4117 2328 4183 (Isa.
2361 4133 2509 4181 LXVI,
2541 4120 2653 4183 23),
2683 4135 2707 4163 ι
2758 4113 3041 4187 perfectio
3095 4111 3367 4169 videlicet
3414 4112 3499 4168 eis
3551 4112 3613 4167 in
3662 4128 3752 4168 re«

2079 4203 2304 4277 quiem,
2333 4203 2553 4276 quibus
2583 4219 2743 4258 nunc
2774 4201 3053 4274 perfectio
3086 4200 3260 4257 fuerit
3282 4200 3344 4256 in
3374 4200 3746 4273 operatione.

2081 4293 2513 4349 Reminiscatur
2553 4308 2695 4363 ergo
2750 4290 3127 4365 perfectionis
3186 4289 3473 4362 pristinae,
3504 4288 3752 4345 reducat

2083 4382 2162 4437 ad
2192 4380 2547 4437 memoriam
2577 4385 2807 4452 quanta
2856 4378 3300 4452 praedicationis
3332 4395 3455 4434 sum
3486 4376 3751 4433 collectis

2082 4469 2405 4526 animabus
2434 4469 2779 4541 reportabat
2824 4468 3009 4534 lucra,
3046 4473 3101 4523 et
3146 4469 3469 4537 angustata
3507 4465 3751 4522 tribula-

2081 4559 2342 4616 tionibus
2397 4558 2591 4614 dicat:
2648 4560 2788 4625 ραις
2830 4558 2980 4614 mihi
3019 4559 3244 4613 tribuat
3298 4563 3359 4613 ut
3411 4558 3519 4612 sim
3560 4557 3751 4624 jumta

2081 4663 2302 4705 menses
2328 4647 2653 4717 pristinos?
2681 4645 2956 4717 Sequitur
2981 4662 2994 4699 :

2153 4737 2324 4792 Vens.
2359 4741 2411 4792 3.
2457 4735 2796 4790 Secundum
2846 4733 2969 4789 dies
3011 4733 3223 4803 quibus
3267 4734 3425 4787 Deus
3458 4732 3749 4787 custodie-

2084 4825 2181 4880 bat
2202 4840 2310 4891 me,
2344 4823 2584 4895 quando
2610 4821 2958 4891 splendebat
2995 4822 3244 4877 lucerna
3285 4821 3416 4889 ejus
3446 4834 3629 4888 super
3657 4835 3753 4876 ca-

2080 4918 2188 4983 put
2228 4927 2444 4979 meum,
2478 4917 2531 4967 et
2563 4911 2645 4967 ad
2696 4912 2896 4966 lumen
2948 4911 3075 4978 ejus
3119 4908 3506 4965 ambulabam
3553 4909 3617 4964 in
3674 4914 3754 4964 te-

2085 5001 2396 5057 nebris.——
2429 5000 2598 5055 Tunc
2646 4998 2874 5071 quippe
2924 4997 3083 5053 videt
3139 5015 3210 5054 ex
3269 5014 3331 5054 se
3385 4996 3752 5071 persecutio-

2087 5107 2157 5145 ne
2207 5093 2454 5157 cogente
2503 5089 2885 5143 inﬁrmorum
2950 5088 3235 5143 tumultus
3293 5086 3538 5149 cadere,
3598 5102 3754 5157 quos

2086 5194 2246 5234 nunc
2326 5180 2389 5231 ut
2455 5180 2646 5231 mater
2721 5176 2878 5231 intra
2949 5176 3112 5250 pacis
3190 5176 3389 5232 sinum
3468 5171 3757 5245 parvulos

2085 5268 2260 5334 fovet,
2321 5269 2380 5322 et
2434 5265 2495 5320 in
2564 5266 2915 5340 tranquillas
2994 5266 3129 5323 ﬁdei
3206 5280 3394 5321 cunas
3469 5258 3753 5335 continet,

2086 5356 2192 5431 qui
2250 5355 2491 5413 admisti
2570 5356 2823 5412 fortibus
2904 5356 3037 5429 ipsa
3110 5353 3248 5409 ﬁdei
3332 5344 3756 5419 tranquillitate

2086 5446 2448 5502 nutriuntur.
2482 5448 2642 5501 Tunc
2675 5461 2737 5500 se
2791 5445 2852 5501 in
2907 5443 3018 5498 illis
3061 5440 3321 5496 aestimat
3366 5441 3582 5492 cadere
3620 5450 3758 5507 quae

2089 5552 2150 5591 se
2208 5551 2369 5591 nunc
2420 5534 2611 5589 mislis
2662 5533 2900 5605 respicit
2954 5526 3258 5593 custodiri,
3294 5524 3553 5583 lucernaa
3591 5523 3755 5581 enim

2091 5625 2360 5693 signatur
2419 5624 2662 5678 nomine
2721 5638 2903 5677 SétCl'tB
2956 5618 3158 5673 lumen
3212 5616 3547 5690 Scripturie.
3607 5612 3756 5667 Hinc
