4112 6152
470 162 572 214 335

1517 154 1571 209 S.
1615 152 1878 208 ODONIS
1917 146 2211 204 ABBATIS
2252 147 2754 206 CLUNIACENSIS
2794 149 2838 204 Il

3767 157 3878 210 336

449 279 759 337 Psalmista
805 279 920 334 ait:
972 296 1001 330 ‹
1027 279 1291 332 Lucerna
1347 275 1602 348 pedibus
1647 276 1796 330 meis
1849 273 2099 328 verbum
2137 273 2186 327 Α
2213 270 2428 340 regulis
2473 271 2906 344 obsequuntur.
2945 273 3052 338 Qui
3087 273 3349 344 profecto
3397 279 3536 329 tunc
3587 275 3663 330 ad
3705 275 3880 330 obse-

449 374 638 436 tuum,
691 367 937 422 Domine
983 366 1169 438 (Psal.
1203 381 1398 432 cxvm,
1464 368 1656 429 103).»
1707 365 1855 428 Quia
1903 366 2102 418 autem

445 456 771 531 principale
795 461 1089 523 nostrum,
1123 455 1522 528 appellatione
1555 453 1762 528 capitis
1801 469 1974 508 mens
2007 466 2105 506 vo-

446 551 632 614 catur,
673 561 778 619 per
817 545 1194 602 Psalmistam
1248 544 1498 600 dicitur:
1555 541 1998 616 «Impinguasti
2042 541 2102 596 in

441 635 574 692 oleo
603 639 786 706 caput
830 650 1036 690 meum
1067 635 1254 704 (Psat.
1284 650 1412 700 xm,
1446 637 1558 703 3).»
1591 638 1670 688 Ac
1703 633 1748 686 si
1781 636 1983 704 aperte
2015 629 2100 685 di-

443 728 540 781 cat
563 741 576 779 :
601 723 915 780 Charitatis
942 721 1304 796 pinguedine
1335 721 1571 794 replesti
1592 725 1854 776 mentem
1877 735 2096 774 meam.

442 818 608 872 Nunc
636 830 778 884 ergo
806 813 1051 869 lucerna
1080 829 1258 885 super
1289 817 1468 884 caput
1502 812 1769 867 Ecclesiae
1803 810 2096 883 splendet,

442 904 586 976 quia
617 919 789 960 sacra
833 901 1071 975 eloquia
1113 901 1392 957 tenebras
1441 901 1658 956 mentis
1704 905 1920 956 nOSll‘te
1951 899 2098 954 irra-

443 993 632 1061 diant,
689 997 755 1048 ut
800 991 862 1047 in
904 992 1020 1048 hoc
1059 990 1391 1061 caliginoso
1426 990 1558 1046 vitae
1612 989 1919 1063 praesentis
1965 988 2098 1043 loco

442 1083 592 1138 dum
620 1081 944 1138 verborum
994 1081 1092 1136 Dei
1133 1080 1329 1136 lucem
1369 1079 1753 1153 percipimus,
1798 1095 1933 1152 quas
1984 1079 2100 1133 sint

441 1171 677 1242 agenda
699 1169 1034 1225 videamus.
1066 1171 1230 1224 Nunc
1263 1168 1341 1223 ad
1370 1167 1574 1224 lumen
1606 1169 1662 1223 in
1699 1167 1952 1224 tenebris
1975 1183 2100 1222 am-

441 1260 628 1328 bulat,
675 1258 964 1332 quoniam
1021 1263 1230 1313 sancta
1285 1257 1636 1314 universalis
1682 1257 1959 1327 Ecclesia,
1991 1255 2098 1311 etsi

440 1351 665 1408 alienas
712 1349 976 1405 occultas
1018 1348 1408 1416 cogitationes
1469 1364 1589 1403 non
1632 1350 1921 1420 penetrat,
1952 1345 2098 1418 quia

439 1440 612 1512 quasi
641 1437 854 1495 faciem
884 1452 1007 1493 non
1037 1437 1344 1506 cognoscit
1374 1437 1434 1491 in
1465 1443 1658 1502 nocte,
1699 1435 1868 1508 ponit
1894 1441 2095 1492 tamen

438 1544 679 1600 gressus
707 1527 854 1584 boni
881 1526 1100 1598 operis,
1127 1525 1352 1582 directa
1381 1525 1606 1581 lumine
1635 1540 1910 1598 superate
1933 1524 2095 1580 locu-

439 1617 636 1674 tionis.
679 1615 956 1688 Sequitur
978 1631 992 1670 :

510 1710 684 1762 Vens.
714 1709 770 1762 4.
810 1706 982 1762 Sicut
1001 1704 1119 1772 ﬁlii
1147 1705 1207 1759 in
1261 1703 1465 1760 diebus
1493 1703 1908 1760 adolescentia
1931 1717 2094 1770 mete,

439 1795 680 1866 quando
720 1799 940 1850 secreto
980 1794 1138 1848 Deus
1168 1797 1298 1848 erat
1339 1793 1402 1847 in
1437 1793 1824 1849 tabernaculo
1849 1807 1994 1848 meo.
2027 1823 2095 1832 —-

443 1884 603 1940 Sicut
653 1881 1126 1954 uniuscujusque
1156 1881 1437 1951 hominis,
1471 1881 1553 1937 sic
1577 1885 1794 1937 sanctae
1827 1881 2096 1936 Ecclesiae

439 1977 583 2030 tetas
612 1971 980 2028 describitur.
1017 1970 1267 2026 Parvula
1313 1975 1456 2026 tunc
1496 1973 1722 2043 quippe
1765 1975 1910 2044 erat,
1957 1987 2094 2026 cum

426 2061 741 2118 nativitate
759 2075 967 2115 recens
993 2058 1248 2114 verbum
1274 2059 1407 2114 vitae
1435 2059 1762 2130 praedicare
1791 2075 1915 2114 non
1937 2065 2098 2132 pote-

437 2155 548 2206 rat.
578 2149 682 2205 Hic
725 2148 884 2205 enim
914 2147 988 2204 de
1035 2147 1136 2202 illa
1165 2147 1404 2204 dicitur:
1455 2171 1482 2196 «
1507 2149 1684 2204 Soror
1711 2151 1918 2204 nostra
1963 2165 2097 2220 par-

437 2239 580 2295 vula
595 2242 700 2306 est,
726 2242 784 2295 et
805 2237 992 2292 ubera
1022 2251 1146 2292 non
1175 2236 1358 2292 habet
1385 2236 1584 2306 (Cant.
1617 2253 1737 2304 vui,
1773 2239 1848 2300 8).
1874 2256 1902 2288 ι
1921 2237 2096 2292 Adul—

437 2333 499 2385 ta
527 2344 668 2384 vero
696 2325 954 2384 Ecclesia
983 2326 1196 2382 dicitur
1225 2326 1473 2399 quando
1502 2325 1602 2382 Dei
1640 2325 1824 2405 verbo
1854 2326 2096 2398 copula-

437 2421 515 2485 ta,
539 2420 748 2474 sancto
775 2416 1000 2488 repleta
1027 2415 1243 2486 Spiritu
1268 2430 1374 2486 per
1399 2413 1838 2486 prredicationis
1870 2420 2093 2486 myste-

435 2505 614 2571 rium,
663 2505 725 2558 in
770 2503 1035 2558 ﬁliorum
1096 2501 1484 2574 conceptione
1537 2502 1750 2556 fetatur
1798 2518 1952 2573 quos
2001 2519 2096 2557 ex-

437 2592 733 2648 hortando
762 2590 1032 2664 parturit,
1063 2589 1466 2646 convertendo
1491 2589 1664 2661 parit.
1695 2592 1773 2645 De
1803 2591 1932 2661 ejus
1980 2591 2092 2646 hac

436 2684 608 2736 aetate
636 2679 888 2734 Domino
918 2677 1163 2733 dicitur:
1219 2699 1246 2726 ‹‹
1266 2677 1734 2734 Adolescentulae
1765 2677 2098 2735 dilexerunt

435 2769 706 2840 te(0ant.
729 2785 766 2837 ι,
786 2770 860 2840 3).
879 2771 1085 2824 »Tunc
1113 2782 1254 2836 ergo
1275 2783 1413 2822 cum
1443 2767 1502 2822 in
1535 2766 1748 2822 diebus
1770 2767 1882 2828 illis
1900 2769 2094 2825 Eccle-

439 2857 548 2919 sia,
575 2857 750 2932 quasi
769 2856 1040 2930 quodam
1062 2855 1230 2912 senio
1252 2855 1575 2923 debilitata,
1601 2872 1710 2928 per
1727 2856 2092 2929 praedicatio-

437 2963 576 3003 nem
606 2945 1010 3023 ﬁliosparere
1040 2960 1162 3001 non
1203 2942 1372 3013 valet,
1413 2944 1808 3002 reminiscitur
1831 2946 2094 3002 fecundi-
2123 2975 2164 3032 ρ

435 3037 569 3094 tatis
611 3037 892 3110 antiquae.
928 3035 1082 3102 Quid
1119 3035 1234 3092 hoc
1277 3034 1412 3092 loco
1460 3035 1936 3108 tabernaculum,
1969 3053 2092 3093 non

431 3126 862 3183 habitationem
895 3124 1112 3182 mentis
1149 3123 1532 3197 accipimus?
1581 3124 1724 3196 quia
1766 3140 1872 3197 per
1911 3141 2090 3182 omne

429 3217 590 3288 quod
623 3216 943 3286 cogitando
974 3214 1230 3283 agimus,
1262 3213 1324 3268 in
1376 3213 1629 3268 consilio
1659 3214 1845 3269 nostri
1893 3215 2090 3270 cordis

427 3305 790 3360 habitamus.
827 3302 1109 3374 Quisquis
1157 3306 1361 3357 autem
1412 3302 1703 3358 mandata
1752 3303 1848 3358 Dei
1878 3303 2088 3360 tacitus

429 3391 666 3461 cogitat,
699 3395 924 3446 secreto
961 3391 1117 3444 Deus
1145 3387 1226 3444 illi
1251 3387 1314 3443 in
1368 3389 1754 3446 tabernaculo
1780 3396 1886 3446 est.
1913 3391 2090 3448 Habi-

427 3479 712 3536 tationem
737 3477 956 3536 etenim
979 3477 1176 3533 cordis
1201 3477 1291 3532 sui
1322 3482 1459 3533 ante
1491 3477 1592 3532 Dei
1615 3494 1744 3534 esse
1777 3479 1984 3536 oculos
2005 3481 2088 3536 vi-

427 3569 598 3624 derat
631 3568 738 3640 qui
779 3566 1047 3623 dicebat:
1107 3588 1134 3615 «
1159 3569 1226 3620 Et
1275 3565 1582 3621 meditatio
1629 3567 1826 3622 cordis
1873 3569 1991 3625 mei
2024 3571 2087 3625 in

427 3661 754 3730 conspectu
797 3660 900 3712 tuo
951 3670 1186 3726 semper
1236 3655 1424 3722 (Psat.
1465 3671 1630 3723 xvm,
1675 3657 1828 3728 15).»
1871 3657 2088 3716 Sancta

423 3746 628 3820 itaque
641 3745 896 3802 Ecclesia
908 3744 968 3800 in
980 3743 1218 3814 magnis
1230 3749 1370 3800 tunc
1386 3743 1866 3802 tribulationibus
1879 3747 2086 3820 depre-

424 3838 636 3908 hensa,
669 3852 806 3893 cum
855 3835 1077 3892 multos
1107 3851 1144 3890 a
1175 3837 1292 3890 Deo
1331 3835 1626 3907 conspicit
1650 3851 1841 3908 prava
1867 3839 2084 3908 cogita-

422 3929 582 3985 tione
625 3926 950 3998 discedere,
981 3925 1142 3982 videt
1167 3925 1434 3998 protecto
1479 3927 1695 3982 mentis
1733 3943 1944 3984 eorum
1972 3929 2081 3986 ha-

420 4017 751 4074 bitaculum
803 4015 1144 4072 discedente
1188 4016 1305 4070 Deo
1357 4030 1615 4071 vacuum
1663 4032 1994 4089 remanere,
2026 4023 2084 4076 et

413 4108 548 4180 jure
573 4107 914 4182 deplorans,
946 4105 1123 4162 dicit:
1159 4105 1392 4174 Quanto
1419 4111 1640 4162 secreto
1668 4108 1825 4164 Deus
1855 4114 1985 4166 erat
2015 4109 2079 4166 in

421 4197 812 4252 tabernaculo
876 4211 1022 4252 meo.
1070 4193 1296 4258 Quibus
1353 4193 1548 4249 verbis
1601 4209 1726 4250 non
1779 4195 2078 4252 immerito

419 4284 599 4340 etiam
629 4283 927 4338 simulatio
951 4281 1254 4379 religionis
1279 4281 1602 4353 plangitur,
1629 4282 1775 4354 quia
1802 4283 2076 4380 nonnulli
2108 4325 2162 4380 Β.

418 4370 598 4427 etiam
628 4383 788 4426 nunc
833 4368 1150 4426 Christiani
1179 4383 1309 4423 esse
1360 4383 1485 4423 non
1515 4373 1828 4440 appetunt,
1861 4371 1967 4427 sed
1995 4372 2077 4428 vi-

417 4459 563 4516 deri.
591 4458 691 4514 His
721 4458 988 4514 videlicet
1028 4460 1179 4512 Deus
1213 4457 1275 4512 in
1314 4457 1558 4530 publico
1586 4462 1697 4526 est,
1729 4474 1852 4515 non
1897 4460 1959 4516 in
1990 4476 2076 4516 se-

415 4552 595 4606 creto.
627 4548 738 4606 Sed
767 4552 978 4604 sancta
1003 4545 1261 4602 Ecclesia
1291 4548 1478 4602 Deum
1506 4546 1569 4601 in
1599 4552 1825 4603 secreto
1850 4549 2071 4606 habere

415 4637 733 4708 desiderat,
759 4637 904 4710 quia
931 4635 1062 4692 illos
1096 4651 1234 4692 vere
1277 4633 1482 4690 ﬁdeles
1511 4634 1771 4706 respicit,
1802 4652 1956 4708 quos
1995 4637 2075 4693 ad

411 4727 598 4785 vitam
627 4725 770 4784 fidei
793 4726 971 4783 corde
1015 4725 1194 4798 pleno
1221 4740 1578 4799 permanere
1619 4725 1945 4796 cognoscit.
1982 4729 2076 4784 Se-

412 4818 613 4889 quitur
636 4833 652 4872 :

483 4907 658 4961 Vens.
789 4907 1038 4974 Quando
1069 4911 1198 4962 erat
1240 4905 1622 4974 Omnipotens
1651 4921 1898 4975 mecum,
1923 4913 1978 4964 et
2007 4909 2071 4964 in

409 4995 667 5052 circuitu
693 5010 818 5051 meo
843 4997 1024 5064 pueri
1049 4995 1179 5051 mei.
1213 5025 1282 5034 —
1312 4994 1486 5050 Pueri
1517 4993 1736 5050 scilicet
1759 5001 2067 5065 vocantur,

407 5084 551 5158 quia
576 5083 914 5139 caelestibus
934 5083 1236 5139 mandatis
1261 5082 1788 5140 inserviunt.Unde
1809 5099 1916 5156 per
1935 5100 2070 5156 pro-

403 5175 650 5248 phetam
689 5172 978 5229 Dominus
1016 5171 1193 5228 dicit:
1243 5174 1430 5228 «Ecce
1462 5188 1574 5244 ego
1619 5177 1678 5228 et
1716 5173 1886 5246 pueri
1914 5190 2070 5246 quos

401 5263 547 5320 mihi
578 5259 744 5320 dedit
789 5264 943 5317 Deus
969 5261 1110 5332 (Isa.
1143 5276 1263 5329 vui,
1299 5261 1405 5330 l8).
1445 5263 1507 5316 Et
1530 5277 1740 5315 rursus
1791 5260 1854 5316 in
1888 5264 2071 5318 Evan-

403 5353 588 5423 gelio:
635 5352 868 5420 «Pueri,
909 5349 1186 5422 nunquid
1236 5349 1706 5422 pulmentarium
1744 5349 2064 5406 habetis?»

400 5441 598 5514 (Joan.
624 5457 744 5506 xxr,
775 5446 854 5508 5.)
889 5445 1052 5498 Nunc
1084 5453 1225 5508 ergo
1247 5438 1307 5494 in
1332 5439 1578 5495 circuitu
1609 5441 1740 5510 ejus
1764 5444 1904 5494 sunt
1923 5455 2066 5510 pue-

395 5532 468 5602 ri,
496 5530 640 5604 quia
669 5529 729 5585 in
783 5531 1010 5587 cunctis
1058 5530 1179 5585 fere
1224 5529 1501 5597 gentibus
1532 5528 1928 5600 reperiuntur,
1959 5528 2066 5601 qui

397 5617 660 5676 C(Elestia
679 5619 970 5676 mandata
981 5618 1346 5689 custodiunt,
1361 5622 1418 5672 et
1434 5616 1713 5690 spiritalis
1731 5615 2062 5689 disciplina;

2209 359 2419 431 quium
2447 361 2614 432 pueri
2647 361 2913 432 deerant,
2932 361 3176 433 quando
3201 363 3368 434 pravi
3391 363 3494 436 qui
3520 366 3734 436 reperti
3759 365 3882 420 iue-

2209 449 2324 504 rint
2353 449 2637 520 spiritelia
2663 450 2794 521 ejus
2818 451 3106 507 mandata
3125 457 3536 508 "contemnunt.
3567 454 3875 525 Sequitur:

2276 540 2445 592 Vens.
2477 542 2530 591 6.
2567 537 2816 604 Quando
2850 540 3124 595 tauabam
3151 541 3329 608 pedes
3360 556 3512 596 meos
3543 541 3781 611 butyro.
3806 573 3877 581 —

2209 623 2358 688 Quia
2384 625 2680 682 Christum
2712 633 2770 682 et
2797 630 2926 698 ejus
2956 630 3280 684 Ecclesiam
3308 646 3492 686 unam
3519 647 3650 686 esse
3673 646 3879 702 perso-

2206 727 2350 768 nam
2395 714 2604 770 crebro
2647 715 2773 786 jam
2826 716 3119 778 diximus;
3174 717 3338 773 illum
3379 719 3652 774 videlicet
3693 719 3877 790 hujus

2207 802 2472 872 corporis
2503 809 2704 874 caput,
2749 805 2902 860 hanc
2945 812 3142 860 autem
3184 807 3339 861 illitis
3378 808 3586 879 capitis
3626 824 3872 880 corpus.

2207 890 2384 946 Aliter
2413 892 2541 946 haec
2573 893 2756 948 verba
2779 895 2951 965 juxta
2983 912 3191 951 vocem
3224 897 3432 968 capitis
3465 898 3876 970 accipi,atque

2206 979 2370 1036 aliter
2395 981 2566 1050 juxta
2601 999 2805 1038 vocem
2836 985 3102 1056 corporis
3131 986 3368 1040 debent.
3405 987 3564 1051 Quos
3595 1002 3737 1055 ergo
3767 1003 3877 1059 pe-

2205 1067 2311 1122 des
2345 1069 2596 1136 Domini,
2621 1070 2734 1125 nisi
2765 1078 3007 1127 sanctos
3039 1073 3458 1144 praedicatores
3489 1075 3823 1147 accipimus
3848 1076 3877 1130 ?

2209 1159 2285 1211 De
2312 1158 2531 1229 quibus
2559 1159 2699 1215 dicit
2727 1179 2738 1215 :
2771 1183 2795 1207 ‹‹
2827 1165 2887 1216 'th
2917 1161 3312 1217 inambulabo
3341 1163 3402 1217 in
3416 1164 3499 1217 eis
3519 1165 3610 1234 (II
3631 1165 3773 1220 Cor.
3793 1181 3872 1230 τι,

2211 1247 2361 1318 16).»
2394 1250 2615 1320 Butyro
2660 1249 2836 1320 igitur
2867 1251 3048 1322 pedes
3079 1251 3373 1318 laxantur,
3406 1253 3549 1324 quia
3579 1254 3872 1325 praedica-

2205 1342 2360 1392 tores
2393 1337 2578 1392 sancti
2609 1337 2908 1394 bonorutn
2953 1355 3205 1412 operum
3250 1341 3612 1412 pinguedine
3641 1343 3878 1414 replen-

2208 1430 2315 1481 tur.
2352 1430 2418 1482 Ut
2442 1427 2622 1497 enim,
2656 1434 2720 1484 ut
2745 1445 2928 1500 supra
2953 1431 3080 1500 jam
3113 1430 3396 1496 diximus,
3425 1432 3522 1486 vix
3560 1431 3692 1502 ipsa
3722 1449 3876 1504 prte-

2203 1515 2420 1570 dicatio
2470 1515 2594 1570 sine
2643 1516 2846 1589 aliquo
2898 1519 3183 1574 transitur
3235 1519 3521 1574 admisso.
3581 1520 3730 1575 Hinc
3774 1521 3873 1576 Ja-

2207 1603 2316 1659 cob
2365 1603 2550 1666 dicit:
2609 1607 2725 1660 «In
2777 1605 2978 1662 multis
3031 1607 3397 1664 oti'endimus
3445 1625 3657 1664 omnes
3711 1611 3868 1682 (Jac.

2206 1709 2285 1764 ιιι,
2315 1695 2437 1764 2).»
2491 1694 2674 1750 Pedes
2728 1710 2870 1764 ergo
2920 1695 3200 1752 lavantur
3249 1696 3488 1770 butyro,
3538 1701 3681 1770 quia
3731 1698 3873 1770 pin-

2206 1781 2463 1852 guedine
2522 1783 2663 1839 boni
2718 1785 2918 1856 operis
2968 1785 3316 1853 infunditur,
3374 1792 3554 1859 atque
3614 1787 3876 1842 munda-

2207 1875 2300 1925 tur
2341 1871 2619 1926 collectus
2662 1873 2856 1944 pulvis
2904 1872 2978 1928 de
3028 1873 3218 1942 gloria
3269 1874 3726 1946 praedicationis.
3762 1877 3872 1930 Vel

2205 1963 2358 2015 certe
2397 1959 2618 2032 butyro
2659 1961 2843 2032 pedes
2883 1961 3180 2032 lavantur,
3211 1961 3359 2018 dum
3404 1963 3625 2018 sanctis
3656 1963 3876 2036 praedi-

2205 2047 2506 2104 catoribus
2537 2048 2738 2104 debita
2781 2049 2858 2104 ab
2911 2049 3294 2106 audientibus
3341 2051 3640 2124 stipendia
3669 2052 3874 2107 confe-

2203 2141 2433 2204 runtur,
2467 2141 2524 2192 et
2553 2153 2706 2208 quos
2736 2139 2945 2206 fatigat
2973 2139 3276 2208 injunctus
3311 2139 3748 2210 praedicationis
3772 2139 3870 2196 la—

2158 2272 2160 2275 .
2204 2225 2333 2292 bor,
2363 2225 2638 2296 exhibita
2677 2242 2711 2280 a
2761 2225 3068 2299 discipulis
3118 2229 3420 2300 pinguedo
3472 2229 3618 2284 boni
3663 2231 3868 2303 operis

2204 2313 2378 2370 fovet.
2444 2317 2571 2370 Non
2640 2315 2806 2386 quod
2863 2315 3000 2370 ideo
3079 2316 3402 2388 praedicent
3471 2323 3530 2372 ut
3604 2317 3868 2386 alantur,

2205 2403 2310 2460 sed
2340 2403 2476 2460 ideo
2503 2403 2740 2460 alantur
2769 2411 2832 2460 ut
2863 2407 3204 2478 praedicent,
3237 2407 3297 2462 id
3326 2411 3434 2477 est,
3470 2413 3533 2463 ut
3569 2409 3870 2481 praedica-

2201 2508 2263 2548 re
2295 2491 2638 2548 subsistant.
2675 2491 2731 2548 Si
2758 2499 2962 2549 autem
2993 2496 3206 2550 sentire
3246 2495 3358 2550 ista
3399 2511 3472 2550 ex
3501 2511 3647 2552 voce
3677 2497 3870 2552 solius

2202 2582 2466 2656 corporis
2509 2581 2824 2648 debemus,
2855 2583 3140 2639 nimirum
3183 2585 3367 2656 pedes
3425 2585 3690 2641 Ecclesia:
3725 2593 3871 2642 sunt

2200 2670 2547 2726 inferiorum
2571 2685 2826 2742 operum
2857 2671 3126 2738 ministri,
3160 2673 3265 2744 qui
3293 2673 3440 2728 dum
3481 2673 3559 2728 ad
3592 2690 3736 2729 usus
3763 2689 3872 2730 ne-

2201 2759 2492 2816 cessarios
2558 2774 2629 2814 ea
2693 2775 2828 2830 quae
2895 2765 3037 2816 sunt
3097 2761 3352 2816 exterius
3408 2769 3702 2827 exercent,
3754 2779 3871 2835 per

2201 2855 2534 2906 extremum
2581 2847 2973 2903 ministerium
3024 2849 3184 2905 velut
3241 2849 3424 2922 pedes
3470 2855 3634 2906 terrae
3679 2851 3872 2908 inhae—

2199 2943 2348 2994 rent.
2377 2937 2490 2995 Sed
2519 2937 2740 2994 debent
2767 2939 2828 2994 hi
2853 2940 2957 3011 qui
2985 2947 3270 3012 praesunt,
3302 2942 3402 3014 qui
3427 2937 3707 2997 doctrinis
3737 2948 3870 2998 stu-

2199 3027 2298 3083 dio
2328 3027 2658 3096 invigilant,
2690 3027 2884 3082 solerti
2918 3044 3060 3084 cura
3092 3035 3524 3102 occupatorum
3564 3030 3749 3086 corda
3774 3047 3870 3087 re-

2198 3117 2452 3188 quirere,
2503 3115 2710 3187 eisque
2759 3119 2893 3172 eam
2943 3132 3128 3188 quam
3181 3117 3296 3189 ipsi
3349 3117 3625 3174 vacando
3677 3119 3875 3190 perci-

2201 3206 2390 3278 piunt,
2423 3204 2633 3260 crebro
2683 3205 3109 3261 admonitionis
3140 3222 3286 3262 voce
3335 3205 3694 3263 infusionem
3723 3209 3870 3280 pin-

2197 3295 2472 3366 guedinis
2502 3295 2856 3352 ministrare.
2887 3297 2953 3350 Et
2981 3295 3165 3368 pedes
3195 3295 3414 3368 butyro
3456 3295 3681 3365 lavant,
3713 3299 3870 3370 quia

2195 3400 2405 3440 eorum
2433 3383 2781 3440 vulneribus
2812 3383 3170 3454 poenitentiae
3200 3387 3506 3454 unguenta
3532 3384 3865 3441 subminis-

2197 3477 2372 3530 trant.
2405 3473 2833 3528 Reminiscatur
2857 3471 3036 3542 igitur
3066 3472 3325 3529 Ecclesia
3363 3477 3504 3529 tunc
3536 3473 3863 3530 vehemen-

2193 3567 2282 3618 ter
2312 3562 2552 3630 aﬁlicta,
2579 3561 2890 3634 quomodo
2917 3560 3082 3633 pacis
3131 3578 3254 3617 suae
3287 3565 3553 3634 tempore
3585 3579 3694 3636 per
3722 3579 3865 3620 exo-

2194 3653 2438 3721 rationjs
2451 3651 2704 3708 verbum
2732 3650 3006 3707 membra
3028 3651 3090 3706 in
3116 3667 3178 3706 se
3194 3651 3372 3708 etiam
3400 3657 3666 3709 extrema
3685 3670 3868 3710 mun-

2193 3741 2396 3808 dabat,
2449 3745 2505 3796 et
2556 3739 2750 3796 dicat:
2818 3740 3064 3808 Quando
3121 3741 3400 3797 lavabam
3460 3741 3641 3811 pedes
3703 3757 3865 3798 meos

2195 3833 2431 3902 butyro.
2459 3829 2630 3894 Quod
2673 3829 2748 3886 de
2787 3829 2965 3886 beato
2999 3829 3110 3885 Job
3137 3827 3566 3887 admirabiliter
3605 3830 3749 3888 libet
3775 3831 3866 3887 in-

2193 3921 2361 3989 tueri,
2393 3920 2497 3994 qui
2521 3920 2672 3975 inter
2697 3923 2782 3975 tot
2801 3918 3050 3975 affectus
3073 3918 3418 3991 pignorum,
3441 3919 3594 3976 inter
3623 3924 3708 3977 tot
3731 3925 3864 3977 stu-

2191 4007 2292 4065 dia
2321 4007 2770 4076 sacrificiorum,
2804 4007 3086 4080 subjectis
3137 4008 3261 4064 suis
3307 4008 3643 4081 quamlibet
3669 4014 3864 4066 extre-

2191 4097 2306 4154 mis
2337 4097 2501 4154 hona
2530 4096 2832 4170 sequentis
2861 4097 2998 4154 vita:
3019 4097 3408 4170 praedicabat,
3432 4101 3497 4154 ut
3516 4115 3620 4155 eos
3645 4098 3721 4154 de
3741 4116 3864 4155 ca:-

2188 4187 2438 4245 lestibus
2465 4187 2759 4244 imbueret
2785 4187 2890 4260 qui
2919 4186 3033 4243 sibi
3062 4186 3142 4244 ad
3173 4191 3404 4244 terrena
3433 4204 3620 4261 opera
3647 4187 3860 4245 deser-

2190 4277 2399 4334 virent.
2425 4276 2700 4349 Sequitur
2714 4277 2834 4332 :.Et
2849 4282 3022 4346 petra
3046 4277 3198 4334 mihi
3213 4277 3508 4347 fundebat
3531 4279 3689 4334 rivos
3709 4279 3859 4335 olei.

2189 4399 2257 4406 —
2280 4366 2430 4432 Quia
2457 4371 2638 4438 petrae
2663 4365 2906 4421 nomine
2937 4366 3202 4422 Christus
3231 4367 3540 4440 accipitur,
3564 4367 3861 4442 praedica-

2187 4462 2279 4512 tor
2327 4456 2601 4528 egregius
2651 4456 2865 4513 fatetur
2914 4455 3158 4513 dicens:
3204 4480 3232 4507 ‹‹
3253 4459 3423 4515 Petra
3476 4463 3678 4514 autem
3725 4463 3862 4517 erat

2184 4547 2446 4603 Christus
2478 4547 2532 4618 (Ι
2557 4546 2694 4602 Cor.
2727 4563 2780 4613 χ,
2812 4547 2936 4616 4).»
2987 4548 3129 4612 Quae
3169 4545 3438 4603 videlicet
3489 4552 3656 4620 petra
3683 4563 3858 4604 nunc

2182 4637 2509 4692 adversum
2539 4638 2762 4690 sanctae
2790 4634 3062 4691 Ecclesiae
3103 4634 3218 4691 olei
3260 4637 3421 4692 rivos
3461 4636 3676 4709 fundit,
3701 4637 3858 4710 quia

2179 4721 2244 4778 in
2289 4738 2360 4778 ea
2396 4722 2651 4796 loquens
2699 4723 2990 4779 Dominus
3032 4724 3500 4797 praedicamenta
3549 4726 3855 4782 unctionis

2180 4811 2404 4868 intimae
2433 4816 2692 4870 emanat.
2728 4814 2806 4868 De
2831 4813 2950 4871 hac
2989 4818 3157 4886 petra
3199 4813 3316 4870 olei
3345 4815 3509 4872 rivus
3535 4816 3672 4872 exiit
3696 4815 3855 4872 liber

2181 4901 2452 4968 Matthaei,
2483 4901 2633 4956 liber
2656 4901 2850 4967 Marci,
2883 4902 3034 4958 liber
3072 4906 3258 4971 Lucas,
3299 4903 3452 4961 liber
3479 4904 3746 4962 Joannis.
3780 4905 3854 4960 in

2179 4989 2430 5046 diversis
2462 4990 2674 5046 mundi
2700 4991 2880 5062 hujus
2910 4991 3182 5064 partibus
3211 4999 3360 5066 quot
3380 4993 3854 5066 praedicamenta

2179 5078 2383 5142 edidit,
2411 5083 2494 5136 tot
2519 5080 2691 5137 Petra
2708 5080 2838 5136 haec
2862 5097 2969 5154 per
2985 5097 3093 5138 ora
3121 5082 3538 5154 apostolorum
3567 5086 3852 5141 omnium

2175 5167 2332 5223 rivos
2361 5167 2531 5225 fudit.
2566 5169 2691 5226 Rivi
2723 5174 3016 5226 vocantur
3059 5171 3194 5239 olei,
3221 5171 3367 5244 quia
3409 5171 3755 5242 decurrunt,
3786 5177 3852 5229 et

2177 5263 2448 5326 unguent
2475 5260 2773 5330 [ungunt],
2806 5259 2866 5314 in
2895 5260 3119 5332 quibus
3147 5261 3406 5334 quisque
3438 5261 3698 5333 tingitur,
3735 5278 3849 5318 un-

2177 5348 2362 5417 gitur;
2405 5348 2680 5422 quisquis
2726 5347 2970 5420 tingitur
3002 5349 3249 5407 interius
3277 5351 3711 5424 impinguatur.
3747 5355 3852 5408 Se-

2176 5437 2378 5508 quitur
2397 5455 2410 5492 :

2247 5528 2732 5595 Vens.7.()uando
2743 5529 3136 5597 procedebant
3153 5531 3234 5586 ad
3253 5536 3494 5599 portam
3513 5532 3772 5588 civitatis
3784 5537 3842 5587 et

2173 5618 2237 5673 in
2243 5619 2452 5687 platea
2472 5618 2780 5687 parabant
2795 5618 3145 5678 cathedram
3162 5621 3405 5678 mihi.—
3421 5623 3542 5679 Mos
3563 5625 3842 5678 veterum
