4146 6156
261 186 362 240 337

1082 188 1382 244 ΕΡΙΤΟΜΕ
1422 185 1791 244 MORALIUM
1831 184 1885 240 S.
1929 184 2133 243 GREG.
2177 191 2246 244 IN
2283 191 2423 249 JOB.
2467 224 2535 234 —
2574 195 2702 249 LIB.
2748 197 2875 251 XIX.

3572 201 3675 255 338

255 309 385 377 fuit,
415 314 478 365 ut
508 309 772 363 seniores
801 311 857 365 in
888 316 1059 382 porta
1086 312 1490 377 consisterent,
1520 314 1809 367 etcausas
1828 309 1912 364 in-
1946 310 1995 363 A
2026 315 2247 367 sanctae
2284 316 2552 371 Ecclesiae
2584 317 2930 385 referamus,
2962 318 3056 373 ille
3089 319 3217 389 ejus
3248 319 3429 375 verba
3450 319 3679 376 beatiﬁ-

252 402 621 454 troeuntium
648 399 1007 469 judicarent.
1044 400 1215 466 Quod
1274 401 1518 455 beatum
1567 400 1676 455 Job
1724 399 1912 467 egisse

251 502 366 559 pro
392 487 553 542 cultu
577 487 815 558 justitiae
849 494 1076 544 certum
1108 494 1403 545 tenemus.
1438 489 1549 545 Sed
1606 488 1751 561 quid
1809 502 1915 559 per

251 576 506 633 civitatis
536 583 795 650 portam,
826 579 939 634 nisi
972 579 1134 635 bona
1165 596 1424 652 qumque
1461 579 1615 636 actio
1644 578 1917 645 designa-

253 670 368 737 tur,
410 682 518 738 per
537 684 723 739 quam
750 669 953 723 anima
983 668 1060 725 ad
1083 672 1443 725 conventum
1474 668 1641 738 regni
1663 667 1914 723 ccelestis

251 755 586 825 ingreditur
610 758 637 812 ‘?
683 756 846 813 Unde
879 758 1179 829 Propheta
1210 759 1289 814 ait
1321 776 1332 812 :
1364 782 1389 808 (ι
1422 758 1531 824 Qui
1561 757 1788 813 exaltas
1820 772 1915 811 me

252 843 330 900 de
356 845 543 916 portis
571 848 800 905 mortis.
839 850 902 902 ut
928 847 1281 903 annuntiem
1303 863 1515 903 omnes
1542 846 1751 903 laudes
1783 849 1915 901 tuas
1966 862 1977 869 ·

253 932 315 987 in
346 932 531 1004 portis
552 933 686 989 ﬁliae
710 934 849 990 Sion
875 934 1063 1005 (Psal.
1099 952 1171 1002 lx,
1212 936 1317 1007 15).
1344 954 1373 987 ›
1441 935 1591 996 Quid
1643 950 1784 990 vero
1808 950 1915 1006 per

252 1021 622 1093 cathedram,
656 1024 766 1079 nisi
797 1025 1117 1095 magisterii
1142 1026 1462 1082 auctoritas
1509 1025 1856 1093 designatur
1886 1024 1914 1078 ?

254 1112 459 1167 Graeca
481 1116 683 1168 autem
710 1130 853 1170 voce
885 1114 1085 1186 platea
1138 1130 1249 1187 pro
1303 1113 1616 1169 latitudine
1676 1113 1907 1168 dicitur.

250 1204 420 1258 Nunc
442 1217 584 1271 ergo
616 1203 876 1259 Ecclesia
902 1203 980 1259 ad
1010 1203 1262 1259 civitatis
1323 1207 1562 1275 portam
1621 1202 1908 1274 procedit,

248 1290 395 1362 quia
426 1297 488 1345 ut
518 1291 788 1347 auditum
826 1293 1081 1349 ecrlestis
1108 1293 1277 1363 regni
1304 1292 1608 1364 percipiat,
1639 1292 1698 1346 in
1748 1308 1914 1347 sanc-

248 1380 324 1435 tis
356 1380 693 1436 actionibus
725 1387 974 1438 exercet.
1013 1382 1116 1438 (lui
1140 1382 1201 1437 in
1231 1382 1425 1455 platea
1450 1385 1701 1453 paratur
1721 1382 1914 1437 cathe-

246 1469 380 1525 dra.
414 1469 560 1541 quia
588 1470 645 1524 in
680 1488 917 1535 magnae
949 1472 1314 1527 auctoritatis
1336 1470 1644 1527 latitudine
1671 1470 1762 1525 sui
1790 1486 1913 1526 ma-

248 1557 471 1627 gisterii
501 1558 740 1614 exhibet
770 1559 1122 1616 libertatem.
1188 1560 1298 1625 Qui
1350 1561 1508 1615 enim
1568 1562 1728 1614 recta
1775 1574 1911 1630 quae

2023 404 2134 466 cat,
2168 402 2272 473 qui
2302 419 2372 460 ea
2402 421 2537 477 qum
2568 404 2842 475 audierit,
2876 422 3055 478 opere
3080 413 3481 465 consummat.
3502 408 3601 465 Ille
3623 408 3677 465 ei

2022 488 2425 548 testimonium
2457 494 2670 561 reddit,
2704 495 2807 566 qui
2825 494 3113 569 exemplis
3148 497 3278 554 vitm
3312 496 3467 554 illius
3520 496 3675 554 bene

2022 570 2276 636 vivendo
2299 582 2643 655 respondet.
2672 584 2951 656 Sequitur
2983 602 2995 639 :

2096 668 2272 726 Vens.
2312 676 2397 737 t2,
2426 672 2507 729 l3.
2542 674 2630 729 Eo
2651 674 2811 744 quod
2843 674 3182 731 liberassem
3228 691 3555 746 pauperem
3580 693 3676 735 vo-

2025 757 2396 827 ciferantem,
2428 768 2481 817 et
2505 763 2814 831 pupillum
2844 764 2944 819 cui
2965 779 3085 819 non
3105 769 3236 820 erat
3256 765 3518 834 adiutor.
3562 768 3677 823 Be-

2024 847 2283 904 nedictio
2308 851 2572 919 perituri
2587 866 2769 921 super
2796 867 2889 908 me
2916 853 3207 919 veniebat,
3253 858 3311 908 et
3354 869 3458 909 cor
3485 856 3679 912 vidum

2024 938 2363 993 consolatus
2381 955 2529 995 sum.
2554 943 2865 1011 —Magnm
2906 940 3331 998 misericordias
3382 942 3495 998 ista
3543 948 3682 999 sunt

2023 1039 2224 1096 opera,
2257 1025 2512 1082 liberare
2568 1028 2993 1085 vociferantem
3050 1045 3400 1102 pauperem,
3450 1030 3680 1103 pupillo

2022 1111 2387 1181 adjutorium
2411 1116 2771 1186 ministrare,
2796 1117 3129 1189 periturum
3156 1118 3404 1191 eripere,
3437 1134 3540 1175 cor
3598 1120 3681 1175 vi-

2021 1199 2157 1255 duae
2188 1204 2503 1259 consolari.
2540 1205 2674 1259 Haec
2701 1205 2912 1261 beatus
2940 1206 3050 1261 Job
3081 1210 3137 1262 et
3160 1206 3430 1262 exhibuit
3474 1207 3681 1264 subdi-

2022 1286 2115 1353 tis,
2150 1294 2205 1345 et
2234 1294 2430 1346 tamen
2453 1309 2562 1365 per
2586 1299 2857 1349 sanctam
2884 1294 3208 1350 Ecclesiam
3235 1295 3579 1353 exhibenda
3601 1296 3682 1353 si-

2021 1380 2244 1445 gnavit.
2278 1382 2418 1444 Quae
2447 1387 2749 1454 utcunque
2781 1399 2941 1438 nunc
2969 1382 3398 1440 incessabiliter
3427 1389 3679 1454 exercet,

2020 1472 2086 1522 ut
2104 1468 2376 1525 videlicet
2404 1470 2558 1527 ﬁlios
2588 1488 2729 1527 suos
2752 1476 2808 1528 et
2827 1472 3134 1544 loquendo
3156 1478 3383 1545 pascat,
3407 1478 3465 1530 et
3482 1474 3685 1530 defen-

2021 1556 2221 1613 dendo
2251 1564 2541 1631 protegat.
2578 1561 2715 1615 Haec
2746 1564 2947 1616 autem
2992 1577 3130 1633 quae
3183 1577 3367 1633 supra
3418 1562 3681 1619 diximus

246 1646 430 1700 sentit
454 1646 698 1719 publica
725 1664 868 1703 voce
890 1649 1197 1721 praedicat,
1248 1649 1420 1720 quasi
1476 1648 1538 1703 in
1602 1648 1800 1721 platea
1852 1646 1912 1702 in
1951 1662 1992 1715 Β
2021 1647 2253 1720 pietatis
2283 1666 2465 1723 opera
2493 1655 2700 1707 sancta
2733 1651 2994 1707 Ecclesia
3017 1656 3076 1707 et
3099 1652 3488 1724 corporaliter
3521 1654 3682 1709 exhi-

249 1733 543 1789 cathedra
567 1735 749 1791 sedet.
778 1738 1054 1809 Sequitur
1087 1755 1098 1791 :

324 1823 497 1879 Vens.
529 1826 579 1878 8.
618 1825 1276 1895 Videbantmcjuvenes
1298 1832 1351 1882 et
1371 1816 1912 1892 abscondebantur,

247 1919 305 1968 et
351 1928 515 1968 senes
547 1922 922 1984 assurgentes
948 1917 1208 1972 stabant.
1243 1948 1311 1955 —
1340 1915 1394 1971 Si
1416 1914 1673 1970 historiae
1724 1914 1915 1969 inten-

246 2001 481 2068 dimus,
514 2019 646 2074 qum
668 2004 813 2058 dixit
832 2005 1133 2060 credimus
1165 2005 1245 2067 :si
1272 2003 1586 2071 allegoriae,
1605 2020 1741 2075 quae
1770 2018 1917 2074 prae-

247 2090 403 2145 dixit
434 2091 723 2147 videmus.
755 2096 1007 2149 Juvenes
1039 2109 1303 2165 namque
1335 2093 1451 2147 dici
1500 2092 1708 2157 solent,
1769 2092 1913 2163 quia

246 2178 403 2233 nulli
432 2180 663 2235 consilii
705 2182 993 2249 gravitate
1026 2182 1487 2253 deprimuntur;
1551 2196 1724 2236 senes
1776 2196 1915 2235 vero

247 2284 377 2323 non
408 2284 515 2324 eos
543 2269 843 2342 Scriptura
865 2287 1076 2327 vocare
1098 2271 1429 2331 consuevit.
1450 2270 1552 2342 qui
1576 2269 1704 2325 sola
1725 2284 1916 2341 quan-

248 2357 417 2412 titate
446 2361 806 2429 temporum,
839 2360 941 2414 sed
977 2377 1213 2415 morum
1242 2358 1667 2429 grandaevitate
1697 2357 1914 2414 maturi

248 2450 413 2501 sunt.
449 2447 613 2502 Unde
646 2450 1095 2520 perquemdam
1126 2450 1455 2522 sapientem
1484 2448 1699 2504 dicitur
1727 2466 1738 2503 :
1766 2470 1792 2497 «
1822 2449 1917 2504 Se-

245 2540 465 2591 nectus
497 2537 853 2592 venerabilis
880 2544 986 2607 est,
1020 2555 1142 2593 non
1187 2538 1489 2605 diuturna,
1547 2552 1744 2609 neque
1800 2552 1914 2591 nu-

246 2640 423 2679 mero
450 2640 749 2680 annorum
771 2632 1137 2699 computata.
1172 2626 1313 2683 Cani
1346 2631 1484 2682 sunt
1529 2630 1729 2681 autem
1778 2640 1914 2680 sen-

252 2729 362 2767 sus
385 2714 669 2782 hominis,
699 2719 755 2769 et
781 2721 925 2772 aetas
980 2715 1296 2771 senectutis
1352 2715 1472 2769 vita
1524 2713 1914 2770 immaculata

247 2802 420 2873 (Sap.
454 2820 532 2874 iv,
563 2804 695 2873 8-9).
734 2826 759 2853 ››
824 2806 1102 2862 Sanctam
1141 2819 1283 2873 ergo
1341 2803 1663 2859 Ecclesiam
1708 2803 1913 2858 vident

248 2908 419 2947 nunc
442 2893 695 2963 juvenes
723 2898 780 2949 et
807 2894 1286 2953 absconduntur.
1328 2908 1499 2948 senes
1525 2908 1666 2948 vero
1724 2890 1775 2947 ei
1822 2907 1913 2947 as-

2020 1736 2140 1799 bet,
2173 1742 2229 1793 et
2264 1738 2600 1810 spiritaliter
2650 1739 2928 1796 exhibere
2987 1755 3110 1795 non
3159 1744 3369 1796 cessat.
3428 1744 3577 1795 Nam
3628 1746 3685 1797 et

2014 1839 2342 1894 pauperem
2364 1828 2790 1897 vociferantem
2820 1827 3053 1897 liberat,
3083 1842 3223 1883 cum
3252 1827 3553 1899 peccatori
3580 1845 3683 1884 ve-

2023 1912 2187 1967 niam
2218 1913 2583 1986 deprecanti,
2612 1931 2713 1970 eas
2742 1931 2896 1987 quas
2924 1915 3307 1971 commiserat
3353 1915 3562 1988 culpas
3591 1932 3683 1971 re-

2021 2000 2201 2056 laxat.
2240 2004 2315 2057 De
2344 2002 2559 2058 talibus
2586 2003 2811 2075 quippe
2824 2003 3193 2076 pauperibus
3223 2003 3464 2059 dicitur:
3500 2006 3686 2061 «Bea-

2024 2089 2063 2144 ti
2094 2105 2389 2162 pauperes
2415 2092 2645 2164 spiritu,
2676 2092 2965 2163 quoniam
2992 2092 3262 2163 ipsorum
3291 2096 3380 2148 est
3427 2109 3683 2163 regnum

2025 2177 2312 2234 caelorum
2343 2181 2583 2249 (Matth.
2615 2199 2671 2241 v,
2705 2182 2778 2251 3).
2816 2204 2842 2229 »
2876 2181 3171 2254 Pupillum
3192 2197 3330 2237 vero
3353 2181 3447 2238 cui
3462 2186 3688 2239 nonest

2026 2267 2124 2337 adj
2135 2272 2268 2323 utor
2293 2268 2524 2339 liberat,
2557 2270 2703 2325 dum
2736 2270 3154 2342 unusquisque
3175 2274 3411 2325 mortuo
3436 2271 3685 2343 antiquo

2024 2362 2191 2429 patre
2217 2357 2478 2423 diabolo,
2514 2358 2592 2413 ad
2626 2363 2845 2414 sanctae
2882 2357 3153 2414 Ecclesiae
3186 2358 3385 2414 sinum
3417 2375 3682 2431 currens,

2023 2446 2176 2502 inea
2201 2462 2363 2502 same
2392 2446 2818 2502 exhortationis
2868 2446 3235 2516 adjutorium
3282 2446 3525 2518 invenit,
3580 2448 3685 2521 qui

2018 2535 2145 2605 jam
2191 2534 2487 2591 desideria
2537 2535 2749 2590 mundi
2808 2535 3222 2607 persequentis
3274 2534 3443 2606 fugit.
3492 2539 3686 2592 Potest

2023 2622 2233 2696 pupilli
2262 2623 2505 2679 nomine
2534 2622 2729 2679 fidelis
2758 2623 3015 2695 quisque
3038 2623 3217 2679 etiam
3240 2627 3485 2695 propter
3529 2639 3686 2679 mor-

2024 2715 2142 2767 tem
2174 2712 2321 2769 boni
2352 2713 2538 2769 Patris
2564 2712 2830 2783 intelligi,
2864 2712 3037 2784 cujus
3068 2712 3147 2769 ad
3167 2711 3460 2786 templum
3506 2712 3684 2768 visio-

2022 2817 2097 2856 ne
2126 2801 2440 2858 destitutus
2471 2806 2577 2868 est,
2608 2818 2795 2873 quam
2826 2801 3039 2857 solatio
3063 2801 3379 2859 destitutus
3405 2817 3531 2858 non
3570 2805 3681 2859 est.

2023 2891 2365 2946 Benedictio
2389 2890 2571 2946 etiam
2595 2892 2865 2959 perituri
2894 2906 3073 2963 super
3111 2907 3253 2946 eum
3304 2891 3488 2959 venit,
3544 2907 3684 2947 cum

250 2987 568 3052 surgentes
598 2984 901 3053 assistunt,
935 2984 1078 3056 quia
1098 2984 1367 3053 vigorem
1394 2983 1522 3052 ejus
1546 2985 1725 3054 atque
1748 2981 1911 3036 recti-
1947 3007 1991 3064 ρ
2022 2979 2356 3052 peccatoris
2411 2979 2713 3035 interitum
2768 2979 3076 3051 prmvenit,
3136 2984 3193 3036 et
3266 2996 3407 3036 cum
3462 2980 3685 3037 sanctis

250 3072 527 3127 tudinem
542 3072 843 3128 immaturi
856 3073 1199 3137 formidant,
1218 3070 1523 3141 grandaevi
1542 3070 1876 3141 gloriﬁcant
1895 3084 1911 3124 :

2016 3068 2527 3125 exhortationibus
2557 3084 2591 3123 a
2622 3067 2813 3139 culpae
2838 3068 3013 3123 fovea
3043 3068 3297 3123 reducit.
3330 3069 3495 3124 Unde
3541 3070 3684 3125 scri-

248 3162 415 3219 leves
436 3162 663 3235 quique
695 3164 799 3236 qui
842 3168 996 3229 sunt,
1032 3163 1285 3233 fugiunt,
1319 3178 1530 3231 graves
1566 3176 1705 3217 vero
1736 3164 1915 3233 atque
2015 3162 2185 3231 ptum
2217 3162 2304 3213 est
2354 3176 2366 3212 :
2430 3176 2460 3210 «
2490 3156 2597 3222 Qui
2623 3156 2888 3212 converti
2941 3156 3144 3211 fecerit
3192 3160 3570 3228 peceatorem
3601 3157 3680 3214 ab

250 3250 499 3323 perfecti
520 3252 677 3307 hanc
699 3252 829 3307 vitae
845 3268 967 3307 suae
992 3250 1215 3307 meritis
1235 3249 1608 3319 assurgendo
1629 3264 1916 3305 veneran-

251 3345 370 3395 tur.
404 3340 680 3412 Sequitur
713 3359 725 3395 :

324 3430 500 3483 Vens.
532 3434 584 3495 9,
617 3429 697 3483 10.
731 3429 1045 3498 Principes
1073 3428 1383 3484 cessabant
1418 3429 1597 3499 loqui,
1658 3432 1713 3483 et
1761 3426 1914 3497 digi-

255 3523 382 3572 tum
413 3518 891 3587 superponebant
909 3520 1004 3572 ori
1020 3533 1145 3573 suo.
1216 3519 1417 3573 Vocem
1463 3532 1630 3573 suam
1689 3516 1917 3572 cohibe-

256 3606 401 3662 bant
430 3606 626 3672 duces,
650 3612 702 3663 et
720 3608 929 3676 lingua
951 3622 1060 3663 sua.
1078 3609 1315 3678 gutturi
1333 3622 1438 3663 suo
1459 3606 1824 3663 adhaerebat.
1842 3638 1915 3648 —

254 3693 412 3759 Quid
442 3695 555 3750 hoc
586 3695 717 3751 loco
738 3695 835 3751 alii
866 3696 1050 3752 duces
1075 3697 1165 3751 vel
1188 3696 1486 3768 principes
1513 3694 1757 3763 intelligi
1777 3712 1915 3769 pos-

254 3787 417 3845 sunt,
450 3784 561 3839 nisi
590 3785 879 3841 hiereticaa
907 3785 1215 3857 pravitatis
1245 3791 1519 3841 auctores
1539 3787 1567 3840 ?
1594 3788 1673 3840 De
1692 3785 1917 3857 quibus

252 3888 367 3945 per
398 3872 773 3928 Psalmistam
805 3873 1019 3928 dicitur
1052 3892 1064 3928 :
1092 3896 1119 3922 «
1156 3874 1357 3929 Effusa
1377 3878 1464 3928 est
1495 3873 1795 3929 contentio
1826 3889 1921 3927 su-

253 3976 366 4033 per
393 3961 715 4033 principes,
747 3966 803 4016 et
829 3962 1193 4016 seduxerunt
1221 3978 1325 4016 eos
1350 3962 1413 4016 in
1440 3961 1601 4017 invio
1628 3966 1685 4017 et
1707 3976 1832 4016 non
1856 3960 1919 4016 in

252 4051 349 4107 via
383 4052 572 4120 (Psal.
606 4065 717 4115 ενι,
747 4054 857 4118 40).
892 4074 917 4097 η
948 4053 1112 4104 Nunc
1141 4065 1283 4119 ergo
1330 4049 1745 4105 haereticarum
1800 4049 1923 4121 ple-

253 4138 428 4194 bium
462 4136 762 4209 principes
798 4138 1144 4193 auetoritate
1193 4142 1413 4193 sancta:
1474 4136 1744 4192 Ecclesiae
1792 4152 1923 4208 per—

254 4226 591 4300 pendentes
619 4230 859 4282 cessant
897 4226 1081 4298 loqui,
1116 4232 1174 4282 et
1202 4226 1376 4299 quasi
1411 4226 1497 4282 ori
1531 4241 1641 4281 suo
1666 4224 1921 4295 digitum

188 4348 203 4352 -
259 4319 698 4388 superponunt,
724 4315 869 4370 dum
904 4315 1068 4369 falsis
1096 4314 1373 4388 querelis,
1408 4329 1529 4370 non
1572 4314 1801 4370 ratione
1822 4329 1920 4369 vo-

2018 3263 2215 3303 errore
2238 3246 2347 3302 viae
2380 3262 2526 3316 suae,
2561 3245 2815 3302 salvabit
2835 3245 3102 3301 animam
3132 3245 3261 3316 ejus
3292 3261 3327 3301 a
3354 3249 3565 3314 morte,
3624 3249 3683 3302 et

2018 3335 2208 3408 operit
2242 3334 2682 3391 multitudinem
2732 3337 3121 3406 peccatorum
3178 3335 3328 3401 (Jac.
3382 3350 3441 3404 v,
3498 3333 3612 3405 20).
3646 3352 3678 3387 ›

2019 3426 2132 3481 Cor
2160 3429 2362 3481 autem
2391 3423 2589 3479 viduae
2620 3422 2986 3491 consolatur,
3044 3422 3193 3482 dum
3254 3421 3416 3477 fideli
3462 3422 3678 3495 cuique

2019 3514 2258 3583 animae,
2289 3513 2432 3586 quia
2461 3517 2714 3568 aeternas
2743 3511 2975 3567 Domini
3006 3510 3423 3567 retributiones
3452 3515 3679 3582 narrat,

2018 3604 2193 3678 quasi
2213 3602 2323 3659 viri
2354 3603 2444 3658 sui
2472 3602 2637 3658 bona
2660 3602 2736 3657 ad
2761 3601 3116 3657 memoriam
3130 3604 3389 3657 revocat.
3415 3600 3518 3658 Cui
3534 3600 3679 3674 quia

2020 3692 2359 3766 spiritaliter
2388 3693 2592 3748 anima
2616 3692 2952 3763 juncta’est,
2975 3706 3047 3746 eo
3077 3694 3315 3747 mortuo
3336 3689 3521 3747 vidua
3536 3689 3677 3747 dici-

2022 3788 2136 3851 tur,
2162 3782 2267 3839 sed
2299 3786 2519 3837 sanctae
2546 3780 2821 3837 Ecclesia
2850 3780 3103 3837 vocibus
3130 3796 3206 3836 ex
3234 3780 3365 3851 ejus
3386 3796 3679 3837 resurrec-

2019 3872 2178 3927 tione
2212 3870 2523 3926 refovetur.
2558 3869 2873 3941 Sequitur:

2095 3962 2265 4014 Vens.
2301 3958 2382 4013 14.
2403 3958 2653 4012 Justitia
2678 3958 2928 4012 indutus
2956 3972 3107 4025 sum,
3144 3962 3197 4012 et
3224 3958 3437 4012 aestivi
3489 3972 3581 4013 me
3606 3959 3682 4013 si-

2026 4054 2127 4103 cut
2155 4048 2518 4103 vestimento.
2576 4075 2649 4085 —
2702 4045 3061 4099 Vestimento
3088 4044 3291 4115 utique
3347 4060 3485 4099 cum
3514 4044 3683 4100 vesti-

2028 4150 2183 4204 mur,
2213 4151 2285 4190 ex
2314 4133 2483 4188 omni
2503 4137 2670 4205 parte
2702 4132 3169 4187 circumdamur.
3200 4131 3300 4187 llle
3330 4146 3471 4202 ergo
3503 4132 3680 4203 justi-

2026 4224 2107 4280 tia
2137 4223 2288 4278 sicut
2311 4221 2665 4276 vestimento
2692 4220 2957 4290 vestitur,
2982 4220 3088 4293 qui
3112 4236 3175 4276 se
3206 4219 3471 4292 undique
3516 4219 3681 4276 bono

2027 4328 2206 4386 opere
2236 4310 2510 4384 protegit,
2540 4314 2597 4365 et
2620 4308 2848 4365 nullam
2879 4314 3111 4383 partem
3128 4309 3377 4366 actionis
3400 4325 3522 4366 suae
3547 4325 3682 4382 pec-

259 4405 345 4459 cis
378 4421 441 4460 se
468 4405 728 4477 reprimi,
763 4405 867 4460 sed
898 4405 1127 4460 virtutis
1179 4419 1365 4460 manu
1408 4403 1765 4473 signiﬁcant.
1818 4406 1922 4476 νο-
1957 4399 1999 4415 ⁸
2028 4408 2162 4460 cato
2192 4401 2422 4457 nudam
2452 4399 2748 4472 relinquit.
2782 4399 3013 4456 Nullam
3038 4399 3144 4472 qui
3191 4400 3252 4455 in
3283 4399 3413 4456 aliis
3442 4399 3686 4457 actioni-

261 4508 393 4548 cem
425 4509 598 4548 suam
629 4493 813 4549 duces
836 4493 1136 4559 cohibent,
1193 4492 1339 4565 quia
1382 4493 1667 4547 nimirum
1712 4491 1783 4547 hi'
1815 4492 1922 4564 qui

263 4587 403 4655 post
428 4599 489 4638 se
525 4588 788 4639 errantes
812 4582 1072 4657 populos
1106 4584 1338 4639 trahere
1364 4586 1680 4647 conantur,
1730 4597 1806 4637 ne
1834 4580 1923 4636 lo-

263 4670 367 4744 qui
396 4687 678 4744 perversa
699 4688 857 4728 nunc
887 4672 1171 4729 audeant.
1210 4675 1267 4727 et
1295 4670 1662 4726 auctoritatis
1692 4669 1927 4725 frenan-

265 4766 363 4815 tur
379 4760 665 4833 pondere,
713 4766 770 4817 et
815 4762 1027 4817 virtute
1081 4761 1349 4817 rationis.
1411 4762 1678 4825 Quorum
1720 4759 1928 4829 lingua

266 4850 486 4919 gutturi
515 4866 624 4905 suo
645 4851 923 4916 adhaeret,
954 4851 1100 4923 quia
1119 4850 1225 4906 etsi
1257 4864 1536 4922 perversa
1556 4848 1720 4921 loqui
1741 4848 1930 4904 libera

266 4953 412 4992 voce
444 4953 566 4993 non
596 4938 838 5007 audent,
872 4938 1028 4993 intus
1060 4946 1260 4994 tamen
1294 4937 1459 5010 apud
1491 4953 1551 4992 se
1601 4939 1932 5006 contegunt

266 5032 485 5082 cuncta
500 5043 635 5099 qum
649 5032 855 5083 contra
870 5042 1069 5082 veram
1086 5027 1270 5083 ﬁdem
1284 5041 1620 5099 proponere
1638 5025 1788 5082 falsa
1800 5041 1933 5081 mo-

264 5116 506 5171 liuntur.
520 5116 741 5172 Horum
754 5131 897 5185 ergo
908 5122 1248 5188 temporum
1264 5115 1537 5187 sequenti
1548 5114 1930 5170 tribulatione

265 5204 645 5276 deprehensa
657 5206 1036 5261 reminiscens
1056 5204 1311 5261 Ecclesia
1323 5202 1614 5276 deplorat.
1625 5204 1929 5275 Sequitur:

344 5296 515 5349 Vens.
544 5298 561 5348 t
580 5298 627 5349 1.
647 5295 830 5349 Auris
852 5295 1102 5350 audiens
1126 5292 1503 5361 beatiﬁcabat
1519 5307 1629 5357 me,
1648 5298 1703 5347 et
1723 5294 1933 5348 oculus

268 5383 476 5439 videns
494 5385 887 5438 testimonium
906 5382 1189 5438 reddebat
1218 5380 1384 5436 mihi.
1420 5412 1489 5420 —
1523 5382 1673 5435 Dum
1705 5380 1936 5436 beatiﬁ-

269 5471 392 5527 cari
424 5486 487 5526 se
517 5471 596 5526 ab
618 5471 1000 5527 audientibus
1031 5471 1265 5542 sibique
1298 5468 1706 5525 testimonium
1763 5469 1936 5524 reddi

270 5578 309 5619 a
339 5561 681 5617 videntibus
712 5560 923 5616 fatetur
946 5560 1159 5614 beatus
1178 5558 1310 5629 Job,
1336 5558 1532 5631 qualis
1551 5558 1611 5614 in
1634 5573 1932 5629 sermone,

272 5650 473 5724 qualis
502 5651 563 5706 in
591 5666 770 5724 opere
795 5650 923 5720 fuit,
946 5647 1296 5706 ostenditur.
1321 5649 1493 5715 Quod
1521 5649 1567 5703 si
1603 5648 1676 5704 ad
1727 5663 1936 5705 vocem

2030 4494 2146 4549 bus
2168 4492 2366 4563 justus
2394 4494 2502 4558 est,
2524 4490 2586 4545 in
2619 4489 2748 4545 aliis
2773 4488 3051 4561 injustas,
3075 4489 3250 4562 quasi
3273 4491 3388 4546 hoc
3415 4489 3570 4547 latus
3590 4505 3684 4547 co-

2030 4579 2281 4653 operuit,
2314 4578 2459 4634 illud
2488 4578 2756 4635 nudavit.
2789 4578 3067 4652 Sequitur
3096 4595 3112 4634 t
3145 4579 3224 4634 Et
3244 4579 3579 4636 diademate
3582 4582 3684 4649 ju-

2029 4669 2184 4725 dicio
2210 4683 2358 4725 meo.
2392 4699 2459 4708 -—-
2506 4668 2814 4723 Justorum
2866 4667 3094 4737 judicia
3148 4670 3307 4723 recte
3359 4667 3687 4723 diademati

2033 4760 2478 4830 comparantur,
2508 4756 2655 4828 quia
2676 4770 2785 4827 per
2813 4756 3020 4826 magni
3079 4756 3274 4828 operis
3305 4755 3558 4827 gloriam
3608 4754 3688 4812 ad

2030 4846 2431 4904 retributionis
2462 4846 2694 4901 ducunt
2721 4860 3030 4901 coronam.
3058 4847 3203 4910 Quae
3232 4844 3516 4900 nimirum
3534 4845 3690 4917 judi-

2033 4937 2125 4992 cia
2163 4951 2369 4991 secum
2421 4934 2687 5006 quotidie
2741 4934 3033 4990 introrsus
3077 4938 3286 5005 agunt,
3344 4933 3493 5007 quid
3546 4937 3686 5005 Deo,

2034 5025 2180 5098 quid
2207 5023 2484 5097 proximo
2513 5022 2776 5080 debeant
2800 5023 3046 5080 solerter
3076 5024 3391 5099 aspiciunt,
3412 5028 3591 5098 atque
3612 5023 3692 5082 ad

2036 5114 2274 5186 agenda
2303 5114 2467 5170 bona
2497 5129 2559 5170 se
2583 5114 2964 5171 vehementer
2990 5114 3351 5184 accendunt,
3379 5119 3435 5172 et
3465 5113 3540 5171 de
3563 5130 3695 5185 per-

2036 5203 2278 5277 petratis
2336 5203 2509 5259 malis
2558 5196 2823 5260 districte
2877 5204 3267 5276 redarguunt.
3329 5203 3494 5260 Unde
3539 5202 3693 5257 bene

2036 5307 2278 5367 quoque
2306 5307 2415 5365 per
2446 5291 2834 5349 Salomonem
2863 5291 3080 5349 dicitur
3106 5311 3124 5349 ε
3152 5291 3544 5362 Cogitationes
3557 5289 3695 5356 jus-

2040 5391 2234 5441 torum
2250 5383 2507 5453 judicia.
2539 5383 2814 5455 Sequitur
2849 5402 2862 5440 :

2113 5475 2274 5528 Vens.
2305 5477 2389 5542 t5,
2422 5472 2503 5527 16.
2521 5472 2741 5528 Oculus
2755 5474 2854 5542 Μ
2868 5486 3041 5535 caeco,
3066 5475 3119 5523 et
3142 5482 3243 5537 pes
3267 5465 3508 5537 claudo,
3517 5472 3701 5536 pater

2044 5575 2207 5616 eram
2251 5577 2609 5631 pauperum,
2632 5568 2687 5618 et
2727 5576 2973 5617 causam
2991 5572 3170 5628 quam
3200 5557 3525 5613 nesciebam
3559 5558 3699 5610 dili—

2040 5651 2385 5720 gentissime
2413 5651 2871 5720 inuestigabam.
2898 5679 2965 5687 —
2998 5648 3151 5701 Inter
3167 5645 3294 5702 haec
3323 5644 3556 5702 lectoris
3576 5644 3702 5701 ani-
