4112 6152
459 183 564 236 33‘.)

1491 171 1548 228 S.
1592 169 1849 226 ODONIS
1891 164 2188 221 ABBATIS
2227 163 2722 220 CLUNIACENSIS
2764 164 2830 217 ll.

3759 163 3858 216 340

444 320 584 360 mus
615 302 862 359 forsitan
883 300 1114 372 quierat
1141 313 1245 351 cur
1274 295 1486 350 beatus
1517 295 1627 350 Job
1659 309 1798 348 suos
1820 295 1942 347 tam
1965 289 2101 344 sub-
2136 293 2184 346 Λ
2216 288 2359 343 tiam
2386 303 2656 360 unquam
2688 287 3018 359 praecipites
3043 301 3170 341 esse
3197 285 3548 350 debeamus,
3581 300 3656 340 ne
3687 289 3860 340 teme-

446 394 620 450 tiliter
647 391 890 446 virtutes
914 391 1247 442 enumerat.
1285 387 1636 441 Sanctorum
1680 381 1903 456 quippe
1953 379 2104 434 viro-

446 499 582 537 rum
615 483 704 536 est
728 479 892 534 bona
921 493 1057 550 quae
1087 474 1330 531 fecerint
1350 473 1668 539 occultare,
1702 487 1774 526 ne
1799 469 2104 537 contingat

446 587 549 626 eos
573 569 814 642 lapsum
847 564 1116 623 elationis
1145 564 1462 620 incurrere.
1487 563 1594 620 Sed
1623 561 1810 617 sancti
1837 558 1940 614 viri
1964 575 2100 612 cum

445 663 744 729 coguntur
771 657 935 712 bona
966 669 1208 711 narrare
1235 669 1368 726 quae
1396 653 1640 717 faciunt,
1691 665 1812 706 non
1866 646 2104 704 elationi

445 747 733 815 serviunt,
769 743 874 800 sed
905 741 1158 798 utilitati.
1190 741 1355 797 Unde
1373 740 1588 796 beatus
1611 738 1725 794 Job
1751 736 1956 793 amicis
1979 734 2102 790 suis

446 852 512 892 se
543 836 762 906 injuste
784 831 1256 904 increpantibus,
1289 834 1469 902 atque
1521 829 1740 884 idcirco
1798 823 2104 882 nescienti-

445 925 562 980 bus
591 923 755 980 bona
784 937 894 976 sua
921 919 1223 993 loquendo
1250 917 1459 992 aperit,
1488 925 1552 973 ut
1577 917 1860 972 nimirum
1911 913 2102 968 disce-

445 1017 580 1069 rent
606 1028 729 1068 non
759 1015 968 1066 contra
995 1009 1124 1080 ejus
1153 1007 1338 1064 vitam
1369 1007 1743 1080 increpantes
1779 1003 1944 1071 erigi,
1999 1001 2103 1058 sed

445 1101 606 1156 hanc
637 1104 898 1157 tacentes
921 1095 1161 1154 imitari.
1189 1095 1548 1152 Intuendum
1580 1094 1752 1150 nobis
1797 1092 1964 1166 prius
1994 1097 2100 1160 est,

447 1205 634 1262 quam
663 1193 857 1244 rectus
886 1185 1174 1244 narrandi
1199 1185 1348 1241 ordo
1375 1189 1656 1250 servetur,
1689 1188 1749 1238 ut
1777 1187 1912 1238 ante
1937 1179 2106 1251 justi-

446 1279 563 1348 tiae,
595 1283 650 1333 et
673 1281 809 1350 post
843 1273 1258 1330 misericordiae
1291 1290 1472 1346 opera
1515 1271 1948 1328 describantur.
2007 1268 2102 1324 llle

442 1367 668 1439 quippe
693 1365 846 1420 bene
870 1362 992 1433 agit
1019 1379 1156 1436 quas
1183 1363 1283 1435 pia
1323 1366 1480 1430 sunt,
1509 1361 1611 1434 qui
1645 1361 1752 1416 scit
1781 1360 1948 1432 prius
1982 1372 2102 1411 ser-

443 1471 584 1510 vare
609 1470 744 1526 quas
769 1453 954 1523 justa,
981 1455 1046 1507 ut
1071 1451 1324 1520 collatus
1346 1449 1406 1505 in
1429 1449 1718 1522 proximis
1743 1448 1904 1502 rivus
1929 1447 2104 1502 mise-

443 1541 716 1598 ricordiae
746 1541 819 1596 de
849 1539 1090 1609 justitise
1123 1539 1281 1595 fonte
1308 1539 1580 1594 ducatur.
1616 1541 1761 1592 Nam
1783 1535 1954 1591 multi
1973 1551 2104 1606 pro-

2212 393 2274 432 rc
2296 377 2636 432 indiscussa
2655 375 3017 447 judicemus,
3053 389 3126 430 ne
3147 373 3430 446 quaelibet
3467 373 3631 429 mala
3663 373 3864 430 audita

2211 481 2320 521 nos
2343 468 2644 534 moveant,
2673 479 2747 520 ne
2776 463 3002 536 passim
3033 463 3196 518 dicta
3223 463 3347 518 sine
3373 461 3728 534 probatione
3749 479 3866 518 cre-

2209 554 2446 610 damus.
2483 553 2655 620 Quod
2685 553 2952 626 profecto
2983 557 3326 625 perpetrare
3370 551 3864 624 pertimescimus,

2210 642 2255 698 si
2283 641 2542 698 auctoris
2593 641 2780 696 nostri
2827 640 3102 696 subtilius
3164 639 3317 696 facta
3364 655 3708 712 pensemus,
3742 639 3864 711 ipse

2209 731 2433 803 quippe
2465 733 2528 784 ut
2551 746 2662 784 nos
2692 745 2729 784 a
2760 729 3126 802 prtecipitata
3171 729 3476 784 sententias
3533 727 3866 800 prolatione

2211 823 2632 890 compesceret,
2665 835 2804 874 cum
2837 842 2863 867 ‹‹
2891 819 3090 872 omnia
3111 817 3277 872 nuda
3295 822 3351 872 et
3372 822 3576 888 aperta
3598 815 3713 870 sint
3731 832 3869 870 ocu-

2208 907 2280 963 lis
2309 908 2438 978 ejus
2469 908 2674 976 (Hebr.
2709 925 2782 975 tv,
2825 909 2928 979 l3),
2968 931 2993 956 ››
3027 907 3186 963 mala
3213 912 3416 962 tamen
3451 906 3726 963 Sodomae
3759 922 3865 960 uo-

2209 997 2317 1053 luit
2337 997 2540 1054 audita
2561 997 2852 1069 judicare,
2877 997 2980 1070 qui
3009 997 3091 1053 ait
3123 1015 3135 1052 :
3159 1019 3186 1048 ‹‹
3211 997 3448 1052 Clamor
3465 995 3864 1052 Sodomorum

2211 1091 2267 1142 et
2298 1087 2818 1142 Gomorrhaeorum
2852 1086 3280 1158 multiplicatus
3311 1090 3418 1142 est.
3448 1090 3505 1140 et
3551 1089 3866 1157 peccatum

2211 1192 2421 1232 eorum
2452 1179 2846 1246 aggravatum
2878 1180 2966 1231 est
2992 1175 3189 1231 nimis.
3229 1174 3601 1230 Descendam
3632 1179 3689 1229 et
3712 1174 3869 1229 vide-

2211 1265 2291 1322 bo
2309 1270 2508 1321 utrum
2531 1265 2854 1321 clamorem
2887 1264 2988 1338 qui
3011 1265 3168 1321 venit
3189 1265 3265 1320 ad
3291 1281 3385 1319 me
3405 1279 3585 1336 opere
3602 1263 3866 1334 comple-

2211 1354 2418 1426 verint,
2442 1370 2520 1410 an
2541 1371 2664 1410 non
2691 1359 2782 1410 est
2809 1354 2910 1420 ita,
2933 1355 3201 1410 utsciam
3226 1355 3396 1424 (Gen.
3427 1370 3583 1418 xvm,
3607 1353 3817 1423 20,2“.
3841 1372 3866 1402 »

2214 1443 2352 1507 Quae
2379 1442 2602 1498 scilicet
2630 1443 2813 1499 verba
2841 1443 3020 1499 etiam
3044 1459 3150 1515 per
3203 1459 3410 1498 vocem
3468 1441 3740 1497 Ecclesia:
3793 1439 3868 1496 ad

2213 1529 2759 1604 interpretationem
2782 1532 3044 1604 typicam
3078 1547 3400 1603 possumus
3432 1547 3553 1586 non
3593 1529 3868 1585 inconve-

442 1631 625 1686 ximis
654 1631 827 1702 quasi
859 1643 1046 1700 opera
1100 1626 1522 1682 misericordia:
1580 1625 1956 1698 impendunt,
1999 1624 2102 1679 sed
2140 1639 2184 1692 Β
2215 1618 2442 1674 nienter
2462 1618 2696 1676 referre.
2719 1624 2851 1693 lpsa
2871 1621 3096 1694 quippe
3119 1619 3335 1675 electos
3363 1635 3528 1686 suos,
3547 1635 3686 1674 cum
3711 1619 3868 1674 mala

445 1717 748 1788 injustitiae
781 1717 938 1773 facta
963 1731 1088 1772 non
1109 1715 1412 1770 deserunt.
1450 1714 1560 1780 Qui
1599 1713 1650 1769 si
1664 1712 1946 1769 veraciter
1972 1727 2106 1785 pro-

447 1805 624 1860 ximis
649 1805 1127 1860 misericordiam
1185 1803 1377 1860 facere
1425 1803 1752 1869 studerent,
1801 1801 1914 1856 sibi
1962 1799 2106 1872 ipsis

446 1893 778 1950 debuerant
837 1893 1001 1966 prius
1053 1893 1212 1963 juste
1270 1893 1522 1948 vivendo
1596 1890 1880 1948 misereri.
1943 1888 2104 1946 Unde

450 1981 738 2053 scriptum
769 1987 894 2036 est:
935 2001 964 2033 α
992 1980 1258 2037 Miserere
1285 1979 1500 2036 animae
1549 1983 1667 2036 ttltB
1711 1978 1956 2051 placens
1989 1979 2106 2032 Deo

449 2070 656 2139 (Eecli.
685 2086 827 2140 xxx,
857 2071 968 2138 '23).
999 2087 1030 2120 »
1054 2070 1194 2135 Quae
1217 2069 1488 2125 videlicet
1519 2068 1699 2124 verba
1715 2068 1764 2122 si
1795 2067 1874 2122 ad
1895 2081 2106 2123 vocem

445 2160 667 2213 sanctae
698 2157 972 2213 Ecclesiae
1009 2157 1211 2230 typica
1241 2155 1732 2230 interpretatione
1757 2155 2106 2221 referamus,

443 2245 577 2318 ipsa
606 2249 695 2302 est
718 2247 926 2302 oculus
951 2260 1124 2316 exeo,
1147 2245 1291 2318 quia
1335 2262 1444 2319 per
1474 2245 1727 2301 verbum
1753 2245 1909 2301 lucet
1934 2263 1948 2308 ;
1975 2243 2110 2315 ipsa

444 2338 534 2390 est
553 2349 657 2404 pes
681 2336 918 2402 claudo,
951 2334 1096 2408 quia
1117 2349 1223 2408 per
1241 2335 1613 2407 adjutorium
1643 2335 1924 2390 continet.
1994 2333 2113 2386 Ces-

445 2439 551 2479 cos
583 2423 742 2480 enim
769 2423 1156 2496 praedicando
1184 2423 1512 2495 illuminat,
1545 2423 1792 2478 claudos
1813 2439 1955 2478 vero
1987 2421 2113 2494 Opi-

443 2511 694 2566 tutando
748 2516 1056 2567 sustentat.
1091 2513 1294 2568 Caecus
1339 2511 1563 2584 quippe
1613 2517 1700 2566 est
1751 2511 1855 2583 qui
1911 2510 2110 2566 adhuc

447 2615 571 2670 quo
654 2605 862 2672 pergat
941 2613 1066 2657 non
1149 2599 1327 2654 videt.
1409 2599 1671 2655 Claudus
1743 2605 1942 2654 autem
2025 2605 2113 2654 est

449 2687 555 2758 qui
583 2703 707 2742 non
730 2693 927 2760 potest
947 2687 1030 2744 ire
1057 2704 1180 2762 quo
1211 2687 1389 2744 videt.
1423 2687 1537 2746 Sed
1565 2689 1710 2760 quia
1739 2693 1946 2744 sancta
2011 2692 2112 2745 Ec-

449 2776 631 2832 clesia
659 2776 814 2832 duos
845 2777 999 2834 inse
1028 2777 1288 2850 populos
1315 2776 1554 2848 colligit,
1585 2778 1899 2834 Judaicum
1955 2778 2107 2834 scili-

451 2869 543 2921 cet
573 2871 753 2938 atque
780 2866 1080 2937 gentilem,
1113 2873 1268 2924 recte
1299 2867 1479 2924 etiam
1506 2873 1702 2940 potest
1729 2884 1887 2924 caeco
1918 2869 2108 2939 genti-

448 2955 542 3022 lis,
604 2955 822 3012 claudo
877 2959 1082 3012 autem
1139 2957 1425 3012 Judaicus
1472 2956 1734 3031 pOpulus
1783 2957 2104 3027 designari.
2144 2993 2183 3046 Ο

450 3044 690 3100 Gentilis
713 3045 938 3119 quippe
966 3045 1141 3119 quasi
1172 3045 1378 3102 oculos
1404 3062 1526 3102 non
1557 3047 1784 3116 habuit,
1819 3047 1963 3120 quia
1981 3065 2102 3104 non

447 3137 694 3204 accepta
746 3131 898 3204 lege,
955 3148 1080 3190 non
1137 3133 1284 3189 vidit
1336 3151 1459 3207 quo
1510 3134 1596 3191 ire
1649 3134 1972 3192 debuisset.
2033 3139 2104 3192 At

449 3226 659 3278 contra
721 3221 1007 3278 Judaicus
1065 3222 1299 3279 habens
1376 3223 1584 3280 oculos
1665 3224 1918 3280 claudus
1973 3225 2099 3292 fuit,

445 3309 590 3380 quia
634 3309 831 3378 legem
885 3310 1132 3382 quidem
1187 3311 1431 3366 sciendo
1481 3313 1687 3382 tenuit,
1748 3313 1854 3368 sed
1905 3313 1967 3370 in
2031 3327 2103 3370 ea

448 3413 726 3467 gressum
768 3398 910 3453 recti
961 3399 1157 3470 operis
1213 3415 1337 3455 non
1393 3401 1658 3456 tetendit.
1716 3404 1905 3468 Quem
1961 3419 2100 3460 cum

449 3483 529 3540 ad
585 3501 648 3540 se
703 3485 1036 3542 venientem
1091 3491 1302 3543 sancta
1349 3487 1607 3545 Ecclesia
1663 3489 1924 3562 suscipit,
1959 3491 2103 3562 quia

449 3571 504 3625 ei
548 3573 678 3642 jam
735 3575 900 3628 vetus
953 3573 1175 3629 tenenti
1235 3574 1416 3630 etiam
1479 3579 1710 3632 Novum
1766 3581 2104 3636 Testamen-

449 3662 580 3714 tum
625 3658 847 3727 inserit,
907 3661 986 3716 ad
1041 3660 1388 3732 dirigendos
1439 3678 1678 3732 gressus
1733 3665 1892 3721 illius
1929 3667 2104 3739 quasi

449 3745 702 3803 alterum
750 3747 968 3820 pedem
1019 3749 1238 3822 jungit.
1298 3751 1409 3816 Qui
1457 3750 1650 3808 ﬁdelis
1718 3759 1937 3810 sanctae
2010 3758 2104 3811 Ec-

450 3834 646 3891 clesiae
697 3835 960 3910 populus
1014 3837 1213 3895 adhuc
1268 3845 1424 3896 recte
1483 3840 1793 3914 subjungit
1847 3861 1860 3898 :
1919 3846 2106 3900 Pater

449 3941 614 3983 eram
680 3942 1038 3997 pauperum.
1120 3929 1271 3994 Quia
1320 3929 1596 3988 videlicet
1672 3933 1948 4000 humiles,
2000 3935 2105 4008 qui

449 4031 800 4089 «pauperes
851 4017 1064 4090 spiritu
1110 4018 1350 4091 (Matth.
1384 4037 1443 4091 v,
1473 4021 1526 4094 3)
1557 4044 1586 4072 »
1645 4021 1786 4080 dicti
1817 4029 1974 4088 sunt,
2029 4042 2101 4082 ex

446 4105 578 4176 ejus
629 4106 1055 4178 praedicatione
1131 4114 1510 4178 generantur.
1591 4112 1705 4169 Sed
1745 4112 2102 4188 plerumque

445 4193 636 4251 multa
663 4195 939 4251 homines
970 4199 1341 4270 pauperibus
1376 4199 1730 4270 largiuntur,
1788 4219 1910 4260 non
1959 4204 2102 4278 quia

447 4279 698 4337 eosdem
751 4299 1052 4357 pauperes
1098 4284 1376 4357 diligunt,
1430 4288 1537 4344 sed
1588 4291 1732 4362 quia
1779 4292 1825 4346 si
1855 4293 2101 4350 minime

445 4369 732 4437 tribuant,
789 4371 940 4426 iram
987 4373 1208 4443 judicia
1258 4376 1502 4447 superni
1550 4377 1891 4438 formidant.
1952 4384 2101 4449 Quia

444 4456 623 4526 igitur
649 4457 812 4513 aliud
843 4465 938 4540 est.
956 4459 1210 4530 bonum,
1240 4478 1396 4535 opus
1437 4479 1512 4520 ex
1564 4475 1882 4542 praecepto,
1939 4471 2100 4528 aliud

443 4551 588 4602 vero
609 4545 788 4603 etiam
816 4564 890 4604 ex
908 4547 1130 4606 affectu
1172 4550 1388 4616 facere,
1421 4559 1665 4611 sanctus
1719 4558 1808 4614 vir
1855 4575 1978 4616 non
2036 4577 2098 4618 se

441 4638 769 4708 patronum
777 4637 873 4694 vel
889 4638 1255 4712 proximum,
1268 4640 1364 4698 vel
1377 4641 1476 4716 adj
1485 4647 1711 4702 utorem
1736 4661 2096 4723 pauperum,

443 4723 554 4780 sed
607 4729 842 4797 patrem
885 4726 1069 4785 fuisse
1111 4732 1378 4789 testatur.
1430 4732 1582 4801 Quia
1625 4733 1914 4792 nimirum
1966 4754 2097 4796 ma-

437 4825 628 4880 gnum
684 4814 984 4873 charitatis
1041 4816 1305 4877 oﬂicium
1359 4822 1778 4881 misericordiae
1834 4825 2008 4884 vertit
2034 4827 2097 4885 in

440 4896 725 4956 affectum
755 4908 1003 4974 naturae,
1033 4911 1100 4964 ut
1121 4923 1226 4966 eos
1249 4909 1425 4982 quasi
1465 4911 1622 4969 ﬁlios
1679 4920 1941 4973 cerneret
1990 4931 2098 4990 per

440 5000 732 5056 amorem,
765 4990 987 5061 quibus
1007 4995 1183 5066 quasi
1197 5002 1368 5068 pater
1385 5006 1640 5072 praeerat
1667 5019 1774 5075 per
1789 5005 2099 5076 protectio-

399 5147 406 5160 ⁸
437 5088 602 5166 nem,
635 5078 904 5150 sequitur
944 5097 957 5134 :
989 5082 1070 5138 Et
1091 5098 1333 5144 causam
1358 5103 1538 5160 quam
1561 5107 1747 5164 usque
1773 5094 2095 5166 investiga-

440 5163 596 5256 bam.
610 5198 678 5256 ἡ
697 5167 982 5224 Strenuus
991 5171 1218 5244 quippe
1233 5179 1360 5232 erat
1379 5176 1441 5233 in
1459 5163 1713 5249 negotiis
1733 5163 2091 5256 pauperum.

435 5254 480 5319 Q
491 5253 548 5310 ui
562 5255 721 5312 enim
743 5261 978 5316 aeternae
998 5260 1402 5321 retributionis
1415 5267 1578 5325 bona
1592 5253 1830 5343 cogitat,
1849 5253 2094 5332 necesse

437 5347 526 5399 est
553 5350 618 5400 ut
647 5347 724 5402 ad
754 5363 998 5405 omnem
1037 5366 1100 5407 se
1149 5367 1401 5410 causam
1455 5363 1748 5417 secuturae
1802 5365 2094 5420 mercedis

435 5435 734 5493 extendat.
754 5439 896 5496 Hinc
917 5441 1077 5499 enim
1110 5458 1218 5516 per
1245 5445 1623 5507 Salomonem
1657 5451 1870 5508 dicitur
1897 5471 1908 5508 :
1933 5475 1961 5502 «
1983 5455 2094 5521 Qui

433 5523 617 5612 Deum
647 5523 828 5596 timet,
859 5530 1006 5587 nihil
1033 5532 1298 5605 negligit.
1345 5535 1567 5603 (Eccte.
1602 5556 1696 5608 vn,
1738 5541 1840 5612 l9).
1877 5565 1904 5592 »
1962 5547 2092 5608 Qua

431 5609 495 5665 in
519 5627 583 5668 re
607 5616 941 5674 notandum
974 5619 1146 5679 video
1174 5638 1252 5679 ne
1273 5623 1350 5682 ad
1393 5609 1812 5702 proferendam
1857 5639 2090 5694 senten-

2215 1707 2546 1763 carnalium
2563 1709 2814 1780 judicat,
2841 1709 2955 1764 hoc
2982 1709 3146 1782 quod
3169 1708 3356 1764 nescit
3372 1707 3706 1776 investigat,
3725 1707 3869 1778 quia

2215 1795 2376 1852 mala
2403 1813 2538 1868 quae
2557 1797 2747 1854 nescit
2765 1797 3096 1871 operando,
3115 1797 3430 1866 investigat
3459 1812 3563 1868 per
3573 1796 3868 1866 judicium

2214 1885 2588 1956 corrigendo.
2626 1887 2902 1958 Sequitur
2937 1905 2948 1942 :

2285 1976 2456 2031 Vens.
2496 1980 2555 2031 l7
2566 2020 2578 2032 .
2610 1975 2996 2032 Conterebam
3019 1977 3206 2032 inulas
3219 1977 3412 2048 iniqui
3419 2021 3430 2037 ,
3445 1981 3498 2032 et
3511 1975 3584 2030 de
3595 1974 3870 2029 dentibus

2214 2065 2380 2119 illius
2411 2065 2755 2134 auferebam
2773 2067 3066 2135 praedam.
3097 2097 3169 2104 —
3194 2064 3384 2120 Toties
3414 2065 3639 2137 quippe
3666 2078 3738 2118 ex
3761 2063 3868 2118 ini-

2215 2152 2319 2224 qui
2347 2151 2626 2208 dentibus
2649 2153 2907 2210 Ecclesia
2936 2154 3204 2227 praadam
3233 2153 3379 2220 tulit,
3406 2152 3639 2224 quoties
3665 2167 3740 2206 ex
3787 2167 3870 2206 er-

2216 2242 2366 2297 roris
2419 2257 2624 2298 morsu
2672 2243 2938 2298 animam
2979 2242 3364 2316 prmdicando
3412 2241 3674 2314 diripuit.
3730 2241 3872 2304 Quis

2218 2345 2482 2402 namque
2503 2330 2744 2404 iniquus
2756 2331 2954 2388 verius
2977 2331 3091 2387 dici
3104 2336 3296 2404 potest
3333 2346 3517 2404 quam
3545 2329 3871 2386 diabolus?

2218 2419 2411 2475 molas
2440 2421 2821 2490 conterimus,
2853 2421 3184 2478 deserendo
3213 2426 3422 2477 contra
3463 2421 3594 2491 ejus
3623 2419 3870 2475 insidias

2219 2507 2452 2564 occulta
2464 2507 2622 2564 illius
2635 2509 3120 2564 machinamenta
3133 2515 3558 2578 monstramus,
3571 2525 3640 2564 ac
3653 2507 3729 2562 de
3741 2507 3870 2579 ejus

2217 2595 2497 2652 dentibus
2518 2597 2788 2669 praedam
2817 2597 3102 2665 tollimus,
3117 2598 3260 2671 quia
3279 2603 3539 2654 mentem
3552 2612 3738 2670 quam
3748 2597 3869 2666 jam

2217 2683 2296 2740 ad
2316 2685 2690 2758 peccandum
2711 2685 3042 2757 frangendo
3068 2687 3491 2754 momorderat,
3515 2685 3592 2742 ad
3616 2685 3869 2741 salutem

2217 2773 2348 2830 vitae
2371 2775 2770 2831 convertendo
2815 2791 3193 2835 revocamus.
3252 2775 3361 2832 Per
3409 2774 3599 2831 molas
3645 2773 3870 2847 quippe

2216 2863 2462 2919 occultae
2493 2863 2624 2935 ejus
2655 2863 2906 2932 insidiae,
2937 2880 3044 2937 per
3073 2865 3280 2920 dentes
3311 2879 3451 2920 vero
3487 2868 3689 2937 aperte
3740 2863 3868 2934 jam

2214 2953 2573 3024 perpetratio
2597 2952 3061 3010 demonstratur.
3116 2955 3193 3009 De
3223 2953 3444 3027 quibus
3487 2953 3870 3009 inimicorum

2215 3041 2389 3096 molis
2421 3058 2489 3098 ac
2506 3042 2785 3098 dentibus
2811 3059 2918 3116 per
2957 3043 3335 3100 Psalmistam
3393 3043 3681 3116 scriptum
3737 3047 3866 3098 est:

2218 3151 2246 3183 (ι
2275 3133 2428 3188 Deus
2481 3148 2621 3188 vero
2663 3133 2938 3189 contrivit
2993 3133 3200 3190 dentes
3226 3149 3438 3190 eorum
3474 3133 3538 3188 in
3578 3148 3680 3189 ore
3713 3132 3872 3204 ipso-

2211 3221 2568 3288 rum,molas
2591 3221 2838 3278 leonum
2853 3222 3197 3297 ,confringet
3219 3223 3506 3280 Dominus
3538 3224 3864 3295 (Psal.1.vu,

2213 3309 2284 3381 7).
2321 3309 2435 3366 Sed
2460 3309 2624 3381 prius
2655 3327 2895 3366 necesse
2921 3315 3008 3367 est
3031 3311 3265 3368 occulta
3292 3311 3680 3368 consiliorum
3707 3310 3867 3366 illius

2212 3399 2699 3454 machinamenta
2712 3399 2984 3472 prodere,
3002 3406 3066 3457 ut
3091 3401 3376 3458 auditoris
3392 3401 3578 3457 nostri
3594 3417 3668 3456 an
3679 3399 3867 3456 imum

2210 3487 2518 3544 valeamus
2541 3489 2931 3562 postmodum
2962 3497 3166 3563 aperto
3187 3490 3362 3564 lapsu
3391 3506 3692 3547 revocare.
3723 3492 3869 3546 Con-

2210 3580 2302 3632 tra
2330 3577 2490 3632 hunc
2511 3577 2744 3634 leonem
2775 3584 2983 3636 sancta
3015 3581 3295 3648 Ecclesia,
3327 3580 3432 3654 qui
3458 3581 3588 3652 ejus
3619 3580 3868 3636 insidias

2212 3665 2662 3739 conspicit,tidei
2683 3669 2887 3724 caulas
2904 3670 3294 3742 m1mit,cujus
3315 3672 3480 3728 toties
3501 3669 3696 3726 molas
3712 3669 3870 3725 fran-

2212 3755 2976 3828 git,quotiesluereticorum
3000 3765 3358 3830 argumenta
3379 3759 3655 3828 destruit;
3675 3759 3869 3815 toties—

2210 3861 2328 3918 que
2359 3845 2436 3902 ab
2463 3847 2594 3917 ejus
2648 3846 2928 3904 dentibus
2959 3849 3228 3922 praedam
3273 3849 3494 3922 diripit,
3526 3849 3762 3922 quoties
3789 3849 3868 3904 ab

2210 3949 2406 3990 errore
2433 3935 2783 4008 quempiam
2806 3937 3323 4010 praedicandocon
3335 3938 3522 3994 vertit.
3544 3938 3824 4011 Sequitur
3851 3955 3866 3992 :

2283 4026 2451 4080 Vens.
2498 4025 3041 4098 18.Dicebamque:
3097 4029 3168 4083 In
3190 4027 3401 4083 nidulo
3451 4043 3578 4084 meo
3616 4029 3868 4092 moriar,

2211 4119 2263 4170 et
2282 4115 2437 4170 sicut
2459 4116 2672 4184 palma
2697 4117 3037 4186 multiplica
3078 4133 3110 4172 ο
3137 4117 3281 4173 dies.
3308 4147 3379 4157 ——
3411 4115 3566 4182 Quid
3593 4117 3710 4172 hoc
3735 4117 3871 4172 loco

2210 4219 2316 4276 per
2343 4219 2564 4273 nomen
2593 4205 2984 4278 exprimitur?
3035 4205 3343 4263 Multitudo
3382 4207 3608 4280 quippe
3637 4205 3740 4262 illa
3764 4206 3868 4262 bo-

2210 4309 2426 4350 norum
2455 4309 2591 4366 quae
2633 4295 3117 4366 persecutionum
3165 4295 3536 4367 temporibus
3565 4295 3742 4351 fuerit
3769 4295 3870 4350 de—

2209 4383 2523 4456 prehensa,
2579 4383 3083 4440 nutrimentorum
3116 4401 3362 4441 suorum
3419 4386 3547 4442 dies
3603 4385 3781 4458 quasi
3809 4387 3870 4439 in

2209 4471 2373 4539 nido,
2434 4471 2515 4527 sic
2567 4471 2630 4526 in
2678 4471 2812 4527 loco
2863 4471 3080 4545 quietis
3111 4473 3346 4547 explere
3397 4473 3664 4530 credidit.
3720 4473 3870 4528 Hinc

2208 4561 2496 4634 scriptum
2520 4565 2608 4618 est
2631 4579 2644 4617 :
2681 4583 2701 4614 ι
2727 4561 2955 4618 Etenim
2983 4567 3154 4636 pater
3176 4564 3404 4620 invenit
3433 4563 3546 4620 sibi
3586 4563 3866 4628 domum,

2207 4653 2265 4707 et
2290 4654 2481 4707 turtur
2509 4651 2721 4708 nidum
2769 4651 2958 4723 (Psal.
2997 4644 3226 4721 LXXXIII,
3257 4655 3334 4724 4).
3372 4676 3400 4702 ››
3461 4652 3670 4709 Palma
3701 4653 3868 4709 enim

2207 4739 2372 4798 tarde
2401 4741 2652 4813 proﬁcit,
2684 4740 2792 4798 sed
2815 4740 2921 4798 diu
2974 4742 3036 4798 in
3092 4743 3338 4800 veritate
3392 4742 3677 4799 subsistit.
3712 4743 3868 4798 Cum

2205 4829 2408 4887 multis
2451 4834 2654 4888 autem
2705 4829 3154 4888 diﬂicultatibus
3205 4837 3416 4888 sancta
3469 4831 3732 4888 Ecclesia
3787 4831 3868 4888 ad

2203 4919 2345 4976 ﬁdei
2415 4923 2637 4976 statum
2707 4920 2887 4987 venit,
2960 4925 3018 4977 et
3090 4937 3200 4992 pro
3279 4921 3625 4978 collectione
3685 4919 3872 4994 pluri-

2205 5024 2446 5066 morum
2468 5007 2528 5064 in
2567 5007 2840 5080 ejusdem
2868 5009 3008 5065 ﬁdei
3038 5008 3246 5081 ,gloria
3275 5009 3497 5066 diutius
3540 5015 3696 5066 stare
3726 5026 3871 5066 con-

2204 5097 2476 5170 cupiscit.
2531 5097 2692 5155 Sicut
2745 5097 2949 5170 palma
3004 5113 3147 5168 ergo
3203 5098 3602 5172 multiplicare
3642 5114 3707 5154 se
3737 5099 3872 5155 dies

2203 5186 2472 5255 credidit,
2504 5203 2661 5261 quas,
2711 5194 3051 5257 emergente
3099 5188 3308 5244 subitae
3351 5187 3694 5244 tentationis
3721 5188 3870 5244 arti-

2203 5275 2359 5347 culo,
2385 5277 2552 5350 pacis
2603 5293 2727 5332 suae
2752 5277 3006 5347 gratiam
3039 5282 3096 5334 et
3154 5277 3320 5335 tarde
3351 5277 3630 5334 fidelibus
3682 5277 3872 5350 adep-

2204 5370 2418 5431 tam,et
2445 5366 2616 5424 citius
2647 5365 2724 5423 ab
2755 5365 3100 5422 inﬁdelibus
3129 5367 3520 5440 interceptam
3541 5366 3724 5424 dolet.
3749 5371 3870 5424 Nec

2200 5456 2498 5513 immerito
2515 5457 2818 5527 justorum
2845 5457 2960 5512 vita
3011 5456 3230 5529 palmae
3281 5460 3688 5529 comparatur,
3719 5458 3872 5530 quia

2203 5545 2428 5602 scilicet
2478 5545 2686 5619 palma
2743 5545 2986 5602 inferius
3020 5551 3176 5603 tacta
3217 5563 3432 5620 aspera
3462 5539 3570 5612 est,
3600 5551 3659 5602 et
3687 5546 3871 5620 quasi

2203 5634 2384 5693 aridis
2449 5635 2766 5696 corticibus
2851 5635 3158 5706 obvoluta,
3241 5637 3516 5710 superius
3590 5652 3733 5693 vero
3809 5639 3872 5692 et
