4128 6158
224 218 299 273 341
1008 213 1314 272 ΕΡῙΤΟΜΕ
1353 217 1715 273 MORALIUM
1758 218 1812 273 S.
1856 219 1874 273 (

1984 218 2060 273 3G.
2106 219 2174 273 IN
2211 217 2356 274 JOB.
2400 250 2469 259 —
2508 222 2633 277 LIB.
2702 225 2808 280 XX.

3555 241 3657 294 342

220 339 332 395 visu
358 336 649 394 fructibus
680 336 965 409 pulchra.
1018 338 1271 394 Inferius
1302 340 1586 396 corticum
1621 357 1865 397 suarum
1899 348 1946 399 A
2048 344 2214 397 Vsus.
2238 340 2331 398 20.
2366 342 2577 399 Gloria
2606 361 2739 403 mea
2768 364 3000 420 semper
3030 354 3444 430 innovabitur,
3477 367 3531 417 et
3553 377 3654 417 ar-

216 425 662 485 involutionibus
692 430 1082 496 angustatur,
1127 428 1233 483 sed
1277 429 1555 501 superius
1587 429 1865 502 amplitu-

1978 445 2079 485 cus
2099 444 2264 487 meus
2292 432 2355 486 in
2377 446 2562 487 manu
2604 450 2733 491 mea
2784 438 3245 501 instaurabitur.
3294 477 3357 486 —
3440 450 3659 508 Sancta

213 517 335 574 dine
364 515 627 609 pulchrae
657 514 981 609 viriditatis
1011 516 1391 589 expanditur.
1417 518 1508 573 Sic
1529 518 1752 591 quippe
1783 522 1870 573 est
1978 518 2224 609 quippe
2240 519 2504 609 Ecclesia
2532 523 2712 593 quasi
2743 525 3033 584 amissam
3065 530 3318 600 gloriam
3359 535 3651 609 deplorat,

213 607 517 664 electorum
540 603 663 660 vita
684 603 984 677 despecta
1007 605 1275 672 inferius,
1292 607 1568 679 superius
1595 606 1866 679 pulchra.

213 698 269 752 In
312 696 428 752 ima
469 694 584 750 ista
630 693 816 766 quasi
869 693 1078 750 multis
1136 694 1461 751 corticibus
1514 696 1868 765 obvolvitur,

211 786 344 843 dum
372 784 568 840 multis
597 782 1096 840 tribulationibus
1124 789 1515 855 angustatur;
1542 786 1602 841 in
1634 800 1874 840 summa

211 888 340 929 vero
363 871 462 928 illa
489 871 665 945 quasi
696 872 978 943 pulchrae
1010 873 1318 929 viriditatis
1369 874 1547 943 foliis,
1591 875 1871 946 amplitu-

211 961 336 1018 dine
360 960 764 1018 retributionis
800 961 1184 1034 expanditur,
1216 961 1277 1017 in
1308 962 1427 1017 hoc
1459 968 1657 1019 autem
1707 962 1873 1035 quod

212 1050 397 1125 palma
445 1048 687 1106 minoris
738 1049 1167 1122 amplitudinis
1215 1050 1295 1106 ab
1344 1051 1485 1107 imis
1531 1052 1789 1119 inchoat,
1819 1056 1875 1107 et

202 1141 361 1213 juxta
386 1154 588 1195 ramos
637 1154 706 1194 ac
760 1154 977 1194 ramos
1026 1140 1303 1212 ampliori
1336 1139 1559 1196 robore
1591 1140 1871 1210 exsurgit,

206 1229 541 1298 designatur
567 1226 904 1300 proﬁciens
953 1227 1073 1282 vita
1116 1228 1446 1299 justorum,
1492 1229 1598 1301 qui
1642 1244 1870 1301 nequa-

206 1333 379 1391 quam
409 1316 634 1372 suntin
666 1316 931 1371 terrenis
963 1316 1171 1371 studiis
1215 1317 1399 1372 fortes
1445 1321 1503 1372 et
1530 1317 1590 1373 in
1621 1317 1871 1373 coelesti-

202 1407 309 1463 bus
333 1405 579 1473 debiles,
604 1404 704 1461 sed
735 1404 989 1473 longius
1021 1410 1199 1478 atque
1222 1406 1544 1468 distantius
1572 1407 1872 1462 studiosos

207 1512 264 1552 se
290 1495 573 1551 exhibent
601 1497 740 1562 Deo,
758 1510 953 1566 quam
983 1495 1205 1550 saeculo
1236 1495 1423 1551 fuisse
1448 1496 1869 1566 meminerunt,

204 1590 257 1641 et
292 1585 339 1641 si
388 1584 629 1656 tepidus
674 1583 884 1656 prima
930 1584 1197 1656 inchoat,
1253 1584 1576 1640 ferventius
1608 1590 1874 1643 extrema

1981 622 2118 661 cum
2144 606 2356 663 ﬁdeles
2388 624 2531 663 suos
2564 610 2641 665 ad
2669 611 2861 668 vitam
2882 620 3142 673 veterem
3170 621 3361 677 redire
3382 606 3653 682 conside;

1980 700 2089 761 rat,
2124 695 2206 751 ait
2235 696 2397 751 enim
2433 714 2445 751 :
2482 698 2886 773 Dicebamque
2936 721 2948 758 :
3001 705 3210 764 Gloria
3254 726 3384 767 mea
3426 729 3656 784 semper

1981 785 2393 841 innovabitur.
2428 786 2576 851 Quia
2605 804 2707 843 cos
2735 806 2893 862 quos
2919 792 2977 848 in
3018 809 3080 849 se
3109 811 3281 852 novae
3325 800 3458 856 vitae
3499 803 3653 857 mili-

1986 877 2107 929 tare
2136 873 2409 939 credidit,
2444 877 2691 931 vetustis
2719 878 3029 937 desideriis
3076 885 3295 942 servire
3329 891 3651 956 cognoscit.

1982 960 2171 1014 Arcus
2201 964 2407 1016 autem
2449 965 2693 1020 nomine
2723 966 2787 1022 in
2819 984 2990 1025 sacro
3030 971 3270 1045 eloquio
3325 974 3655 1047 aliquando

1984 1048 2286 1105 malorum
2317 1050 2547 1109 insidiae
2578 1055 2993 1130 designantur,
3039 1066 3106 1118 ut
3150 1062 3299 1119 illud
3330 1081 3342 1118 :
3399 1087 3427 1113 «
3460 1069 3656 1121 Inten-

1981 1137 2199 1194 derunt
2228 1156 2441 1196 arcum
2472 1158 2597 1199 rem
2628 1160 2904 1203 amaram
2936 1150 3123 1219 (Psal.
3153 1168 3307 1221 LXIII,
3348 1152 3422 1224 4).
3458 1174 3487 1205 »
3535 1155 3654 1211 Ali-

1981 1226 2229 1299 quando
2260 1246 2406 1285 vero
2436 1231 2563 1287 dies
2589 1234 2820 1304 judicii,
2854 1242 2920 1292 ut
2948 1237 3094 1294 illud
3136 1258 3148 1295 :
3201 1263 3231 1289 «
3276 1241 3496 1299 Dedisti
3527 1260 3655 1300 me-

1981 1316 2288 1372 tuentibus
2346 1322 2400 1374 te
2459 1321 2978 1395 signiﬁcationem,
3026 1330 3091 1382 ut
3139 1326 3372 1397 fugiant
3427 1346 3462 1385 a
3504 1331 3655 1388 facie

1982 1421 2156 1461 arcus
2177 1406 2368 1477 (Psal.
2397 1426 2504 1478 1.1x,
2540 1413 2615 1481 6).
2650 1435 2678 1460 7»
2731 1411 3072 1486 Aliquando
3113 1422 3315 1474 autem
3369 1419 3502 1492 ipsa
3555 1437 3653 1477 ea-

1981 1492 2121 1549 dem
2151 1511 2326 1551 sacra
2353 1498 2595 1571 eloquia
2624 1499 3036 1570 designantur,
3061 1507 3125 1559 ut
3143 1504 3290 1560 illud
3324 1523 3336 1560 :
3372 1525 3402 1559 ‹
3431 1510 3653 1562 Arcum

1983 1598 2161 1638 suum
2197 1585 2466 1658 tetendit,
2513 1593 2569 1642 et
2620 1589 2852 1661 paravit
2899 1589 3068 1646 illum
3114 1590 3303 1658 (Psal.
3332 1610 3425 1661 vn,
3478 1597 3583 1664 13).
3622 1617 3651 1644 ››

202 1675 494 1732 consumit
526 1691 538 1728 :
570 1672 851 1728 videlicet
882 1689 1126 1746 semper
1155 1675 1441 1730 inchoare
1482 1691 1544 1730 se
1595 1675 1869 1741 aestimat,
1911 1690 1950 1744 Β
1984 1672 2138 1737 Quid
2162 1672 2346 1743 igitur
2374 1675 2433 1730 in
2463 1676 2574 1731 hoc
2606 1677 2740 1733 loco
2770 1694 2945 1734 arcus
2975 1681 3239 1750 nomine,
3262 1682 3378 1737 nisi
3409 1698 3653 1739 sacrum

199 1768 254 1821 et
276 1762 504 1819 idcirco
531 1760 923 1831 infatigabilis
951 1761 1010 1817 iu
1046 1762 1315 1817 novitate
1351 1762 1656 1834 perdurat.
1709 1763 1873 1819 Hanc

198 1853 413 1910 scilicet
472 1852 776 1922 justorum
830 1852 1236 1907 constantiam
1286 1852 1581 1924 propheta
1636 1853 1874 1908 intuens

197 1944 274 2000 ait
302 1962 316 1999 :
347 1964 375 1992 ε(
409 1941 519 2006 Qui
550 1940 868 1996 conﬁdunt
894 1939 953 1996 in
987 1940 1272 2009 Domino,
1298 1941 1625 1997 mutabunt
1651 1940 1876 1997 fOrtitu-

195 2034 416 2097 dinem,
469 2035 793 2087 assument
836 2045 1069 2104 pennas
1117 2034 1181 2084 ut
1224 2029 1463 2102 aquilae,
1517 2035 1776 2098 current,
1820 2035 1876 2088 et

191 2139 315 2179 non
363 2121 776 2188 laborabunt;
832 2117 1255 2185 ambulabunt,
1317 2124 1373 2175 et
1431 2137 1556 2176 non
1595 2119 1877 2176 deﬁcient

192 2214 335 2283 (13a.
367 2228 462 2279 XL,
497 2210 607 2282 31).
644 2233 672 2259 ››
704 2208 981 2282 Sequitur
1008 2224 1021 2262 :

262 2300 445 2356 Vens.
479 2302 567 2355 t9.
619 2300 829 2355 Radix
856 2312 984 2353 mea
1011 2303 1223 2365 aperta
1255 2302 1340 2354 est
1366 2314 1532 2355 secus
1562 2314 1774 2370 aquas.
1802 2330 1876 2339 —

190 2394 363 2447 Juxta
410 2405 608 2462 aquas
655 2387 881 2445 etenim
925 2384 1096 2441 radix
1146 2386 1430 2458 aperitur,
1484 2387 1738 2461 quando
1795 2387 1874 2443 ad

192 2478 583 2554 percipienda
643 2476 906 2533 veritatis
953 2474 1175 2530 ﬂuenta
1237 2474 1510 2533 laetanter
1589 2476 1873 2547 cogitatio

192 2571 412 2627 mentis
439 2566 827 2642 expanditur.
847 2564 989 2628 Quae
1013 2562 1233 2620 scilicet
1256 2564 1447 2621 verba
1478 2565 1529 2621 si
1559 2566 1637 2621 ad
1660 2581 1871 2621 vocem

194 2663 413 2715 sanctae
445 2655 722 2713 Ecclesiae
752 2651 1054 2717 ducimus,
1086 2651 1257 2707 radix
1307 2651 1463 2708 illius
1513 2655 1650 2726 ipsa
1695 2652 1876 2725 debet

195 2746 533 2804 incarnatio
568 2739 984 2813 Redemptoris
1013 2740 1276 2811 intelligi,
1309 2758 1446 2813 qua:
1474 2744 1649 2813 juxta
1682 2758 1873 2815 aquas

196 2842 401 2910 aperta
452 2841 564 2901 est,
612 2833 765 2888 dum
818 2834 971 2887 Deus
1021 2829 1330 2885 invisibilis
1369 2848 1477 2904 per
1507 2831 1871 2904 assumptio-

197 2943 333 2982 nem
383 2921 793 2981 humanitatis
842 2936 966 2975 sum
1014 2919 1207 2992 patuit
1247 2920 1592 2992 aspectibus
1631 2920 1873 2976 visionis

201 3020 435 3071 nostrae.
477 3016 626 3070 Hinc
659 3009 950 3081 scriptum
999 3013 1087 3064 est
1127 3026 1139 3063 :
1193 3031 1218 3057 ‹‹
1254 3011 1318 3064 Et
1342 3010 1450 3066 erit
1480 3014 1775 3082 tanquam
1804 3009 1871 3064 li-
1908 3042 1949 3097 Ο

204 3120 383 3174 gnum
414 3101 587 3175 quod
618 3099 959 3173 plaintatum
1006 3101 1094 3152 est
1140 3112 1310 3152 secus
1363 3098 1653 3155 decursus
1684 3114 1870 3171 aqua-

204 3209 330 3248 rum
356 3192 554 3263 (Psal.
581 3206 622 3253 ι,
648 3193 723 3259 3).
764 3210 781 3236 ι
818 3186 1095 3259 Sequitur
1128 3203 1139 3240 :
1177 3186 1253 3240 Et
1292 3202 1383 3242 res
1430 3188 1769 3243 morabitur
1809 3189 1872 3242 in

206 3284 485 3338 messione
532 3294 687 3335 mea.
747 3307 811 3316 ——
867 3274 1166 3333 Subaudis
1225 3292 1237 3330 :
1298 3275 1599 3345 dicebam,
1652 3275 1873 3331 messio

207 3372 359 3427 enim
389 3372 621 3426 sanctae
670 3364 941 3422 Ecclesia:
973 3380 1095 3420 non
1128 3363 1613 3421 inconvenienter
1655 3363 1873 3437 accipi-

206 3465 314 3528 tur,
339 3476 481 3516 cum
506 3455 789 3531 perfectzc
816 3454 1036 3510 animas
1076 3470 1111 3508 a
1141 3453 1494 3525 corporibus
1534 3444 1871 3521 abstrac'tte,

208 3550 365 3605 velut
412 3552 672 3603 maturae
709 3547 940 3612 segetes
968 3558 1004 3598 a
1040 3547 1191 3597 terra
1238 3541 1451 3598 decisae
1492 3542 1573 3598 ad
1613 3541 1876 3599 caelestia

208 3636 416 3693 horrea
463 3635 832 3701 demigrant.
891 3634 1005 3687 Bos
1059 3646 1323 3703 namque
1377 3631 1636 3703 desuper
1694 3631 1872 3700 cadit,

211 3724 413 3780 messis
459 3723 751 3778 deorsum
806 3718 1121 3789 colligitur.
1181 3720 1329 3787 Ergo
1373 3734 1471 3773 ros
1517 3723 1785 3775 moratur
1813 3718 1874 3773 in

210 3812 530 3880 messione,
554 3808 703 3882 quia
730 3807 921 3879 gratia
946 3806 1209 3878 desuper
1246 3805 1492 3861 veniens
1527 3807 1648 3877 agit
1678 3811 1742 3862 ut
1783 3806 1873 3862 di-

208 3903 301 3970 gni
356 3902 552 3957 simus
601 3897 707 3969 qui
755 3896 829 3952 de
878 3894 1258 3951 inferioribus
1315 3894 1685 3965 colligamur.
1729 3896 1875 3951 Hinc

209 3990 426 4046 Paulus
458 3989 542 4044 ait
571 4005 583 4042 :
615 4009 643 4036 «
679 3985 879 4042 Gratia
909 3986 1007 4040 Dei
1041 4000 1175 4039 sum
1196 3983 1256 4038 id
1284 3984 1446 4056 quod
1483 4002 1620 4040 sum
1654 3987 1709 4056 (Ι
1735 3986 1870 4041 Cor.

207 4095 297 4149 xv,
331 4079 443 4135 10).
488 4100 516 4125 ››
559 4075 876 4147 Sequitur:

1982 1760 2290 1833 eloquium
2321 1764 2501 1821 debet
2528 1765 2822 1837 intelligi?
2862 1768 2928 1821 In
2952 1768 3179 1825 chorda
3202 1770 3421 1825 etenim
3448 1773 3652 1826 Testa-

1983 1853 2255 1905 mentum
2287 1855 2542 1915 Novum.
2576 1853 2637 1908 in
2678 1870 2865 1910 cornu
2894 1871 3036 1911 vero
3066 1857 3512 1912 Testamentum
3543 1860 3652 1913 Ve-

1984 1940 2078 1992 tus
2107 1939 2419 2012 accipitur.
2450 1943 2513 1997 In
2546 1959 2690 1999 arcu
2720 1949 2920 2000 autem
2971 1945 3119 2000 dum
3163 1945 3346 2002 corda
3402 1946 3654 2002 trahitur

1985 2042 2173 2083 cornu
2202 2034 2509 2100 curvatur,
2546 2032 2699 2088 sicut
2727 2032 2788 2088 in
2814 2033 2928 2089 hoc
2968 2033 3183 2090 eodem
3210 2049 3380 2090 sacro
3411 2036 3651 2107 eloquio

1983 2114 2131 2170 dum
2159 2118 2605 2175 Testamentum
2640 2123 2870 2176 Novum
2917 2121 3148 2192 legitur,
3196 2121 3415 2179 duritia
3458 2126 3653 2179 Testa-

1982 2203 2168 2258 menti
2196 2203 2425 2261 Veteris
2456 2207 2773 2263 emollitur.
2833 2212 2947 2263 Nec
2994 2209 3340 2265 indecenter
3391 2211 3649 2267 dicimus

1983 2293 2275 2350 chordam
2325 2299 2700 2353 Testamento
2748 2301 2910 2353 Novo
2966 2314 3316 2371 congruere,
3368 2301 3535 2372 quod
3572 2301 3650 2356 de

1983 2380 2395 2440 incarnatione
2428 2386 2737 2442 Dominica
2767 2392 2992 2443 certum
3022 2391 3111 2443 est
3138 2387 3651 2454 exstitisse.Quasi

1983 2485 2125 2541 ergo
2156 2472 2387 2530 chorda
2416 2475 2687 2544 trahitur,
2722 2479 2778 2531 et
2802 2490 2991 2531 cornu
3013 2480 3314 2546 curvatur,
3329 2476 3473 2549 quia
3497 2477 3649 2534 dum

1982 2558 2043 2614 in
2072 2562 2451 2619 Testamento
2483 2567 2643 2619 Novo
2690 2563 3021 2620 incarnatio
3067 2563 3414 2621 mediatoris
3457 2581 3648 2636 agno-

1983 2648 2182 2715 scitur,
2225 2651 2306 2706 ad
2358 2652 2686 2725 spiritalem
2740 2652 3193 2724 intelligentiam
3244 2654 3407 2723 rigor
3449 2657 3648 2712 Testa-

1983 2737 2168 2792 menti
2205 2740 2427 2795 Veteris
2471 2741 2810 2797 inclinatur.
2866 2744 2929 2797 In
2972 2758 3160 2800 manu
3188 2743 3406 2799 etenim
3441 2761 3649 2801 arcum

1982 2829 2160 2894 tenet,
2193 2828 2299 2898 qui
2324 2828 2531 2885 divina
2560 2829 2801 2901 eloquia
2830 2847 2966 2902 quae
2998 2831 3298 2888 intellectu
3319 2834 3647 2904 cognoscit,

1983 2915 2332 2986 operatione
2363 2917 2610 2989 perﬁcit.
2643 2918 3012 2974 lnstauratur
3037 2934 3180 2989 ergo
3210 2935 3386 2976 arcus
3415 2921 3476 2975 in
3522 2939 3649 2979 ma-

1982 3020 2086 3072 nu,
2115 3003 2263 3059 dum
2294 3005 2592 3077 quidquid
2623 3005 2696 3061 de
2730 3022 2899 3062 sacro
2927 3006 3166 3079 eloquio
3216 3008 3515 3064 studendo
3547 3026 3647 3065 co-

1984 3090 2308 3162 gnoscitur,
2360 3093 2619 3148 vivendo
2660 3094 3011 3166 completur.
3063 3095 3212 3151 Hinc
3257 3096 3437 3151 etiam
3481 3097 3646 3152 Salo-

1984 3196 2129 3236 mon
2153 3181 2302 3236 dum
2330 3181 2511 3237 fortes
2559 3182 2838 3254 spiritalis
2888 3199 3108 3256 pugna;
3134 3183 3495 3240 describeret
3518 3185 3646 3240 bel-

1982 3270 2218 3335 latores,
2248 3270 2330 3325 ait
2361 3288 2373 3325 :
2408 3293 2435 3319 ‹‹
2472 3272 2692 3327 Omnes
2724 3275 2989 3328 tenentes
3022 3272 3275 3342 gladios,
3308 3277 3364 3328 et
3384 3272 3461 3328 ad
3490 3273 3649 3330 bella

1983 3359 2310 3415 doctissimi
2344 3361 2543 3431 (Cant.
2573 3377 2655 3426 ni,
2686 3362 2759 3432 8).
2792 3385 2819 3411 »
2853 3362 2965 3418 Sed
2998 3361 3147 3417 dum
3195 3382 3226 3415 ‹
3271 3377 3484 3417 omnes
3509 3378 3647 3434 quae

1985 3464 2094 3503 sua
2152 3454 2293 3504 sunt
2341 3453 2637 3521 quaerunt,
2690 3465 2813 3505 non
2860 3466 2994 3522 quae
3053 3453 3193 3507 sunt
3251 3450 3459 3506 Christi
3504 3453 3646 3507 Jesu

1986 3538 2168 3610 (Phil.
2201 3540 2399 3610 11,21),
2436 3562 2463 3589 »
2500 3540 2719 3612 scripta
2760 3540 2859 3595 Dei
2903 3540 3128 3612 ubique
3170 3546 3405 3613 reperta
3452 3556 3644 3613 oppo-

1982 3633 2208 3683 nuntur
2237 3628 2443 3695 oculis,
2477 3629 2582 3685 sed
2611 3630 2739 3684 haec
2766 3645 3126 3699 cognoscere
3172 3631 3447 3687 homines
3482 3630 3647 3685 dedi-

1985 3721 2265 3787 gnantur,
2309 3734 2463 3790 pene
2514 3718 2718 3774 nullus
2773 3720 2987 3793 quaerit
3033 3721 3182 3777 scire
3234 3721 3402 3794 quod
3440 3720 3645 3777 credit.

1985 3804 2288 3862 Multitudo
2342 3822 2484 3876 ergo
2544 3808 2846 3863 bonorum
2912 3809 3379 3880 praecedentium
3438 3825 3648 3864 arcum

1986 3911 2167 3950 suum
2241 3896 2468 3951 destrui
2543 3896 2760 3963 doleat,
2824 3912 2960 3968 quae
3030 3913 3273 3953 sacrum
3341 3896 3649 3970 eloquium

1985 3984 2305 4039 restaurari
2363 4000 2602 4057 semper
2657 4000 2763 4056 per
2830 3984 3096 4040 studium
3148 3986 3647 4058 subsequentium

1986 4072 2285 4129 credebat.

1409 4453 1747 4539 LIBER
1834 4450 2277 4537 VICESIM
2296 4450 2457 4537 US.

278 4796 510 4851 Sancta
529 4793 750 4864 quippe
780 4790 1056 4855 Ecclesia,
1093 4787 1508 4843 haereticorum
1546 4785 1639 4841 vel
1670 4801 1877 4841 carna-
1914 4784 2136 4840 Alium
2166 4787 2380 4853 tacent,
2434 4781 2577 4854 quia
2622 4781 2750 4851 ejus
2796 4779 2982 4836 verba
3021 4793 3146 4835 non
3189 4778 3412 4835 audent
3446 4779 3646 4852 impu-

175 4886 359 4942 lium
406 4880 886 4937 tribulationibus
932 4893 1162 4950 pressa,
1211 4876 1645 4950 praeteritorum
1698 4874 1875 4929 remi-

175 4972 474 5031 niscitur
505 4976 862 5041 temporum,
913 4968 972 5022 in
1023 4965 1246 5039 quibus
1295 4954 1473 5020 omne
1497 4963 1663 5037 quod
1705 4963 1783 5020 ab
1805 4978 1877 5019 ea

187 5061 462 5129 dicitur,
489 5076 627 5115 cum
655 5063 819 5114 metu
846 5074 883 5112 a
906 5055 1184 5112 ﬁdelibus
1215 5054 1455 5110 auditur
1479 5072 1492 5121 ;
1519 5058 1576 5108 et
1602 5052 1881 5109 adversa-

211 5150 451 5207 riorum
480 5164 723 5204 suorum
752 5144 1117 5220 proterviam
1141 5143 1467 5216 deplorans
1493 5141 1634 5197 dicit
1666 5159 1678 5197 :

273 5242 470 5295 Vens.
504 5238 590 5294 21.
624 5238 737 5304 Qui
764 5251 857 5292 me
884 5234 1210 5291 audiebant
1235 5231 1633 5302 expectabant
1654 5236 1881 5287 senten-

208 5330 390 5399 tiam,
430 5333 485 5383 et
529 5328 740 5382 intenti
783 5323 1061 5380 tacebant
1089 5322 1169 5378 ad
1197 5320 1518 5377 concilium
1548 5334 1760 5375 meum.
1811 5351 1880 5359 —

203 5422 283 5476 Ac
318 5419 385 5474 si
417 5421 615 5490 aperte
642 5415 843 5471 dicat:
873 5415 997 5469 Non
1029 5414 1092 5467 ut
1116 5411 1176 5467 hi
1224 5409 1484 5482 protervi
1529 5424 1598 5463 ac
1646 5406 1880 5475 tumidi,

200 5510 304 5582 qui
343 5507 509 5563 dum
537 5504 799 5561 veritatis
826 5502 1012 5557 verba
1037 5501 1339 5573 suscipere
1370 5501 1649 5563 renuunt,
1673 5496 1882 5570 praedi-

197 5598 477 5657 cationis
506 5612 651 5651 mea:
680 5592 1035 5651 sententiam
1080 5590 1258 5665 quasi
1310 5588 1587 5645 docendo
1631 5602 1889 5661 praecur-

193 5693 375 5747 runt.
418 5685 601 5744 Citius
630 5699 791 5740 nunc
820 5680 1095 5754 discipuli
1147 5678 1357 5736 intenti
1401 5677 1479 5734 ad
1524 5678 1656 5748 ejus
1687 5674 1887 5731 consi-

1984 4889 2189 4945 gnare,
2224 4873 2330 4927 sed
2361 4871 2619 4926 credere.
2652 4870 2928 4943 Sequitur
2957 4886 2970 4922 :

2054 4964 2222 5017 Vens.
2254 4963 2342 5015 22.
2395 4959 2595 5015 Verbis
2616 4961 2758 5015 meis
2784 4958 3005 5014 addere
3034 4956 3192 5013 nihil
3218 4957 3544 5014 audebant.
3578 4990 3647 4999 ~—

1986 5050 2135 5117 Quia
2156 5054 2300 5105 tunc
2328 5048 2613 5104 nimirum
2656 5046 2915 5104 haeretici
2947 5061 3084 5103 cum
3135 5051 3343 5103 contra
3380 5046 3541 5103 hanc
3583 5048 3650 5103 li-

1983 5139 2209 5195 bertate
2238 5136 2506 5210 pessima
2530 5134 2749 5191 fuerint
2775 5134 3063 5203 effrenati,
3076 5134 3249 5191 dictis
3266 5135 3396 5206 ejus
3426 5134 3649 5190 addere

1986 5227 2213 5301 aliquid
2243 5230 2637 5298 praesumunt,
2671 5241 2811 5281 cum
2857 5223 3469 5297 prmdiéamentorum
3517 5223 3648 5292 ejus

1985 5314 2400 5373 rectitudinem
2449 5313 2627 5385 quasi
2665 5312 2987 5369 emendare
3041 5312 3388 5368 moliuntur.
3439 5308 3649 5380 Sequi-

1970 5409 2085 5461 ‘tur
2116 5422 2129 5460 :
2164 5405 2238 5460 Et
2264 5419 2445 5473 super
2490 5404 2627 5459 illos
2679 5402 2956 5459 stillabat
2990 5400 3282 5471 eloquium
3325 5411 3539 5454 meum.
3582 5431 3650 5440 -—

1992 5496 2059 5550 In
2086 5494 2201 5550 hac
2223 5491 2535 5549 stillatione
2564 5490 2805 5564 eloquii,
2851 5489 2998 5561 quid
3042 5486 3206 5542 aliud
3249 5502 3436 5559 quam
3486 5504 3651 5544 men-

1995 5600 2139 5640 sura
2185 5581 2626 5655 praedicationis
2680 5578 3007 5651 accipitur?
3088 5574 3240 5640 Quia
3314 5581 3547 5649 oportet
3587 5581 3653 5632 ut

1996 5672 2422 5729 exhortationis
2479 5670 2669 5737 gratia
2726 5666 2974 5735 singulis
3021 5663 3193 5735 juxta
3256 5666 3650 5737 capacitatem
