  <div class='ocr_page' id='page_1' title='image "/cluster/home/n/w/nwhite01/storage/ocr_20150623/133/hvd.32044054759949/177.png"; bbox 0 0 4120 6156; ppageno 0'>
   <div class='ocr_carea' id='block_1_1' title="bbox 445 178 3884 244">
    <p class='ocr_par' dir='ltr' id='par_1_1' title="bbox 445 178 3884 244">
     <span class='ocr_line' id='line_1_1' title="bbox 445 178 3884 244; baseline -0.003 0"><span class='ocrx_word' id='word_1_1' title='bbox 445 190 548 244; x_wconf 76' lang='grc'>343</span> <span class='ocrx_word' id='word_1_2' title='bbox 1500 185 1558 239; x_wconf 91' lang='lat' dir='ltr'>S.</span> <span class='ocrx_word' id='word_1_3' title='bbox 1594 183 1860 241; x_wconf 82' lang='lat' dir='ltr'>ODONIS</span> <span class='ocrx_word' id='word_1_4' title='bbox 1897 179 2192 239; x_wconf 76' lang='lat' dir='ltr'>ABBATIS</span> <span class='ocrx_word' id='word_1_5' title='bbox 2229 178 2728 236; x_wconf 77' lang='lat' dir='ltr'>CLUNIACENSIS</span> <span class='ocrx_word' id='word_1_6' title='bbox 2766 182 2833 234; x_wconf 84' lang='lat' dir='ltr'>ll.</span> <span class='ocrx_word' id='word_1_7' title='bbox 3384 190 3395 198; x_wconf 92' lang='lat'><strong>&#39;</strong></span> <span class='ocrx_word' id='word_1_8' title='bbox 3773 181 3884 234; x_wconf 63' lang='lat' dir='ltr'>3H-</span> 
     </span>
    </p>
   </div>
   <div class='ocr_carea' id='block_1_2' title="bbox 446 301 3882 381">
    <p class='ocr_par' dir='ltr' id='par_1_2' title="bbox 446 301 3882 381">
     <span class='ocr_line' id='line_1_2' title="bbox 446 301 3882 381; baseline -0.002 -15"><span class='ocrx_word' id='word_1_9' title='bbox 446 309 669 381; x_wconf 80' lang='lat' dir='ltr'>ingenii</span> <span class='ocrx_word' id='word_1_10' title='bbox 693 308 1051 366; x_wconf 85' lang='lat' dir='ltr'>conferatur.</span> <span class='ocrx_word' id='word_1_11' title='bbox 1085 307 1228 364; x_wconf 82' lang='lat' dir='ltr'>Hinc</span> <span class='ocrx_word' id='word_1_12' title='bbox 1259 311 1348 364; x_wconf 89' lang='lat' dir='ltr'>est</span> <span class='ocrx_word' id='word_1_13' title='bbox 1375 308 1542 380; x_wconf 89' lang='lat' dir='ltr'>quod</span> <span class='ocrx_word' id='word_1_14' title='bbox 1563 308 1812 380; x_wconf 87' lang='lat' dir='ltr'>jubente</span> <span class='ocrx_word' id='word_1_15' title='bbox 1855 305 2104 363; x_wconf 88' lang='lat' dir='ltr'>Domino</span> <span class='ocrx_word' id='word_1_16' title='bbox 2141 307 2186 357; x_wconf 80' lang='grc' dir='ltr'><strong>Α</strong></span> <span class='ocrx_word' id='word_1_17' title='bbox 2217 302 2376 357; x_wconf 89' lang='lat' dir='ltr'>enim</span> <span class='ocrx_word' id='word_1_18' title='bbox 2405 301 2508 356; x_wconf 87' lang='lat' dir='ltr'>lux</span> <span class='ocrx_word' id='word_1_19' title='bbox 2538 301 2600 357; x_wconf 94' lang='lat' dir='ltr'>in</span> <span class='ocrx_word' id='word_1_20' title='bbox 2633 305 2847 358; x_wconf 88' lang='lat' dir='ltr'>terram</span> <span class='ocrx_word' id='word_1_21' title='bbox 2882 301 3142 368; x_wconf 85' lang='lat' dir='ltr'>caderet,</span> <span class='ocrx_word' id='word_1_22' title='bbox 3175 301 3228 357; x_wconf 88' lang='lat' dir='ltr'>si</span> <span class='ocrx_word' id='word_1_23' title='bbox 3256 301 3318 356; x_wconf 88' lang='lat' dir='ltr'>in</span> <span class='ocrx_word' id='word_1_24' title='bbox 3347 304 3616 356; x_wconf 82' lang='lat' dir='ltr'>extremo</span> <span class='ocrx_word' id='word_1_25' title='bbox 3651 301 3882 372; x_wconf 88' lang='lat' dir='ltr'>judicio</span> 
     </span>
    </p>
   </div>
   <div class='ocr_carea' id='block_1_3' title="bbox 449 389 3883 468">
    <p class='ocr_par' dir='ltr' id='par_1_3' title="bbox 449 389 3883 468">
     <span class='ocr_line' id='line_1_3' title="bbox 449 389 3883 468; baseline -0.003 -14"><span class='ocrx_word' id='word_1_26' title='bbox 449 415 572 454; x_wconf 90' lang='lat' dir='ltr'>non</span> <span class='ocrx_word' id='word_1_27' title='bbox 619 397 814 454; x_wconf 89' lang='lat' dir='ltr'>solum</span> <span class='ocrx_word' id='word_1_28' title='bbox 871 394 1086 468; x_wconf 64' lang='lat' dir='ltr'>phialas</span> <span class='ocrx_word' id='word_1_29' title='bbox 1130 395 1208 451; x_wconf 88' lang='lat' dir='ltr'>ad</span> <span class='ocrx_word' id='word_1_30' title='bbox 1237 411 1517 452; x_wconf 87' lang='lat' dir='ltr'>mensam</span> <span class='ocrx_word' id='word_1_31' title='bbox 1557 395 1946 466; x_wconf 81' lang='lat' dir='ltr'>tabernaculi,</span> <span class='ocrx_word' id='word_1_32' title='bbox 2003 393 2108 450; x_wconf 89' lang='lat' dir='ltr'>sed</span> <span class='ocrx_word' id='word_1_33' title='bbox 2215 391 2460 447; x_wconf 84' lang='lat' dir='ltr'>veniens</span> <span class='ocrx_word' id='word_1_34' title='bbox 2513 389 2845 448; x_wconf 77' lang='lat' dir='ltr'>claritatem</span> <span class='ocrx_word' id='word_1_35' title='bbox 2905 391 3234 463; x_wconf 85' lang='lat' dir='ltr'>majestatis</span> <span class='ocrx_word' id='word_1_36' title='bbox 3289 407 3415 446; x_wconf 73' lang='lat' dir='ltr'>suae</span> <span class='ocrx_word' id='word_1_37' title='bbox 3462 390 3883 462; x_wconf 81' lang='lat' dir='ltr'>peccatoribus</span> 
     </span>
    </p>
   </div>
   <div class='ocr_carea' id='block_1_4' title="bbox 449 479 3886 558">
    <p class='ocr_par' dir='ltr' id='par_1_4' title="bbox 449 479 3886 558">
     <span class='ocr_line' id='line_1_4' title="bbox 449 479 3886 558; baseline -0.002 -16"><span class='ocrx_word' id='word_1_38' title='bbox 449 484 626 542; x_wconf 89' lang='lat' dir='ltr'>etiam</span> <span class='ocrx_word' id='word_1_39' title='bbox 655 483 855 556; x_wconf 81' lang='lat' dir='ltr'>cyathi</span> <span class='ocrx_word' id='word_1_40' title='bbox 881 489 1318 558; x_wconf 69' lang='lat' dir='ltr'>praeparantur.</span> <span class='ocrx_word' id='word_1_41' title='bbox 1352 485 1666 558; x_wconf 81' lang='lat' dir='ltr'>Sequitur:</span> <span class='ocrx_word' id='word_1_42' title='bbox 2221 479 2494 552; x_wconf 84' lang='lat' dir='ltr'>aperiret.</span> <span class='ocrx_word' id='word_1_43' title='bbox 2529 479 2700 546; x_wconf 86' lang='lat' dir='ltr'>Quod</span> <span class='ocrx_word' id='word_1_44' title='bbox 2744 481 2789 534; x_wconf 90' lang='lat' dir='ltr'>si</span> <span class='ocrx_word' id='word_1_45' title='bbox 2837 479 2965 536; x_wconf 79' lang='lat' dir='ltr'>haec</span> <span class='ocrx_word' id='word_1_46' title='bbox 3018 480 3205 536; x_wconf 85' lang='lat' dir='ltr'>verba</span> <span class='ocrx_word' id='word_1_47' title='bbox 3251 495 3322 536; x_wconf 79' lang='lat' dir='ltr'>ex</span> <span class='ocrx_word' id='word_1_48' title='bbox 3361 483 3581 535; x_wconf 72' lang='lat' dir='ltr'>sanctae</span> <span class='ocrx_word' id='word_1_49' title='bbox 3611 479 3886 536; x_wconf 76' lang='lat' dir='ltr'>Ecclesiae</span> 
     </span>
    </p>
   </div>
   <div class='ocr_carea' id='block_1_5' title="bbox 519 565 3886 649">
    <p class='ocr_par' dir='ltr' id='par_1_5' title="bbox 519 565 3886 649">
     <span class='ocr_line' id='line_1_5' title="bbox 519 565 3886 649; baseline -0.001 -21"><span class='ocrx_word' id='word_1_50' title='bbox 519 576 688 630; x_wconf 73' lang='lat' dir='ltr'>Vens.</span> <span class='ocrx_word' id='word_1_51' title='bbox 717 577 808 630; x_wconf 81' lang='lat'>23.</span> <span class='ocrx_word' id='word_1_52' title='bbox 838 573 1290 642; x_wconf 74' lang='lat' dir='ltr'>Exspectabam</span> <span class='ocrx_word' id='word_1_53' title='bbox 1316 589 1408 630; x_wconf 89' lang='lat' dir='ltr'>me</span> <span class='ocrx_word' id='word_1_54' title='bbox 1435 573 1586 630; x_wconf 83' lang='lat' dir='ltr'>sicut</span> <span class='ocrx_word' id='word_1_55' title='bbox 1619 574 1918 644; x_wconf 77' lang='lat' dir='ltr'>pluviam,</span> <span class='ocrx_word' id='word_1_56' title='bbox 1963 577 2016 629; x_wconf 88' lang='lat' dir='ltr'>et</span> <span class='ocrx_word' id='word_1_57' title='bbox 2048 588 2110 628; x_wconf 83' lang='lat' dir='ltr'>os</span> <span class='ocrx_word' id='word_1_58' title='bbox 2219 583 2367 623; x_wconf 91' lang='lat' dir='ltr'>voce</span> <span class='ocrx_word' id='word_1_59' title='bbox 2399 567 2784 649; x_wconf 84' lang='lat' dir='ltr'>suscipimus,</span> <span class='ocrx_word' id='word_1_60' title='bbox 2819 582 2942 622; x_wconf 90' lang='lat' dir='ltr'>non</span> <span class='ocrx_word' id='word_1_61' title='bbox 2980 566 3311 638; x_wconf 77' lang='lat' dir='ltr'>incongrue</span> <span class='ocrx_word' id='word_1_62' title='bbox 3339 565 3670 636; x_wconf 78' lang='lat' dir='ltr'>intelligere</span> <span class='ocrx_word' id='word_1_63' title='bbox 3715 570 3886 640; x_wconf 84' lang='lat' dir='ltr'>pote-</span> 
     </span>
    </p>
   </div>
   <div class='ocr_carea' id='block_1_6' title="bbox 447 655 3885 734">
    <p class='ocr_par' dir='ltr' id='par_1_6' title="bbox 447 655 3885 734">
     <span class='ocr_line' id='line_1_6' title="bbox 447 655 3885 734; baseline -0.002 -14"><span class='ocrx_word' id='word_1_64' title='bbox 447 679 620 720; x_wconf 82' lang='lat' dir='ltr'>suum</span> <span class='ocrx_word' id='word_1_65' title='bbox 657 663 1005 734; x_wconf 73' lang='lat' dir='ltr'>aperiebant</span> <span class='ocrx_word' id='word_1_66' title='bbox 1035 663 1210 734; x_wconf 84' lang='lat' dir='ltr'>quasi</span> <span class='ocrx_word' id='word_1_67' title='bbox 1237 662 1318 718; x_wconf 84' lang='lat' dir='ltr'>ad</span> <span class='ocrx_word' id='word_1_68' title='bbox 1353 663 1599 719; x_wconf 85' lang='lat' dir='ltr'>imbrem</span> <span class='ocrx_word' id='word_1_69' title='bbox 1649 664 1993 719; x_wconf 77' lang='lat' dir='ltr'>serotinum.</span> <span class='ocrx_word' id='word_1_70' title='bbox 2042 693 2112 702; x_wconf 90' lang='lat'>—-</span> <span class='ocrx_word' id='word_1_71' title='bbox 2219 657 2408 713; x_wconf 88' lang='lat' dir='ltr'>rimus</span> <span class='ocrx_word' id='word_1_72' title='bbox 2453 657 2651 713; x_wconf 88' lang='lat' dir='ltr'>lucem</span> <span class='ocrx_word' id='word_1_73' title='bbox 2704 656 2904 713; x_wconf 90' lang='lat' dir='ltr'>vultus</span> <span class='ocrx_word' id='word_1_74' title='bbox 2961 658 3092 728; x_wconf 88' lang='lat' dir='ltr'>ejus</span> <span class='ocrx_word' id='word_1_75' title='bbox 3141 657 3202 712; x_wconf 91' lang='lat' dir='ltr'>in</span> <span class='ocrx_word' id='word_1_76' title='bbox 3247 661 3465 714; x_wconf 86' lang='lat' dir='ltr'>terram</span> <span class='ocrx_word' id='word_1_77' title='bbox 3493 670 3617 714; x_wconf 91' lang='lat' dir='ltr'>non</span> <span class='ocrx_word' id='word_1_78' title='bbox 3646 655 3885 730; x_wconf 83' lang='lat' dir='ltr'>cadere,</span> 
     </span>
    </p>
   </div>
   <div class='ocr_carea' id='block_1_7' title="bbox 449 751 2114 825">
    <p class='ocr_par' dir='ltr' id='par_1_7' title="bbox 449 751 2114 825">
     <span class='ocr_line' id='line_1_7' title="bbox 449 751 2114 825; baseline -0.001 -17"><span class='ocrx_word' id='word_1_79' title='bbox 449 752 643 808; x_wconf 87' lang='lat' dir='ltr'>Verba</span> <span class='ocrx_word' id='word_1_80' title='bbox 704 751 937 824; x_wconf 84' lang='lat' dir='ltr'>quippe</span> <span class='ocrx_word' id='word_1_81' title='bbox 991 755 1211 807; x_wconf 62' lang='lat' dir='ltr'>sanctae</span> <span class='ocrx_word' id='word_1_82' title='bbox 1277 751 1720 824; x_wconf 73' lang='lat' dir='ltr'>praedicationis</span> <span class='ocrx_word' id='word_1_83' title='bbox 1773 751 1924 807; x_wconf 83' lang='lat' dir='ltr'>sicut</span> <span class='ocrx_word' id='word_1_84' title='bbox 1982 751 2114 825; x_wconf 85' lang='lat' dir='ltr'>plu-</span> 
     </span>
    </p>
   </div>
   <div class='ocr_carea' id='block_1_8' title="bbox 449 840 2114 908">
    <p class='ocr_par' dir='ltr' id='par_1_8' title="bbox 449 840 2114 908">
     <span class='ocr_line' id='line_1_8' title="bbox 449 840 2114 908; baseline 0 -10"><span class='ocrx_word' id='word_1_85' title='bbox 449 841 616 898; x_wconf 84' lang='lat' dir='ltr'>viam</span> <span class='ocrx_word' id='word_1_86' title='bbox 644 840 1032 908; x_wconf 84' lang='lat' dir='ltr'>sustinemus,</span> <span class='ocrx_word' id='word_1_87' title='bbox 1065 857 1203 896; x_wconf 90' lang='lat' dir='ltr'>cum</span> <span class='ocrx_word' id='word_1_88' title='bbox 1243 857 1386 898; x_wconf 89' lang='lat' dir='ltr'>vera</span> <span class='ocrx_word' id='word_1_89' title='bbox 1414 841 1746 898; x_wconf 84' lang='lat' dir='ltr'>humilitate</span> <span class='ocrx_word' id='word_1_90' title='bbox 1778 841 2114 898; x_wconf 89' lang='lat' dir='ltr'>ariditatem</span> 
     </span>
    </p>
   </div>
   <div class='ocr_carea' id='block_1_9' title="bbox 452 929 2116 1002">
    <p class='ocr_par' dir='ltr' id='par_1_9' title="bbox 452 929 2116 1002">
     <span class='ocr_line' id='line_1_9' title="bbox 452 929 2116 1002; baseline -0.001 -15"><span class='ocrx_word' id='word_1_91' title='bbox 452 929 642 988; x_wconf 84' lang='lat' dir='ltr'>nostri</span> <span class='ocrx_word' id='word_1_92' title='bbox 670 929 867 986; x_wconf 86' lang='lat' dir='ltr'>cordis</span> <span class='ocrx_word' id='word_1_93' title='bbox 894 929 1300 1000; x_wconf 74' lang='lat' dir='ltr'>agnoscimus,</span> <span class='ocrx_word' id='word_1_94' title='bbox 1342 934 1408 986; x_wconf 90' lang='lat' dir='ltr'>ut</span> <span class='ocrx_word' id='word_1_95' title='bbox 1447 933 1595 1002; x_wconf 87' lang='lat' dir='ltr'>potu</span> <span class='ocrx_word' id='word_1_96' title='bbox 1637 935 1858 987; x_wconf 75' lang='lat' dir='ltr'>sanctae</span> <span class='ocrx_word' id='word_1_97' title='bbox 1903 929 2116 1002; x_wconf 63' lang='lat' dir='ltr'>praedi-</span> 
     </span>
    </p>
   </div>
   <div class='ocr_carea' id='block_1_10' title="bbox 457 1017 2118 1092">
    <p class='ocr_par' dir='ltr' id='par_1_10' title="bbox 457 1017 2118 1092">
     <span class='ocr_line' id='line_1_10' title="bbox 457 1017 2118 1092; baseline -0.001 -15"><span class='ocrx_word' id='word_1_98' title='bbox 457 1018 707 1077; x_wconf 89' lang='lat' dir='ltr'>cationis</span> <span class='ocrx_word' id='word_1_99' title='bbox 755 1017 1092 1088; x_wconf 85' lang='lat' dir='ltr'>irrigemur.</span> <span class='ocrx_word' id='word_1_100' title='bbox 1148 1018 1314 1074; x_wconf 87' lang='lat' dir='ltr'>Unde</span> <span class='ocrx_word' id='word_1_101' title='bbox 1366 1025 1522 1078; x_wconf 88' lang='lat' dir='ltr'>recte</span> <span class='ocrx_word' id='word_1_102' title='bbox 1580 1035 1686 1092; x_wconf 89' lang='lat' dir='ltr'>per</span> <span class='ocrx_word' id='word_1_103' title='bbox 1739 1019 2118 1076; x_wconf 87' lang='lat' dir='ltr'>Psalmistam</span> 
     </span>
    </p>
   </div>
   <div class='ocr_carea' id='block_1_11' title="bbox 457 1107 2118 1182">
    <p class='ocr_par' dir='ltr' id='par_1_11' title="bbox 457 1107 2118 1182">
     <span class='ocr_line' id='line_1_11' title="bbox 457 1107 2118 1182; baseline -0.001 -17"><span class='ocrx_word' id='word_1_104' title='bbox 457 1108 674 1166; x_wconf 89' lang='lat' dir='ltr'>dicitur</span> <span class='ocrx_word' id='word_1_105' title='bbox 704 1125 717 1164; x_wconf 93' lang='lat'><strong>:</strong></span> <span class='ocrx_word' id='word_1_106' title='bbox 753 1129 782 1158; x_wconf 89' lang='lat'>«</span> <span class='ocrx_word' id='word_1_107' title='bbox 813 1107 1024 1166; x_wconf 75' lang='lat' dir='ltr'>Anima</span> <span class='ocrx_word' id='word_1_108' title='bbox 1061 1123 1197 1164; x_wconf 88' lang='lat' dir='ltr'>mea</span> <span class='ocrx_word' id='word_1_109' title='bbox 1248 1107 1399 1165; x_wconf 88' lang='lat' dir='ltr'>sicut</span> <span class='ocrx_word' id='word_1_110' title='bbox 1443 1113 1598 1164; x_wconf 88' lang='lat' dir='ltr'>terra</span> <span class='ocrx_word' id='word_1_111' title='bbox 1646 1110 1771 1166; x_wconf 88' lang='lat' dir='ltr'>sine</span> <span class='ocrx_word' id='word_1_112' title='bbox 1816 1125 1976 1182; x_wconf 86' lang='lat' dir='ltr'>aqua</span> <span class='ocrx_word' id='word_1_113' title='bbox 2014 1107 2118 1164; x_wconf 90' lang='lat' dir='ltr'>tibi</span> 
     </span>
    </p>
   </div>
   <div class='ocr_carea' id='block_1_12' title="bbox 460 1194 2118 1269">
    <p class='ocr_par' dir='ltr' id='par_1_12' title="bbox 460 1194 2118 1269">
     <span class='ocr_line' id='line_1_12' title="bbox 460 1194 2118 1269; baseline 0 -17"><span class='ocrx_word' id='word_1_114' title='bbox 460 1197 648 1269; x_wconf 85' lang='lat' dir='ltr'>(Psat.</span> <span class='ocrx_word' id='word_1_115' title='bbox 683 1195 871 1260; x_wconf 82' lang='lat' dir='ltr'>chu).</span> <span class='ocrx_word' id='word_1_116' title='bbox 925 1217 952 1246; x_wconf 84' lang='lat'>»</span> <span class='ocrx_word' id='word_1_117' title='bbox 1010 1194 1122 1260; x_wconf 85' lang='lat' dir='ltr'>Qui</span> <span class='ocrx_word' id='word_1_118' title='bbox 1173 1195 1320 1252; x_wconf 90' lang='lat' dir='ltr'>dum</span> <span class='ocrx_word' id='word_1_119' title='bbox 1356 1195 1419 1250; x_wconf 91' lang='lat' dir='ltr'>in</span> <span class='ocrx_word' id='word_1_120' title='bbox 1463 1200 1730 1252; x_wconf 86' lang='lat' dir='ltr'>extrema</span> <span class='ocrx_word' id='word_1_121' title='bbox 1777 1202 1944 1269; x_wconf 87' lang='lat' dir='ltr'>parte</span> <span class='ocrx_word' id='word_1_122' title='bbox 1988 1197 2118 1268; x_wconf 89' lang='lat' dir='ltr'>jam</span> 
     </span>
    </p>
   </div>
   <div class='ocr_carea' id='block_1_13' title="bbox 461 1283 2118 1358">
    <p class='ocr_par' dir='ltr' id='par_1_13' title="bbox 461 1283 2118 1358">
     <span class='ocr_line' id='line_1_13' title="bbox 461 1283 2118 1358; baseline -0.001 -17"><span class='ocrx_word' id='word_1_123' title='bbox 461 1284 661 1342; x_wconf 77' lang='lat' dir='ltr'>saeculi</span> <span class='ocrx_word' id='word_1_124' title='bbox 717 1283 902 1342; x_wconf 83' lang='lat' dir='ltr'>verba</span> <span class='ocrx_word' id='word_1_125' title='bbox 967 1287 1189 1342; x_wconf 74' lang='lat' dir='ltr'>sanctae</span> <span class='ocrx_word' id='word_1_126' title='bbox 1254 1284 1698 1357; x_wconf 79' lang='lat' dir='ltr'>praedicationis</span> <span class='ocrx_word' id='word_1_127' title='bbox 1764 1285 2118 1358; x_wconf 82' lang='lat' dir='ltr'>accipimus,</span> 
     </span>
    </p>
   </div>
   <div class='ocr_carea' id='block_1_14' title="bbox 460 1373 2117 1448">
    <p class='ocr_par' dir='ltr' id='par_1_14' title="bbox 460 1373 2117 1448">
     <span class='ocr_line' id='line_1_14' title="bbox 460 1373 2117 1448; baseline 0.001 -20"><span class='ocrx_word' id='word_1_128' title='bbox 460 1373 634 1446; x_wconf 89' lang='lat' dir='ltr'>quasi</span> <span class='ocrx_word' id='word_1_129' title='bbox 659 1374 742 1431; x_wconf 91' lang='lat' dir='ltr'>ad</span> <span class='ocrx_word' id='word_1_130' title='bbox 764 1373 1010 1430; x_wconf 85' lang='lat' dir='ltr'>imbrem</span> <span class='ocrx_word' id='word_1_131' title='bbox 1058 1374 1386 1430; x_wconf 77' lang='lat' dir='ltr'>serotinum</span> <span class='ocrx_word' id='word_1_132' title='bbox 1435 1389 1518 1436; x_wconf 90' lang='lat' dir='ltr'>os.</span> <span class='ocrx_word' id='word_1_133' title='bbox 1549 1374 1744 1430; x_wconf 86' lang='lat' dir='ltr'>cordis</span> <span class='ocrx_word' id='word_1_134' title='bbox 1793 1373 2117 1448; x_wconf 89' lang='lat' dir='ltr'>aperimus.</span> 
     </span>
    </p>
   </div>
   <div class='ocr_carea' id='block_1_15' title="bbox 461 1460 2121 1531">
    <p class='ocr_par' dir='ltr' id='par_1_15' title="bbox 461 1460 2121 1531">
     <span class='ocr_line' id='line_1_15' title="bbox 461 1460 2121 1531; baseline 0 -13"><span class='ocrx_word' id='word_1_135' title='bbox 461 1465 608 1518; x_wconf 89' lang='lat' dir='ltr'>Nam</span> <span class='ocrx_word' id='word_1_136' title='bbox 638 1460 692 1517; x_wconf 88' lang='lat' dir='ltr'>si</span> <span class='ocrx_word' id='word_1_137' title='bbox 718 1477 786 1518; x_wconf 93' lang='lat' dir='ltr'>os</span> <span class='ocrx_word' id='word_1_138' title='bbox 815 1460 878 1516; x_wconf 92' lang='lat' dir='ltr'>in</span> <span class='ocrx_word' id='word_1_139' title='bbox 909 1460 1088 1518; x_wconf 88' lang='lat' dir='ltr'>corde</span> <span class='ocrx_word' id='word_1_140' title='bbox 1119 1477 1243 1516; x_wconf 91' lang='lat' dir='ltr'>non</span> <span class='ocrx_word' id='word_1_141' title='bbox 1271 1466 1449 1531; x_wconf 88' lang='lat' dir='ltr'>esset,</span> <span class='ocrx_word' id='word_1_142' title='bbox 1473 1461 1784 1518; x_wconf 87' lang='lat' dir='ltr'>Psalmista</span> <span class='ocrx_word' id='word_1_143' title='bbox 1812 1479 1935 1518; x_wconf 91' lang='lat' dir='ltr'>non</span> <span class='ocrx_word' id='word_1_144' title='bbox 1965 1461 2121 1518; x_wconf 89' lang='lat' dir='ltr'>dicc-</span> 
     </span>
    </p>
   </div>
   <div class='ocr_carea' id='block_1_16' title="bbox 460 1549 2124 1616">
    <p class='ocr_par' dir='ltr' id='par_1_16' title="bbox 460 1549 2124 1616">
     <span class='ocr_line' id='line_1_16' title="bbox 460 1549 2124 1616; baseline -0.001 -8"><span class='ocrx_word' id='word_1_145' title='bbox 460 1555 550 1608; x_wconf 90' lang='lat' dir='ltr'>ret</span> <span class='ocrx_word' id='word_1_146' title='bbox 579 1567 593 1606; x_wconf 91' lang='lat'>:</span> <span class='ocrx_word' id='word_1_147' title='bbox 627 1571 655 1601; x_wconf 82' lang='lat'>«</span> <span class='ocrx_word' id='word_1_148' title='bbox 691 1549 873 1606; x_wconf 88' lang='lat' dir='ltr'>Labia</span> <span class='ocrx_word' id='word_1_149' title='bbox 902 1549 1114 1606; x_wconf 89' lang='lat' dir='ltr'>dolosa</span> <span class='ocrx_word' id='word_1_150' title='bbox 1142 1549 1207 1605; x_wconf 92' lang='lat' dir='ltr'>in</span> <span class='ocrx_word' id='word_1_151' title='bbox 1231 1550 1436 1616; x_wconf 89' lang='lat' dir='ltr'>corde,</span> <span class='ocrx_word' id='word_1_152' title='bbox 1481 1555 1538 1607; x_wconf 93' lang='lat' dir='ltr'>et</span> <span class='ocrx_word' id='word_1_153' title='bbox 1565 1551 1745 1608; x_wconf 89' lang='lat' dir='ltr'>corde</span> <span class='ocrx_word' id='word_1_154' title='bbox 1771 1551 1954 1609; x_wconf 88' lang='lat' dir='ltr'>locuti</span> <span class='ocrx_word' id='word_1_155' title='bbox 1985 1555 2124 1606; x_wconf 88' lang='lat' dir='ltr'>sunt</span> 
     </span>
    </p>
   </div>
   <div class='ocr_carea' id='block_1_17' title="bbox 2221 745 3890 820">
    <p class='ocr_par' dir='ltr' id='par_1_17' title="bbox 2221 745 3890 820">
     <span class='ocr_line' id='line_1_17' title="bbox 2221 745 3890 820; baseline 0.001 -19"><span class='ocrx_word' id='word_1_156' title='bbox 2221 745 2384 820; x_wconf 85' lang='lat' dir='ltr'>quia,</span> <span class='ocrx_word' id='word_1_157' title='bbox 2417 746 2726 819; x_wconf 79' lang='lat' dir='ltr'>occupatis</span> <span class='ocrx_word' id='word_1_158' title='bbox 2779 745 2840 802; x_wconf 89' lang='lat' dir='ltr'>in</span> <span class='ocrx_word' id='word_1_159' title='bbox 2890 745 3136 803; x_wconf 86' lang='lat' dir='ltr'>terrenis</span> <span class='ocrx_word' id='word_1_160' title='bbox 3179 745 3438 816; x_wconf 87' lang='lat' dir='ltr'>actibus,</span> <span class='ocrx_word' id='word_1_161' title='bbox 3469 745 3615 802; x_wconf 81' lang='lat' dir='ltr'>vitat</span> <span class='ocrx_word' id='word_1_162' title='bbox 3643 762 3890 804; x_wconf 89' lang='lat' dir='ltr'>summa</span> 
     </span>
    </p>
   </div>
   <div class='ocr_carea' id='block_1_18' title="bbox 2222 834 3894 908">
    <p class='ocr_par' dir='ltr' id='par_1_18' title="bbox 2222 834 3894 908">
     <span class='ocr_line' id='line_1_18' title="bbox 2222 834 3894 908; baseline 0.001 -17"><span class='ocrx_word' id='word_1_163' title='bbox 2222 834 2748 906; x_wconf 84' lang='lat' dir='ltr'>contemplationis</span> <span class='ocrx_word' id='word_1_164' title='bbox 2803 851 2926 890; x_wconf 71' lang='lat' dir='ltr'>suae</span> <span class='ocrx_word' id='word_1_165' title='bbox 2987 835 3274 907; x_wconf 86' lang='lat' dir='ltr'>mysteria</span> <span class='ocrx_word' id='word_1_166' title='bbox 3347 834 3696 908; x_wconf 64' lang='lat' dir='ltr'>praedicare.</span> <span class='ocrx_word' id='word_1_167' title='bbox 3764 835 3894 892; x_wconf 88' lang='lat' dir='ltr'>Dici</span> 
     </span>
    </p>
   </div>
   <div class='ocr_carea' id='block_1_19' title="bbox 2223 923 3924 1000">
    <p class='ocr_par' dir='ltr' id='par_1_19' title="bbox 2223 923 3924 1000">
     <span class='ocr_line' id='line_1_19' title="bbox 2223 923 3924 1000; baseline 0.001 -18"><span class='ocrx_word' id='word_1_168' title='bbox 2223 927 2385 982; x_wconf 89' lang='lat' dir='ltr'>enim</span> <span class='ocrx_word' id='word_1_169' title='bbox 2410 926 2668 982; x_wconf 82' lang='lat' dir='ltr'>inﬁrmis</span> <span class='ocrx_word' id='word_1_170' title='bbox 2698 925 2870 982; x_wconf 80' lang='lat' dir='ltr'>fortia</span> <span class='ocrx_word' id='word_1_171' title='bbox 2899 927 3197 1000; x_wconf 86' lang='lat' dir='ltr'>prohibet,</span> <span class='ocrx_word' id='word_1_172' title='bbox 3221 942 3298 982; x_wconf 91' lang='lat' dir='ltr'>ne</span> <span class='ocrx_word' id='word_1_173' title='bbox 3329 926 3476 982; x_wconf 89' lang='lat' dir='ltr'>dum</span> <span class='ocrx_word' id='word_1_174' title='bbox 3523 923 3924 997; x_wconf 86' lang='lat' dir='ltr'>incapabilia.</span> 
     </span>
    </p>
   </div>
   <div class='ocr_carea' id='block_1_20' title="bbox 2226 1011 3894 1088">
    <p class='ocr_par' dir='ltr' id='par_1_20' title="bbox 2226 1011 3894 1088">
     <span class='ocr_line' id='line_1_20' title="bbox 2226 1011 3894 1088; baseline -0.002 -16"><span class='ocrx_word' id='word_1_175' title='bbox 2226 1014 2481 1072; x_wconf 88' lang='lat' dir='ltr'>audiunt</span> <span class='ocrx_word' id='word_1_176' title='bbox 2531 1015 2973 1088; x_wconf 59' lang='lat' dir='ltr'>praedicationis</span> <span class='ocrx_word' id='word_1_177' title='bbox 3027 1015 3248 1084; x_wconf 85' lang='lat' dir='ltr'>verbis,</span> <span class='ocrx_word' id='word_1_178' title='bbox 3305 1013 3530 1088; x_wconf 88' lang='lat' dir='ltr'>quibus</span> <span class='ocrx_word' id='word_1_179' title='bbox 3589 1011 3894 1070; x_wconf 87' lang='lat' dir='ltr'>sublevari</span> 
     </span>
    </p>
   </div>
   <div class='ocr_carea' id='block_1_21' title="bbox 2226 1103 3416 1176">
    <p class='ocr_par' dir='ltr' id='par_1_21' title="bbox 2226 1103 3416 1176">
     <span class='ocr_line' id='line_1_21' title="bbox 2226 1103 3416 1176; baseline 0.002 -18"><span class='ocrx_word' id='word_1_180' title='bbox 2226 1103 2580 1169; x_wconf 85' lang='lat' dir='ltr'>debuerant,</span> <span class='ocrx_word' id='word_1_181' title='bbox 2614 1103 3056 1176; x_wconf 85' lang='lat' dir='ltr'>opprimantur.</span> <span class='ocrx_word' id='word_1_182' title='bbox 3093 1104 3370 1176; x_wconf 86' lang='lat' dir='ltr'>Sequitur</span> <span class='ocrx_word' id='word_1_183' title='bbox 3403 1125 3416 1159; x_wconf 87' lang='lat'><strong>:</strong></span> 
     </span>
    </p>
   </div>
   <div class='ocr_carea' id='block_1_22' title="bbox 2301 1191 3904 1261">
    <p class='ocr_par' dir='ltr' id='par_1_22' title="bbox 2301 1191 3904 1261">
     <span class='ocr_line' id='line_1_22' title="bbox 2301 1191 3904 1261; baseline 0.001 -14"><span class='ocrx_word' id='word_1_184' title='bbox 2301 1195 2470 1248; x_wconf 75' lang='lat' dir='ltr'>Vsus.</span> <span class='ocrx_word' id='word_1_185' title='bbox 2505 1195 2594 1248; x_wconf 74' lang='lat'>25.</span> <span class='ocrx_word' id='word_1_186' title='bbox 2628 1194 2697 1248; x_wconf 88' lang='lat' dir='ltr'>Si</span> <span class='ocrx_word' id='word_1_187' title='bbox 2726 1193 3038 1249; x_wconf 73' lang='lat' dir='ltr'>voluissem</span> <span class='ocrx_word' id='word_1_188' title='bbox 3065 1193 3153 1250; x_wconf 88' lang='lat' dir='ltr'>ire</span> <span class='ocrx_word' id='word_1_189' title='bbox 3183 1193 3263 1250; x_wconf 86' lang='lat' dir='ltr'>ad</span> <span class='ocrx_word' id='word_1_190' title='bbox 3290 1208 3406 1261; x_wconf 79' lang='lat' dir='ltr'>eos,</span> <span class='ocrx_word' id='word_1_191' title='bbox 3458 1191 3729 1249; x_wconf 83' lang='lat' dir='ltr'>sedebam</span> <span class='ocrx_word' id='word_1_192' title='bbox 3765 1191 3904 1260; x_wconf 79' lang='lat' dir='ltr'>pri-</span> 
     </span>
    </p>
   </div>
   <div class='ocr_carea' id='block_1_23' title="bbox 2229 1279 3902 1354">
    <p class='ocr_par' dir='ltr' id='par_1_23' title="bbox 2229 1279 3902 1354">
     <span class='ocr_line' id='line_1_23' title="bbox 2229 1279 3902 1354; baseline -0.002 -16"><span class='ocrx_word' id='word_1_193' title='bbox 2229 1298 2381 1338; x_wconf 83' lang='lat' dir='ltr'>mus.</span> <span class='ocrx_word' id='word_1_194' title='bbox 2429 1312 2501 1322; x_wconf 90' lang='lat'><strong>—</strong></span> <span class='ocrx_word' id='word_1_195' title='bbox 2559 1281 2708 1348; x_wconf 86' lang='lat' dir='ltr'>Quia</span> <span class='ocrx_word' id='word_1_196' title='bbox 2756 1281 2817 1338; x_wconf 89' lang='lat' dir='ltr'>in</span> <span class='ocrx_word' id='word_1_197' title='bbox 2878 1281 3057 1338; x_wconf 90' lang='lat' dir='ltr'>corde</span> <span class='ocrx_word' id='word_1_198' title='bbox 3101 1283 3501 1354; x_wconf 89' lang='lat' dir='ltr'>reproborum</span> <span class='ocrx_word' id='word_1_199' title='bbox 3548 1279 3728 1354; x_wconf 88' lang='lat' dir='ltr'>priori</span> <span class='ocrx_word' id='word_1_200' title='bbox 3761 1279 3902 1335; x_wconf 83' lang='lat' dir='ltr'>loco</span> 
     </span>
    </p>
   </div>
   <div class='ocr_carea' id='block_1_24' title="bbox 2231 1369 3900 1445">
    <p class='ocr_par' dir='ltr' id='par_1_24' title="bbox 2231 1369 3900 1445">
     <span class='ocr_line' id='line_1_24' title="bbox 2231 1369 3900 1445; baseline -0.003 -17"><span class='ocrx_word' id='word_1_201' title='bbox 2231 1371 2496 1428; x_wconf 83' lang='lat' dir='ltr'>actiones</span> <span class='ocrx_word' id='word_1_202' title='bbox 2519 1371 2716 1428; x_wconf 88' lang='lat' dir='ltr'>carnis</span> <span class='ocrx_word' id='word_1_203' title='bbox 2737 1377 2897 1441; x_wconf 88' lang='lat' dir='ltr'>sunt,</span> <span class='ocrx_word' id='word_1_204' title='bbox 2928 1376 2984 1427; x_wconf 90' lang='lat' dir='ltr'>et</span> <span class='ocrx_word' id='word_1_205' title='bbox 3011 1371 3329 1445; x_wconf 87' lang='lat' dir='ltr'>posteriori</span> <span class='ocrx_word' id='word_1_206' title='bbox 3353 1371 3618 1428; x_wconf 86' lang='lat' dir='ltr'>actiones</span> <span class='ocrx_word' id='word_1_207' title='bbox 3650 1369 3900 1437; x_wconf 65' lang='lat' dir='ltr'>animae,</span> 
     </span>
    </p>
   </div>
   <div class='ocr_carea' id='block_1_25' title="bbox 2231 1458 3904 1534">
    <p class='ocr_par' dir='ltr' id='par_1_25' title="bbox 2231 1458 3904 1534">
     <span class='ocr_line' id='line_1_25' title="bbox 2231 1458 3904 1534; baseline -0.002 -18"><span class='ocrx_word' id='word_1_208' title='bbox 2231 1461 2292 1516; x_wconf 91' lang='lat' dir='ltr'>in</span> <span class='ocrx_word' id='word_1_209' title='bbox 2353 1477 2562 1518; x_wconf 90' lang='lat' dir='ltr'>eorum</span> <span class='ocrx_word' id='word_1_210' title='bbox 2608 1461 2820 1534; x_wconf 88' lang='lat' dir='ltr'>procul</span> <span class='ocrx_word' id='word_1_211' title='bbox 2874 1460 3062 1516; x_wconf 89' lang='lat' dir='ltr'>dubio</span> <span class='ocrx_word' id='word_1_212' title='bbox 3118 1459 3582 1531; x_wconf 84' lang='lat' dir='ltr'>cogitationibus</span> <span class='ocrx_word' id='word_1_213' title='bbox 3627 1458 3904 1514; x_wconf 88' lang='lat' dir='ltr'>Christus</span> 
     </span>
    </p>
   </div>
   <div class='ocr_carea' id='block_1_26' title="bbox 2230 1547 3904 1621">
    <p class='ocr_par' dir='ltr' id='par_1_26' title="bbox 2230 1547 3904 1621">
     <span class='ocr_line' id='line_1_26' title="bbox 2230 1547 3904 1621; baseline -0.002 -17"><span class='ocrx_word' id='word_1_214' title='bbox 2230 1565 2354 1604; x_wconf 90' lang='lat' dir='ltr'>non</span> <span class='ocrx_word' id='word_1_215' title='bbox 2387 1548 2639 1621; x_wconf 88' lang='lat' dir='ltr'>primus,</span> <span class='ocrx_word' id='word_1_216' title='bbox 2673 1548 2778 1604; x_wconf 89' lang='lat' dir='ltr'>sed</span> <span class='ocrx_word' id='word_1_217' title='bbox 2810 1548 3055 1605; x_wconf 87' lang='lat' dir='ltr'>ultimus</span> <span class='ocrx_word' id='word_1_218' title='bbox 3086 1553 3271 1606; x_wconf 89' lang='lat' dir='ltr'>sedet.</span> <span class='ocrx_word' id='word_1_219' title='bbox 3316 1549 3427 1606; x_wconf 90' lang='lat' dir='ltr'>Sed</span> <span class='ocrx_word' id='word_1_220' title='bbox 3452 1547 3620 1604; x_wconf 84' lang='lat' dir='ltr'>electi</span> <span class='ocrx_word' id='word_1_221' title='bbox 3648 1547 3904 1620; x_wconf 84' lang='lat' dir='ltr'>quique,</span> 
     </span>
    </p>
   </div>
   <div class='ocr_carea' id='block_1_27' title="bbox 462 1636 3904 1713">
    <p class='ocr_par' dir='ltr' id='par_1_27' title="bbox 462 1636 3904 1713">
     <span class='ocr_line' id='line_1_27' title="bbox 462 1636 3904 1713; baseline -0.001 -19"><span class='ocrx_word' id='word_1_222' title='bbox 462 1639 662 1710; x_wconf 79' lang='lat' dir='ltr'>(Psat:</span> <span class='ocrx_word' id='word_1_223' title='bbox 682 1655 764 1710; x_wconf 82' lang='lat' dir='ltr'>xi,</span> <span class='ocrx_word' id='word_1_224' title='bbox 797 1638 875 1710; x_wconf 86' lang='lat'>3),</span> <span class='ocrx_word' id='word_1_225' title='bbox 907 1657 938 1691; x_wconf 87' lang='grc'><strong>›</strong></span> <span class='ocrx_word' id='word_1_226' title='bbox 967 1636 1148 1694; x_wconf 86' lang='lat' dir='ltr'>mala.</span> <span class='ocrx_word' id='word_1_227' title='bbox 1181 1637 1324 1694; x_wconf 84' lang='lat' dir='ltr'>Hinc</span> <span class='ocrx_word' id='word_1_228' title='bbox 1355 1639 1643 1713; x_wconf 89' lang='lat' dir='ltr'>scriptum</span> <span class='ocrx_word' id='word_1_229' title='bbox 1683 1644 1772 1696; x_wconf 91' lang='lat' dir='ltr'>est</span> <span class='ocrx_word' id='word_1_230' title='bbox 1823 1658 1835 1696; x_wconf 90' lang='lat'>:</span> <span class='ocrx_word' id='word_1_231' title='bbox 1888 1661 1917 1690; x_wconf 84' lang='lat'><strong><em>«</em></strong></span> <span class='ocrx_word' id='word_1_232' title='bbox 1957 1639 2120 1696; x_wconf 88' lang='lat' dir='ltr'>Dabo</span> <span class='ocrx_word' id='word_1_233' title='bbox 2153 1653 2194 1705; x_wconf 71' lang='grc' dir='ltr'>ις</span> <span class='ocrx_word' id='word_1_234' title='bbox 2233 1638 2376 1710; x_wconf 88' lang='lat' dir='ltr'>quia</span> <span class='ocrx_word' id='word_1_235' title='bbox 2402 1655 2473 1695; x_wconf 87' lang='lat' dir='ltr'>ea</span> <span class='ocrx_word' id='word_1_236' title='bbox 2501 1653 2626 1711; x_wconf 70' lang='lat' dir='ltr'>prm</span> <span class='ocrx_word' id='word_1_237' title='bbox 2652 1637 2935 1694; x_wconf 91' lang='lat' dir='ltr'>omnibus</span> <span class='ocrx_word' id='word_1_238' title='bbox 2976 1655 3112 1712; x_wconf 76' lang='lat' dir='ltr'>quas</span> <span class='ocrx_word' id='word_1_239' title='bbox 3160 1642 3385 1695; x_wconf 71' lang='lat' dir='ltr'>mterna</span> <span class='ocrx_word' id='word_1_240' title='bbox 3435 1642 3575 1694; x_wconf 90' lang='lat' dir='ltr'>sunt</span> <span class='ocrx_word' id='word_1_241' title='bbox 3611 1637 3904 1706; x_wconf 78' lang='lat' dir='ltr'>cogitant,</span> 
     </span>
    </p>
   </div>
   <div class='ocr_carea' id='block_1_28' title="bbox 463 1727 2120 1801">
    <p class='ocr_par' dir='ltr' id='par_1_28' title="bbox 463 1727 2120 1801">
     <span class='ocr_line' id='line_1_28' title="bbox 463 1727 2120 1801; baseline 0.001 -17"><span class='ocrx_word' id='word_1_242' title='bbox 463 1727 638 1785; x_wconf 84' lang='lat' dir='ltr'>vobis</span> <span class='ocrx_word' id='word_1_243' title='bbox 670 1727 937 1800; x_wconf 89' lang='lat' dir='ltr'>pluviam</span> <span class='ocrx_word' id='word_1_244' title='bbox 963 1731 1422 1801; x_wconf 89' lang='lat' dir='ltr'>temporaneam</span> <span class='ocrx_word' id='word_1_245' title='bbox 1464 1733 1522 1784; x_wconf 88' lang='lat' dir='ltr'>et</span> <span class='ocrx_word' id='word_1_246' title='bbox 1568 1729 1896 1786; x_wconf 74' lang='lat' dir='ltr'>serotinum</span> <span class='ocrx_word' id='word_1_247' title='bbox 1928 1731 2120 1801; x_wconf 82' lang='lat' dir='ltr'>(Deut.</span> 
     </span>
    </p>
   </div>
   <div class='ocr_carea' id='block_1_29' title="bbox 465 1816 1121 1889">
    <p class='ocr_par' dir='ltr' id='par_1_29' title="bbox 465 1816 1121 1889">
     <span class='ocr_line' id='line_1_29' title="bbox 465 1816 1121 1889; baseline 0 -17"><span class='ocrx_word' id='word_1_248' title='bbox 465 1833 546 1885; x_wconf 83' lang='lat' dir='ltr'>x1,</span> <span class='ocrx_word' id='word_1_249' title='bbox 573 1819 682 1883; x_wconf 72' lang='lat' dir='ltr'>ti).</span> <span class='ocrx_word' id='word_1_250' title='bbox 727 1838 754 1866; x_wconf 85' lang='grc'>››</span> <span class='ocrx_word' id='word_1_251' title='bbox 797 1816 1074 1889; x_wconf 84' lang='lat' dir='ltr'>Sequitur</span> <span class='ocrx_word' id='word_1_252' title='bbox 1109 1833 1121 1872; x_wconf 91' lang='lat'><strong>:</strong></span> 
     </span>
    </p>
   </div>
   <div class='ocr_carea' id='block_1_30' title="bbox 538 1905 2126 1977">
    <p class='ocr_par' dir='ltr' id='par_1_30' title="bbox 538 1905 2126 1977">
     <span class='ocr_line' id='line_1_30' title="bbox 538 1905 2126 1977; baseline 0.003 -17"><span class='ocrx_word' id='word_1_253' title='bbox 538 1907 704 1961; x_wconf 77' lang='lat' dir='ltr'>Vsus.</span> <span class='ocrx_word' id='word_1_254' title='bbox 732 1907 822 1960; x_wconf 70' lang='grc'><strong>24.</strong></span> <span class='ocrx_word' id='word_1_255' title='bbox 853 1906 925 1962; x_wconf 83' lang='lat' dir='ltr'>Si</span> <span class='ocrx_word' id='word_1_256' title='bbox 945 1906 1188 1977; x_wconf 82' lang='lat' dir='ltr'>quando</span> <span class='ocrx_word' id='word_1_257' title='bbox 1217 1905 1484 1962; x_wconf 75' lang='lat' dir='ltr'>ridebam</span> <span class='ocrx_word' id='word_1_258' title='bbox 1514 1907 1596 1964; x_wconf 91' lang='lat' dir='ltr'>ad</span> <span class='ocrx_word' id='word_1_259' title='bbox 1633 1921 1747 1971; x_wconf 88' lang='lat' dir='ltr'>eos,</span> <span class='ocrx_word' id='word_1_260' title='bbox 1773 1923 1895 1964; x_wconf 82' lang='lat' dir='ltr'>non</span> <span class='ocrx_word' id='word_1_261' title='bbox 1927 1909 2126 1964; x_wconf 86' lang='lat' dir='ltr'>crede-</span> 
     </span>
    </p>
   </div>
   <div class='ocr_carea' id='block_1_31' title="bbox 472 1993 2127 2069">
    <p class='ocr_par' dir='ltr' id='par_1_31' title="bbox 472 1993 2127 2069">
     <span class='ocr_line' id='line_1_31' title="bbox 472 1993 2127 2069; baseline 0.001 -19"><span class='ocrx_word' id='word_1_262' title='bbox 472 1994 635 2052; x_wconf 87' lang='lat' dir='ltr'>bant.</span> <span class='ocrx_word' id='word_1_263' title='bbox 681 2023 752 2034; x_wconf 89' lang='lat'><strong>—</strong></span> <span class='ocrx_word' id='word_1_264' title='bbox 792 1993 916 2052; x_wconf 86' lang='lat' dir='ltr'>Hoc</span> <span class='ocrx_word' id='word_1_265' title='bbox 965 1993 1013 2050; x_wconf 90' lang='lat' dir='ltr'>si</span> <span class='ocrx_word' id='word_1_266' title='bbox 1034 1995 1208 2066; x_wconf 80' lang='lat' dir='ltr'>juxta</span> <span class='ocrx_word' id='word_1_267' title='bbox 1239 1993 1497 2051; x_wconf 60' lang='lat' dir='ltr'>historias</span> <span class='ocrx_word' id='word_1_268' title='bbox 1527 1994 1711 2052; x_wconf 78' lang='lat' dir='ltr'>verba</span> <span class='ocrx_word' id='word_1_269' title='bbox 1741 1995 2127 2069; x_wconf 86' lang='lat' dir='ltr'>percipimus,</span> 
     </span>
    </p>
   </div>
   <div class='ocr_carea' id='block_1_32' title="bbox 470 2081 2130 2156">
    <p class='ocr_par' dir='ltr' id='par_1_32' title="bbox 470 2081 2130 2156">
     <span class='ocr_line' id='line_1_32' title="bbox 470 2081 2130 2156; baseline 0.002 -18"><span class='ocrx_word' id='word_1_270' title='bbox 470 2081 632 2140; x_wconf 87' lang='lat' dir='ltr'>credi</span> <span class='ocrx_word' id='word_1_271' title='bbox 660 2098 906 2140; x_wconf 85' lang='lat' dir='ltr'>necesse</span> <span class='ocrx_word' id='word_1_272' title='bbox 934 2088 1024 2139; x_wconf 89' lang='lat' dir='ltr'>est</span> <span class='ocrx_word' id='word_1_273' title='bbox 1049 2083 1219 2156; x_wconf 90' lang='lat' dir='ltr'>quod</span> <span class='ocrx_word' id='word_1_274' title='bbox 1247 2083 1337 2140; x_wconf 90' lang='lat' dir='ltr'>vir</span> <span class='ocrx_word' id='word_1_275' title='bbox 1376 2088 1620 2140; x_wconf 86' lang='lat' dir='ltr'>sanctus</span> <span class='ocrx_word' id='word_1_276' title='bbox 1651 2085 1828 2142; x_wconf 86' lang='lat' dir='ltr'>talem</span> <span class='ocrx_word' id='word_1_277' title='bbox 1860 2103 1923 2142; x_wconf 90' lang='lat' dir='ltr'>se</span> <span class='ocrx_word' id='word_1_278' title='bbox 1969 2085 2130 2142; x_wconf 82' lang='lat' dir='ltr'>exhi-</span> 
     </span>
    </p>
   </div>
   <div class='ocr_carea' id='block_1_33' title="bbox 468 2170 2128 2248">
    <p class='ocr_par' dir='ltr' id='par_1_33' title="bbox 468 2170 2128 2248">
     <span class='ocr_line' id='line_1_33' title="bbox 468 2170 2128 2248; baseline 0.001 -20"><span class='ocrx_word' id='word_1_279' title='bbox 468 2170 984 2236; x_wconf 83' lang='lat' dir='ltr'>bueritsubditus,</span> <span class='ocrx_word' id='word_1_280' title='bbox 1016 2177 1082 2230; x_wconf 89' lang='lat' dir='ltr'>ut</span> <span class='ocrx_word' id='word_1_281' title='bbox 1129 2173 1310 2229; x_wconf 90' lang='lat' dir='ltr'>etiam</span> <span class='ocrx_word' id='word_1_282' title='bbox 1362 2172 1564 2228; x_wconf 89' lang='lat' dir='ltr'>ridens</span> <span class='ocrx_word' id='word_1_283' title='bbox 1607 2173 1794 2230; x_wconf 86' lang='lat' dir='ltr'>timeri</span> <span class='ocrx_word' id='word_1_284' title='bbox 1821 2175 2128 2248; x_wconf 87' lang='lat' dir='ltr'>potuisset.</span> 
     </span>
    </p>
   </div>
   <div class='ocr_carea' id='block_1_34' title="bbox 473 2259 2132 2335">
    <p class='ocr_par' dir='ltr' id='par_1_34' title="bbox 473 2259 2132 2335">
     <span class='ocr_line' id='line_1_34' title="bbox 473 2259 2132 2335; baseline 0.001 -19"><span class='ocrx_word' id='word_1_285' title='bbox 473 2261 602 2326; x_wconf 87' lang='lat' dir='ltr'>Qua</span> <span class='ocrx_word' id='word_1_286' title='bbox 629 2259 690 2316; x_wconf 90' lang='lat' dir='ltr'>in</span> <span class='ocrx_word' id='word_1_287' title='bbox 719 2275 783 2317; x_wconf 89' lang='lat' dir='ltr'>re</span> <span class='ocrx_word' id='word_1_288' title='bbox 812 2261 959 2333; x_wconf 90' lang='lat' dir='ltr'>quid</span> <span class='ocrx_word' id='word_1_289' title='bbox 989 2259 1153 2318; x_wconf 84' lang='lat' dir='ltr'>aliud</span> <span class='ocrx_word' id='word_1_290' title='bbox 1181 2261 1490 2330; x_wconf 91' lang='lat' dir='ltr'>docemur,</span> <span class='ocrx_word' id='word_1_291' title='bbox 1513 2261 1628 2319; x_wconf 84' lang='lat' dir='ltr'>nisi</span> <span class='ocrx_word' id='word_1_292' title='bbox 1652 2263 1818 2335; x_wconf 89' lang='lat' dir='ltr'>quod</span> <span class='ocrx_word' id='word_1_293' title='bbox 1845 2263 1973 2320; x_wconf 87' lang='lat' dir='ltr'>talis</span> <span class='ocrx_word' id='word_1_294' title='bbox 2003 2279 2132 2319; x_wconf 89' lang='lat' dir='ltr'>esse</span> 
     </span>
    </p>
   </div>
   <div class='ocr_carea' id='block_1_35' title="bbox 471 2347 2134 2426">
    <p class='ocr_par' dir='ltr' id='par_1_35' title="bbox 471 2347 2134 2426">
     <span class='ocr_line' id='line_1_35' title="bbox 471 2347 2134 2426; baseline 0.002 -22"><span class='ocrx_word' id='word_1_295' title='bbox 471 2347 650 2405; x_wconf 86' lang='lat' dir='ltr'>debet</span> <span class='ocrx_word' id='word_1_296' title='bbox 671 2347 1038 2422; x_wconf 89' lang='lat' dir='ltr'>dispensatio</span> <span class='ocrx_word' id='word_1_297' title='bbox 1065 2349 1397 2420; x_wconf 82' lang='lat' dir='ltr'>regiminis,</span> <span class='ocrx_word' id='word_1_298' title='bbox 1434 2355 1499 2406; x_wconf 92' lang='lat' dir='ltr'>ut</span> <span class='ocrx_word' id='word_1_299' title='bbox 1521 2350 1571 2406; x_wconf 91' lang='lat' dir='ltr'>is</span> <span class='ocrx_word' id='word_1_300' title='bbox 1599 2351 1706 2422; x_wconf 89' lang='lat' dir='ltr'>qui</span> <span class='ocrx_word' id='word_1_301' title='bbox 1733 2357 1950 2426; x_wconf 69' lang='lat' dir='ltr'>praeest</span> <span class='ocrx_word' id='word_1_302' title='bbox 1973 2367 2044 2408; x_wconf 87' lang='lat' dir='ltr'>ea</span> <span class='ocrx_word' id='word_1_303' title='bbox 2071 2368 2134 2408; x_wconf 89' lang='lat' dir='ltr'>se</span> 
     </span>
    </p>
   </div>
   <div class='ocr_carea' id='block_1_36' title="bbox 472 2437 2138 2512">
    <p class='ocr_par' dir='ltr' id='par_1_36' title="bbox 472 2437 2138 2512">
     <span class='ocr_line' id='line_1_36' title="bbox 472 2437 2138 2512; baseline 0.002 -20"><span class='ocrx_word' id='word_1_304' title='bbox 472 2437 630 2494; x_wconf 89' lang='lat' dir='ltr'>circa</span> <span class='ocrx_word' id='word_1_305' title='bbox 661 2437 936 2494; x_wconf 88' lang='lat' dir='ltr'>subditos</span> <span class='ocrx_word' id='word_1_306' title='bbox 977 2453 1264 2495; x_wconf 89' lang='lat' dir='ltr'>mensura</span> <span class='ocrx_word' id='word_1_307' title='bbox 1315 2438 1677 2507; x_wconf 87' lang='lat' dir='ltr'>moderetur,</span> <span class='ocrx_word' id='word_1_308' title='bbox 1730 2444 2030 2512; x_wconf 87' lang='lat' dir='ltr'>quatenus</span> <span class='ocrx_word' id='word_1_309' title='bbox 2079 2444 2138 2496; x_wconf 90' lang='lat' dir='ltr'>et</span> 
     </span>
    </p>
   </div>
   <div class='ocr_carea' id='block_1_37' title="bbox 473 2525 2132 2596">
    <p class='ocr_par' dir='ltr' id='par_1_37' title="bbox 473 2525 2132 2596">
     <span class='ocr_line' id='line_1_37' title="bbox 473 2525 2132 2596; baseline 0 -12"><span class='ocrx_word' id='word_1_310' title='bbox 473 2525 746 2584; x_wconf 82' lang='lat' dir='ltr'>arridens</span> <span class='ocrx_word' id='word_1_311' title='bbox 802 2525 997 2583; x_wconf 85' lang='lat' dir='ltr'>timeri</span> <span class='ocrx_word' id='word_1_312' title='bbox 1046 2526 1285 2596; x_wconf 86' lang='lat' dir='ltr'>debeat,</span> <span class='ocrx_word' id='word_1_313' title='bbox 1310 2533 1367 2583; x_wconf 89' lang='lat' dir='ltr'>et</span> <span class='ocrx_word' id='word_1_314' title='bbox 1394 2527 1582 2583; x_wconf 87' lang='lat' dir='ltr'>iratus</span> <span class='ocrx_word' id='word_1_315' title='bbox 1634 2528 1846 2594; x_wconf 82' lang='lat' dir='ltr'>amari,</span> <span class='ocrx_word' id='word_1_316' title='bbox 1892 2535 1954 2585; x_wconf 90' lang='lat' dir='ltr'>ut</span> <span class='ocrx_word' id='word_1_317' title='bbox 1997 2542 2132 2585; x_wconf 90' lang='lat' dir='ltr'>cum</span> 
     </span>
    </p>
   </div>
   <div class='ocr_carea' id='block_1_38' title="bbox 477 2612 2139 2682">
    <p class='ocr_par' dir='ltr' id='par_1_38' title="bbox 477 2612 2139 2682">
     <span class='ocr_line' id='line_1_38' title="bbox 477 2612 2139 2682; baseline 0.002 -12"><span class='ocrx_word' id='word_1_318' title='bbox 477 2629 590 2671; x_wconf 89' lang='lat' dir='ltr'>nec</span> <span class='ocrx_word' id='word_1_319' title='bbox 639 2613 828 2670; x_wconf 90' lang='lat' dir='ltr'>nimia</span> <span class='ocrx_word' id='word_1_320' title='bbox 864 2612 1067 2671; x_wconf 70' lang='lat' dir='ltr'>ltetitia</span> <span class='ocrx_word' id='word_1_321' title='bbox 1119 2613 1298 2671; x_wconf 87' lang='lat' dir='ltr'>vilem</span> <span class='ocrx_word' id='word_1_322' title='bbox 1325 2615 1560 2682; x_wconf 85' lang='lat' dir='ltr'>reddat,</span> <span class='ocrx_word' id='word_1_323' title='bbox 1591 2631 1703 2672; x_wconf 88' lang='lat' dir='ltr'>nec</span> <span class='ocrx_word' id='word_1_324' title='bbox 1740 2617 2139 2674; x_wconf 89' lang='lat' dir='ltr'>immoderata</span> 
     </span>
    </p>
   </div>
   <div class='ocr_carea' id='block_1_39' title="bbox 481 2701 2137 2778">
    <p class='ocr_par' dir='ltr' id='par_1_39' title="bbox 481 2701 2137 2778">
     <span class='ocr_line' id='line_1_39' title="bbox 481 2701 2137 2778; baseline 0.003 -20"><span class='ocrx_word' id='word_1_325' title='bbox 481 2701 764 2760; x_wconf 85' lang='lat' dir='ltr'>severitas</span> <span class='ocrx_word' id='word_1_326' title='bbox 807 2701 1125 2762; x_wconf 85' lang='lat' dir='ltr'>odiosum?</span> <span class='ocrx_word' id='word_1_327' title='bbox 1183 2707 1301 2760; x_wconf 86' lang='lat' dir='ltr'>Hoc</span> <span class='ocrx_word' id='word_1_328' title='bbox 1338 2720 1582 2778; x_wconf 90' lang='lat' dir='ltr'>quoque</span> <span class='ocrx_word' id='word_1_329' title='bbox 1629 2705 1797 2776; x_wconf 86' lang='lat' dir='ltr'>juxta</span> <span class='ocrx_word' id='word_1_330' title='bbox 1825 2707 2137 2763; x_wconf 86' lang='lat' dir='ltr'>historiam</span> 
     </span>
    </p>
   </div>
   <div class='ocr_carea' id='block_1_40' title="bbox 479 2789 2140 2867">
    <p class='ocr_par' dir='ltr' id='par_1_40' title="bbox 479 2789 2140 2867">
     <span class='ocr_line' id='line_1_40' title="bbox 479 2789 2140 2867; baseline 0.002 -19"><span class='ocrx_word' id='word_1_331' title='bbox 479 2807 605 2848; x_wconf 89' lang='lat' dir='ltr'>non</span> <span class='ocrx_word' id='word_1_332' title='bbox 633 2789 1122 2850; x_wconf 83' lang='lat' dir='ltr'>inconvenienter</span> <span class='ocrx_word' id='word_1_333' title='bbox 1135 2792 1425 2866; x_wconf 87' lang='lat' dir='ltr'>accipitur</span> <span class='ocrx_word' id='word_1_334' title='bbox 1443 2793 1608 2866; x_wconf 90' lang='lat' dir='ltr'>quod</span> <span class='ocrx_word' id='word_1_335' title='bbox 1635 2794 1909 2867; x_wconf 88' lang='lat' dir='ltr'>protinus</span> <span class='ocrx_word' id='word_1_336' title='bbox 1937 2795 2140 2852; x_wconf 88' lang='lat' dir='ltr'>subin-</span> 
     </span>
    </p>
   </div>
   <div class='ocr_carea' id='block_1_41' title="bbox 479 2879 2140 2942">
    <p class='ocr_par' dir='ltr' id='par_1_41' title="bbox 479 2879 2140 2942">
     <span class='ocr_line' id='line_1_41' title="bbox 479 2879 2140 2942; baseline 0.002 -4"><span class='ocrx_word' id='word_1_337' title='bbox 479 2880 708 2939; x_wconf 85' lang='lat' dir='ltr'>fertur:</span> <span class='ocrx_word' id='word_1_338' title='bbox 742 2903 771 2931; x_wconf 87' lang='grc'><strong>‹‹</strong></span> <span class='ocrx_word' id='word_1_339' title='bbox 803 2883 872 2936; x_wconf 86' lang='lat' dir='ltr'>Et</span> <span class='ocrx_word' id='word_1_340' title='bbox 893 2879 998 2939; x_wconf 89' lang='lat' dir='ltr'>lux</span> <span class='ocrx_word' id='word_1_341' title='bbox 1036 2881 1236 2938; x_wconf 89' lang='lat' dir='ltr'>vultus</span> <span class='ocrx_word' id='word_1_342' title='bbox 1281 2882 1400 2939; x_wconf 90' lang='lat' dir='ltr'>mei</span> <span class='ocrx_word' id='word_1_343' title='bbox 1447 2898 1569 2940; x_wconf 90' lang='lat' dir='ltr'>non</span> <span class='ocrx_word' id='word_1_344' title='bbox 1609 2883 1870 2942; x_wconf 79' lang='lat' dir='ltr'>cadebat</span> <span class='ocrx_word' id='word_1_345' title='bbox 1919 2885 1980 2942; x_wconf 89' lang='lat' dir='ltr'>in</span> <span class='ocrx_word' id='word_1_346' title='bbox 2028 2889 2140 2942; x_wconf 87' lang='lat' dir='ltr'>ter-</span> 
     </span>
    </p>
   </div>
   <div class='ocr_carea' id='block_1_42' title="bbox 479 2969 2212 3063">
    <p class='ocr_par' dir='ltr' id='par_1_42' title="bbox 479 2969 2212 3063">
     <span class='ocr_line' id='line_1_42' title="bbox 479 2969 2212 3063; baseline 0.002 -37"><span class='ocrx_word' id='word_1_347' title='bbox 479 2985 636 3063; x_wconf 71' lang='lat' dir='ltr'>ram.</span> <span class='ocrx_word' id='word_1_348' title='bbox 670 2991 700 3020; x_wconf 83' lang='lat'><strong>»</strong></span> <span class='ocrx_word' id='word_1_349' title='bbox 732 2969 1034 3063; x_wconf 69' lang='lat' dir='ltr'>Scriptum</span> <span class='ocrx_word' id='word_1_350' title='bbox 1049 2971 1278 3044; x_wconf 85' lang='lat' dir='ltr'>quippe</span> <span class='ocrx_word' id='word_1_351' title='bbox 1306 2976 1396 3030; x_wconf 88' lang='lat' dir='ltr'>est</span> <span class='ocrx_word' id='word_1_352' title='bbox 1426 2989 1440 3029; x_wconf 90' lang='lat'><strong>:</strong></span> <span class='ocrx_word' id='word_1_353' title='bbox 1475 2993 1504 3023; x_wconf 74' lang='grc' dir='ltr'><strong>α</strong></span> <span class='ocrx_word' id='word_1_354' title='bbox 1537 2973 1702 3031; x_wconf 90' lang='lat' dir='ltr'>Oculi</span> <span class='ocrx_word' id='word_1_355' title='bbox 1733 2975 2048 3031; x_wconf 87' lang='lat' dir='ltr'>stultorum</span> <span class='ocrx_word' id='word_1_356' title='bbox 2079 2975 2139 3032; x_wconf 89' lang='lat' dir='ltr'>in</span> <span class='ocrx_word' id='word_1_357' title='bbox 2171 3006 2212 3063; x_wconf 66' lang='grc' dir='ltr'>ρ</span> 
     </span>
    </p>
   </div>
   <div class='ocr_carea' id='block_1_43' title="bbox 481 3057 2144 3138">
    <p class='ocr_par' dir='ltr' id='par_1_43' title="bbox 481 3057 2144 3138">
     <span class='ocr_line' id='line_1_43' title="bbox 481 3057 2144 3138; baseline 0.003 -22"><span class='ocrx_word' id='word_1_358' title='bbox 481 3057 706 3116; x_wconf 85' lang='lat' dir='ltr'>ﬁnibus</span> <span class='ocrx_word' id='word_1_359' title='bbox 755 3063 923 3117; x_wconf 60' lang='lat' dir='ltr'>terra;</span> <span class='ocrx_word' id='word_1_360' title='bbox 969 3061 1175 3130; x_wconf 81' lang='lat' dir='ltr'>(Prov.</span> <span class='ocrx_word' id='word_1_361' title='bbox 1203 3077 1344 3127; x_wconf 85' lang='lat' dir='ltr'>xvu.</span> <span class='ocrx_word' id='word_1_362' title='bbox 1385 3063 1499 3134; x_wconf 86' lang='lat'>24).</span> <span class='ocrx_word' id='word_1_363' title='bbox 1534 3084 1562 3112; x_wconf 86' lang='lat'>»</span> <span class='ocrx_word' id='word_1_364' title='bbox 1615 3064 1997 3138; x_wconf 82' lang='lat' dir='ltr'>Rursumque</span> <span class='ocrx_word' id='word_1_365' title='bbox 2035 3081 2144 3138; x_wconf 89' lang='lat' dir='ltr'>per</span> 
     </span>
    </p>
   </div>
   <div class='ocr_carea' id='block_1_44' title="bbox 483 3148 2142 3226">
    <p class='ocr_par' dir='ltr' id='par_1_44' title="bbox 483 3148 2142 3226">
     <span class='ocr_line' id='line_1_44' title="bbox 483 3148 2142 3226; baseline 0.002 -21"><span class='ocrx_word' id='word_1_366' title='bbox 483 3148 768 3206; x_wconf 89' lang='lat' dir='ltr'>eumdem</span> <span class='ocrx_word' id='word_1_367' title='bbox 799 3149 1184 3208; x_wconf 86' lang='lat' dir='ltr'>Salomonem</span> <span class='ocrx_word' id='word_1_368' title='bbox 1207 3150 1424 3208; x_wconf 90' lang='lat' dir='ltr'>dicitur</span> <span class='ocrx_word' id='word_1_369' title='bbox 1469 3169 1482 3208; x_wconf 86' lang='lat'><strong>:</strong></span> <span class='ocrx_word' id='word_1_370' title='bbox 1537 3175 1565 3203; x_wconf 75' lang='grc' dir='ltr'>α</span> <span class='ocrx_word' id='word_1_371' title='bbox 1613 3153 1778 3210; x_wconf 90' lang='lat' dir='ltr'>Oculi</span> <span class='ocrx_word' id='word_1_372' title='bbox 1835 3154 2142 3226; x_wconf 68' lang='lat' dir='ltr'>sapientiae</span> 
     </span>
    </p>
   </div>
   <div class='ocr_carea' id='block_1_45' title="bbox 483 3238 2138 3316">
    <p class='ocr_par' dir='ltr' id='par_1_45' title="bbox 483 3238 2138 3316">
     <span class='ocr_line' id='line_1_45' title="bbox 483 3238 2138 3316; baseline 0.002 -21"><span class='ocrx_word' id='word_1_373' title='bbox 483 3238 548 3296; x_wconf 90' lang='lat' dir='ltr'>in</span> <span class='ocrx_word' id='word_1_374' title='bbox 571 3239 766 3313; x_wconf 84' lang='lat' dir='ltr'>capite</span> <span class='ocrx_word' id='word_1_375' title='bbox 793 3239 924 3310; x_wconf 86' lang='lat' dir='ltr'>ejus</span> <span class='ocrx_word' id='word_1_376' title='bbox 948 3240 1172 3308; x_wconf 79' lang='lat' dir='ltr'>(Ecete.</span> <span class='ocrx_word' id='word_1_377' title='bbox 1210 3256 1270 3311; x_wconf 80' lang='grc' dir='ltr'>ιι,</span> <span class='ocrx_word' id='word_1_378' title='bbox 1305 3244 1414 3308; x_wconf 70' lang='grc'><strong>14).</strong></span> <span class='ocrx_word' id='word_1_379' title='bbox 1441 3263 1468 3290; x_wconf 88' lang='grc'><strong>››</strong></span> <span class='ocrx_word' id='word_1_380' title='bbox 1501 3241 1716 3298; x_wconf 88' lang='lat' dir='ltr'>Paulus</span> <span class='ocrx_word' id='word_1_381' title='bbox 1744 3259 1989 3316; x_wconf 88' lang='lat' dir='ltr'>quoque</span> <span class='ocrx_word' id='word_1_382' title='bbox 2019 3244 2101 3300; x_wconf 90' lang='lat' dir='ltr'>ait</span> <span class='ocrx_word' id='word_1_383' title='bbox 2127 3261 2138 3298; x_wconf 95' lang='lat'>:</span> 
     </span>
    </p>
   </div>
   <div class='ocr_carea' id='block_1_46' title="bbox 488 3327 2146 3406">
    <p class='ocr_par' dir='ltr' id='par_1_46' title="bbox 488 3327 2146 3406">
     <span class='ocr_line' id='line_1_46' title="bbox 488 3327 2146 3406; baseline 0.007 -29"><span class='ocrx_word' id='word_1_384' title='bbox 488 3349 518 3377; x_wconf 83' lang='lat'>«</span> <span class='ocrx_word' id='word_1_385' title='bbox 551 3330 745 3400; x_wconf 81' lang='lat' dir='ltr'>Caput</span> <span class='ocrx_word' id='word_1_386' title='bbox 773 3327 878 3384; x_wconf 89' lang='lat' dir='ltr'>viri</span> <span class='ocrx_word' id='word_1_387' title='bbox 903 3327 1166 3384; x_wconf 85' lang='lat' dir='ltr'>Christus</span> <span class='ocrx_word' id='word_1_388' title='bbox 1191 3329 1250 3401; x_wconf 90' lang='grc' dir='ltr'>(Ι</span> <span class='ocrx_word' id='word_1_389' title='bbox 1273 3329 1410 3386; x_wconf 83' lang='lat' dir='ltr'>Cor.</span> <span class='ocrx_word' id='word_1_390' title='bbox 1440 3345 1524 3402; x_wconf 82' lang='lat' dir='ltr'>x1,</span> <span class='ocrx_word' id='word_1_391' title='bbox 1558 3333 1632 3402; x_wconf 88' lang='lat'>3).</span> <span class='ocrx_word' id='word_1_392' title='bbox 1655 3349 1687 3384; x_wconf 60' lang='grc' dir='ltr'><strong><em>ι</em></strong></span> <span class='ocrx_word' id='word_1_393' title='bbox 1718 3332 1880 3388; x_wconf 90' lang='lat' dir='ltr'>Oculi</span> <span class='ocrx_word' id='word_1_394' title='bbox 1913 3333 2146 3406; x_wconf 89' lang='lat' dir='ltr'>sapien-</span> 
     </span>
    </p>
   </div>
   <div class='ocr_carea' id='block_1_47' title="bbox 487 3414 2147 3494">
    <p class='ocr_par' dir='ltr' id='par_1_47' title="bbox 487 3414 2147 3494">
     <span class='ocr_line' id='line_1_47' title="bbox 487 3414 2147 3494; baseline 0.004 -22"><span class='ocrx_word' id='word_1_395' title='bbox 487 3415 562 3472; x_wconf 88' lang='lat' dir='ltr'>tis</span> <span class='ocrx_word' id='word_1_396' title='bbox 592 3430 736 3486; x_wconf 87' lang='lat' dir='ltr'>ergo</span> <span class='ocrx_word' id='word_1_397' title='bbox 763 3414 825 3471; x_wconf 90' lang='lat' dir='ltr'>in</span> <span class='ocrx_word' id='word_1_398' title='bbox 853 3415 1046 3488; x_wconf 84' lang='lat' dir='ltr'>capite</span> <span class='ocrx_word' id='word_1_399' title='bbox 1074 3416 1206 3488; x_wconf 84' lang='lat' dir='ltr'>ejus</span> <span class='ocrx_word' id='word_1_400' title='bbox 1236 3423 1394 3484; x_wconf 91' lang='lat' dir='ltr'>sunt,</span> <span class='ocrx_word' id='word_1_401' title='bbox 1435 3419 1584 3475; x_wconf 90' lang='lat' dir='ltr'>dum</span> <span class='ocrx_word' id='word_1_402' title='bbox 1612 3419 2023 3494; x_wconf 83' lang='lat' dir='ltr'>Redemptoris</span> <span class='ocrx_word' id='word_1_403' title='bbox 2053 3422 2147 3478; x_wconf 91' lang='lat' dir='ltr'>sui</span> 
     </span>
    </p>
   </div>
   <div class='ocr_carea' id='block_1_48' title="bbox 489 3505 2143 3582">
    <p class='ocr_par' dir='ltr' id='par_1_48' title="bbox 489 3505 2143 3582">
     <span class='ocr_line' id='line_1_48' title="bbox 489 3505 2143 3582; baseline 0.004 -21"><span class='ocrx_word' id='word_1_404' title='bbox 489 3520 727 3579; x_wconf 87' lang='lat' dir='ltr'>semper</span> <span class='ocrx_word' id='word_1_405' title='bbox 753 3520 960 3578; x_wconf 83' lang='lat' dir='ltr'>opera,</span> <span class='ocrx_word' id='word_1_406' title='bbox 989 3521 1126 3578; x_wconf 70' lang='lat' dir='ltr'>quas</span> <span class='ocrx_word' id='word_1_407' title='bbox 1155 3505 1376 3562; x_wconf 89' lang='lat' dir='ltr'>imitari</span> <span class='ocrx_word' id='word_1_408' title='bbox 1413 3507 1649 3572; x_wconf 86' lang='lat' dir='ltr'>debeat,</span> <span class='ocrx_word' id='word_1_409' title='bbox 1683 3511 2143 3582; x_wconf 89' lang='lat' dir='ltr'>contemplatur.</span> 
     </span>
    </p>
   </div>
   <div class='ocr_carea' id='block_1_49' title="bbox 491 3593 2147 3673">
    <p class='ocr_par' dir='ltr' id='par_1_49' title="bbox 491 3593 2147 3673">
     <span class='ocr_line' id='line_1_49' title="bbox 491 3593 2147 3673; baseline 0.004 -23"><span class='ocrx_word' id='word_1_410' title='bbox 491 3597 616 3650; x_wconf 85' lang='lat' dir='ltr'>Lux</span> <span class='ocrx_word' id='word_1_411' title='bbox 641 3609 782 3665; x_wconf 87' lang='lat' dir='ltr'>ergo</span> <span class='ocrx_word' id='word_1_412' title='bbox 810 3593 1010 3650; x_wconf 85' lang='lat' dir='ltr'>vultus</span> <span class='ocrx_word' id='word_1_413' title='bbox 1038 3594 1221 3666; x_wconf 89' lang='lat' dir='ltr'>hujus</span> <span class='ocrx_word' id='word_1_414' title='bbox 1247 3595 1308 3651; x_wconf 91' lang='lat' dir='ltr'>in</span> <span class='ocrx_word' id='word_1_415' title='bbox 1337 3599 1555 3653; x_wconf 86' lang='lat' dir='ltr'>terram</span> <span class='ocrx_word' id='word_1_416' title='bbox 1585 3613 1708 3654; x_wconf 91' lang='lat' dir='ltr'>non</span> <span class='ocrx_word' id='word_1_417' title='bbox 1741 3599 1970 3666; x_wconf 86' lang='lat' dir='ltr'>cecidit,</span> <span class='ocrx_word' id='word_1_418' title='bbox 2001 3600 2147 3673; x_wconf 88' lang='lat' dir='ltr'>quia</span> 
     </span>
    </p>
   </div>
   <div class='ocr_carea' id='block_1_50' title="bbox 489 3684 2148 3762">
    <p class='ocr_par' dir='ltr' id='par_1_50' title="bbox 489 3684 2148 3762">
     <span class='ocr_line' id='line_1_50' title="bbox 489 3684 2148 3762; baseline 0.004 -24"><span class='ocrx_word' id='word_1_419' title='bbox 489 3698 626 3755; x_wconf 69' lang='lat' dir='ltr'>quas</span> <span class='ocrx_word' id='word_1_420' title='bbox 655 3686 890 3740; x_wconf 83' lang='lat' dir='ltr'>terrena</span> <span class='ocrx_word' id='word_1_421' title='bbox 919 3687 1062 3740; x_wconf 89' lang='lat' dir='ltr'>sunt</span> <span class='ocrx_word' id='word_1_422' title='bbox 1084 3699 1192 3756; x_wconf 87' lang='lat' dir='ltr'>per</span> <span class='ocrx_word' id='word_1_423' title='bbox 1219 3684 1770 3757; x_wconf 87' lang='lat' dir='ltr'>concupiscentiam</span> <span class='ocrx_word' id='word_1_424' title='bbox 1813 3703 1939 3744; x_wconf 90' lang='lat' dir='ltr'>non</span> <span class='ocrx_word' id='word_1_425' title='bbox 1980 3704 2148 3762; x_wconf 89' lang='lat' dir='ltr'>aspe-</span> 
     </span>
    </p>
   </div>
   <div class='ocr_carea' id='block_1_51' title="bbox 488 3771 2145 3853">
    <p class='ocr_par' dir='ltr' id='par_1_51' title="bbox 488 3771 2145 3853">
     <span class='ocr_line' id='line_1_51' title="bbox 488 3771 2145 3853; baseline 0.004 -25"><span class='ocrx_word' id='word_1_426' title='bbox 488 3771 593 3828; x_wconf 87' lang='lat' dir='ltr'>xit.</span> <span class='ocrx_word' id='word_1_427' title='bbox 628 3771 744 3830; x_wconf 82' lang='lat' dir='ltr'>Scd</span> <span class='ocrx_word' id='word_1_428' title='bbox 770 3771 914 3846; x_wconf 83' lang='lat' dir='ltr'>quia</span> <span class='ocrx_word' id='word_1_429' title='bbox 943 3787 1104 3846; x_wconf 67' lang='lat' dir='ltr'>saepe</span> <span class='ocrx_word' id='word_1_430' title='bbox 1122 3788 1245 3853; x_wconf 80' lang='lat' dir='ltr'>vox</span> <span class='ocrx_word' id='word_1_431' title='bbox 1269 3773 1483 3848; x_wconf 71' lang='lat' dir='ltr'>capitis</span> <span class='ocrx_word' id='word_1_432' title='bbox 1507 3774 1587 3832; x_wconf 84' lang='lat' dir='ltr'>ad</span> <span class='ocrx_word' id='word_1_433' title='bbox 1613 3791 1828 3832; x_wconf 89' lang='lat' dir='ltr'>vocem</span> <span class='ocrx_word' id='word_1_434' title='bbox 1859 3777 2145 3850; x_wconf 88' lang='lat' dir='ltr'>corporis,</span> 
     </span>
    </p>
   </div>
   <div class='ocr_carea' id='block_1_52' title="bbox 492 3861 2149 3937">
    <p class='ocr_par' dir='ltr' id='par_1_52' title="bbox 492 3861 2149 3937">
     <span class='ocr_line' id='line_1_52' title="bbox 492 3861 2149 3937; baseline 0.004 -20"><span class='ocrx_word' id='word_1_435' title='bbox 492 3877 651 3934; x_wconf 70' lang='lat' dir='ltr'>saepe</span> <span class='ocrx_word' id='word_1_436' title='bbox 679 3877 798 3918; x_wconf 89' lang='lat' dir='ltr'>vox</span> <span class='ocrx_word' id='word_1_437' title='bbox 819 3861 1089 3934; x_wconf 81' lang='lat' dir='ltr'>corporis</span> <span class='ocrx_word' id='word_1_438' title='bbox 1125 3861 1206 3918; x_wconf 85' lang='lat' dir='ltr'>ad</span> <span class='ocrx_word' id='word_1_439' title='bbox 1255 3878 1467 3919; x_wconf 91' lang='lat' dir='ltr'>vocem</span> <span class='ocrx_word' id='word_1_440' title='bbox 1515 3864 1726 3937; x_wconf 85' lang='lat' dir='ltr'>capitis</span> <span class='ocrx_word' id='word_1_441' title='bbox 1755 3865 1982 3923; x_wconf 88' lang='lat' dir='ltr'>transit.</span> <span class='ocrx_word' id='word_1_442' title='bbox 2039 3867 2149 3932; x_wconf 88' lang='lat' dir='ltr'>Qui</span> 
     </span>
    </p>
   </div>
   <div class='ocr_carea' id='block_1_53' title="bbox 491 3949 2152 4012">
    <p class='ocr_par' dir='ltr' id='par_1_53' title="bbox 491 3949 2152 4012">
     <span class='ocr_line' id='line_1_53' title="bbox 491 3949 2152 4012; baseline 0.004 -6"><span class='ocrx_word' id='word_1_443' title='bbox 491 3950 654 4007; x_wconf 86' lang='lat' dir='ltr'>enim</span> <span class='ocrx_word' id='word_1_444' title='bbox 680 3953 822 4006; x_wconf 88' lang='lat' dir='ltr'>sunt</span> <span class='ocrx_word' id='word_1_445' title='bbox 849 3949 911 4006; x_wconf 89' lang='lat' dir='ltr'>in</span> <span class='ocrx_word' id='word_1_446' title='bbox 933 3965 1119 4008; x_wconf 84' lang='lat' dir='ltr'>carne</span> <span class='ocrx_word' id='word_1_447' title='bbox 1150 3964 1276 4008; x_wconf 88' lang='lat' dir='ltr'>una</span> <span class='ocrx_word' id='word_1_448' title='bbox 1299 3949 1451 4007; x_wconf 89' lang='lat' dir='ltr'>nihil</span> <span class='ocrx_word' id='word_1_449' title='bbox 1477 3951 1677 4008; x_wconf 86' lang='lat' dir='ltr'>obstat</span> <span class='ocrx_word' id='word_1_450' title='bbox 1703 3956 1768 4009; x_wconf 91' lang='lat' dir='ltr'>ut</span> <span class='ocrx_word' id='word_1_451' title='bbox 1797 3954 2152 4012; x_wconf 86' lang='lat' dir='ltr'>conveniant</span> 
     </span>
    </p>
   </div>
   <div class='ocr_carea' id='block_1_54' title="bbox 491 4040 2150 4118">
    <p class='ocr_par' dir='ltr' id='par_1_54' title="bbox 491 4040 2150 4118">
     <span class='ocr_line' id='line_1_54' title="bbox 491 4040 2150 4118; baseline 0.004 -22"><span class='ocrx_word' id='word_1_452' title='bbox 491 4040 670 4097; x_wconf 89' lang='lat' dir='ltr'>etiam</span> <span class='ocrx_word' id='word_1_453' title='bbox 699 4040 760 4097; x_wconf 92' lang='lat' dir='ltr'>in</span> <span class='ocrx_word' id='word_1_454' title='bbox 785 4057 932 4098; x_wconf 92' lang='lat' dir='ltr'>voce</span> <span class='ocrx_word' id='word_1_455' title='bbox 960 4056 1102 4097; x_wconf 90' lang='lat' dir='ltr'>una.</span> <span class='ocrx_word' id='word_1_456' title='bbox 1128 4040 1293 4098; x_wconf 89' lang='lat' dir='ltr'>Dicat</span> <span class='ocrx_word' id='word_1_457' title='bbox 1315 4057 1458 4112; x_wconf 86' lang='lat' dir='ltr'>ergo</span> <span class='ocrx_word' id='word_1_458' title='bbox 1504 4058 1578 4099; x_wconf 89' lang='lat' dir='ltr'>ex</span> <span class='ocrx_word' id='word_1_459' title='bbox 1623 4059 1772 4100; x_wconf 93' lang='lat' dir='ltr'>voce</span> <span class='ocrx_word' id='word_1_460' title='bbox 1821 4044 2030 4118; x_wconf 87' lang='lat' dir='ltr'>capitis</span> <span class='ocrx_word' id='word_1_461' title='bbox 2074 4046 2150 4102; x_wconf 89' lang='lat' dir='ltr'>de</span> 
     </span>
    </p>
   </div>
   <div class='ocr_carea' id='block_1_55' title="bbox 492 4129 2151 4204">
    <p class='ocr_par' dir='ltr' id='par_1_55' title="bbox 492 4129 2151 4204">
     <span class='ocr_line' id='line_1_55' title="bbox 492 4129 2151 4204; baseline 0.003 -18"><span class='ocrx_word' id='word_1_462' title='bbox 492 4129 690 4187; x_wconf 89' lang='lat' dir='ltr'>electis</span> <span class='ocrx_word' id='word_1_463' title='bbox 721 4130 863 4200; x_wconf 90' lang='lat' dir='ltr'>suis,</span> <span class='ocrx_word' id='word_1_464' title='bbox 912 4131 1075 4188; x_wconf 88' lang='lat' dir='ltr'>dicat</span> <span class='ocrx_word' id='word_1_465' title='bbox 1115 4131 1374 4188; x_wconf 87' lang='lat' dir='ltr'>Ecclesia</span> <span class='ocrx_word' id='word_1_466' title='bbox 1428 4149 1440 4188; x_wconf 91' lang='lat'>:</span> <span class='ocrx_word' id='word_1_467' title='bbox 1483 4133 1556 4190; x_wconf 89' lang='lat' dir='ltr'>Si</span> <span class='ocrx_word' id='word_1_468' title='bbox 1598 4133 1838 4204; x_wconf 83' lang='lat' dir='ltr'>quando</span> <span class='ocrx_word' id='word_1_469' title='bbox 1883 4135 2151 4192; x_wconf 77' lang='lat' dir='ltr'>ridebam</span> 
     </span>
    </p>
   </div>
   <div class='ocr_carea' id='block_1_56' title="bbox 493 4220 2151 4288">
    <p class='ocr_par' dir='ltr' id='par_1_56' title="bbox 493 4220 2151 4288">
     <span class='ocr_line' id='line_1_56' title="bbox 493 4220 2151 4288; baseline 0.002 -12"><span class='ocrx_word' id='word_1_470' title='bbox 493 4220 576 4276; x_wconf 89' lang='lat' dir='ltr'>ad</span> <span class='ocrx_word' id='word_1_471' title='bbox 598 4234 710 4288; x_wconf 81' lang='lat' dir='ltr'>eos,</span> <span class='ocrx_word' id='word_1_472' title='bbox 741 4236 861 4276; x_wconf 86' lang='lat' dir='ltr'>non</span> <span class='ocrx_word' id='word_1_473' title='bbox 891 4221 1227 4278; x_wconf 82' lang='lat' dir='ltr'>credebant.</span> <span class='ocrx_word' id='word_1_474' title='bbox 1251 4220 1458 4278; x_wconf 84' lang='lat' dir='ltr'>Ridere</span> <span class='ocrx_word' id='word_1_475' title='bbox 1481 4221 1642 4278; x_wconf 91' lang='lat' dir='ltr'>enim</span> <span class='ocrx_word' id='word_1_476' title='bbox 1671 4222 1774 4278; x_wconf 88' lang='lat' dir='ltr'>Dei</span> <span class='ocrx_word' id='word_1_477' title='bbox 1801 4227 1892 4280; x_wconf 89' lang='lat' dir='ltr'>est</span> <span class='ocrx_word' id='word_1_478' title='bbox 1914 4228 2151 4281; x_wconf 88' lang='lat' dir='ltr'>sancto-</span> 
     </span>
    </p>
   </div>
   <div class='ocr_carea' id='block_1_57' title="bbox 2234 1726 3909 1802">
    <p class='ocr_par' dir='ltr' id='par_1_57' title="bbox 2234 1726 3909 1802">
     <span class='ocr_line' id='line_1_57' title="bbox 2234 1726 3909 1802; baseline -0.001 -18"><span class='ocrx_word' id='word_1_479' title='bbox 2234 1729 2547 1802; x_wconf 87' lang='lat' dir='ltr'>posteriori</span> <span class='ocrx_word' id='word_1_480' title='bbox 2598 1744 2744 1786; x_wconf 90' lang='lat' dir='ltr'>cura</span> <span class='ocrx_word' id='word_1_481' title='bbox 2797 1727 3052 1784; x_wconf 79' lang='lat' dir='ltr'>minima</span> <span class='ocrx_word' id='word_1_482' title='bbox 3097 1729 3150 1784; x_wconf 91' lang='lat' dir='ltr'>si</span> <span class='ocrx_word' id='word_1_483' title='bbox 3195 1744 3331 1801; x_wconf 75' lang='lat' dir='ltr'>quae</span> <span class='ocrx_word' id='word_1_484' title='bbox 3362 1732 3506 1784; x_wconf 85' lang='lat' dir='ltr'>sunt</span> <span class='ocrx_word' id='word_1_485' title='bbox 3548 1726 3909 1800; x_wconf 85' lang='lat' dir='ltr'>temporalia</span> 
     </span>
    </p>
   </div>
   <div class='ocr_carea' id='block_1_58' title="bbox 2234 1817 3902 1892">
    <p class='ocr_par' dir='ltr' id='par_1_58' title="bbox 2234 1817 3902 1892">
     <span class='ocr_line' id='line_1_58' title="bbox 2234 1817 3902 1892; baseline -0.002 -18"><span class='ocrx_word' id='word_1_486' title='bbox 2234 1818 2586 1890; x_wconf 87' lang='lat' dir='ltr'>disponunt,</span> <span class='ocrx_word' id='word_1_487' title='bbox 2619 1818 2840 1892; x_wconf 85' lang='lat' dir='ltr'>quibus</span> <span class='ocrx_word' id='word_1_488' title='bbox 2871 1823 2926 1874; x_wconf 88' lang='lat' dir='ltr'>et</span> <span class='ocrx_word' id='word_1_489' title='bbox 2955 1817 3244 1888; x_wconf 83' lang='lat' dir='ltr'>magistra</span> <span class='ocrx_word' id='word_1_490' title='bbox 3273 1834 3420 1874; x_wconf 90' lang='lat' dir='ltr'>voce</span> <span class='ocrx_word' id='word_1_491' title='bbox 3457 1817 3677 1874; x_wconf 83' lang='lat' dir='ltr'>Veritas</span> <span class='ocrx_word' id='word_1_492' title='bbox 3707 1817 3856 1872; x_wconf 88' lang='lat' dir='ltr'>dicit</span> <span class='ocrx_word' id='word_1_493' title='bbox 3885 1833 3902 1870; x_wconf 91' lang='lat'><strong>:</strong></span> 
     </span>
    </p>
   </div>
   <div class='ocr_carea' id='block_1_59' title="bbox 2239 1905 3905 1978">
    <p class='ocr_par' dir='ltr' id='par_1_59' title="bbox 2239 1905 3905 1978">
     <span class='ocr_line' id='line_1_59' title="bbox 2239 1905 3905 1978; baseline -0.002 -15"><span class='ocrx_word' id='word_1_494' title='bbox 2239 1929 2265 1956; x_wconf 91' lang='grc'><strong>‹‹</strong></span> <span class='ocrx_word' id='word_1_495' title='bbox 2297 1905 2546 1972; x_wconf 67' lang='lat' dir='ltr'>Quaerite</span> <span class='ocrx_word' id='word_1_496' title='bbox 2571 1906 2836 1978; x_wconf 89' lang='lat' dir='ltr'>primum</span> <span class='ocrx_word' id='word_1_497' title='bbox 2867 1923 3117 1977; x_wconf 81' lang='lat' dir='ltr'>regnum</span> <span class='ocrx_word' id='word_1_498' title='bbox 3173 1908 3268 1962; x_wconf 90' lang='lat' dir='ltr'>Dei</span> <span class='ocrx_word' id='word_1_499' title='bbox 3321 1911 3378 1962; x_wconf 87' lang='lat' dir='ltr'>et</span> <span class='ocrx_word' id='word_1_500' title='bbox 3397 1905 3688 1978; x_wconf 87' lang='lat' dir='ltr'>justitiam</span> <span class='ocrx_word' id='word_1_501' title='bbox 3717 1905 3854 1976; x_wconf 88' lang='lat' dir='ltr'>ejus</span> <span class='ocrx_word' id='word_1_502' title='bbox 3887 1921 3905 1960; x_wconf 93' lang='lat'><strong>:</strong></span> 
     </span>
    </p>
   </div>
   <div class='ocr_carea' id='block_1_60' title="bbox 2237 1994 3906 2068">
    <p class='ocr_par' dir='ltr' id='par_1_60' title="bbox 2237 1994 3906 2068">
     <span class='ocr_line' id='line_1_60' title="bbox 2237 1994 3906 2068; baseline 0 -18"><span class='ocrx_word' id='word_1_503' title='bbox 2237 1995 2366 2050; x_wconf 63' lang='lat' dir='ltr'>haec</span> <span class='ocrx_word' id='word_1_504' title='bbox 2394 1995 2600 2051; x_wconf 84' lang='lat' dir='ltr'>omnia</span> <span class='ocrx_word' id='word_1_505' title='bbox 2630 1995 2987 2066; x_wconf 78' lang='lat' dir='ltr'>adjiciantur</span> <span class='ocrx_word' id='word_1_506' title='bbox 3022 1995 3194 2052; x_wconf 73' lang='lat' dir='ltr'>vobis</span> <span class='ocrx_word' id='word_1_507' title='bbox 3221 1997 3462 2068; x_wconf 78' lang='lat' dir='ltr'>(Matth.</span> <span class='ocrx_word' id='word_1_508' title='bbox 3496 2011 3574 2064; x_wconf 85' lang='lat' dir='ltr'>v1,</span> <span class='ocrx_word' id='word_1_509' title='bbox 3605 1996 3716 2064; x_wconf 89' lang='lat'>33).</span> <span class='ocrx_word' id='word_1_510' title='bbox 3759 2017 3788 2044; x_wconf 69' lang='grc' dir='ltr'><strong>η</strong></span> <span class='ocrx_word' id='word_1_511' title='bbox 3838 1994 3906 2050; x_wconf 88' lang='lat' dir='ltr'>In</span> 
     </span>
    </p>
   </div>
   <div class='ocr_carea' id='block_1_61' title="bbox 2239 2081 3904 2156">
    <p class='ocr_par' dir='ltr' id='par_1_61' title="bbox 2239 2081 3904 2156">
     <span class='ocr_line' id='line_1_61' title="bbox 2239 2081 3904 2156; baseline -0.002 -16"><span class='ocrx_word' id='word_1_512' title='bbox 2239 2100 2447 2140; x_wconf 87' lang='lat' dir='ltr'>eorum</span> <span class='ocrx_word' id='word_1_513' title='bbox 2503 2083 2681 2139; x_wconf 89' lang='lat' dir='ltr'>corde</span> <span class='ocrx_word' id='word_1_514' title='bbox 2731 2083 3018 2140; x_wconf 90' lang='lat' dir='ltr'>Dominus</span> <span class='ocrx_word' id='word_1_515' title='bbox 3063 2083 3294 2156; x_wconf 89' lang='lat' dir='ltr'>primus</span> <span class='ocrx_word' id='word_1_516' title='bbox 3343 2083 3528 2138; x_wconf 89' lang='lat' dir='ltr'>sedet.</span> <span class='ocrx_word' id='word_1_517' title='bbox 3577 2081 3904 2154; x_wconf 85' lang='lat' dir='ltr'>Sequitur:</span> 
     </span>
    </p>
   </div>
   <div class='ocr_carea' id='block_1_62' title="bbox 2241 2171 3906 2244">
    <p class='ocr_par' dir='ltr' id='par_1_62' title="bbox 2241 2171 3906 2244">
     <span class='ocr_line' id='line_1_62' title="bbox 2241 2171 3906 2244; baseline -0.002 -16"><span class='ocrx_word' id='word_1_518' title='bbox 2241 2173 2506 2241; x_wconf 82' lang='lat' dir='ltr'>Cumque</span> <span class='ocrx_word' id='word_1_519' title='bbox 2534 2173 2790 2228; x_wconf 80' lang='lat' dir='ltr'>sederem</span> <span class='ocrx_word' id='word_1_520' title='bbox 2821 2173 2995 2244; x_wconf 84' lang='lat' dir='ltr'>quasi</span> <span class='ocrx_word' id='word_1_521' title='bbox 3022 2188 3134 2228; x_wconf 75' lang='lat' dir='ltr'>rear:</span> <span class='ocrx_word' id='word_1_522' title='bbox 3160 2174 3585 2228; x_wconf 78' lang='lat' dir='ltr'>circumstante</span> <span class='ocrx_word' id='word_1_523' title='bbox 3615 2171 3906 2235; x_wconf 66' lang='lat' dir='ltr'>exercitu,</span> 
     </span>
    </p>
   </div>
   <div class='ocr_carea' id='block_1_63' title="bbox 2241 2259 3910 2326">
    <p class='ocr_par' dir='ltr' id='par_1_63' title="bbox 2241 2259 3910 2326">
     <span class='ocr_line' id='line_1_63' title="bbox 2241 2259 3910 2326; baseline -0.001 -11"><span class='ocrx_word' id='word_1_524' title='bbox 2241 2275 2402 2315; x_wconf 86' lang='lat' dir='ltr'>eram</span> <span class='ocrx_word' id='word_1_525' title='bbox 2426 2267 2622 2315; x_wconf 84' lang='lat' dir='ltr'>tamen</span> <span class='ocrx_word' id='word_1_526' title='bbox 2647 2262 3025 2316; x_wconf 78' lang='lat' dir='ltr'>mcerentium</span> <span class='ocrx_word' id='word_1_527' title='bbox 3058 2261 3418 2317; x_wconf 80' lang='lat' dir='ltr'>consolator.</span> <span class='ocrx_word' id='word_1_528' title='bbox 3469 2291 3541 2301; x_wconf 91' lang='lat'>-—</span> <span class='ocrx_word' id='word_1_529' title='bbox 3591 2259 3777 2326; x_wconf 84' lang='lat' dir='ltr'>Quasi</span> <span class='ocrx_word' id='word_1_530' title='bbox 3803 2275 3910 2314; x_wconf 87' lang='lat' dir='ltr'>rex</span> 
     </span>
    </p>
   </div>
   <div class='ocr_carea' id='block_1_64' title="bbox 2240 2347 3912 2421">
    <p class='ocr_par' dir='ltr' id='par_1_64' title="bbox 2240 2347 3912 2421">
     <span class='ocr_line' id='line_1_64' title="bbox 2240 2347 3912 2421; baseline 0 -18"><span class='ocrx_word' id='word_1_531' title='bbox 2240 2347 2528 2403; x_wconf 88' lang='lat' dir='ltr'>Dominus</span> <span class='ocrx_word' id='word_1_532' title='bbox 2583 2347 2748 2403; x_wconf 87' lang='lat' dir='ltr'>sedet</span> <span class='ocrx_word' id='word_1_533' title='bbox 2799 2348 2859 2404; x_wconf 88' lang='lat' dir='ltr'>in</span> <span class='ocrx_word' id='word_1_534' title='bbox 2909 2348 3108 2413; x_wconf 84' lang='lat' dir='ltr'>corde,</span> <span class='ocrx_word' id='word_1_535' title='bbox 3157 2349 3301 2421; x_wconf 88' lang='lat' dir='ltr'>quia</span> <span class='ocrx_word' id='word_1_536' title='bbox 3347 2349 3912 2420; x_wconf 87' lang='lat' dir='ltr'>circumstrepentes</span> 
     </span>
    </p>
   </div>
   <div class='ocr_carea' id='block_1_65' title="bbox 2242 2435 3910 2508">
    <p class='ocr_par' dir='ltr' id='par_1_65' title="bbox 2242 2435 3910 2508">
     <span class='ocr_line' id='line_1_65' title="bbox 2242 2435 3910 2508; baseline 0.001 -17"><span class='ocrx_word' id='word_1_537' title='bbox 2242 2436 2392 2506; x_wconf 86' lang='lat' dir='ltr'>regit</span> <span class='ocrx_word' id='word_1_538' title='bbox 2418 2435 2760 2492; x_wconf 86' lang='lat' dir='ltr'>animorum</span> <span class='ocrx_word' id='word_1_539' title='bbox 2803 2441 3002 2494; x_wconf 90' lang='lat' dir='ltr'>motus</span> <span class='ocrx_word' id='word_1_540' title='bbox 3045 2437 3106 2493; x_wconf 93' lang='lat' dir='ltr'>in</span> <span class='ocrx_word' id='word_1_541' title='bbox 3160 2443 3368 2494; x_wconf 83' lang='lat' dir='ltr'>nostra</span> <span class='ocrx_word' id='word_1_542' title='bbox 3412 2437 3790 2508; x_wconf 80' lang='lat' dir='ltr'>cogitatione.</span> <span class='ocrx_word' id='word_1_543' title='bbox 3843 2437 3910 2492; x_wconf 87' lang='lat' dir='ltr'>In</span> 
     </span>
    </p>
   </div>
   <div class='ocr_carea' id='block_1_66' title="bbox 2245 2523 3910 2598">
    <p class='ocr_par' dir='ltr' id='par_1_66' title="bbox 2245 2523 3910 2598">
     <span class='ocr_line' id='line_1_66' title="bbox 2245 2523 3910 2598; baseline 0 -18"><span class='ocrx_word' id='word_1_544' title='bbox 2245 2527 2443 2580; x_wconf 86' lang='lat' dir='ltr'>mente</span> <span class='ocrx_word' id='word_1_545' title='bbox 2471 2523 2696 2597; x_wconf 90' lang='lat' dir='ltr'>quippe</span> <span class='ocrx_word' id='word_1_546' title='bbox 2722 2541 2909 2597; x_wconf 90' lang='lat' dir='ltr'>quam</span> <span class='ocrx_word' id='word_1_547' title='bbox 2939 2525 3253 2592; x_wconf 86' lang='lat' dir='ltr'>inhabitat,</span> <span class='ocrx_word' id='word_1_548' title='bbox 3283 2525 3430 2581; x_wconf 91' lang='lat' dir='ltr'>dum</span> <span class='ocrx_word' id='word_1_549' title='bbox 3461 2523 3777 2598; x_wconf 64' lang='lat' dir='ltr'>torpentia)</span> <span class='ocrx_word' id='word_1_550' title='bbox 3803 2541 3910 2580; x_wconf 86' lang='lat' dir='ltr'>ex-</span> 
     </span>
    </p>
   </div>
   <div class='ocr_carea' id='block_1_67' title="bbox 2245 2613 3912 2686">
    <p class='ocr_par' dir='ltr' id='par_1_67' title="bbox 2245 2613 3912 2686">
     <span class='ocr_line' id='line_1_67' title="bbox 2245 2613 3912 2686; baseline 0 -16"><span class='ocrx_word' id='word_1_551' title='bbox 2245 2614 2404 2684; x_wconf 87' lang='lat' dir='ltr'>citat,</span> <span class='ocrx_word' id='word_1_552' title='bbox 2461 2613 2730 2686; x_wconf 88' lang='lat' dir='ltr'>inquieta</span> <span class='ocrx_word' id='word_1_553' title='bbox 2787 2615 3001 2686; x_wconf 86' lang='lat' dir='ltr'>frenat,</span> <span class='ocrx_word' id='word_1_554' title='bbox 3059 2615 3276 2686; x_wconf 82' lang='lat' dir='ltr'>frigida</span> <span class='ocrx_word' id='word_1_555' title='bbox 3319 2615 3610 2681; x_wconf 85' lang='lat' dir='ltr'>accendit,</span> <span class='ocrx_word' id='word_1_556' title='bbox 3653 2630 3912 2671; x_wconf 88' lang='lat' dir='ltr'>accensa</span> 
     </span>
    </p>
   </div>
   <div class='ocr_carea' id='block_1_68' title="bbox 2247 2703 3911 2776">
    <p class='ocr_par' dir='ltr' id='par_1_68' title="bbox 2247 2703 3911 2776">
     <span class='ocr_line' id='line_1_68' title="bbox 2247 2703 3911 2776; baseline 0.001 -18"><span class='ocrx_word' id='word_1_557' title='bbox 2247 2703 2614 2773; x_wconf 88' lang='lat' dir='ltr'>moderatur,</span> <span class='ocrx_word' id='word_1_558' title='bbox 2645 2703 2870 2760; x_wconf 86' lang='lat' dir='ltr'>emollit</span> <span class='ocrx_word' id='word_1_559' title='bbox 2900 2703 3114 2775; x_wconf 88' lang='lat' dir='ltr'>rigida,</span> <span class='ocrx_word' id='word_1_560' title='bbox 3145 2704 3311 2760; x_wconf 81' lang='lat' dir='ltr'>ﬂuxa</span> <span class='ocrx_word' id='word_1_561' title='bbox 3343 2703 3659 2774; x_wconf 79' lang='lat' dir='ltr'>restringit,</span> <span class='ocrx_word' id='word_1_562' title='bbox 3673 2718 3748 2760; x_wconf 91' lang='lat' dir='ltr'>ex</span> <span class='ocrx_word' id='word_1_563' title='bbox 3773 2703 3911 2776; x_wconf 87' lang='lat' dir='ltr'>ipsa</span> 
     </span>
    </p>
   </div>
   <div class='ocr_carea' id='block_1_69' title="bbox 2245 2791 3910 2866">
    <p class='ocr_par' dir='ltr' id='par_1_69' title="bbox 2245 2791 3910 2866">
     <span class='ocr_line' id='line_1_69' title="bbox 2245 2791 3910 2866; baseline 0 -18"><span class='ocrx_word' id='word_1_564' title='bbox 2245 2792 2362 2848; x_wconf 90' lang='lat' dir='ltr'>hac</span> <span class='ocrx_word' id='word_1_565' title='bbox 2403 2791 2739 2848; x_wconf 89' lang='lat' dir='ltr'>diversitate</span> <span class='ocrx_word' id='word_1_566' title='bbox 2783 2794 3194 2863; x_wconf 86' lang='lat' dir='ltr'>cognitionum</span> <span class='ocrx_word' id='word_1_567' title='bbox 3240 2793 3412 2866; x_wconf 86' lang='lat' dir='ltr'>quasi</span> <span class='ocrx_word' id='word_1_568' title='bbox 3443 2793 3692 2866; x_wconf 89' lang='lat' dir='ltr'>quidam</span> <span class='ocrx_word' id='word_1_569' title='bbox 3739 2791 3910 2848; x_wconf 90' lang='lat' dir='ltr'>illum</span> 
     </span>
    </p>
   </div>
   <div class='ocr_carea' id='block_1_70' title="bbox 2249 2881 3914 2954">
    <p class='ocr_par' dir='ltr' id='par_1_70' title="bbox 2249 2881 3914 2954">
     <span class='ocr_line' id='line_1_70' title="bbox 2249 2881 3914 2954; baseline 0 -18"><span class='ocrx_word' id='word_1_570' title='bbox 2249 2881 2540 2937; x_wconf 80' lang='lat' dir='ltr'>exercitus</span> <span class='ocrx_word' id='word_1_571' title='bbox 2591 2881 2957 2938; x_wconf 85' lang='lat' dir='ltr'>circumstat.</span> <span class='ocrx_word' id='word_1_572' title='bbox 3013 2882 3144 2938; x_wconf 90' lang='lat' dir='ltr'>Sive</span> <span class='ocrx_word' id='word_1_573' title='bbox 3188 2887 3342 2938; x_wconf 88' lang='lat' dir='ltr'>certe</span> <span class='ocrx_word' id='word_1_574' title='bbox 3385 2882 3560 2954; x_wconf 88' lang='lat' dir='ltr'>quasi</span> <span class='ocrx_word' id='word_1_575' title='bbox 3598 2897 3702 2938; x_wconf 83' lang='lat' dir='ltr'>rex</span> <span class='ocrx_word' id='word_1_576' title='bbox 3746 2881 3914 2938; x_wconf 89' lang='lat' dir='ltr'>sedet</span> 
     </span>
    </p>
   </div>
   <div class='ocr_carea' id='block_1_71' title="bbox 2250 2969 3912 3045">
    <p class='ocr_par' dir='ltr' id='par_1_71' title="bbox 2250 2969 3912 3045">
     <span class='ocr_line' id='line_1_71' title="bbox 2250 2969 3912 3045; baseline 0 -19"><span class='ocrx_word' id='word_1_577' title='bbox 2250 2970 2671 3028; x_wconf 86' lang='lat' dir='ltr'>circumstante</span> <span class='ocrx_word' id='word_1_578' title='bbox 2700 2971 2980 3041; x_wconf 85' lang='lat' dir='ltr'>exercitu,</span> <span class='ocrx_word' id='word_1_579' title='bbox 3011 2971 3157 3044; x_wconf 91' lang='lat' dir='ltr'>quia</span> <span class='ocrx_word' id='word_1_580' title='bbox 3183 2971 3538 3045; x_wconf 80' lang='lat' dir='ltr'>praesidente</span> <span class='ocrx_word' id='word_1_581' title='bbox 3570 2970 3670 3026; x_wconf 90' lang='lat' dir='ltr'>illo</span> <span class='ocrx_word' id='word_1_582' title='bbox 3701 2969 3912 3026; x_wconf 84' lang='lat' dir='ltr'>menti-</span> 
     </span>
    </p>
   </div>
   <div class='ocr_carea' id='block_1_72' title="bbox 2250 3058 3916 3124">
    <p class='ocr_par' dir='ltr' id='par_1_72' title="bbox 2250 3058 3916 3124">
     <span class='ocr_line' id='line_1_72' title="bbox 2250 3058 3916 3124; baseline 0 -10"><span class='ocrx_word' id='word_1_583' title='bbox 2250 3059 2366 3114; x_wconf 89' lang='lat' dir='ltr'>bus</span> <span class='ocrx_word' id='word_1_584' title='bbox 2423 3058 2747 3116; x_wconf 89' lang='lat' dir='ltr'>electorum</span> <span class='ocrx_word' id='word_1_585' title='bbox 2800 3061 3144 3116; x_wconf 86' lang='lat' dir='ltr'>circumstat</span> <span class='ocrx_word' id='word_1_586' title='bbox 3191 3059 3368 3117; x_wconf 88' lang='lat' dir='ltr'>turba</span> <span class='ocrx_word' id='word_1_587' title='bbox 3404 3060 3712 3115; x_wconf 81' lang='lat' dir='ltr'>virtutum.</span> <span class='ocrx_word' id='word_1_588' title='bbox 3765 3059 3916 3124; x_wconf 86' lang='lat' dir='ltr'>Quia</span> 
     </span>
    </p>
   </div>
   <div class='ocr_carea' id='block_1_73' title="bbox 2251 3147 3916 3220">
    <p class='ocr_par' dir='ltr' id='par_1_73' title="bbox 2251 3147 3916 3220">
     <span class='ocr_line' id='line_1_73' title="bbox 2251 3147 3916 3220; baseline 0 -16"><span class='ocrx_word' id='word_1_589' title='bbox 2251 3148 2429 3204; x_wconf 88' lang='lat' dir='ltr'>etiam</span> <span class='ocrx_word' id='word_1_590' title='bbox 2462 3149 2843 3205; x_wconf 77' lang='lat' dir='ltr'>mmrentium</span> <span class='ocrx_word' id='word_1_591' title='bbox 2874 3149 3218 3205; x_wconf 89' lang='lat' dir='ltr'>consolator</span> <span class='ocrx_word' id='word_1_592' title='bbox 3263 3153 3355 3205; x_wconf 90' lang='lat' dir='ltr'>est</span> <span class='ocrx_word' id='word_1_593' title='bbox 3392 3164 3464 3205; x_wconf 88' lang='lat' dir='ltr'>ea</span> <span class='ocrx_word' id='word_1_594' title='bbox 3511 3147 3916 3220; x_wconf 85' lang='lat' dir='ltr'>promissione</span> 
     </span>
    </p>
   </div>
   <div class='ocr_carea' id='block_1_74' title="bbox 2252 3237 3916 3312">
    <p class='ocr_par' dir='ltr' id='par_1_74' title="bbox 2252 3237 3916 3312">
     <span class='ocr_line' id='line_1_74' title="bbox 2252 3237 3916 3312; baseline 0.001 -19"><span class='ocrx_word' id='word_1_595' title='bbox 2252 3253 2376 3310; x_wconf 92' lang='lat' dir='ltr'>qua</span> <span class='ocrx_word' id='word_1_596' title='bbox 2403 3237 2544 3294; x_wconf 91' lang='lat' dir='ltr'>dicit</span> <span class='ocrx_word' id='word_1_597' title='bbox 2571 3255 2584 3293; x_wconf 92' lang='lat'><strong>:</strong></span> <span class='ocrx_word' id='word_1_598' title='bbox 2617 3259 2646 3288; x_wconf 87' lang='lat'>«</span> <span class='ocrx_word' id='word_1_599' title='bbox 2680 3239 2837 3294; x_wconf 88' lang='lat' dir='ltr'>Beati</span> <span class='ocrx_word' id='word_1_600' title='bbox 2867 3239 2971 3311; x_wconf 90' lang='lat' dir='ltr'>qui</span> <span class='ocrx_word' id='word_1_601' title='bbox 2997 3238 3224 3309; x_wconf 85' lang='lat' dir='ltr'>lugent,</span> <span class='ocrx_word' id='word_1_602' title='bbox 3242 3239 3533 3312; x_wconf 90' lang='lat' dir='ltr'>quoniam</span> <span class='ocrx_word' id='word_1_603' title='bbox 3562 3237 3676 3311; x_wconf 91' lang='lat' dir='ltr'>ipsi</span> <span class='ocrx_word' id='word_1_604' title='bbox 3697 3253 3916 3294; x_wconf 78' lang='lat' dir='ltr'>conso-</span> 
     </span>
    </p>
   </div>
   <div class='ocr_carea' id='block_1_75' title="bbox 2251 3327 3916 3400">
    <p class='ocr_par' dir='ltr' id='par_1_75' title="bbox 2251 3327 3916 3400">
     <span class='ocr_line' id='line_1_75' title="bbox 2251 3327 3916 3400; baseline 0.001 -18"><span class='ocrx_word' id='word_1_605' title='bbox 2251 3327 2538 3384; x_wconf 90' lang='lat' dir='ltr'>labuntur</span> <span class='ocrx_word' id='word_1_606' title='bbox 2567 3327 2780 3399; x_wconf 81' lang='lat' dir='ltr'>(Marc.</span> <span class='ocrx_word' id='word_1_607' title='bbox 2805 3344 2862 3399; x_wconf 91' lang='lat' dir='ltr'>v,</span> <span class='ocrx_word' id='word_1_608' title='bbox 2896 3329 2970 3400; x_wconf 78' lang='grc' dir='ltr'>ὅ).</span> <span class='ocrx_word' id='word_1_609' title='bbox 3004 3351 3031 3377; x_wconf 88' lang='grc'><strong>››</strong></span> <span class='ocrx_word' id='word_1_610' title='bbox 3063 3331 3130 3384; x_wconf 89' lang='lat' dir='ltr'>Et</span> <span class='ocrx_word' id='word_1_611' title='bbox 3153 3344 3360 3384; x_wconf 88' lang='lat' dir='ltr'>rursus</span> <span class='ocrx_word' id='word_1_612' title='bbox 3401 3345 3413 3382; x_wconf 93' lang='lat'><strong>:</strong></span> <span class='ocrx_word' id='word_1_613' title='bbox 3457 3346 3489 3382; x_wconf 66' lang='grc' dir='ltr'><strong>ς</strong></span> <span class='ocrx_word' id='word_1_614' title='bbox 3521 3327 3756 3384; x_wconf 85' lang='lat' dir='ltr'>Videbo</span> <span class='ocrx_word' id='word_1_615' title='bbox 3783 3342 3916 3396; x_wconf 80' lang='lat' dir='ltr'>vos,</span> 
     </span>
    </p>
   </div>
   <div class='ocr_carea' id='block_1_76' title="bbox 2253 3416 3914 3487">
    <p class='ocr_par' dir='ltr' id='par_1_76' title="bbox 2253 3416 3914 3487">
     <span class='ocr_line' id='line_1_76' title="bbox 2253 3416 3914 3487; baseline 0 -14"><span class='ocrx_word' id='word_1_616' title='bbox 2253 3421 2310 3473; x_wconf 91' lang='lat' dir='ltr'>et</span> <span class='ocrx_word' id='word_1_617' title='bbox 2335 3416 2622 3487; x_wconf 88' lang='lat' dir='ltr'>gaudebit</span> <span class='ocrx_word' id='word_1_618' title='bbox 2649 3433 2752 3473; x_wconf 90' lang='lat' dir='ltr'>cor</span> <span class='ocrx_word' id='word_1_619' title='bbox 2781 3423 3067 3484; x_wconf 89' lang='lat' dir='ltr'>vestrum,</span> <span class='ocrx_word' id='word_1_620' title='bbox 3099 3423 3157 3474; x_wconf 90' lang='lat' dir='ltr'>et</span> <span class='ocrx_word' id='word_1_621' title='bbox 3185 3417 3476 3487; x_wconf 81' lang='lat' dir='ltr'>gaudium</span> <span class='ocrx_word' id='word_1_622' title='bbox 3510 3423 3778 3474; x_wconf 89' lang='lat' dir='ltr'>vestrum</span> <span class='ocrx_word' id='word_1_623' title='bbox 3808 3433 3914 3473; x_wconf 85' lang='lat' dir='ltr'>ne-</span> 
     </span>
    </p>
   </div>
   <div class='ocr_carea' id='block_1_77' title="bbox 2253 3505 3918 3580">
    <p class='ocr_par' dir='ltr' id='par_1_77' title="bbox 2253 3505 3918 3580">
     <span class='ocr_line' id='line_1_77' title="bbox 2253 3505 3918 3580; baseline 0.001 -20"><span class='ocrx_word' id='word_1_624' title='bbox 2253 3520 2356 3560; x_wconf 91' lang='lat' dir='ltr'>mo</span> <span class='ocrx_word' id='word_1_625' title='bbox 2383 3505 2544 3562; x_wconf 87' lang='lat' dir='ltr'>tollet</span> <span class='ocrx_word' id='word_1_626' title='bbox 2567 3521 2604 3562; x_wconf 88' lang='lat' dir='ltr'>a</span> <span class='ocrx_word' id='word_1_627' title='bbox 2633 3505 2804 3562; x_wconf 90' lang='lat' dir='ltr'>vobis</span> <span class='ocrx_word' id='word_1_628' title='bbox 2833 3509 3028 3574; x_wconf 74' lang='lat' dir='ltr'>(.lcan.</span> <span class='ocrx_word' id='word_1_629' title='bbox 3057 3508 3296 3578; x_wconf 79' lang='lat' dir='ltr'>xvx,22).</span> <span class='ocrx_word' id='word_1_630' title='bbox 3323 3525 3352 3559; x_wconf 82' lang='grc'><strong>»</strong></span> <span class='ocrx_word' id='word_1_631' title='bbox 3387 3510 3468 3564; x_wconf 88' lang='lat' dir='ltr'>Ea</span> <span class='ocrx_word' id='word_1_632' title='bbox 3497 3522 3638 3562; x_wconf 90' lang='lat' dir='ltr'>vero</span> <span class='ocrx_word' id='word_1_633' title='bbox 3667 3523 3806 3580; x_wconf 71' lang='lat' dir='ltr'>quae</span> <span class='ocrx_word' id='word_1_634' title='bbox 3841 3505 3918 3563; x_wconf 89' lang='lat' dir='ltr'>de</span> 
     </span>
    </p>
   </div>
   <div class='ocr_carea' id='block_1_78' title="bbox 2255 3595 3923 3669">
    <p class='ocr_par' dir='ltr' id='par_1_78' title="bbox 2255 3595 3923 3669">
     <span class='ocr_line' id='line_1_78' title="bbox 2255 3595 3923 3669; baseline 0.002 -19"><span class='ocrx_word' id='word_1_635' title='bbox 2255 3599 2475 3650; x_wconf 70' lang='lat' dir='ltr'>sanctas</span> <span class='ocrx_word' id='word_1_636' title='bbox 2507 3595 2774 3653; x_wconf 70' lang='lat' dir='ltr'>Ecclesiae</span> <span class='ocrx_word' id='word_1_637' title='bbox 2799 3597 2993 3669; x_wconf 89' lang='lat' dir='ltr'>capite</span> <span class='ocrx_word' id='word_1_638' title='bbox 3021 3596 3304 3658; x_wconf 89' lang='lat' dir='ltr'>diximus,</span> <span class='ocrx_word' id='word_1_639' title='bbox 3350 3596 3501 3652; x_wconf 89' lang='lat' dir='ltr'>nihil</span> <span class='ocrx_word' id='word_1_640' title='bbox 3528 3596 3726 3652; x_wconf 87' lang='lat' dir='ltr'>obstat</span> <span class='ocrx_word' id='word_1_641' title='bbox 3753 3597 3800 3652; x_wconf 88' lang='lat' dir='ltr'>si</span> <span class='ocrx_word' id='word_1_642' title='bbox 3841 3595 3923 3654; x_wconf 80' lang='lat' dir='ltr'>ad</span> 
     </span>
    </p>
   </div>
   <div class='ocr_carea' id='block_1_79' title="bbox 2254 3684 3928 3757">
    <p class='ocr_par' dir='ltr' id='par_1_79' title="bbox 2254 3684 3928 3757">
     <span class='ocr_line' id='line_1_79' title="bbox 2254 3684 3928 3757; baseline 0.002 -19"><span class='ocrx_word' id='word_1_643' title='bbox 2254 3699 2468 3739; x_wconf 89' lang='lat' dir='ltr'>vocem</span> <span class='ocrx_word' id='word_1_644' title='bbox 2497 3699 2741 3756; x_wconf 90' lang='lat' dir='ltr'>quoque</span> <span class='ocrx_word' id='word_1_645' title='bbox 2787 3685 2978 3757; x_wconf 89' lang='lat' dir='ltr'>ipsius</span> <span class='ocrx_word' id='word_1_646' title='bbox 3025 3685 3298 3741; x_wconf 74' lang='lat' dir='ltr'>Ecclesim</span> <span class='ocrx_word' id='word_1_647' title='bbox 3339 3684 3695 3742; x_wconf 87' lang='lat' dir='ltr'>referamus.</span> <span class='ocrx_word' id='word_1_648' title='bbox 3747 3691 3812 3742; x_wconf 91' lang='lat' dir='ltr'>ln</span> <span class='ocrx_word' id='word_1_649' title='bbox 3849 3700 3928 3743; x_wconf 82' lang='lat' dir='ltr'>ea</span> 
     </span>
    </p>
   </div>
   <div class='ocr_carea' id='block_1_80' title="bbox 2255 3773 3923 3848">
    <p class='ocr_par' dir='ltr' id='par_1_80' title="bbox 2255 3773 3923 3848">
     <span class='ocr_line' id='line_1_80' title="bbox 2255 3773 3923 3848; baseline 0.002 -20"><span class='ocrx_word' id='word_1_650' title='bbox 2255 3773 2482 3846; x_wconf 90' lang='lat' dir='ltr'>quippe</span> <span class='ocrx_word' id='word_1_651' title='bbox 2511 3773 2660 3829; x_wconf 90' lang='lat' dir='ltr'>ordo</span> <span class='ocrx_word' id='word_1_652' title='bbox 2690 3774 3006 3830; x_wconf 89' lang='lat' dir='ltr'>doctorum</span> <span class='ocrx_word' id='word_1_653' title='bbox 3032 3774 3210 3848; x_wconf 90' lang='lat' dir='ltr'>quasi</span> <span class='ocrx_word' id='word_1_654' title='bbox 3238 3790 3341 3830; x_wconf 86' lang='lat' dir='ltr'>rex</span> <span class='ocrx_word' id='word_1_655' title='bbox 3388 3775 3688 3848; x_wconf 65' lang='lat' dir='ltr'>praesidet,</span> <span class='ocrx_word' id='word_1_656' title='bbox 3736 3791 3923 3848; x_wconf 87' lang='lat' dir='ltr'>quem</span> 
     </span>
    </p>
   </div>
   <div class='ocr_carea' id='block_1_81' title="bbox 2255 3861 3930 3938">
    <p class='ocr_par' dir='ltr' id='par_1_81' title="bbox 2255 3861 3930 3938">
     <span class='ocr_line' id='line_1_81' title="bbox 2255 3861 3930 3938; baseline 0.003 -21"><span class='ocrx_word' id='word_1_657' title='bbox 2255 3861 2524 3918; x_wconf 89' lang='lat' dir='ltr'>ﬁdelium</span> <span class='ocrx_word' id='word_1_658' title='bbox 2578 3878 2828 3919; x_wconf 90' lang='lat' dir='ltr'>suorum</span> <span class='ocrx_word' id='word_1_659' title='bbox 2878 3864 3054 3924; x_wconf 82' lang='lat' dir='ltr'>turba</span> <span class='ocrx_word' id='word_1_660' title='bbox 3093 3865 3459 3932; x_wconf 88' lang='lat' dir='ltr'>circumstat,</span> <span class='ocrx_word' id='word_1_661' title='bbox 3517 3880 3655 3938; x_wconf 72' lang='lat' dir='ltr'>quea</span> <span class='ocrx_word' id='word_1_662' title='bbox 3701 3865 3930 3922; x_wconf 87' lang='lat' dir='ltr'>scilicet</span> 
     </span>
    </p>
   </div>
   <div class='ocr_carea' id='block_1_82' title="bbox 2259 3951 3923 4027">
    <p class='ocr_par' dir='ltr' id='par_1_82' title="bbox 2259 3951 3923 4027">
     <span class='ocr_line' id='line_1_82' title="bbox 2259 3951 3923 4027; baseline 0.002 -19"><span class='ocrx_word' id='word_1_663' title='bbox 2259 3951 2578 4009; x_wconf 90' lang='lat' dir='ltr'>multitudo</span> <span class='ocrx_word' id='word_1_664' title='bbox 2607 3953 2897 4019; x_wconf 41' lang='lat' dir='ltr'>ﬁdeliuri,</span> <span class='ocrx_word' id='word_1_665' title='bbox 2945 3959 3103 4010; x_wconf 83' lang='lat' dir='ltr'>recte</span> <span class='ocrx_word' id='word_1_666' title='bbox 3152 3970 3396 4027; x_wconf 86' lang='lat' dir='ltr'>quoque</span> <span class='ocrx_word' id='word_1_667' title='bbox 3443 3953 3740 4011; x_wconf 84' lang='lat' dir='ltr'>exercitus</span> <span class='ocrx_word' id='word_1_668' title='bbox 3771 3954 3923 4011; x_wconf 89' lang='lat' dir='ltr'>dici-</span> 
     </span>
    </p>
   </div>
   <div class='ocr_carea' id='block_1_83' title="bbox 2260 4042 3923 4118">
    <p class='ocr_par' dir='ltr' id='par_1_83' title="bbox 2260 4042 3923 4118">
     <span class='ocr_line' id='line_1_83' title="bbox 2260 4042 3923 4118; baseline 0.001 -18"><span class='ocrx_word' id='word_1_669' title='bbox 2260 4047 2373 4113; x_wconf 88' lang='lat' dir='ltr'>tur,</span> <span class='ocrx_word' id='word_1_670' title='bbox 2417 4043 2559 4115; x_wconf 90' lang='lat' dir='ltr'>quia</span> <span class='ocrx_word' id='word_1_671' title='bbox 2613 4042 2674 4098; x_wconf 90' lang='lat' dir='ltr'>in</span> <span class='ocrx_word' id='word_1_672' title='bbox 2717 4043 3028 4116; x_wconf 90' lang='lat' dir='ltr'>procinctu</span> <span class='ocrx_word' id='word_1_673' title='bbox 3075 4044 3377 4100; x_wconf 89' lang='lat' dir='ltr'>bonorum</span> <span class='ocrx_word' id='word_1_674' title='bbox 3398 4049 3652 4118; x_wconf 83' lang='lat' dir='ltr'>operum</span> <span class='ocrx_word' id='word_1_675' title='bbox 3697 4044 3923 4101; x_wconf 85' lang='lat' dir='ltr'>indesi-</span> 
     </span>
    </p>
   </div>
   <div class='ocr_carea' id='block_1_84' title="bbox 2259 4132 3924 4208">
    <p class='ocr_par' dir='ltr' id='par_1_84' title="bbox 2259 4132 3924 4208">
     <span class='ocr_line' id='line_1_84' title="bbox 2259 4132 3924 4208; baseline 0.001 -20"><span class='ocrx_word' id='word_1_676' title='bbox 2259 4135 2468 4188; x_wconf 85' lang='lat' dir='ltr'>nenter</span> <span class='ocrx_word' id='word_1_677' title='bbox 2503 4133 2771 4206; x_wconf 89' lang='lat' dir='ltr'>quotidie</span> <span class='ocrx_word' id='word_1_678' title='bbox 2823 4138 3029 4189; x_wconf 88' lang='lat' dir='ltr'>contra</span> <span class='ocrx_word' id='word_1_679' title='bbox 3060 4133 3452 4190; x_wconf 89' lang='lat' dir='ltr'>tentationum</span> <span class='ocrx_word' id='word_1_680' title='bbox 3496 4132 3654 4189; x_wconf 89' lang='lat' dir='ltr'>bella</span> <span class='ocrx_word' id='word_1_681' title='bbox 3681 4150 3924 4208; x_wconf 75' lang='lat' dir='ltr'>pt&#39;tha-</span> 
     </span>
    </p>
   </div>
   <div class='ocr_carea' id='block_1_85' title="bbox 2257 4221 3928 4294">
    <p class='ocr_par' dir='ltr' id='par_1_85' title="bbox 2257 4221 3928 4294">
     <span class='ocr_line' id='line_1_85' title="bbox 2257 4221 3928 4294; baseline 0.002 -18"><span class='ocrx_word' id='word_1_682' title='bbox 2257 4226 2441 4277; x_wconf 89' lang='lat' dir='ltr'>ratur.</span> <span class='ocrx_word' id='word_1_683' title='bbox 2479 4221 2666 4278; x_wconf 90' lang='lat' dir='ltr'>Corde</span> <span class='ocrx_word' id='word_1_684' title='bbox 2703 4238 2947 4294; x_wconf 89' lang='lat' dir='ltr'>quoque</span> <span class='ocrx_word' id='word_1_685' title='bbox 2975 4223 3356 4278; x_wconf 66' lang='lat' dir='ltr'>maerentium</span> <span class='ocrx_word' id='word_1_686' title='bbox 3407 4227 3615 4280; x_wconf 86' lang='lat' dir='ltr'>sancta</span> <span class='ocrx_word' id='word_1_687' title='bbox 3661 4223 3928 4280; x_wconf 84' lang='lat' dir='ltr'>Ecclesia</span> 
     </span>
    </p>
   </div>
   <div class='ocr_carea' id='block_1_86' title="bbox 490 4307 3927 4384">
    <p class='ocr_par' dir='ltr' id='par_1_86' title="bbox 490 4307 3927 4384">
     <span class='ocr_line' id='line_1_86' title="bbox 490 4307 3927 4384; baseline 0.002 -22"><span class='ocrx_word' id='word_1_688' title='bbox 490 4323 629 4362; x_wconf 91' lang='lat' dir='ltr'>rum</span> <span class='ocrx_word' id='word_1_689' title='bbox 655 4307 785 4364; x_wconf 90' lang='lat' dir='ltr'>vias</span> <span class='ocrx_word' id='word_1_690' title='bbox 814 4309 1202 4380; x_wconf 89' lang='lat' dir='ltr'>prosequenti</span> <span class='ocrx_word' id='word_1_691' title='bbox 1228 4308 1431 4366; x_wconf 89' lang='lat' dir='ltr'>favore</span> <span class='ocrx_word' id='word_1_692' title='bbox 1459 4311 1824 4384; x_wconf 90' lang='lat' dir='ltr'>prosperari,</span> <span class='ocrx_word' id='word_1_693' title='bbox 1879 4311 2029 4368; x_wconf 90' lang='lat' dir='ltr'>sicut</span> <span class='ocrx_word' id='word_1_694' title='bbox 2074 4312 2150 4368; x_wconf 91' lang='lat' dir='ltr'>de</span> <span class='ocrx_word' id='word_1_695' title='bbox 2183 4359 2224 4384; x_wconf 66' lang='grc' dir='ltr'><strong>η</strong></span> <span class='ocrx_word' id='word_1_696' title='bbox 2263 4310 2780 4377; x_wconf 88' lang='lat' dir='ltr'>consolatur,dum</span> <span class='ocrx_word' id='word_1_697' title='bbox 2801 4311 3108 4382; x_wconf 67' lang='lat' dir='ltr'>praesentis</span> <span class='ocrx_word' id='word_1_698' title='bbox 3130 4311 3625 4384; x_wconf 83' lang='lat' dir='ltr'>peregrinationis</span> <span class='ocrx_word' id='word_1_699' title='bbox 3650 4328 3927 4370; x_wconf 80' lang='lat' dir='ltr'>aerumna</span> 
     </span>
    </p>
   </div>
   <div class='ocr_carea' id='block_1_87' title="bbox 493 4393 2148 4471">
    <p class='ocr_par' dir='ltr' id='par_1_87' title="bbox 493 4393 2148 4471">
     <span class='ocr_line' id='line_1_87' title="bbox 493 4393 2148 4471; baseline 0.004 -22"><span class='ocrx_word' id='word_1_700' title='bbox 493 4393 588 4450; x_wconf 82' lang='lat' dir='ltr'>his</span> <span class='ocrx_word' id='word_1_701' title='bbox 619 4411 862 4468; x_wconf 90' lang='lat' dir='ltr'>quoque</span> <span class='ocrx_word' id='word_1_702' title='bbox 889 4411 997 4469; x_wconf 80' lang='lat' dir='ltr'>per</span> <span class='ocrx_word' id='word_1_703' title='bbox 1025 4412 1206 4452; x_wconf 90' lang='lat' dir='ltr'>usum</span> <span class='ocrx_word' id='word_1_704' title='bbox 1229 4397 1464 4466; x_wconf 90' lang='lat' dir='ltr'>dicitur,</span> <span class='ocrx_word' id='word_1_705' title='bbox 1497 4414 1652 4471; x_wconf 91' lang='lat' dir='ltr'>quos</span> <span class='ocrx_word' id='word_1_706' title='bbox 1680 4399 1742 4454; x_wconf 89' lang='lat' dir='ltr'>in</span> <span class='ocrx_word' id='word_1_707' title='bbox 1772 4399 1992 4456; x_wconf 75' lang='lat' dir='ltr'>saeculo</span> <span class='ocrx_word' id='word_1_708' title='bbox 2023 4400 2148 4456; x_wconf 89' lang='lat' dir='ltr'>feli-</span> 
     </span>
    </p>
   </div>
   <div class='ocr_carea' id='block_1_88' title="bbox 495 4481 2152 4544">
    <p class='ocr_par' dir='ltr' id='par_1_88' title="bbox 495 4481 2152 4544">
     <span class='ocr_line' id='line_1_88' title="bbox 495 4481 2152 4544; baseline 0.004 -7"><span class='ocrx_word' id='word_1_709' title='bbox 495 4481 688 4538; x_wconf 90' lang='lat' dir='ltr'>citatis</span> <span class='ocrx_word' id='word_1_710' title='bbox 735 4481 1151 4540; x_wconf 88' lang='lat' dir='ltr'>blandimenta</span> <span class='ocrx_word' id='word_1_711' title='bbox 1199 4485 1579 4541; x_wconf 90' lang='lat' dir='ltr'>comitantur.</span> <span class='ocrx_word' id='word_1_712' title='bbox 1635 4485 1840 4542; x_wconf 84' lang='lat' dir='ltr'>Arrisit</span> <span class='ocrx_word' id='word_1_713' title='bbox 1866 4486 1980 4543; x_wconf 90' lang='lat' dir='ltr'>illis</span> <span class='ocrx_word' id='word_1_714' title='bbox 2009 4493 2152 4544; x_wconf 90' lang='lat' dir='ltr'>tem-</span> 
     </span>
    </p>
   </div>
   <div class='ocr_carea' id='block_1_89' title="bbox 493 4569 2152 4646">
    <p class='ocr_par' dir='ltr' id='par_1_89' title="bbox 493 4569 2152 4646">
     <span class='ocr_line' id='line_1_89' title="bbox 493 4569 2152 4646; baseline 0.003 -19"><span class='ocrx_word' id='word_1_715' title='bbox 493 4587 630 4646; x_wconf 90' lang='lat' dir='ltr'>pus,</span> <span class='ocrx_word' id='word_1_716' title='bbox 667 4569 774 4626; x_wconf 87' lang='lat' dir='ltr'>sed</span> <span class='ocrx_word' id='word_1_717' title='bbox 816 4571 1196 4645; x_wconf 81' lang='lat' dir='ltr'>Redemptori</span> <span class='ocrx_word' id='word_1_718' title='bbox 1243 4576 1452 4628; x_wconf 88' lang='lat' dir='ltr'>nostro</span> <span class='ocrx_word' id='word_1_719' title='bbox 1495 4573 1672 4646; x_wconf 89' lang='lat' dir='ltr'>quasi</span> <span class='ocrx_word' id='word_1_720' title='bbox 1714 4573 1998 4632; x_wconf 90' lang='lat' dir='ltr'>arridenti</span> <span class='ocrx_word' id='word_1_721' title='bbox 2029 4591 2152 4632; x_wconf 75' lang='lat' dir='ltr'>non</span> 
     </span>
    </p>
   </div>
   <div class='ocr_carea' id='block_1_90' title="bbox 493 4659 2154 4734">
    <p class='ocr_par' dir='ltr' id='par_1_90' title="bbox 493 4659 2154 4734">
     <span class='ocr_line' id='line_1_90' title="bbox 493 4659 2154 4734; baseline 0.002 -16"><span class='ocrx_word' id='word_1_722' title='bbox 493 4660 816 4730; x_wconf 86' lang='lat' dir='ltr'>credimus,</span> <span class='ocrx_word' id='word_1_723' title='bbox 868 4659 1016 4717; x_wconf 91' lang='lat' dir='ltr'>dum</span> <span class='ocrx_word' id='word_1_724' title='bbox 1059 4661 1262 4718; x_wconf 87' lang='lat' dir='ltr'>multis</span> <span class='ocrx_word' id='word_1_725' title='bbox 1295 4662 1427 4734; x_wconf 89' lang='lat' dir='ltr'>jam</span> <span class='ocrx_word' id='word_1_726' title='bbox 1475 4661 1650 4719; x_wconf 91' lang='lat' dir='ltr'>donis</span> <span class='ocrx_word' id='word_1_727' title='bbox 1694 4663 2066 4733; x_wconf 91' lang='lat' dir='ltr'>testantibus,</span> <span class='ocrx_word' id='word_1_728' title='bbox 2099 4671 2154 4722; x_wconf 93' lang='lat' dir='ltr'>et</span> 
     </span>
    </p>
   </div>
   <div class='ocr_carea' id='block_1_91' title="bbox 495 4749 2156 4827">
    <p class='ocr_par' dir='ltr' id='par_1_91' title="bbox 495 4749 2156 4827">
     <span class='ocr_line' id='line_1_91' title="bbox 495 4749 2156 4827; baseline 0.003 -18"><span class='ocrx_word' id='word_1_729' title='bbox 495 4751 750 4823; x_wconf 62' lang='lat' dir='ltr'>gradum</span> <span class='ocrx_word' id='word_1_730' title='bbox 773 4751 997 4810; x_wconf 76' lang='lat' dir='ltr'>favoris</span> <span class='ocrx_word' id='word_1_731' title='bbox 1027 4751 1160 4824; x_wconf 73' lang='lat' dir='ltr'>ejus</span> <span class='ocrx_word' id='word_1_732' title='bbox 1205 4753 1560 4827; x_wconf 84' lang='lat' dir='ltr'>accipimus,</span> <span class='ocrx_word' id='word_1_733' title='bbox 1605 4758 1666 4810; x_wconf 87' lang='lat' dir='ltr'>et</span> <span class='ocrx_word' id='word_1_734' title='bbox 1707 4749 1936 4811; x_wconf 67' lang='lat' dir='ltr'>tamen&#39;</span> <span class='ocrx_word' id='word_1_735' title='bbox 1955 4755 2156 4814; x_wconf 82' lang='lat' dir='ltr'>adhuc</span> 
     </span>
    </p>
   </div>
   <div class='ocr_carea' id='block_1_92' title="bbox 495 4841 2151 4913">
    <p class='ocr_par' dir='ltr' id='par_1_92' title="bbox 495 4841 2151 4913">
     <span class='ocr_line' id='line_1_92' title="bbox 495 4841 2151 4913; baseline 0.004 -17"><span class='ocrx_word' id='word_1_736' title='bbox 495 4841 608 4896; x_wconf 88' lang='lat' dir='ltr'>sub</span> <span class='ocrx_word' id='word_1_737' title='bbox 633 4842 764 4913; x_wconf 89' lang='lat' dir='ltr'>ejus</span> <span class='ocrx_word' id='word_1_738' title='bbox 782 4841 1010 4913; x_wconf 90' lang='lat' dir='ltr'>judicio</span> <span class='ocrx_word' id='word_1_739' title='bbox 1047 4841 1122 4898; x_wconf 91' lang='lat' dir='ltr'>de</span> <span class='ocrx_word' id='word_1_740' title='bbox 1166 4847 1376 4900; x_wconf 80' lang='lat' dir='ltr'>nostra</span> <span class='ocrx_word' id='word_1_741' title='bbox 1413 4842 1760 4900; x_wconf 77' lang='lat' dir='ltr'>infirmitate</span> <span class='ocrx_word' id='word_1_742' title='bbox 1805 4843 2151 4903; x_wconf 85' lang='lat' dir='ltr'>titubamus.</span> 
     </span>
    </p>
   </div>
   <div class='ocr_carea' id='block_1_93' title="bbox 493 4929 2153 5009">
    <p class='ocr_par' dir='ltr' id='par_1_93' title="bbox 493 4929 2153 5009">
     <span class='ocr_line' id='line_1_93' title="bbox 493 4929 2153 5009; baseline 0.005 -25"><span class='ocrx_word' id='word_1_743' title='bbox 493 4929 640 4986; x_wconf 80' lang='lat' dir='ltr'>Hinc</span> <span class='ocrx_word' id='word_1_744' title='bbox 689 4943 798 5002; x_wconf 80' lang='lat' dir='ltr'>per</span> <span class='ocrx_word' id='word_1_745' title='bbox 849 4931 1234 4990; x_wconf 81' lang='lat' dir='ltr'>Salomonem</span> <span class='ocrx_word' id='word_1_746' title='bbox 1281 4931 1500 4990; x_wconf 89' lang='lat' dir='ltr'>dicitur</span> <span class='ocrx_word' id='word_1_747' title='bbox 1525 4950 1540 4990; x_wconf 86' lang='lat'><strong>:</strong></span> <span class='ocrx_word' id='word_1_748' title='bbox 1570 4955 1600 4984; x_wconf 77' lang='grc' dir='ltr'><strong><em>α</em></strong></span> <span class='ocrx_word' id='word_1_749' title='bbox 1627 4933 1846 4990; x_wconf 84' lang='lat' dir='ltr'>Beatus</span> <span class='ocrx_word' id='word_1_750' title='bbox 1901 4935 1995 4991; x_wconf 88' lang='lat' dir='ltr'>vir</span> <span class='ocrx_word' id='word_1_751' title='bbox 2047 4936 2153 5009; x_wconf 92' lang='lat' dir='ltr'>qui</span> 
     </span>
    </p>
   </div>
   <div class='ocr_carea' id='block_1_94' title="bbox 494 5020 2153 5096">
    <p class='ocr_par' dir='ltr' id='par_1_94' title="bbox 494 5020 2153 5096">
     <span class='ocr_line' id='line_1_94' title="bbox 494 5020 2153 5096; baseline 0.004 -20"><span class='ocrx_word' id='word_1_752' title='bbox 494 5031 732 5094; x_wconf 73' lang='lat' dir='ltr'>seniper</span> <span class='ocrx_word' id='word_1_753' title='bbox 758 5024 848 5077; x_wconf 88' lang='lat' dir='ltr'>est</span> <span class='ocrx_word' id='word_1_754' title='bbox 868 5020 1144 5096; x_wconf 84' lang='lat' dir='ltr'>pavidus,</span> <span class='ocrx_word' id='word_1_755' title='bbox 1175 5023 1282 5096; x_wconf 88' lang='lat' dir='ltr'>qui</span> <span class='ocrx_word' id='word_1_756' title='bbox 1323 5027 1525 5080; x_wconf 88' lang='lat' dir='ltr'>autem</span> <span class='ocrx_word' id='word_1_757' title='bbox 1579 5023 1800 5081; x_wconf 88' lang='lat' dir='ltr'>mentis</span> <span class='ocrx_word' id='word_1_758' title='bbox 1853 5031 1944 5082; x_wconf 88' lang='lat' dir='ltr'>est</span> <span class='ocrx_word' id='word_1_759' title='bbox 1983 5025 2153 5082; x_wconf 67' lang='lat' dir='ltr'>duras</span> 
     </span>
    </p>
   </div>
   <div class='ocr_carea' id='block_1_95' title="bbox 492 5109 2153 5187">
    <p class='ocr_par' dir='ltr' id='par_1_95' title="bbox 492 5109 2153 5187">
     <span class='ocr_line' id='line_1_95' title="bbox 492 5109 2153 5187; baseline 0.002 -19"><span class='ocrx_word' id='word_1_760' title='bbox 492 5113 730 5168; x_wconf 76' lang='lat' dir='ltr'>corruet</span> <span class='ocrx_word' id='word_1_761' title='bbox 745 5109 808 5166; x_wconf 89' lang='lat' dir='ltr'>in</span> <span class='ocrx_word' id='word_1_762' title='bbox 837 5109 1068 5167; x_wconf 82' lang='lat' dir='ltr'>malum</span> <span class='ocrx_word' id='word_1_763' title='bbox 1095 5111 1298 5183; x_wconf 79' lang='lat' dir='ltr'>(Prov.</span> <span class='ocrx_word' id='word_1_764' title='bbox 1321 5127 1526 5186; x_wconf 74' lang='lat' dir='ltr'>xxvui,</span> <span class='ocrx_word' id='word_1_765' title='bbox 1562 5114 1670 5187; x_wconf 74' lang='grc'><strong>14).</strong></span> <span class='ocrx_word' id='word_1_766' title='bbox 1703 5136 1731 5165; x_wconf 81' lang='grc'>››</span> <span class='ocrx_word' id='word_1_767' title='bbox 1779 5115 1936 5182; x_wconf 83' lang='lat' dir='ltr'>Quid</span> <span class='ocrx_word' id='word_1_768' title='bbox 1985 5129 2153 5172; x_wconf 85' lang='lat' dir='ltr'>nam-</span> 
     </span>
    </p>
   </div>
   <div class='ocr_carea' id='block_1_96' title="bbox 490 5197 2151 5276">
    <p class='ocr_par' dir='ltr' id='par_1_96' title="bbox 490 5197 2151 5276">
     <span class='ocr_line' id='line_1_96' title="bbox 490 5197 2151 5276; baseline 0.002 -20"><span class='ocrx_word' id='word_1_769' title='bbox 490 5214 612 5273; x_wconf 85' lang='lat' dir='ltr'>que</span> <span class='ocrx_word' id='word_1_770' title='bbox 649 5202 825 5268; x_wconf 83' lang='lat' dir='ltr'>terra,</span> <span class='ocrx_word' id='word_1_771' title='bbox 855 5197 970 5256; x_wconf 84' lang='lat' dir='ltr'>nisi</span> <span class='ocrx_word' id='word_1_772' title='bbox 997 5203 1277 5272; x_wconf 84' lang='lat' dir='ltr'>peccator</span> <span class='ocrx_word' id='word_1_773' title='bbox 1300 5203 1599 5260; x_wconf 85' lang='lat' dir='ltr'>vocatur?</span> <span class='ocrx_word' id='word_1_774' title='bbox 1645 5203 1740 5259; x_wconf 89' lang='lat' dir='ltr'>cui</span> <span class='ocrx_word' id='word_1_775' title='bbox 1787 5203 1986 5276; x_wconf 87' lang='lat' dir='ltr'>prima</span> <span class='ocrx_word' id='word_1_776' title='bbox 2015 5219 2151 5260; x_wconf 82' lang='lat' dir='ltr'>sen-</span> 
     </span>
    </p>
   </div>
   <div class='ocr_carea' id='block_1_97' title="bbox 489 5289 2150 5362">
    <p class='ocr_par' dir='ltr' id='par_1_97' title="bbox 489 5289 2150 5362">
     <span class='ocr_line' id='line_1_97' title="bbox 489 5289 2150 5362; baseline 0.002 -17"><span class='ocrx_word' id='word_1_777' title='bbox 489 5289 672 5348; x_wconf 76' lang='lat' dir='ltr'>tentia</span> <span class='ocrx_word' id='word_1_778' title='bbox 697 5289 928 5348; x_wconf 86' lang='lat' dir='ltr'>dictum</span> <span class='ocrx_word' id='word_1_779' title='bbox 949 5293 1042 5347; x_wconf 82' lang='lat' dir='ltr'>est</span> <span class='ocrx_word' id='word_1_780' title='bbox 1072 5307 1087 5346; x_wconf 88' lang='lat'><strong>:</strong></span> <span class='ocrx_word' id='word_1_781' title='bbox 1117 5311 1148 5340; x_wconf 87' lang='lat'><strong><em>«</em></strong></span> <span class='ocrx_word' id='word_1_782' title='bbox 1180 5291 1365 5350; x_wconf 79' lang='lat' dir='ltr'>Terra</span> <span class='ocrx_word' id='word_1_783' title='bbox 1408 5309 1492 5362; x_wconf 87' lang='lat' dir='ltr'>es,</span> <span class='ocrx_word' id='word_1_784' title='bbox 1548 5298 1606 5350; x_wconf 91' lang='lat' dir='ltr'>et</span> <span class='ocrx_word' id='word_1_785' title='bbox 1653 5293 1717 5350; x_wconf 91' lang='lat' dir='ltr'>in</span> <span class='ocrx_word' id='word_1_786' title='bbox 1764 5298 1984 5351; x_wconf 86' lang='lat' dir='ltr'>terram</span> <span class='ocrx_word' id='word_1_787' title='bbox 2033 5294 2150 5350; x_wconf 90' lang='lat' dir='ltr'>ibis</span> 
     </span>
    </p>
   </div>
   <div class='ocr_carea' id='block_1_98' title="bbox 489 5377 2149 5452">
    <p class='ocr_par' dir='ltr' id='par_1_98' title="bbox 489 5377 2149 5452">
     <span class='ocr_line' id='line_1_98' title="bbox 489 5377 2149 5452; baseline 0.004 -19"><span class='ocrx_word' id='word_1_788' title='bbox 489 5377 720 5449; x_wconf 62' lang='lat' dir='ltr'>(Gener.</span> <span class='ocrx_word' id='word_1_789' title='bbox 749 5395 830 5447; x_wconf 75' lang='lat' dir='ltr'>ut,</span> <span class='ocrx_word' id='word_1_790' title='bbox 868 5380 975 5451; x_wconf 71' lang='lat'>19).</span> <span class='ocrx_word' id='word_1_791' title='bbox 1010 5401 1040 5432; x_wconf 68' lang='grc' dir='ltr'><strong>η</strong></span> <span class='ocrx_word' id='word_1_792' title='bbox 1068 5382 1193 5436; x_wconf 81' lang='lat' dir='ltr'>Lux</span> <span class='ocrx_word' id='word_1_793' title='bbox 1222 5395 1366 5452; x_wconf 85' lang='lat' dir='ltr'>ergo</span> <span class='ocrx_word' id='word_1_794' title='bbox 1396 5381 1597 5439; x_wconf 86' lang='lat' dir='ltr'>vultus</span> <span class='ocrx_word' id='word_1_795' title='bbox 1631 5383 1866 5439; x_wconf 89' lang='lat' dir='ltr'>Domini</span> <span class='ocrx_word' id='word_1_796' title='bbox 1894 5384 1955 5439; x_wconf 93' lang='lat' dir='ltr'>in</span> <span class='ocrx_word' id='word_1_797' title='bbox 1993 5385 2149 5439; x_wconf 89' lang='lat' dir='ltr'>terra</span> 
     </span>
    </p>
   </div>
   <div class='ocr_carea' id='block_1_99' title="bbox 487 5468 2149 5544">
    <p class='ocr_par' dir='ltr' id='par_1_99' title="bbox 487 5468 2149 5544">
     <span class='ocr_line' id='line_1_99' title="bbox 487 5468 2149 5544; baseline 0.005 -24"><span class='ocrx_word' id='word_1_798' title='bbox 487 5480 876 5540; x_wconf 83' lang='lat' dir='ltr'>nequaquam</span> <span class='ocrx_word' id='word_1_799' title='bbox 905 5469 1086 5538; x_wconf 83' lang='lat' dir='ltr'>cadit,</span> <span class='ocrx_word' id='word_1_800' title='bbox 1108 5468 1256 5544; x_wconf 84' lang='lat' dir='ltr'>quia</span> <span class='ocrx_word' id='word_1_801' title='bbox 1282 5471 1529 5528; x_wconf 88' lang='lat' dir='ltr'>visionis</span> <span class='ocrx_word' id='word_1_802' title='bbox 1553 5472 1684 5543; x_wconf 90' lang='lat' dir='ltr'>ejus</span> <span class='ocrx_word' id='word_1_803' title='bbox 1726 5470 1966 5527; x_wconf 88' lang='lat' dir='ltr'>claritas</span> <span class='ocrx_word' id='word_1_804' title='bbox 2012 5486 2149 5544; x_wconf 90' lang='lat' dir='ltr'>pec-</span> 
     </span>
    </p>
   </div>
   <div class='ocr_carea' id='block_1_100' title="bbox 489 5554 2146 5634">
    <p class='ocr_par' dir='ltr' id='par_1_100' title="bbox 489 5554 2146 5634">
     <span class='ocr_line' id='line_1_100' title="bbox 489 5554 2146 5634; baseline 0.002 -20"><span class='ocrx_word' id='word_1_805' title='bbox 489 5554 792 5614; x_wconf 73' lang='lat' dir='ltr'>catoribus</span> <span class='ocrx_word' id='word_1_806' title='bbox 830 5573 954 5615; x_wconf 90' lang='lat' dir='ltr'>non</span> <span class='ocrx_word' id='word_1_807' title='bbox 1000 5565 1272 5633; x_wconf 88' lang='lat' dir='ltr'>apparet.</span> <span class='ocrx_word' id='word_1_808' title='bbox 1335 5560 1635 5634; x_wconf 88' lang='lat' dir='ltr'>Scriptum</span> <span class='ocrx_word' id='word_1_809' title='bbox 1696 5573 1962 5634; x_wconf 88' lang='lat' dir='ltr'>namque</span> <span class='ocrx_word' id='word_1_810' title='bbox 2009 5565 2146 5618; x_wconf 87' lang='lat' dir='ltr'>est:</span> 
     </span>
    </p>
   </div>
   <div class='ocr_carea' id='block_1_101' title="bbox 488 5643 2150 5721">
    <p class='ocr_par' dir='ltr' id='par_1_101' title="bbox 488 5643 2150 5721">
     <span class='ocr_line' id='line_1_101' title="bbox 488 5643 2150 5721; baseline 0.002 -17"><span class='ocrx_word' id='word_1_811' title='bbox 488 5667 518 5717; x_wconf 66' lang='grc' dir='ltr'>ς(</span> <span class='ocrx_word' id='word_1_812' title='bbox 545 5643 814 5721; x_wconf 83' lang='lat' dir='ltr'>Tollatur</span> <span class='ocrx_word' id='word_1_813' title='bbox 838 5645 1082 5720; x_wconf 85' lang='lat' dir='ltr'>impius,</span> <span class='ocrx_word' id='word_1_814' title='bbox 1108 5664 1186 5706; x_wconf 89' lang='lat' dir='ltr'>ne</span> <span class='ocrx_word' id='word_1_815' title='bbox 1214 5650 1416 5708; x_wconf 86' lang='lat' dir='ltr'>videat</span> <span class='ocrx_word' id='word_1_816' title='bbox 1441 5649 1694 5720; x_wconf 72' lang='lat' dir='ltr'>gloriam</span> <span class='ocrx_word' id='word_1_817' title='bbox 1735 5649 1856 5710; x_wconf 88' lang='lat' dir='ltr'>Dei.</span> <span class='ocrx_word' id='word_1_818' title='bbox 1889 5671 1918 5701; x_wconf 85' lang='lat'><strong><em>»</em></strong></span> <span class='ocrx_word' id='word_1_819' title='bbox 1967 5651 2150 5718; x_wconf 85' lang='lat' dir='ltr'>Quasi</span> 
     </span>
    </p>
   </div>
   <div class='ocr_carea' id='block_1_102' title="bbox 2261 4398 3924 4474">
    <p class='ocr_par' dir='ltr' id='par_1_102' title="bbox 2261 4398 3924 4474">
     <span class='ocr_line' id='line_1_102' title="bbox 2261 4398 3924 4474; baseline 0.001 -18"><span class='ocrx_word' id='word_1_820' title='bbox 2261 4398 2510 4456; x_wconf 82' lang='lat' dir='ltr'>afﬂictas</span> <span class='ocrx_word' id='word_1_821' title='bbox 2537 4403 2763 4455; x_wconf 89' lang='lat' dir='ltr'>mentes</span> <span class='ocrx_word' id='word_1_822' title='bbox 2794 4401 3118 4456; x_wconf 90' lang='lat' dir='ltr'>electorum</span> <span class='ocrx_word' id='word_1_823' title='bbox 3148 4405 3380 4474; x_wconf 90' lang='lat' dir='ltr'>pensat,</span> <span class='ocrx_word' id='word_1_824' title='bbox 3421 4406 3479 4458; x_wconf 89' lang='lat' dir='ltr'>et</span> <span class='ocrx_word' id='word_1_825' title='bbox 3524 4402 3638 4458; x_wconf 85' lang='lat' dir='ltr'>has</span> <span class='ocrx_word' id='word_1_826' title='bbox 3683 4407 3924 4458; x_wconf 62' lang='lat' dir='ltr'>(eterna:</span> 
     </span>
    </p>
   </div>
   <div class='ocr_carea' id='block_1_103' title="bbox 2261 4488 3928 4561">
    <p class='ocr_par' dir='ltr' id='par_1_103' title="bbox 2261 4488 3928 4561">
     <span class='ocr_line' id='line_1_103' title="bbox 2261 4488 3928 4561; baseline 0.002 -17"><span class='ocrx_word' id='word_1_827' title='bbox 2261 4488 2467 4560; x_wconf 74' lang='lat' dir='ltr'>patriae</span> <span class='ocrx_word' id='word_1_828' title='bbox 2497 4488 2893 4561; x_wconf 88' lang='lat' dir='ltr'>promissione</span> <span class='ocrx_word' id='word_1_829' title='bbox 2930 4489 3206 4547; x_wconf 82' lang='lat' dir='ltr'>laetiﬁcat.</span> <span class='ocrx_word' id='word_1_830' title='bbox 3244 4491 3565 4548; x_wconf 90' lang='lat' dir='ltr'>Sciendum</span> <span class='ocrx_word' id='word_1_831' title='bbox 3614 4491 3791 4548; x_wconf 91' lang='lat' dir='ltr'>nobis</span> <span class='ocrx_word' id='word_1_832' title='bbox 3834 4495 3928 4548; x_wconf 89' lang='lat' dir='ltr'>est</span> 
     </span>
    </p>
   </div>
   <div class='ocr_carea' id='block_1_104' title="bbox 2261 4577 3929 4650">
    <p class='ocr_par' dir='ltr' id='par_1_104' title="bbox 2261 4577 3929 4650">
     <span class='ocr_line' id='line_1_104' title="bbox 2261 4577 3929 4650; baseline 0.001 -18"><span class='ocrx_word' id='word_1_833' title='bbox 2261 4577 2425 4650; x_wconf 90' lang='lat' dir='ltr'>quod</span> <span class='ocrx_word' id='word_1_834' title='bbox 2459 4577 2630 4634; x_wconf 89' lang='lat' dir='ltr'>valde</span> <span class='ocrx_word' id='word_1_835' title='bbox 2661 4577 2956 4634; x_wconf 77' lang='lat' dir='ltr'>aediﬁcare</span> <span class='ocrx_word' id='word_1_836' title='bbox 2984 4578 3266 4635; x_wconf 87' lang='lat' dir='ltr'>lectorem</span> <span class='ocrx_word' id='word_1_837' title='bbox 3299 4579 3477 4636; x_wconf 90' lang='lat' dir='ltr'>etiam</span> <span class='ocrx_word' id='word_1_838' title='bbox 3519 4579 3693 4649; x_wconf 87' lang='lat' dir='ltr'>juxta</span> <span class='ocrx_word' id='word_1_839' title='bbox 3743 4579 3929 4635; x_wconf 85' lang='lat' dir='ltr'>histo-</span> 
     </span>
    </p>
   </div>
   <div class='ocr_carea' id='block_1_105' title="bbox 2259 4666 3927 4741">
    <p class='ocr_par' dir='ltr' id='par_1_105' title="bbox 2259 4666 3927 4741">
     <span class='ocr_line' id='line_1_105' title="bbox 2259 4666 3927 4741; baseline 0 -19"><span class='ocrx_word' id='word_1_840' title='bbox 2259 4666 2413 4722; x_wconf 90' lang='lat' dir='ltr'>riam</span> <span class='ocrx_word' id='word_1_841' title='bbox 2446 4671 2658 4739; x_wconf 89' lang='lat' dir='ltr'>potest,</span> <span class='ocrx_word' id='word_1_842' title='bbox 2691 4667 2740 4722; x_wconf 91' lang='lat' dir='ltr'>si</span> <span class='ocrx_word' id='word_1_843' title='bbox 2763 4667 3098 4741; x_wconf 87' lang='lat' dir='ltr'>perpendat</span> <span class='ocrx_word' id='word_1_844' title='bbox 3125 4668 3436 4740; x_wconf 89' lang='lat' dir='ltr'>quomodo</span> <span class='ocrx_word' id='word_1_845' title='bbox 3477 4667 3656 4724; x_wconf 89' lang='lat' dir='ltr'>bonis</span> <span class='ocrx_word' id='word_1_846' title='bbox 3687 4666 3927 4724; x_wconf 85' lang='lat' dir='ltr'>rectori-</span> 
     </span>
    </p>
   </div>
   <div class='ocr_carea' id='block_1_106' title="bbox 2260 4754 3925 4827">
    <p class='ocr_par' dir='ltr' id='par_1_106' title="bbox 2260 4754 3925 4827">
     <span class='ocr_line' id='line_1_106' title="bbox 2260 4754 3925 4827; baseline 0.001 -16"><span class='ocrx_word' id='word_1_847' title='bbox 2260 4754 2378 4811; x_wconf 88' lang='lat' dir='ltr'>bus</span> <span class='ocrx_word' id='word_1_848' title='bbox 2411 4755 2588 4812; x_wconf 87' lang='lat' dir='ltr'>mista</span> <span class='ocrx_word' id='word_1_849' title='bbox 2622 4755 2712 4825; x_wconf 57' lang='lat' dir='ltr'>sit,</span> <span class='ocrx_word' id='word_1_850' title='bbox 2745 4761 2802 4812; x_wconf 91' lang='lat' dir='ltr'>et</span> <span class='ocrx_word' id='word_1_851' title='bbox 2828 4757 3073 4827; x_wconf 86' lang='lat' dir='ltr'>regendi</span> <span class='ocrx_word' id='word_1_852' title='bbox 3105 4756 3448 4826; x_wconf 89' lang='lat' dir='ltr'>auctoritas,</span> <span class='ocrx_word' id='word_1_853' title='bbox 3498 4761 3557 4812; x_wconf 89' lang='lat' dir='ltr'>et</span> <span class='ocrx_word' id='word_1_854' title='bbox 3583 4755 3925 4826; x_wconf 87' lang='lat' dir='ltr'>benignitas</span> 
     </span>
    </p>
   </div>
   <div class='ocr_carea' id='block_1_107' title="bbox 2261 4843 3930 4918">
    <p class='ocr_par' dir='ltr' id='par_1_107' title="bbox 2261 4843 3930 4918">
     <span class='ocr_line' id='line_1_107' title="bbox 2261 4843 3930 4918; baseline 0.001 -18"><span class='ocrx_word' id='word_1_855' title='bbox 2261 4843 2632 4901; x_wconf 88' lang='lat' dir='ltr'>consolandi.</span> <span class='ocrx_word' id='word_1_856' title='bbox 2667 4845 2760 4900; x_wconf 79' lang='lat' dir='ltr'>Ait</span> <span class='ocrx_word' id='word_1_857' title='bbox 2787 4844 2950 4901; x_wconf 89' lang='lat' dir='ltr'>enim</span> <span class='ocrx_word' id='word_1_858' title='bbox 2979 4863 2990 4900; x_wconf 90' lang='lat'>:</span> <span class='ocrx_word' id='word_1_859' title='bbox 3027 4846 3296 4917; x_wconf 84' lang='lat' dir='ltr'>Cumque</span> <span class='ocrx_word' id='word_1_860' title='bbox 3321 4846 3581 4903; x_wconf 84' lang='lat' dir='ltr'>sederem</span> <span class='ocrx_word' id='word_1_861' title='bbox 3607 4847 3790 4918; x_wconf 85' lang='lat' dir='ltr'>quasi</span> <span class='ocrx_word' id='word_1_862' title='bbox 3819 4860 3930 4902; x_wconf 70' lang='lat' dir='ltr'>rex</span> 
     </span>
    </p>
   </div>
   <div class='ocr_carea' id='block_1_108' title="bbox 2263 4933 3923 5003">
    <p class='ocr_par' dir='ltr' id='par_1_108' title="bbox 2263 4933 3923 5003">
     <span class='ocr_line' id='line_1_108' title="bbox 2263 4933 3923 5003; baseline 0 -14"><span class='ocrx_word' id='word_1_863' title='bbox 2263 4934 2690 4989; x_wconf 81' lang='lat' dir='ltr'>circumstante</span> <span class='ocrx_word' id='word_1_864' title='bbox 2716 4934 3002 4990; x_wconf 73' lang='lat' dir='ltr'>exercitu.</span> <span class='ocrx_word' id='word_1_865' title='bbox 3037 4935 3181 4988; x_wconf 87' lang='lat' dir='ltr'>Ecce</span> <span class='ocrx_word' id='word_1_866' title='bbox 3225 4933 3548 4990; x_wconf 87' lang='lat' dir='ltr'>auctoritas</span> <span class='ocrx_word' id='word_1_867' title='bbox 3592 4933 3923 5003; x_wconf 85' lang='lat' dir='ltr'>regiminis.</span> 
     </span>
    </p>
   </div>
   <div class='ocr_carea' id='block_1_109' title="bbox 2261 5023 3929 5080">
    <p class='ocr_par' dir='ltr' id='par_1_109' title="bbox 2261 5023 3929 5080">
     <span class='ocr_line' id='line_1_109' title="bbox 2261 5023 3929 5080; baseline 0.001 -2"><span class='ocrx_word' id='word_1_868' title='bbox 2261 5023 2449 5079; x_wconf 84' lang='lat' dir='ltr'>Eram</span> <span class='ocrx_word' id='word_1_869' title='bbox 2480 5028 2677 5080; x_wconf 82' lang='lat' dir='ltr'>tamen</span> <span class='ocrx_word' id='word_1_870' title='bbox 2705 5025 3081 5080; x_wconf 73' lang='lat' dir='ltr'>maerentium</span> <span class='ocrx_word' id='word_1_871' title='bbox 3098 5024 3458 5080; x_wconf 83' lang='lat' dir='ltr'>consolator.</span> <span class='ocrx_word' id='word_1_872' title='bbox 3493 5027 3640 5079; x_wconf 87' lang='lat' dir='ltr'>Ecce</span> <span class='ocrx_word' id='word_1_873' title='bbox 3660 5023 3929 5080; x_wconf 85' lang='lat' dir='ltr'>ministe-</span> 
     </span>
    </p>
   </div>
   <div class='ocr_carea' id='block_1_110' title="bbox 2259 5098 3928 5184">
    <p class='ocr_par' dir='ltr' id='par_1_110' title="bbox 2259 5098 3928 5184">
     <span class='ocr_line' id='line_1_110' title="bbox 2259 5098 3928 5184; baseline 0.001 -17"><span class='ocrx_word' id='word_1_874' title='bbox 2259 5112 2415 5168; x_wconf 90' lang='lat' dir='ltr'>rium</span> <span class='ocrx_word' id='word_1_875' title='bbox 2465 5111 2719 5184; x_wconf 87' lang='lat' dir='ltr'>pietatis.</span> <span class='ocrx_word' id='word_1_876' title='bbox 2780 5098 3102 5184; x_wconf 76' lang='lat' dir='ltr'>Disciplina</span> <span class='ocrx_word' id='word_1_877' title='bbox 3159 5112 3321 5168; x_wconf 87' lang='lat' dir='ltr'>enim</span> <span class='ocrx_word' id='word_1_878' title='bbox 3373 5112 3467 5168; x_wconf 91' lang='lat' dir='ltr'>vel</span> <span class='ocrx_word' id='word_1_879' title='bbox 3513 5111 3928 5169; x_wconf 68' lang='lat' dir='ltr'>misericordia</span> 
     </span>
    </p>
   </div>
   <div class='ocr_carea' id='block_1_111' title="bbox 2260 5200 3921 5267">
    <p class='ocr_par' dir='ltr' id='par_1_111' title="bbox 2260 5200 3921 5267">
     <span class='ocr_line' id='line_1_111' title="bbox 2260 5200 3921 5267; baseline 0 -11"><span class='ocrx_word' id='word_1_880' title='bbox 2260 5200 2517 5258; x_wconf 90' lang='lat' dir='ltr'>multum</span> <span class='ocrx_word' id='word_1_881' title='bbox 2571 5201 2924 5267; x_wconf 86' lang='lat' dir='ltr'>destituitur,</span> <span class='ocrx_word' id='word_1_882' title='bbox 2966 5201 3011 5256; x_wconf 88' lang='lat' dir='ltr'>si</span> <span class='ocrx_word' id='word_1_883' title='bbox 3063 5217 3185 5257; x_wconf 90' lang='lat' dir='ltr'>una</span> <span class='ocrx_word' id='word_1_884' title='bbox 3237 5202 3368 5258; x_wconf 89' lang='lat' dir='ltr'>sine</span> <span class='ocrx_word' id='word_1_885' title='bbox 3411 5201 3597 5258; x_wconf 88' lang='lat' dir='ltr'>altera</span> <span class='ocrx_word' id='word_1_886' title='bbox 3627 5206 3921 5258; x_wconf 84' lang='lat' dir='ltr'>teneatur.</span> 
     </span>
    </p>
   </div>
   <div class='ocr_carea' id='block_1_112' title="bbox 2259 5289 3931 5364">
    <p class='ocr_par' dir='ltr' id='par_1_112' title="bbox 2259 5289 3931 5364">
     <span class='ocr_line' id='line_1_112' title="bbox 2259 5289 3931 5364; baseline 0.001 -19"><span class='ocrx_word' id='word_1_887' title='bbox 2259 5291 2373 5348; x_wconf 84' lang='lat' dir='ltr'>Sed</span> <span class='ocrx_word' id='word_1_888' title='bbox 2399 5290 2556 5347; x_wconf 89' lang='lat' dir='ltr'>circa</span> <span class='ocrx_word' id='word_1_889' title='bbox 2585 5289 2856 5346; x_wconf 88' lang='lat' dir='ltr'>subditos</span> <span class='ocrx_word' id='word_1_890' title='bbox 2889 5305 3034 5346; x_wconf 87' lang='lat' dir='ltr'>suos</span> <span class='ocrx_word' id='word_1_891' title='bbox 3055 5291 3254 5348; x_wconf 87' lang='lat' dir='ltr'>inesse</span> <span class='ocrx_word' id='word_1_892' title='bbox 3277 5291 3611 5347; x_wconf 87' lang='lat' dir='ltr'>rectoribus</span> <span class='ocrx_word' id='word_1_893' title='bbox 3640 5289 3850 5364; x_wconf 84' lang='lat' dir='ltr'>debet,</span> <span class='ocrx_word' id='word_1_894' title='bbox 3873 5293 3931 5347; x_wconf 88' lang='lat' dir='ltr'>et</span> 
     </span>
    </p>
   </div>
   <div class='ocr_carea' id='block_1_113' title="bbox 2253 5380 3926 5455">
    <p class='ocr_par' dir='ltr' id='par_1_113' title="bbox 2253 5380 3926 5455">
     <span class='ocr_line' id='line_1_113' title="bbox 2253 5380 3926 5455; baseline -0.002 -16"><span class='ocrx_word' id='word_1_895' title='bbox 2253 5382 2416 5455; x_wconf 90' lang='lat' dir='ltr'>juste</span> <span class='ocrx_word' id='word_1_896' title='bbox 2447 5380 2768 5438; x_wconf 88' lang='lat' dir='ltr'>consolans</span> <span class='ocrx_word' id='word_1_897' title='bbox 2801 5380 3215 5438; x_wconf 85' lang='lat' dir='ltr'>misericordia</span> <span class='ocrx_word' id='word_1_898' title='bbox 3243 5386 3301 5437; x_wconf 87' lang='lat' dir='ltr'>et</span> <span class='ocrx_word' id='word_1_899' title='bbox 3329 5381 3424 5454; x_wconf 88' lang='lat' dir='ltr'>pie</span> <span class='ocrx_word' id='word_1_900' title='bbox 3456 5381 3712 5436; x_wconf 64' lang='lat' dir='ltr'>saeviens</span> <span class='ocrx_word' id='word_1_901' title='bbox 3743 5380 3926 5436; x_wconf 88' lang='lat' dir='ltr'>disci-</span> 
     </span>
    </p>
   </div>
   <div class='ocr_carea' id='block_1_114' title="bbox 2259 5470 3340 5546">
    <p class='ocr_par' dir='ltr' id='par_1_114' title="bbox 2259 5470 3340 5546">
     <span class='ocr_line' id='line_1_114' title="bbox 2259 5470 3340 5546; baseline -0.013 -17"><span class='ocrx_word' id='word_1_902' title='bbox 2259 5472 2445 5546; x_wconf 89' lang='lat' dir='ltr'>plina.</span> <span class='ocrx_word' id='word_1_903' title='bbox 2481 5470 2758 5542; x_wconf 87' lang='lat' dir='ltr'>Sequitur</span> <span class='ocrx_word' id='word_1_904' title='bbox 2779 5487 2793 5526; x_wconf 90' lang='lat'>:</span> <span class='ocrx_word' id='word_1_905' title='bbox 3331 5497 3340 5515; x_wconf 93' lang='lat'>.</span> 
     </span>
    </p>
   </div>
   <div class='ocr_carea' id='block_1_115' title="bbox 2878 5559 3297 5616">
    <p class='ocr_par' dir='ltr' id='par_1_115' title="bbox 2878 5559 3297 5616">
     <span class='ocr_line' id='line_1_115' title="bbox 2878 5559 3297 5616; baseline 0.01 -4"><span class='ocrx_word' id='word_1_906' title='bbox 2878 5559 3112 5616; x_wconf 75' lang='lat' dir='ltr'>CAPUT</span> <span class='ocrx_word' id='word_1_907' title='bbox 3147 5562 3297 5616; x_wconf 83' lang='lat' dir='ltr'><strong><em>XXX.</em></strong></span> 
     </span>
    </p>
   </div>
   <div class='ocr_carea' id='block_1_116' title="bbox 2328 5647 3924 5719">
    <p class='ocr_par' dir='ltr' id='par_1_116' title="bbox 2328 5647 3924 5719">
     <span class='ocr_line' id='line_1_116' title="bbox 2328 5647 3924 5719; baseline 0.003 -14"><span class='ocrx_word' id='word_1_908' title='bbox 2328 5652 2498 5706; x_wconf 75' lang='lat' dir='ltr'>Vsus.</span> <span class='ocrx_word' id='word_1_909' title='bbox 2534 5652 2584 5704; x_wconf 78' lang='grc'><strong>1.</strong></span> <span class='ocrx_word' id='word_1_910' title='bbox 2612 5648 2791 5706; x_wconf 81' lang='lat' dir='ltr'>Nunc</span> <span class='ocrx_word' id='word_1_911' title='bbox 2822 5653 3020 5706; x_wconf 80' lang='lat' dir='ltr'>autem</span> <span class='ocrx_word' id='word_1_912' title='bbox 3062 5647 3338 5706; x_wconf 78' lang='lat' dir='ltr'>derident</span> <span class='ocrx_word' id='word_1_913' title='bbox 3368 5649 3750 5719; x_wconf 81' lang='lat' dir='ltr'>mejum&#39;ores</span> <span class='ocrx_word' id='word_1_914' title='bbox 3779 5652 3924 5709; x_wconf 65' lang='grc' dir='ltr'>ωηο</span> 
     </span>
    </p>
   </div>
  </div>
