4120 6156
286 182 388 237 345

1128 183 1423 239 EPITOME
1462 180 1825 239 MORALIUM
1865 183 1920 239 S.
1962 180 2167 239 GREG.
2199 181 2268 240 ιΝ
2304 184 2445 241 JOB.
2487 213 2556 223 -—
2594 181 2728 238 LIB.
2766 185 2869 239 XX.

3617 180 3722 236 346

278 315 447 371 pore.
480 330 552 342 —-
575 299 1079 371 0mnes,haeretici
1113 302 1433 359 universa-1i
1480 303 1750 359 Ecclesiae
1779 319 1944 358 com-
1979 303 2028 357 Α
2055 304 2232 375 quasi
2263 304 2633 377 quibusdam
2686 302 2849 358 illam
2880 301 3111 358 nisibus
3139 301 3381 367 rodunt,
3413 303 3470 357 et
3509 300 3615 373 qui
3643 299 3722 357 ab

278 388 497 461 parati,
525 387 794 459 juniores
848 393 1120 462 tempore
1147 405 1413 460 congrue
1442 396 1755 462 vocantur,
1806 391 1951 463 quia

279 476 403 549 ipsi
432 475 513 533 ab
557 493 648 546 ea,
707 492 826 533 non
875 483 1080 535 autem
1136 479 1268 553 ipsa
1293 496 1535 551 egressa
1597 480 1946 537 estabillis.

283 567 453 623 Unde
482 570 640 623 recte
665 581 909 640 quoque
965 582 1073 639 per
1099 571 1392 627 Joannem
1420 570 1637 627 dicitur
1668 588 1680 625 :
1715 593 1745 620 «
1770 575 1816 626 Α
1844 584 1950 625 no-

280 655 380 711 bis
407 655 697 723 exierunt,
725 655 831 711 sed
846 672 971 712 non
991 662 1162 714 erant
1211 674 1285 715 ex
1311 660 1507 717 nobis.
1560 663 1708 717 Nam
1738 662 1788 715 si
1812 659 1951 715 fuis-

284 750 421 801 sent
468 760 543 801 ex
598 745 796 815 nobis,
846 746 1211 804 mansissent
1259 750 1464 824 utique
1520 750 1842 807 nobiscum
1899 750 1958 820 (I

282 836 463 891 Joan.
497 850 558 905 ιι,
598 836 708 905 19).
740 855 769 888 »
807 836 1078 892 Juniores
1129 853 1273 907 ergo
1314 844 1585 895 sanctam
1626 838 1953 895 Ecclesiam

285 923 535 981 irrident
584 940 722 979 cum
751 924 810 980 hi
839 925 942 997 qui
973 926 1053 981 ab
1080 943 1151 983 ea
1184 929 1405 998 egressi
1435 934 1594 997 sunt,
1618 929 1954 986 doctrinam

286 1015 418 1084 ejus
447 1012 807 1086 despiciunt.
842 1016 920 1069 De
951 1015 1174 1087 quibus
1220 1016 1422 1073 adhuc
1451 1018 1725 1075 subditur
1752 1036 1764 1073 :
1801 1020 1955 1087 Quo-

284 1116 425 1156 rum
455 1115 577 1156 non
598 1101 902 1171 dignabar
921 1109 1131 1172 patres
1149 1119 1372 1174 ponere
1396 1122 1529 1162 cum
1558 1107 1805 1163 canibus
1829 1120 1959 1176 gre-

280 1191 377 1260 gis
405 1190 538 1246 mei.
566 1189 798 1255 —Quis
820 1195 907 1247 est
939 1208 1081 1262 grex
1104 1198 1324 1249 sanctae
1352 1195 1648 1265 Ecclesiae,
1677 1195 1790 1252 nisi
1805 1194 1957 1250 mul-

284 1276 478 1333 titudo
510 1276 780 1334 ﬁdelium
805 1279 833 1334 ?
876 1280 971 1335 vel
1001 1281 1106 1351 qui
1163 1281 1262 1337 alii
1291 1282 1475 1355 hujus
1530 1283 1725 1355 gregis
1777 1298 1956 1339 canes

280 1369 598 1434 vocantur,
631 1365 747 1425 nisi
777 1366 1053 1424 doctores
1103 1369 1315 1440 sancti,
1371 1370 1471 1443 qui
1504 1366 1867 1427 eorumdem'
1892 1370 1959 1425 ﬁ-

2058 393 2409 451 universalis
2442 393 2711 452 Ecclesiae
2743 392 3022 447 societate
3076 390 3361 462 disjuncti
3390 393 3547 460 sunt,
3598 404 3723 447 non

2059 482 2328 553 quolibet
2352 483 2484 540 leco
2515 482 2746 550 rodere,
2778 480 2889 536 sed
2942 482 3004 535 in
3035 480 3356 536 solitudine
3385 493 3723 536 memoran-

2058 572 2172 626 tur.
2230 572 2342 637 Qui
2391 576 2549 629 recte
2600 569 2993 644 perhibentur
3029 569 3376 626 calamitate
3404 573 3457 625 et
3481 568 3722 626 miseria

2062 659 2343 731 squalidi,
2389 661 2533 733 quia
2579 665 2635 717 et
2666 674 2906 716 morum
2963 660 3104 712 sunt
3130 656 3392 728 pernicie
3419 660 3477 713 et
3509 671 3721 713 sensus

2059 748 2347 820 pravitate
2372 749 2656 823 despecti.
2690 748 2802 815 Qui
2852 745 3075 803 herbas
3106 759 3350 817 quoque
3379 749 3436 803 et
3475 744 3721 802 cortices

2064 836 2353 894 arborum
2411 839 2729 905 mandunt,
2777 836 2922 910 quia
2961 834 3233 891 elationis
3285 849 3408 889 sua:
3435 833 3606 891 obice
3634 848 3724 890 re-

2061 925 2239 998 pulsi,
2272 926 2335 982 in
2359 943 2530 984 sacro
2557 927 2796 1000 eloquio
2827 939 3055 995 magna
3082 928 3140 980 et
3166 922 3376 979 intima
3418 922 3722 995 percipere

2062 1018 2391 1086 nequeunt,
2421 1016 2526 1071 sed
2554 1016 2655 1071 vix
2702 1015 2763 1071 in
2794 1013 2895 1071 illa
2917 1012 3202 1087 quaedam
3246 1015 3452 1068 tenera
3480 1012 3538 1067 et
3561 1012 3721 1066 exte-

2061 1102 2221 1159 riora
2275 1107 2668 1173 cognoscunt.
2723 1106 2831 1160 Per
2873 1101 3093 1159 herbas
3123 1100 3370 1174 quippe,
3417 1098 3577 1156 dicta
3598 1096 3726 1171 pla-

2062 1190 2251 1260 niora,
2276 1207 2384 1264 per
2412 1193 2701 1250 arborum
2730 1192 3001 1259 cortices,
3034 1194 3273 1247 Patrum
3303 1188 3541 1263 eloquia
3568 1192 3725 1245 exte-

2061 1278 2220 1335 riora
2248 1280 2583 1351 signantur.
2613 1282 2714 1338 Vel
2745 1285 2901 1338 certe
2931 1279 3150 1336 herbas
3179 1277 3470 1335 mandere
3500 1282 3606 1345 est,
3645 1276 3723 1333 de

2065 1370 2367 1444 Scriptura
2398 1389 2571 1429 sacra
2598 1373 2851 1429 minima
2870 1374 3171 1444 praecepta
3198 1384 3455 1440 servare,
3486 1368 3723 1439 majora

282 1452 513 1510 delium
545 1455 824 1511 custodes
846 1457 1243 1515 exstiterunt?
1269 1460 1546 1526 Quidum
1569 1476 1679 1532 pro
1703 1459 1955 1516 Domino
2064 1463 2467 1516 contemnere.
2517 1462 2677 1531 Quos
2706 1461 2861 1516 bene
2892 1459 3115 1516 Veritas
3153 1458 3422 1530 increpat
3470 1456 3676 1512 dicens
3705 1472 3718 1510 :

284 1558 400 1600 suo
418 1542 651 1598 diurnis
680 1545 1111 1618 nocturnisque
1153 1547 1372 1618 vigiliis
1402 1549 1609 1605 intenti
1652 1549 1954 1616 clamave-

2065 1569 2093 1595 «
2123 1550 2217 1603 Vae
2245 1548 2443 1618 vobis,
2478 1549 2698 1606 Scriba
2728 1553 2785 1604 et
2813 1548 3093 1604 Pharisaei
3114 1546 3463 1619 hypocrita),
3492 1543 3599 1617 qui
3622 1543 3722 1601 de-

282 1637 449 1702 runt,
481 1648 760 1705 magnos,
789 1639 852 1690 ut
882 1635 964 1691 ita
993 1635 1268 1707 dixerim,
1300 1638 1549 1694 latratus
1580 1639 1954 1711 praedicatio-
1987 1656 2034 1711 Β
2063 1637 2297 1693 cimatis
2327 1639 2659 1706 mentham,
2693 1643 2750 1694 et
2779 1638 3088 1707 anethum,
3120 1639 3179 1691 et
3200 1634 3510 1702 ciminum,
3537 1638 3596 1690 et
3635 1648 3723 1689 re-

282 1722 382 1778 nis
414 1720 730 1778 dederunt.
762 1726 840 1779 De
868 1724 1090 1797 quibus
1117 1726 1311 1782 eidem
1356 1727 1629 1784 Ecclesiae
1657 1743 1763 1801 per
1789 1728 1953 1784 Psal-

286 1811 532 1867 mistam
547 1810 763 1867 dicitur
784 1828 797 1867 :
817 1834 847 1861 «
860 1813 1092 1883 Lingua
1114 1830 1337 1872 canum
1359 1820 1600 1872 tuorum
1613 1816 1953 1873 exinimicis

284 1899 369 1956 ab
385 1899 722 1972 ipso(Psal.
755 1904 1061 1974 1.xv11,2~’r).
1093 1925 1120 1952 ››
1143 1906 1340 1960 Patres
1363 1921 1504 1960 vero
1537 1905 1953 1962 haereticorum

282 1987 548 2043 dicimus
578 2002 680 2044 eos
707 1988 976 2048 videlicet
996 2006 1154 2063 quos
1185 1993 1616 2049 haeresiarchas
1640 2008 1951 2063 vocamus,

285 2078 366 2133 de
389 2093 655 2150 quorum
693 2093 973 2150 perversa
1002 2081 1445 2152 praedicatione,
1470 2082 1532 2137 id
1568 2087 1678 2152 est,
1705 2081 1954 2138 locutio-

285 2168 384 2223 nis
413 2167 640 2223 semine
670 2173 986 2240 sequentes
1040 2174 1180 2226 sunt
1232 2170 1441 2244 populi
1470 2171 1531 2226 in
1562 2187 1759 2227 errore
1783 2187 1956 2241 gene-

280 2256 421 2312 rati.
447 2257 662 2311 Sancta
691 2271 833 2326 ergo
862 2258 1120 2315 Ecclesia
1145 2275 1286 2314 cum
1330 2260 1583 2315 canibus
1633 2260 1829 2330 gregis
1862 2260 1954 2315 sui

282 2344 709 2400 haereticorum
772 2347 974 2401 Patres
1005 2362 1230 2419 ponere
1277 2347 1657 2419 dedignatur,
1698 2350 1844 2421 quia
1868 2348 1954 2403 in-

278 2437 564 2489 ventores
593 2448 868 2489 errorum
896 2434 1292 2505 dijudieando
1322 2436 1567 2509 respuit,
1623 2450 1847 2509 eosque
1871 2436 1957 2492 in-

288 2528 383 2580 ter
414 2539 591 2579 veros
622 2526 820 2581 Patres
871 2542 1189 2583 numerare
1244 2527 1590 2584 contemnit.
1634 2528 1909 2602 Sequitur
1939 2545 1951 2584 :

365 2615 539 2668 Vens.
562 2617 615 2668 2.
651 2612 914 2680 Quorum
948 2617 1139 2671 virtus
1168 2632 1457 2673 manuum
1485 2623 1615 2673 erat
1656 2617 1805 2672 mihi
1841 2633 1955 2687 pro

290 2702 521 2771 nihilo,
551 2707 609 2759 et
638 2703 761 2758 vita
783 2704 915 2772 ipsa
938 2704 1322 2773 putabantur
1350 2706 1605 2776 indigni.
1656 2737 1724 2747 —
1759 2706 1957 2761 Virtus

293 2792 519 2864 quippe
567 2792 626 2847 in
676 2808 864 2848 manu
894 2797 1003 2861 est,
1066 2794 1421 2864 magnitudo
1451 2795 1513 2850 in
1560 2795 1953 2869 operatione:

294 2881 408 2937 sed
433 2881 620 2936 virtus
644 2896 938 2937 manuum
966 2883 1381 2938 hiereticorum
1412 2898 1448 2939 a
1469 2888 1679 2940 sancta
1700 2882 1959 2939 Ecclesia

293 2985 409 3042 pro
435 2968 620 3025 nihilo
650 2968 906 3039 ducitur,
962 2970 1105 3043 quia
1155 2970 1377 3026 nullius
1414 2987 1542 3027 esse
1572 2971 1763 3029 meriti
1788 2987 1958 3027 cons-

294 3058 458 3130 picit,
487 3073 629 3114 vera
654 3056 772 3114 ﬁde
801 3060 1055 3131 perdita,
1087 3059 1385 3132 quidquid
1433 3064 1777 3133 operantur.
1813 3061 1959 3117 Cha-

292 3146 531 3202 ritatem
560 3147 784 3219 quippe
810 3147 912 3203 Dei
933 3152 989 3203 et
1028 3147 1283 3220 proximi
1333 3148 1636 3211 deserunt,
1668 3150 1772 3221 qui
1803 3153 1860 3205 et
1883 3149 1959 3205 de

296 3238 419 3292 Deo
441 3235 594 3292 falsa
640 3238 919 3304 sentiunt,
950 3241 1007 3293 et
1034 3230 1323 3310 proximis
1351 3238 1659 3309 jurgando
1690 3238 1962 3294 dividun-

298 3330 414 3381 tur.
436 3328 883 3399 Nonnunquam
937 3342 1074 3382 vero
1116 3327 1374 3383 haeretici
1418 3327 1592 3398 signa
1621 3344 1865 3401 quoque
1890 3344 1959 3384 ac

296 3414 591 3471 miracula
604 3414 848 3483 faciunt,
870 3416 974 3472 sed
996 3416 1142 3489 quia
1167 3416 1245 3472 ad
1266 3417 1481 3473 eadem
1493 3418 1687 3489 signa,
1706 3434 1842 3490 quae
1865 3434 1961 3473 ex-

300 3503 527 3573 hibent,
548 3504 714 3561 nulla
729 3504 1060 3561 humilitate
1073 3506 1463 3575 concordant,
1481 3512 1634 3563 recte
1654 3506 1957 3562 subditur:

298 3596 371 3650 Et
397 3594 521 3649 vita
558 3595 687 3662 ipsa
725 3594 1112 3663 putabantur
1142 3596 1400 3667 indigni.
1447 3596 1547 3651 Vel
1567 3600 1721 3653 certe
1747 3611 1962 3651 omnes

297 3681 609 3738 haereticos
632 3685 840 3739 sancta
858 3684 1117 3740 Ecclesia
1140 3684 1406 3757 vitaipsa
1422 3684 1635 3741 fatetur
1653 3685 1959 3756 indignos,

300 3770 447 3844 quia
475 3771 760 3828 nimirum
793 3772 905 3828 sub
934 3774 1177 3829 nomine
1215 3774 1427 3830 Christi
1466 3774 1721 3830 militant
1749 3777 1961 3829 contra

300 3875 530 3916 nomen
560 3860 776 3917 Christi
801 3860 876 3916 de
903 3860 1127 3932 quibus
1157 3862 1356 3917 adhuc
1388 3862 1664 3919 subditur
1695 3882 1707 3918 :

373 3950 547 4005 Vens.
600 3953 651 4005 3.
698 3950 981 4020 Egestate
1028 3956 1085 4005 et
1118 3951 1284 4019 fame
1340 3953 1591 4008 steriles.
1623 3984 1689 3991 —
1739 3954 1960 4007 Omnes

295 4038 563 4096 haeretici
615 4037 764 4091 dum
816 4038 877 4092 in
906 4053 1079 4093 sacro
1109 4038 1348 4110 eloquio
1402 4040 1537 4110 plus
1595 4045 1821 4096 secreta
1863 4041 1962 4095 Del

296 4122 546 4180 student
589 4121 951 4193 perscrutari
978 4136 1167 4194 quam
1218 4122 1485 4194 capiunt,
1516 4123 1673 4179 fame
1705 4140 1815 4179 sua
1845 4127 1962 4178 ste-

295 4210 437 4266 riles
467 4208 637 4275 ﬁunt,
664 4222 861 4281 neque
875 4223 948 4265 ea
972 4214 1250 4281 quaerunt
1270 4224 1343 4266 ex
1369 4210 1590 4284 quibus
1611 4211 1964 4284 semetipsos

300 4299 381 4356 ad
409 4297 810 4354 humilitatem
849 4298 1147 4369 erudiant,
1179 4315 1379 4356 mores
1433 4300 1493 4355 in
1542 4300 1964 4372 tranquillitate

300 4389 648 4460 disponant,
670 4387 1020 4460 patientiam
1049 4393 1307 4459 servent,
1330 4389 1962 4459 longanimitatemex-

300 4476 568 4543 hibeant,
603 4475 709 4531 sed
736 4491 807 4533 ea
837 4476 1226 4533 solummodo
1255 4493 1392 4550 quae
1412 4493 1515 4533 eos
1540 4478 1751 4534 doctos
1781 4494 1851 4534 ac
1882 4478 1964 4533 lo—

300 4580 527 4638 quaces
547 4564 991 4633 demonstrent;
1016 4564 1120 4621 illa
1148 4565 1297 4621 i-cire
1329 4570 1719 4638 appetunt,ex
1740 4567 1963 4639 quibus

303 4652 682 4724 singulariter
708 4652 920 4709 eruditi
951 4653 1286 4711 videantur.
1328 4655 1520 4718 Quam
1558 4654 1709 4711 bene
1751 4670 1961 4711 eorum

303 4743 628 4799 audaciam
676 4742 1035 4814 praedicator
1073 4744 1354 4813 egregius
1399 4743 1658 4801 refrenat
1685 4744 1893 4802 dicens
1945 4763 1959 4801 :

304 4856 333 4881 ‹‹
374 4835 504 4889 Non
535 4831 674 4904 plus
707 4847 916 4906 sapere
942 4847 1132 4904 quam
1162 4838 1399 4905 oportet
1445 4849 1676 4906 sapere,
1735 4832 1841 4889 sed
1872 4849 1967 4889 sa-

302 4935 444 4994 pere
499 4920 579 4976 ad
635 4920 1018 4977 sobrietatem
1071 4922 1256 4990 (Rom.
1312 4937 1411 4987 xu,
1452 4923 1589 4993 3).»
1636 4922 1960 4993 Sequitur:

372 5012 540 5065 Vens.
565 5012 621 5065 4.
656 5010 773 5078 Qui
808 5008 1101 5065 rodebant
1127 5011 1192 5065 in
1238 5011 1571 5066 solitudine
1597 5013 1965 5081 squatlentes

302 5100 651 5157 calamitate
677 5104 735 5155 et
764 5099 1027 5167 miseria,
1057 5104 1115 5155 et
1142 5098 1508 5155 mandebant
1539 5100 1753 5156 herbas
1782 5106 1838 5156 et
1868 5115 1966 5155 ar-

302 5188 512 5244 borum
543 5189 809 5245 cortices.
836 5219 906 5229 —
959 5186 1109 5244 Rodi
1140 5186 1308 5254 solet,
1357 5188 1524 5260 quod
1571 5189 1808 5244 comedi
1838 5204 1962 5244 non

300 5281 515 5349 potest.
549 5276 816 5333 Haeretici
872 5281 1094 5343 autem,
1139 5276 1285 5349 quia
1332 5270 1696 5350 Scripturam
1727 5293 1961 5333 sacram

300 5364 625 5437 intelligere
647 5381 758 5421 sua
786 5366 1001 5421 virtute
1014 5364 1366 5437 moliuntur,
1384 5381 1518 5421 eam
1542 5365 1751 5437 procul
1773 5366 1962 5421 dubio

302 5455 754 5528 apprehendere
812 5470 1202 5526 nequaquam
1259 5460 1536 5527 possunt.
1592 5470 1781 5526 quam
1811 5455 1962 5512 dum

303 5560 426 5600 non
454 5543 791 5614 intelligunt
842 5542 1017 5615 quasi
1060 5558 1184 5598 non
1213 5543 1432 5613 edunt;
1464 5548 1522 5600 et
1554 5543 1699 5617 quia
1728 5559 1837 5616 per
1865 5560 1961 5599 su-

2060 1725 2319 1798 liquistis
2374 1743 2513 1800 qua:
2571 1728 2848 1797 graviora
2879 1730 3018 1782 sunt
3064 1724 3212 1793 legis
3242 1723 3485 1795 (Matth.
3516 1737 3720 1791 xxvui,

2060 1816 2170 1887 23).
2204 1837 2233 1865 »
2265 1816 2377 1882 Qui
2426 1816 2716 1873 arborum
2761 1816 3008 1873 cortices
3050 1813 3368 1883 mandunt,
3398 1811 3544 1885 quia
3584 1814 3724 1867 sunt

2060 1903 2335 1960 nonnulli
2358 1904 2464 1977 qui
2492 1905 2556 1961 in
2583 1905 2769 1962 sacris
2816 1903 3228 1961 voluminibus
3278 1900 3472 1958 solam
3515 1899 3723 1956 litteras

2063 1992 2442 2063 superﬁciem
2474 1998 2849 2062 venerantur,
2877 2008 2954 2049 ne
3002 1991 3343 2065 quidquam
3372 1986 3448 2046 de
3478 1987 3725 2062 spiritali

2063 2080 2363 2137 intellectu
2386 2082 2750 2152 custodiunt,
2783 2098 2923 2138 cum
2952 2081 3101 2138 nihil
3123 2080 3187 2137 in
3220 2080 3422 2136 verbis
3462 2078 3563 2135 Dei
3588 2094 3718 2135 am-

2062 2168 2221 2240 plius
2248 2170 2361 2225 nisi
2392 2172 2506 2227 hoc
2538 2171 2705 2244 quod
2735 2171 2992 2228 exterius
3018 2168 3337 2239 audierint,
3368 2183 3497 2224 esse
3537 2167 3721 2240 suspi-

2063 2262 2292 2313 cantur.
2322 2259 2461 2315 Hinc
2485 2260 2700 2316 Paulus
2723 2259 2805 2316 ait
2832 2276 2845 2315 :
2879 2281 2906 2309 ‹‹
2931 2257 3291 2330 Hujusmodi
3309 2258 3472 2314 enim
3493 2256 3723 2314 Christo

2064 2347 2318 2403 Domino
2373 2363 2495 2404 non
2554 2348 2839 2415 serviunt,
2890 2349 2996 2404 sed
3023 2363 3135 2403 suo
3163 2344 3352 2402 ventri
3378 2347 3567 2416 (Rom.
3598 2361 3720 2414 xvr,

2068 2438 2174 2508 18).
2204 2458 2233 2487 ››
2287 2438 2501 2494 Aliter:
2537 2438 2691 2505 Quid
2746 2439 2911 2495 aliud
2965 2439 3081 2494 hoc
3138 2438 3200 2495 in
3247 2437 3382 2492 loco
3441 2434 3720 2503 solitudo,

2066 2540 2255 2596 quam
2281 2526 2427 2581 boni
2455 2526 2757 2582 destitutio
2782 2527 3228 2583 demonstratur
3258 2524 3285 2578 ?
3323 2522 3488 2579 Unde
3521 2527 3580 2579 et
3608 2521 3721 2578 sub

2063 2614 2284 2670 Judaete
2314 2620 2459 2688 typo
2489 2616 2778 2672 Jeremias
2813 2613 3145 2688 peccatoris
3200 2612 3468 2669 animam
3520 2610 3724 2684 deplo-

2064 2706 2174 2767 rat,
2207 2702 2411 2758 dicens
2446 2721 2459 2759 :
2493 2726 2521 2753 ‹‹
2554 2703 2870 2769 Quomodo
2903 2702 3070 2758 sedet
3124 2700 3252 2757 sola
3307 2700 3521 2756 civitas
3541 2699 3724 2773 plena

2065 2791 2291 2863 populo
2313 2792 2340 2845 ?
2360 2815 2386 2841 »
2419 2793 2661 2863 (Thren.
2692 2809 2732 2862 ι,
2769 2797 2845 2859 1.)
2877 2792 2992 2848 Sed
3027 2807 3167 2848 eum
3196 2805 3303 2862 per
3331 2789 3578 2846 beatum
3606 2787 3723 2844 Job

2066 2879 2140 2935 de
2169 2880 2367 2952 pravis
2396 2880 2628 2947 dicitur,
2664 2880 2953 2937 rodebant
2982 2882 3045 2936 in
3069 2879 3416 2949 solitudine,
3447 2877 3589 2933 libet
3637 2876 3725 2933 in-

1995 3008 2037 3061 c
2066 2968 2235 3061 tueri,
2267 2969 2382 3025 hoc
2408 2969 2585 3027 etiam
2615 2970 2920 3061 quodper
2936 2968 3315 3061 Psalmistam
3339 2967 3567 3061 dictum
3582 2969 3675 3061 est
3704 2983 3719 3022 :

1992 4354 2039 4407 D

2068 3080 2094 3108 ‹‹
2131 3057 2355 3113 Inimici
2381 3060 2510 3130 ejus
2540 3063 2760 3115 terram
2788 3058 3018 3129 lingent
3042 3058 3230 3124 (Psal.
3261 3072 3412 3122 um,
3439 3057 3514 3127 9).
3540 3078 3569 3106 ››
3595 3059 3724 3111 Duo

2066 3146 2292 3220 quippe
2324 3153 2465 3204 sunt
2494 3163 2715 3219 genera
2750 3147 3070 3203 hominum
3112 3145 3425 3202 ambitioni
3454 3161 3579 3200 sure
3610 3160 3728 3200 ser-

2066 3238 2375 3306 vientium,
2410 3253 2600 3294 unum
2632 3237 2903 3294 videlicet
2926 3237 3092 3310 quod
3124 3251 3364 3309 semper
3420 3235 3500 3292 ad
3529 3235 3725 3291 avari-

2068 3327 2212 3384 tiam
2242 3326 2669 3383 blandimentis
2700 3328 2881 3383 utitur
2908 3326 3150 3396 lingute,
3183 3324 3346 3381 aliud
3374 3339 3516 3379 vero
3558 3323 3727 3395 quod

2067 3420 2275 3489 aperta
2299 3416 2416 3473 vita
2444 3417 2699 3474 intendit
2724 3416 2970 3489 rapinae.
3000 3417 3221 3472 Omnes
3248 3413 3427 3483 igitur
3453 3412 3556 3486 qui
3586 3411 3725 3468 alie-

2067 3520 2148 3561 na
2177 3508 2487 3577 appetunt,
2522 3505 2627 3561 sed
2657 3520 2727 3560 ea
2769 3521 2907 3578 quin
2936 3507 3229 3576 appetunt
3256 3516 3466 3575 rapere
3496 3515 3725 3574 nequa-

2067 3611 2254 3668 quam
2270 3600 2548 3668 possunt,
2570 3594 2810 3651 blandis
2829 3597 3030 3650 autem
3050 3592 3455 3659 sermonibus,
3475 3594 3532 3647 et
3548 3589 3729 3662 quasi

2067 3683 2311 3740 mollitie
2342 3683 2675 3740 dulcedinis
2704 3682 3027 3755 concupita
3046 3681 3392 3738 abstrahere
3409 3682 3724 3747 conantur,

2066 3773 2214 3845 quid
2240 3772 2403 3829 aliud
2430 3789 2614 3845 quam
2646 3777 2865 3828 terram
2914 3771 3142 3842 lingent
3161 3770 3189 3825 ‘I
3220 3769 3331 3836 Qui
3356 3783 3499 3825 vero
3530 3768 3592 3823 in
3612 3768 3728 3824 hoc

2067 3862 2298 3918 mundo
2327 3861 2527 3934 aliqua
2546 3865 2838 3933 potestate
2868 3859 3092 3915 suffulti
3121 3863 3278 3926 sunt,
3311 3862 3371 3914 et
3416 3858 3731 3930 concupis-

2067 3955 2267 4006 centes
2297 3950 2512 4020 aliena,
2540 3949 2815 4005 blandire
2867 3948 3113 4021 quidem
3170 3962 3244 4004 ex
3273 3946 3485 4003 fraude
3531 3946 3728 4018 despi-

2070 4040 2252 4108 ciunt,
2274 4040 2419 4111 quia
2453 4040 2633 4094 etiam
2672 4038 2897 4108 injusto
2948 4036 3164 4093 robore
3198 4040 3456 4109 possunt
3482 4034 3729 4107 implere

2069 4125 2237 4199 quod
2266 4126 2495 4196 volunt,
2523 4127 2639 4181 hoc
2654 4125 2819 4197 quod
2846 4128 3137 4198 appetunt
3160 4139 3283 4179 non
3302 4122 3600 4192 lambunt,
3624 4122 3730 4178 sed

2068 4215 2308 4271 rodunt.
2348 4218 2424 4270 De
2477 4214 2570 4269 his
2600 4214 2829 4287 quippe
2860 4230 2929 4269 ac
2961 4213 3009 4269 si
3032 4212 3193 4268 dicat
3223 4211 3499 4282 Ecclesia,
3537 4210 3731 4267 aliena

2070 4303 2252 4359 etiam
2284 4302 2570 4359 violenter
2595 4302 2888 4375 rapiendo
2914 4317 3037 4358 non
3066 4301 3365 4369 roderent,
3397 4299 3513 4355 nisi
3562 4298 3730 4373 prius

2068 4393 2183 4465 ipsi
2212 4393 2273 4448 in
2302 4391 2680 4448 interioribus
2730 4391 2876 4463 suis,
2926 4390 3038 4447 soli
3066 4407 3137 4447 ac
3164 4390 3339 4446 vacui
3368 4406 3404 4446 a
3444 4389 3728 4445 virtutum
3797 4431 3821 4449 ς

2070 4482 2299 4539 cultura
2356 4486 2753 4538 remanerent.
2810 4485 3029 4538 Natura
3071 4481 3250 4551 igitur
3277 4482 3547 4536 humana
3574 4478 3730 4535 bene

2068 4566 2329 4637 condita,
2353 4567 2457 4622 sed
2509 4567 2588 4622 ad
2617 4567 3026 4622 inﬁrmitatem
3055 4566 3198 4622 vitio
3227 4564 3486 4637 propriae
3519 4562 3728 4618 volun-

2069 4658 2204 4711 tatis
2232 4655 2406 4729 lapsa
2432 4656 2493 4711 in
2525 4655 2929 4712 calamitatem
2954 4654 3185 4721 cecidit,
3235 4654 3381 4726 quia
3410 4667 3619 4725 pressa
3645 4650 3731 4706 in-

2068 4744 2336 4800 numeris
2389 4742 2845 4799 necessitatibus
2875 4742 2959 4797 nil
3014 4742 3077 4797 in
3121 4743 3235 4797 hac
3264 4742 3385 4797 vita
3426 4740 3541 4795 nisi
3568 4741 3729 4797 unde

2072 4833 2442 4903 aﬂligeretur
2462 4832 2702 4888 invenit.
2730 4831 2843 4890 Sed
2873 4847 3014 4887 cum
3064 4830 3291 4887 eisdem
3334 4833 3565 4887 naturae
3595 4845 3732 4886 nos-

2072 4930 2174 4979 trae
2232 4920 2681 4978 necessitatibus
2736 4920 3094 4993 plerumque
3136 4919 3463 4993 plusquam
3491 4919 3733 4994 expedit

2070 5010 2461 5077 deservimus,
2497 5009 2835 5082 mentisque
2865 5024 3076 5065 curam
3106 5008 3500 5080 negligimus,
3527 5013 3588 5065 et
3613 5008 3730 5064 mi-

2071 5099 2237 5157 serias
2290 5097 2738 5169 negligentiam,
2782 5096 3112 5154 inﬁrmitati
3168 5104 3387 5155 nostra:
3445 5097 3729 5154 addimus

2070 5187 2413 5261 squalorem
2449 5184 2662 5259 culpas.
2718 5186 3091 5243 Neeessitatis
3139 5186 3319 5257 igitur
3373 5199 3624 5240 causam
3664 5182 3729 5235 in

2069 5293 2248 5333 usum
2276 5276 2598 5349 voluptatis
2627 5281 2877 5341 vertere,
2906 5276 3056 5349 quid
3084 5279 3178 5331 est
3206 5273 3368 5330 aliud
3399 5285 3588 5341 quam
3626 5283 3728 5325 ca-

2067 5365 2317 5423 lamitati
2368 5381 2494 5421 suae
2542 5364 2888 5437 squalorem
2938 5363 3193 5419 miseriis
3251 5359 3477 5414 sociare
3502 5357 3530 5412 ‘?
3572 5356 3728 5424 Quid

2069 5456 2227 5511 enim
2252 5471 2358 5527 per
2378 5454 2620 5521 herbas,
2636 5455 2748 5509 nisi
2767 5458 2970 5510 tenera
3000 5468 3069 5507 ac
3093 5455 3259 5505 terrae
3281 5445 3558 5520 proxima
3572 5448 3727 5504 bene

2066 5544 2481 5601 inchoantium
2504 5544 2672 5600 vita?
2704 5546 2769 5597 Et
2810 5541 2957 5613 quid
2986 5553 3093 5611 per
3135 5535 3422 5592 arborum
3452 5537 3723 5603 cortices,

300 5648 559 5710 pernam
585 5634 840 5705 gratiam
864 5648 988 5690 non
1015 5631 1207 5711 adjuti
1235 5632 1393 5691 hanc
1422 5633 1596 5691 edere
1625 5639 1956 5721 nequeunt,
2069 5634 2185 5690 nisi
2197 5633 2488 5692 exteriora
2502 5647 2688 5706 Opera
2702 5643 2931 5697 eorum,
2963 5625 3067 5699 qui
3085 5626 3215 5698 jam
3235 5624 3522 5684 sublimia
3540 5638 3727 5697 appe-
