4130 6146
470 173 572 228 347

1511 165 1568 221 S.
1609 161 1869 221 ODONIS
1903 157 2204 216 ABBATIS
2243 162 2752 220 CLUNIACENSIS
2792 166 2838 219 Il
3762 176 3852 230 348

469 292 620 362 tunt,
649 293 1041 362 designantur
1069 292 1098 347 ?
1136 291 1308 347 Pravi
1345 306 1610 362 namque
1628 304 1766 346 cum
1797 290 1960 342 recta
1982 285 2122 340 inci-
2151 289 2198 341 A
2237 289 2300 340 in
2329 287 2594 344 convalle
2651 289 2810 344 enim
2842 288 3087 360 repertis
3139 287 3386 357 singulis
3437 303 3574 345 cum
3619 291 3850 354 clamore

468 383 696 455 pientes
725 381 1040 452 aspiciunt,
1079 387 1184 436 aut
1211 380 1536 450 irridendo,
1577 385 1682 435 aut
1709 376 1882 450 quasi
1913 389 2127 430 consu-

471 470 650 527 lendo
680 469 1116 525 contradicunt.
1153 473 1298 526 Cum
1329 485 1470 524 vero
1497 469 1626 540 jam
1653 465 1956 539 quosdam
1983 479 2126 536 pen-

471 563 606 616 sant
633 559 710 614 ad
743 575 986 615 summa
1043 558 1351 632 proﬁcere,
1401 558 1545 630 quia
1575 572 1784 612 eorum
1828 553 2127 626 profectus

469 648 737 704 funditus
793 647 1084 721 dissipare
1135 653 1460 720 nequeunt,
1516 663 1552 702 a
1599 643 1966 718 quibusdam
1993 641 2124 697 illos

470 736 594 792 suis
623 736 906 808 operibus
951 735 1268 791 divertunt.
1319 735 1546 791 Herbas
1575 731 1774 803 itaque
1803 729 1908 794 eis,
1953 731 2011 782 et
2039 742 2128 782 ar—

467 825 688 882 borum
743 825 988 880 cortices
1043 824 1328 880 mandere
1359 827 1466 888 est,
1499 821 1588 876 vel
1630 818 1828 875 studia
1851 818 2004 872 bene
2033 814 2123 870 in—

467 915 836 982 choantium,
867 913 962 969 vel
986 913 1360 986 operationes
1381 908 1790 984 quorumdam
1804 908 1933 978 jam
1959 919 2124 961 more

470 1003 755 1060 arborum
781 1002 862 1058 ad
883 1003 1194 1075 superiora
1222 1000 1594 1056 tendentium
1633 993 2125 1069 persuasionibus

468 1091 781 1165 pestiferis,
809 1092 986 1164 quasi
1005 1089 1372 1163 quibusdam
1399 1088 1639 1144 malitiae
1673 1103 1793 1141 suae
1821 1083 2122 1152 dentibus,

472 1181 781 1253 dissipare.
819 1181 1046 1236 Herbas
1075 1176 1649 1250 manduntreprobi,
1697 1191 1837 1232 cum
1864 1173 2129 1229 inﬁrmo-

470 1287 606 1326 rum
635 1269 800 1325 initia
827 1269 1128 1324 irridendo
1158 1271 1540 1323 consumunt.
1579 1265 1676 1321 Vel
1731 1267 1884 1320 certe
1905 1263 2124 1318 herbas

471 1359 757 1414 mandere
797 1363 884 1414 est
905 1358 1078 1414 lmvia
1103 1358 1385 1430 quaedam
1417 1373 1487 1412 ac
1517 1361 1715 1412 tenera
1751 1354 1826 1410 de
1868 1351 2128 1425 antiquis

471 1447 740 1502 Patribus
769 1435 1334 1504 imitarifArborum
1365 1462 1508 1502 vero
1565 1444 1810 1500 cortices
1838 1442 2011 1498 edere
2042 1445 2130 1496 est

471 1552 680 1592 eorum
710 1553 894 1609 opera
925 1536 1238 1608 superﬁcie
1287 1541 1458 1591 tenus
1491 1550 1689 1603 agere,
1725 1533 1832 1588 sed
1856 1531 2128 1587 intentio-

2235 391 2468 432 currere
2495 383 2601 446 est,
2626 377 2884 433 subortis
2915 392 3236 433 causarum
3266 377 3674 436 occasionibus
3697 384 3854 442 etiam

2231 479 2343 536 pro
2369 479 2556 536 parva
2587 466 2734 538 stipe
2765 465 3014 534 litigare.
3067 466 3323 520 Possunt
3347 481 3586 537 quoque
3615 485 3713 541 per
3739 472 3854 528 her—

2233 551 2344 608 bas
2375 557 2554 625 atque
2612 553 2898 610 arborum
2953 555 3199 608 cortices
3229 569 3352 608 non
3407 552 3622 623 solum,
3652 562 3712 614 ut
3732 575 3860 631 prai-

2233 639 2460 696 dictum
2481 645 2590 708 est,
2633 641 2936 697 bonorum
2967 657 3168 713 opera,
3223 641 3326 696 sed
3351 641 3414 696 in
3443 641 3553 697 hac
3597 644 3710 700 vita
3739 662 3858 703 eon-

2233 729 2553 785 solationes
2596 746 2666 786 ac
2713 729 3136 804 prosperitates
3191 729 3459 799 intelligi.
3513 732 3670 804 Saepe
3717 735 3858 792 enim

2233 817 2615 889 omnipotens
2673 821 2828 874 Deus
2865 817 3082 874 electos
3113 835 3251 874 cum
3295 818 3473 874 donis
3503 819 3852 879 interioribus

2233 906 2401 973 ditat,
2461 907 2851 963 exterioribus
2931 907 3111 962 etiam
3181 907 3516 963 honoribus
3594 909 3860 982 sublevat,

2234 1011 2495 1068 cumque
2517 1011 2620 1052 eos
2651 995 3024 1069 praferendo
3055 1000 3298 1052 caeteros
3355 997 3726 1053 honorabiles
3751 1001 3862 1056 red-

2233 1085 2338 1153 dit,
2383 1085 2560 1142 latius
2612 1085 2931 1142 imitabiles
2989 1085 3264 1142 ostendit.
3325 1089 3392 1142 Et
3453 1102 3863 1161 nonnunquam

2232 1175 2402 1248 pravi
2431 1175 2683 1248 quidam
2709 1191 2918 1230 eorum
2963 1175 3150 1230 vitam
3188 1175 3544 1247 despiciunt,
3579 1175 3682 1231 sed
3709 1177 3864 1233 felici-

2233 1269 2414 1320 tatem
2453 1265 2514 1320 in
2545 1265 2658 1320 hoc
2689 1264 2920 1320 mundo
2947 1263 3188 1336 assequi
3236 1264 3686 1337 concupiscunt.
3734 1267 3866 1332 Quia

2233 1351 2411 1422 igitur
2437 1352 2530 1408 hic
2587 1352 3001 1408 blandimenta
3051 1351 3400 1407 transitoria:
3439 1358 3713 1423 quaerunt
3743 1369 3866 1408 con-

2237 1440 2558 1503 solationis,
2613 1441 2832 1496 herbas
2864 1440 3210 1508 comedunt,
3243 1441 3388 1514 quia
3429 1440 3493 1495 in
3521 1441 3859 1511 cogitationi-

2235 1529 2350 1584 bus
2399 1530 2520 1584 suis
2569 1531 2920 1586 exteriorem
2970 1546 3181 1586 eorum
3213 1529 3466 1600 gloriam
3509 1529 3867 1598 meditantur,

470 1641 610 1680 nem
635 1631 857 1681 rectam
903 1625 964 1679 in
1018 1625 1246 1680 eisdem
1305 1623 1589 1696 operibus
1620 1637 1744 1678 non
1777 1625 1990 1676 tenere.
2029 1620 2127 1675 Se—
2159 1645 2197 1698 Β
2236 1619 2522 1674 arborum
2578 1619 2826 1675 cortices
2881 1619 3212 1686 mandunt;
3269 1623 3326 1674 et
3353 1619 3654 1691 quoniam
3701 1619 3756 1674 in
3789 1621 3869 1675 his

471 1713 672 1784 quitur
703 1731 716 1767 :
745 1715 824 1768 Et
849 1714 1033 1769 radix
1051 1715 1482 1782 juniperorum
1515 1717 1642 1767 erat
1706 1711 1870 1766 cibus
1899 1725 2126 1765 eorum.

472 1833 540 1846 -σ-
565 1802 756 1858 Arbor
809 1817 1076 1874 namque
1120 1801 1380 1872 juniperi
1440 1816 1550 1872 pro
1577 1800 1730 1855 foliis
1771 1798 2126 1872 punctiones

471 1889 670 1957 habet,
703 1890 785 1945 sic
840 1889 1063 1962 quippe
1125 1894 1264 1944 sunt
1312 1889 1540 1944 hirsuta
1591 1903 1726 1959 quae
1778 1885 2020 1959 profert,
2070 1888 2132 1938 ut

473 1977 658 2050 spinis
714 1977 929 2032 similia
1009 1981 1474 2034 contreetantem
1526 1991 1794 2049 pungere
1871 1973 2128 2029 valeant.

475 2067 658 2139 Spina
681 2083 820 2122 vero
850 2072 941 2122 est
967 2081 1148 2121 omne
1201 2071 1536 2138 peccatum,
1588 2065 1734 2137 quia
1763 2064 1910 2119 dum
1955 2061 2131 2117 trahit

473 2156 554 2211 ad
577 2155 1048 2224 delectationem,
1099 2154 1273 2227 quasi
1325 2154 1654 2226 pungendo
1705 2153 1925 2209 lacerat
1969 2167 2131 2206 men-

473 2249 612 2300 tem.
647 2245 810 2300 Unde
831 2245 978 2316 justi
999 2260 1143 2299 voce
1166 2247 1222 2298 et
1251 2243 1592 2315 pmnitentis
1637 2242 1851 2298 dicitur
1880 2259 1892 2295 :
1919 2264 1944 2290 ‹‹
1981 2243 2128 2297 Con-

469 2349 679 2390 versus
703 2350 837 2388 sum
867 2335 928 2388 in
958 2348 1231 2388 aerumna
1251 2349 1387 2388 mea
1414 2331 1563 2387 dum
1607 2331 1926 2400 conﬁgitur
1955 2329 2129 2402 spina

473 2424 662 2490 (Psal.
693 2440 856 2492 xxxi,
888 2425 964 2494 4).
999 2447 1026 2472 ››
1061 2422 1214 2487 Quid.
1245 2437 1385 2477 vero
1415 2437 1522 2493 per
1551 2419 1814 2476 radicem
1843 2417 2127 2491 juniperi,

470 2510 588 2566 nisi
633 2513 880 2567 avaritia
930 2511 1300 2580 designatur,
1327 2526 1401 2564 ex
1430 2525 1552 2582 qua
1581 2513 1964 2581 peccatorum
2004 2524 2130 2563 om-

471 2599 642 2654 nium
671 2600 854 2670 spinae
885 2598 1300 2670 producuntur
1327 2599 1353 2652 ‘?
1385 2601 1464 2654 De
1495 2613 1616 2669 qua
1660 2602 1716 2652 et
1745 2613 1851 2670 per
1881 2596 2128 2652 Paulum

471 2687 724 2742 dicitur:
757 2709 782 2736 ‹‹
815 2687 1000 2743 Radix
1055 2687 1328 2742 omnium
1370 2685 1672 2741 malorum
1713 2691 1802 2741 est
1831 2685 2128 2757 cupiditas

475 2778 566 2848 (II
588 2779 736 2832 Tim.
767 2793 850 2842 vx,
883 2777 991 2848 20).
1027 2800 1053 2826 ››
1087 2775 1236 2842 Quia
1267 2775 1448 2845 igitur
1477 2775 1832 2848 plerumque
1867 2775 2128 2830 haeretici

478 2865 610 2920 sola
630 2865 949 2932 instruunt,
986 2865 1092 2920 sed
1117 2865 1330 2920 erroris
1362 2865 1830 2937 praedicamenta
1873 2879 1996 2920 non
2025 2865 2130 2920 de-

476 2957 700 3020 serunt,
759 2953 906 3008 dum
965 2958 1243 3026 sumptus
1301 2954 1603 3025 percipere
1634 2953 1812 3025 quasi
1855 2953 2130 3008 doctores

469 3041 699 3109 volunt,
733 3042 884 3098 bene
905 3043 979 3098 de
1010 3043 1092 3098 eis
1123 3041 1311 3097 sancti
1351 3043 1458 3098 viri
1499 3059 1662 3098 nunc
1691 3059 1836 3098 voce
1867 3042 2080 3098 dicitur
2113 3061 2124 3097 :

471 3131 550 3186 Et
603 3133 790 3188 radix
829 3133 1256 3202 juniperorum
1319 3139 1448 3188 erat
1501 3133 1665 3188 cibus
1697 3147 1922 3188 eorum.
1981 3132 2129 3196 Quia

471 3219 619 3276 dum
675 3221 812 3276 totis
870 3223 1088 3276 mentis
1128 3237 1251 3276 suae
1301 3221 1579 3276 sensibus
1620 3221 1936 3277 avaritiam
1967 3221 2129 3291 cogi-

470 3312 618 3379 tant,
643 3308 822 3380 quasi
851 3325 922 3364 eo
977 3309 1260 3364 alimento
1307 3314 1646 3380 vescuntur,
1697 3309 1771 3364 de
1815 3325 1936 3382 quo
1965 3311 2132 3364 nasci

471 3397 682 3470 procul
735 3396 923 3452 dubio
953 3402 1336 3469 peccatorum
1369 3398 1747 3469 sequentium
1777 3400 2131 3470 punctiones

473 3486 684 3542 solent.
739 3485 920 3541 Aliter
953 3504 965 3542 :
1001 3486 1112 3552 Qui
1141 3486 1302 3541 enim
1351 3503 1476 3542 non
1529 3487 1764 3557 frugem
1793 3487 1976 3542 divini
2008 3487 2128 3543 elo—

473 3573 598 3645 quii
646 3573 1099 3644 concupiscunt,
1151 3574 1256 3628 sed
1325 3575 1402 3630 ad
1457 3590 1658 3630 rerum
1707 3575 2129 3647 temporalium

473 3660 770 3716 ambitum
827 3661 1112 3730 serviunt,
1171 3677 1558 3734 nequaquam
1589 3677 1744 3733 pane
1797 3663 1989 3732 tritici,
2026 3663 2130 3719 sed

471 3749 674 3805 radice
725 3749 988 3820 juniperi
1035 3750 1342 3806 satiantur.
1380 3755 1835 3808 Contemneutes
1867 3768 2132 3824 namque

473 3841 662 3894 Deum
684 3837 780 3892 hic
811 3839 1055 3894 minime
1079 3839 1357 3906 sentiunt,
1383 3845 1680 3912 quantum
1710 3841 1782 3896 sit
1806 3842 1948 3898 mali
1965 3843 2132 3915 quod

471 3931 678 3996 agunt.
711 3927 924 3982 Adhuc
966 3927 1126 3983 enim
1163 3928 1424 4000 juniperi
1469 3929 1732 3986 radicem
1786 3932 2129 3998 comedunt,

469 4016 575 4072 sed
603 4015 786 4087 hujus
807 4016 1026 4072 radicis
1055 4033 1242 4089 quam
1301 4018 1416 4074 sint
1469 4019 1622 4074 rami
1654 4019 1853 4092 asperi
1899 4037 2022 4076 non
2053 4025 2135 4077 at-

469 4105 738 4161 tendunt.
792 4106 939 4171 Quia
989 4107 1274 4162 nimirum
1315 4123 1507 4179 prava
1537 4109 1690 4164 actio
1723 4109 1906 4166 modo
1955 4111 2133 4182 quasi

467 4209 540 4249 ex
563 4194 763 4250 radice
789 4194 1016 4250 delecta
1045 4195 1106 4250 in
1137 4195 1334 4267 culpa,
1367 4197 1474 4251 sed
1531 4197 1922 4268 postmodum
1954 4199 2132 4270 quasi

468 4297 542 4337 ex
567 4297 629 4336 se
659 4281 843 4336 ramis
875 4283 1090 4354 pungit
1117 4283 1180 4337 in
1210 4297 1410 4353 poena.
1449 4284 1724 4356 Sequitur
1756 4303 1768 4340 :

539 4371 707 4424 Vsus.
828 4370 941 4437 Qui
970 4371 1042 4426 de
1071 4371 1447 4427 convallibus
1491 4374 1606 4428 ista
1640 4375 1960 4442 rapientes,
1993 4391 2126 4430 cum

467 4457 714 4526 singula
769 4459 1148 4527 reperissent,
1200 4473 1334 4514 cum
1377 4461 1642 4516 clamore
1687 4463 2026 4518 currebant.
2060 4495 2128 4503 —

467 4546 549 4602 De
579 4547 954 4604 convallibus
1003 4548 1106 4604 illa
1135 4549 1396 4620 rapiunt,
1451 4551 1595 4622 quia
1631 4551 1758 4607 haec
1787 4551 1862 4607 de
1895 4553 2130 4609 humili-

467 4634 583 4692 bus
611 4635 782 4692 dictis
808 4639 1048 4693 Patrum
1101 4637 1363 4710 superbo
1414 4639 1626 4710 spiritu
1655 4639 1961 4711 colligunt,
1993 4658 2128 4714 qua:

467 4723 616 4780 dum
669 4741 780 4798 pro
810 4726 931 4782 suis
991 4743 1052 4782 se
1102 4726 1374 4798 partibus
1427 4727 1720 4784 invenisse
1778 4729 2127 4802 gloriantur,

467 4815 544 4870 ad
574 4829 646 4870 ea
695 4831 834 4870 cum
887 4816 1253 4872 clamoribus
1319 4823 1585 4874 currunt.
1655 4819 1806 4884 Quia
1857 4820 2131 4878 videlicet

466 4917 647 4956 omne
693 4903 860 4975 quod
917 4907 1197 4972 sentiunt,
1259 4906 1533 4978 appetita:
1591 4905 1788 4963 laudis
1841 4909 1920 4964 ad
1950 4925 2126 4965 aures

465 4989 785 5047 hominum
823 4993 1139 5048 ditfamare
1167 5001 1479 5050 conantur.
1511 4995 1689 5051 Aliter
1722 5014 1734 5051 :
1769 5001 1830 5052 in
1879 5015 2126 5072 compa-

463 5078 694 5135 ratione
723 5081 1002 5137 videlicet
1027 5097 1428 5154 supernorum
1477 5085 1673 5140 omnis
1715 5101 1980 5158 praesens
2015 5089 2128 5144 vita

464 5168 756 5225 convallis
779 5175 868 5226 est
897 5189 909 5238 ;
944 5171 1004 5226 hi
1035 5175 1258 5239 autem,
1305 5172 1448 5244 quia
1475 5173 1756 5230 sublimia
1808 5177 2124 5246 montium,

461 5255 524 5310 id
551 5259 638 5312 est
667 5255 842 5312 fortia
867 5261 1000 5313 acta
1031 5263 1378 5314 sanctorum
1410 5261 1804 5332 contemplari
1833 5263 2124 5332 nesciunt,

462 5349 570 5402 sed
597 5361 703 5416 per
731 5345 1194 5403 oblectationem
1224 5347 1286 5402 in
1333 5347 1554 5404 intimis
1585 5351 1762 5422 quasi
1791 5351 1851 5406 in
1883 5353 2125 5408 conval-

461 5432 620 5488 libus
649 5439 1102 5504 conversantur,
1137 5441 1194 5491 et
1246 5437 1394 5492 dum
1429 5438 1742 5510 quodlibet
1768 5439 2002 5494 lucrum
2033 5442 2126 5495 vel

461 5520 634 5594 parvi
663 5521 940 5594 stipendii
993 5525 1324 5592 inveniunt,
1379 5543 1518 5582 cum
1565 5526 1828 5582 clamore
1857 5535 2124 5598 currunt,

459 5609 604 5680 quia
657 5609 774 5665 hoc
829 5609 1172 5668 abstrahere
1225 5613 1406 5671 etiam
1433 5613 1738 5684 jurgando
1775 5615 2120 5674 moliuntur.

2236 1708 2518 1763 omnibus
2542 1708 2652 1763 soli
2684 1707 2948 1764 avaritiae
2983 1713 3103 1763 tota
3165 1707 3490 1762 intentione
3535 1706 3870 1776 deserviunt,

2237 1797 2434 1852 radice
2453 1797 2714 1870 juniperi
2745 1797 3066 1870 replentur.
3099 1799 3240 1858 Quae
3287 1801 3506 1852 cuncta
3554 1795 3625 1851 de
3653 1797 3870 1852 conval-

2235 1885 2393 1942 libus
2446 1886 2706 1958 rapiunt,
2765 1887 2910 1958 quia
2965 1903 3039 1941 ex
3093 1901 3299 1941 amore
3351 1886 3536 1956 hujus
3591 1884 3799 1941 inﬁma:
3825 1891 3874 1940 et

2237 1974 2637 2045 corruptibilis
2672 1975 2806 2030 vitae
2833 1974 3147 2030 immensis
3179 1973 3608 2046 cupiditatibus
3629 1972 3870 2028 inardes-

2236 2067 2395 2130 cunt,
2455 2067 2511 2118 et
2567 2079 2707 2118 cum
2761 2063 3001 2132 singula
3047 2063 3351 2136 reperiunt
3381 2061 3464 2118 ad
3517 2077 3589 2118 ea
3621 2077 3751 2116 cum
3774 2061 3874 2116 cla-

2237 2152 2512 2208 moribus
2569 2158 2834 2225 eurrunt,
2889 2153 3035 2225 quia
3085 2151 3360 2208 videlicet
3400 2155 3742 2208 sanctorum
3782 2155 3874 2206 Pa-

2237 2245 2400 2297 trum
2453 2258 2712 2314 quorum
2783 2242 2996 2298 merita
3081 2241 3334 2314 adipisci
3407 2256 3536 2296 non
3605 2245 3870 2313 quierunt,

2237 2330 2374 2386 loca
2405 2337 2586 2404 atque
2629 2331 2925 2401 regimina
2981 2331 3432 2404 apprehendere
3490 2335 3776 2400 satagunt,
3825 2335 3874 2384 et

2239 2435 2378 2474 cum
2410 2419 2732 2491 tranquilla
2779 2424 3108 2491 nequeunt,
3157 2419 3284 2474 haec
3332 2418 3688 2491 plerumque
3739 2432 3875 2472 asse-

2237 2509 2364 2581 qui,
2421 2508 2602 2564 etiam
2660 2508 2932 2581 disrupta
2981 2508 3316 2564 concordiae
3375 2523 3530 2580 pace
3556 2507 3871 2562 moliuntur.

2239 2596 2516 2652 Sequitur
2545 2614 2556 2652 :

2361 2613 2516 2652 uitur
2545 2614 2556 2652 :

2313 2613 2482 2742 gens.
2512 2691 2565 2742 6.
2603 2688 2668 2742 [η
2701 2687 2946 2744 desertis
2973 2686 3326 2742 habitabant
3351 2688 3729 2754 torrentium,
3751 2690 3798 2740 et
3823 2686 3875 2738 in

2241 2777 2512 2832 cavernis
2543 2781 2739 2842 terrae,
2780 2777 2872 2832 vel
2896 2791 3077 2846 super
3121 2777 3414 2846 glaream.
3454 2808 3523 2816 ——
3563 2778 3592 2830 J
3601 2791 3697 2830 ure
3727 2773 3880 2844 igitur

2240 2865 2578 2920 inventores
2611 2881 3030 2936 perversorum
3061 2865 3419 2934 dogmatum
3476 2869 3750 2920 torrentes
3793 2877 3876 2918 vo-

2241 2958 2473 3019 cantur,
2501 2955 2645 3026 quia
2675 2971 2710 3009 a
2760 2955 2956 3010 calore
3011 2954 3311 3010 eharitatis
3349 2953 3574 3024 frigidi,
3621 2953 3782 3026 quasi
3823 2951 3874 3005 in

2241 3048 2480 3114 torpore
2537 3043 2824 3115 temporis
2875 3043 3149 3098 hiemalis
3193 3049 3570 3112 excrescunt,
3629 3043 3728 3116 qui
3769 3055 3878 3096 non

2239 3135 2532 3202 perpetua
2561 3130 2929 3202 plenitudine
2960 3129 3285 3202 proﬂuunt,
3333 3132 3444 3187 sed
3475 3130 3876 3188 catholicorum

2240 3215 2700 3286 allegationibus
2725 3219 2902 3290 quasi
2934 3218 3180 3274 aestibus
3230 3218 3375 3274 solis
3409 3221 3790 3275 exsiccantur.
3825 3218 3880 3270 Et

2238 3305 2487 3378 quidem
2510 3307 2844 3362 inventores
2876 3323 3295 3380 perversorum
3316 3308 3676 3380 dogmatum
3695 3309 3878 3362 contra

2241 3399 2514 3451 sanctam
2543 3395 2864 3451 Ecclesiam
2885 3397 3072 3452 exorti
3094 3397 3322 3452 fervore
3345 3397 3480 3469 jam
3503 3397 3755 3453 veritatis
3777 3409 3882 3449 exs-

2243 3483 2406 3540 tincti
2437 3489 2592 3551 sunt,
2628 3484 2732 3540 sed
2765 3489 2962 3540 tamen
2995 3501 3204 3542 eorum
3231 3486 3516 3560 discipuli
3563 3503 3634 3542 ea
3661 3501 3786 3557 quae
3811 3481 3882 3536 illi

2241 3573 2576 3630 docuerunt
2629 3579 2826 3630 tenere
2881 3591 2951 3630 ac
2978 3575 3296 3631 defendere
3333 3593 3462 3632 non
3489 3575 3792 3632 desistunt.
3821 3569 3874 3626 Hi

2240 3677 2384 3732 ergo
2409 3661 2514 3733 qui
2542 3661 2783 3716 illorum
2805 3668 3139 3734 sequuntur
3159 3679 3392 3721 errores
3424 3667 3488 3720 in
3517 3664 3756 3721 desertis
3780 3666 3877 3715 tor-

2240 3752 2500 3807 rentium
2529 3750 2822 3817 habitant,
2855 3751 2916 3807 id
2959 3757 3070 3822 est,
3115 3752 3176 3808 in
3207 3769 3422 3810 eorum
3483 3750 3878 3826 praedicatione

2241 3837 2572 3908 confidunt,
2604 3855 2866 3911 quorum
2898 3840 3136 3914 eloquia
3167 3842 3607 3898 catholicorum
3627 3843 3750 3912 jam
3776 3853 3880 3892 res-

2238 3928 2533 4000 ponsione
2565 3933 2628 3994 et
2649 3929 3100 3986 ratiocinatione
3133 3931 3361 3988 siccata
3393 3937 3550 3988 sunt.
3588 3929 3734 3996 Quid
3763 3939 3881 3982 vero

2240 4015 2403 4073 aliud
2425 4033 2715 4073 cavernas
2749 4023 2937 4089 terras,
2967 4035 3153 4092 quam
3180 4020 3453 4077 occultas
3495 4021 3882 4076 haereticorum

2240 4105 2698 4178 praedicationes
2724 4107 3052 4180 accipimus
3077 4111 3104 4166 ?
3137 4109 3229 4166 Sic
3253 4110 3422 4167 enim
3447 4111 3600 4167 inter
3625 4125 3684 4164 se
3720 4108 3882 4162 heare-

2239 4195 2338 4251 tici
2363 4194 2747 4252 clandestinis
2779 4197 3208 4254 conventiculis
3238 4205 3484 4270 coeunt,
3514 4204 3578 4256 ut
3592 4195 3766 4254 errori
3792 4207 3884 4248 suo

2239 4281 2638 4339 reverentiam
2658 4300 2845 4356 quam
2865 4302 2938 4340 ex
2955 4285 3180 4342 ratione
3207 4302 3332 4342 non
3359 4287 3580 4352 valent,
3605 4282 3884 4358 praebeant

2240 4386 2312 4425 ex
2341 4370 2756 4428 occultatione.
2777 4372 3050 4430 Glaream
3065 4374 3292 4448 quippe
3315 4375 3454 4432 illos
3475 4370 3882 4430 minutissimos

2239 4459 2498 4515 dicimus
2525 4459 2777 4532 lapides,
2811 4478 2964 4534 quos
3018 4479 3181 4536 aqua
3229 4463 3496 4522 ﬂuvialis
3535 4461 3726 4521 trahit.
3759 4455 3884 4515 Doc-

2239 4551 2394 4603 tores
2435 4547 2616 4618 igitur
2675 4565 3094 4621 perversorum
3151 4553 3518 4624 dogmatum
3573 4565 3745 4624 super
3775 4546 3882 4618 gla-

2237 4652 2403 4692 ream
2457 4636 2748 4706 habitant,
2799 4639 2944 4711 quia
2989 4639 3120 4695 illas
3176 4641 3502 4697 hominum
3534 4643 3759 4697 mentes
3787 4641 3882 4690 tra-

2237 4725 2408 4794 hunt,
2441 4743 2576 4798 quae
2630 4727 2796 4784 nulla
2853 4731 3159 4799 gravitatis
3194 4731 3520 4788 stabilitate
3553 4728 3879 4787 solidantur.

2235 4831 2388 4887 quas
2419 4816 2580 4872 velut
2603 4817 2677 4872 de
2707 4817 2840 4874 loco
2873 4835 3108 4892 semper
3137 4821 3216 4876 ad
3237 4820 3449 4876 locum
3475 4821 3725 4876 ﬂumina
3749 4827 3882 4871 erro-

2233 4921 2370 4960 rum
2425 4905 2671 4962 dueunt.
2729 4907 2894 4964 Unde
2952 4913 3008 4965 et
3036 4909 3395 4981 praedicator
3453 4909 3728 4980 egregius
3758 4917 3876 4960 cum

2234 4994 2534 5051 auditores
2593 5011 2733 5051 suos
2793 5013 2917 5053 non
2973 4999 3385 5071 temporaliter
3441 4999 3607 5064 duci,
3641 4995 3741 5052 sed
3767 4989 3882 5048 forti

2237 5089 2480 5155 cuperet
2505 5086 2792 5166 gravitate
2825 5087 3088 5156 solidari,
3121 5089 3446 5144 admonuit
3501 5089 3704 5144 dicens
3737 5101 3748 5138 :
3775 5103 3801 5128 ‹‹
3827 5079 3884 5134 Ut

2229 5173 2360 5242 jam
2384 5188 2509 5229 non
2533 5174 2719 5230 simus
2740 5176 2974 5249 parvuli
2990 5176 3372 5245 ﬂuctuantes,
3393 5193 3508 5234 nec
3521 5172 3878 5232 circumfera-

2235 5277 2370 5318 mur
2390 5264 2556 5319 omni
2573 5269 2750 5320 vento
2783 5265 3068 5322 doctrinae
3090 5267 3335 5337 (Ephes.
3373 5283 3456 5328 iv,
3482 5267 3588 5336 l4).
3619 5285 3648 5316 >
3685 5261 3844 5318 Aliter
3871 5272 3881 5308 ε

2237 5354 2298 5404 In
2313 5351 2476 5407 bona
2491 5353 2712 5408 etenim
2735 5359 2903 5426 parte
2935 5359 3090 5410 recte
3113 5359 3412 5411 torrentes
3435 5359 3678 5411 sanctos
3701 5345 3879 5424 praedi-

2233 5445 2463 5496 catores
2481 5442 2833 5514 accipimus,
2855 5444 2958 5516 qui
2982 5443 3130 5499 dum
3149 5445 3206 5499 in
3225 5445 3518 5517 praesenti
3553 5445 3672 5498 vita
3697 5433 3884 5494 divinis

2235 5530 2411 5586 nobis
2434 5530 2684 5602 eloquiis
2706 5531 2984 5600 inﬂuunt,
3009 5549 3316 5606 aquarum
3335 5532 3716 5590 multitudine
3735 5521 3884 5598 quasi

2232 5617 2294 5674 in
2309 5619 2504 5676 hieme
2522 5619 2901 5691 colliguntur.
2927 5622 3040 5688 Qui
3060 5629 3117 5679 et
3137 5626 3359 5680 aestivo
3398 5622 3525 5680 sole
3561 5615 3882 5678 adveniente
