4130 6146
202 138 286 195 349

200 280 249 320 se
268 258 637 327 subtrahunt,
668 253 817 327 quia
847 268 990 308 cum
1020 254 1256 307 aeterna:
1296 245 1503 319 patriae
1544 242 1646 297 lux
1699 235 1843 293 emi-
1873 236 1923 287 Α
1955 231 2106 288 citur
2158 250 2170 287 :

198 350 375 419 cuerit,
406 324 733 422 praedicare
767 339 1122 399 cessabunt.
1167 338 1390 393 Horum
1444 332 1703 389 torrenta
1749 324 1846 380 de-

196 446 332 500 serta
358 442 495 496 sunt
524 435 653 492 vitae
687 430 1049 505 temporalis
1076 424 1425 485 commoda.
1459 426 1537 478 Ea
1584 430 1846 488 namque

195 533 453 590 deserunt
479 531 535 582 et
560 524 638 580 ad
667 522 843 577 lucra
876 536 939 575 se
978 516 1231 575 caelestis
1279 508 1671 584 adipiscenda
1713 520 1850 561 con-

194 623 426 678 vertunt.
462 616 683 673 Cuncta
715 614 929 667 autem
960 609 1089 664 luec
1121 609 1353 662 torrens
1383 601 1480 657 ille
1509 597 1847 669 reliquerat,

196 709 286 783 qui
314 705 540 762 dicebat
571 719 584 757 :
618 723 645 749 ‹‹
675 700 932 772 Propter
982 711 1119 768 quae
1170 691 1379 749 omnia
1427 686 1849 783 detrimentum

197 769 311 867 feci,
361 800 416 851 et
470 791 725 850 arbitror
776 769 847 843 ut
900 791 1163 841 stercora
1204 780 1392 853 (Phil.
1428 794 1508 845 Ill,
1554 776 1629 867 8),
1664 795 1709 867 »-
1738 769 1851 825 Sed

198 886 322 960 quia
344 893 665 956 pravorum
693 879 939 931 mentes
963 889 1035 928 ea
1064 871 1126 927 in
1156 870 1270 925 hac
1301 867 1425 922 vita
1466 859 1715 935 adipisci
1745 876 1850 931 ap—

199 948 387 1049 petunt
414 985 548 1043 quae
574 964 984 1037 despicientes
1006 959 1153 1031 justi
1180 956 1628 1026 derelinquunt,
1670 951 1731 1004 in
1761 948 1855 1003 de-

196 1038 349 1121 sertis
388 1038 741 1117 torrentium
801 1052 1075 1108 habitare
1118 1047 1494 1110 referuntur;
1546 1040 1644 1097 illa
1693 1038 1853 1094 enim

195 1168 316 1225 quae
345 1146 560 1204 sanctis
588 1142 849 1211 indigna
881 1143 1036 1205 sunt,
1070 1136 1179 1209 ipsi
1233 1132 1546 1206 percipere
1572 1144 1683 1202 pro
1730 1140 1856 1181 ma-

195 1220 303 1311 gno
331 1233 786 1307 concupiscunt.
826 1233 1108 1286 (lavemus
1141 1229 1345 1281 autem
1378 1227 1549 1277 terrae
1589 1220 1728 1272 sunt
1755 1230 1853 1270 co-

194 1328 492 1400 gitationes
516 1303 739 1395 pravm,
769 1319 838 1374 in
867 1315 1088 1390 quibus
1129 1330 1190 1368 se
1222 1312 1302 1367 ab
1346 1305 1636 1366 humanis
1667 1303 1853 1360 oculis

194 1392 578 1474 abscondunt.
607 1407 781 1464 Pravi
811 1406 1035 1479 quippe
1068 1408 1135 1458 ut
1164 1404 1322 1466 sunt,
1377 1397 1456 1455 ab
1508 1392 1856 1451 hominibus

194 1505 359 1561 videri
389 1499 705 1568 refugiunt.
745 1496 961 1551 Glarea
987 1506 1257 1563 namque
1280 1493 1368 1544 est
1397 1486 1518 1542 vita
1568 1497 1852 1556 praesens,

1011 124 1312 183 EPITOME
1349 116 1716 180 MORALIUM
1756 113 1810 167 S.
1859 104 2064 164 GREGL
2110 108 2178 163 IN
2221 110 2364 166 JOB.
2399 106 2468 150 —'-
2500 111 2632 166 LIB.
2682 114 2790 168 XX.

3529 120 3635 175 350

2232 255 2259 282 ‹‹
2306 232 2528 289 Nobilis
2580 233 2642 289 in
2687 237 2875 307 portis
2920 238 3011 293 vir
3058 238 3190 309 ejus
3237 239 3440 306 (Prov.
3485 231 3629 298 xxxx’

1963 322 2075 393 23).
2106 343 2135 372 »
2177 321 2248 377 Hi
2277 321 2480 396 itaque
2528 323 2634 397 qui
2673 340 2953 396 perversa
2982 327 3307 383 errantium
3356 330 3632 405 exempla

1961 409 2147 465 secuti
2175 414 2336 478 sunt,
2367 409 2468 465 lilii
2502 410 2823 467 stultorum
2849 417 2906 469 et
2929 413 3285 483 ignobilium
3333 432 3461 473 esse
3509 434 3631 473 me-

1958 503 2291 555 morantur.
2327 499 2502 556 Recte
2532 500 2923 572 subjungitur
2954 520 2966 558 :
2997 504 3077 559 Et
3104 506 3167 559 in
3211 510 3375 561 terra
3394 509 3631 576 penitus

1961 604 2080 643 non
2100 592 2406 658 parentes.
2459 622 2527 630 ——
2559 589 2712 655 Quia
2742 590 2893 646 dum
2916 591 3012 647 hic
3041 592 3226 648 videri
3255 593 3481 667 aliquid
3528 611 3632 668 ap-

1959 681 2189 750 petunt,
2221 677 2511 733 nimirum
2542 695 2579 734 a
2604 684 2761 735 terra
2808 680 3131 737 viventium
3179 686 3439 738 exsortes
3457 683 3629 739 ﬁunt.

1961 766 2183 822 Aliter:
2220 766 2543 823 Sciendum
2590 767 2770 824 nobis
2799 772 2887 824 est
2933 769 3098 841 quod
3147 769 3245 826 alii
3291 771 3444 827 intra
3491 787 3630 827 san-

1961 861 2119 912 ctam
2150 854 2474 912 Ecclesiam
2503 862 2798 913 vocantur
2828 858 3007 925 stulti,
3063 858 3167 914 sed
3216 863 3417 915 tamen
3466 861 3634 915 nobi-

1959 943 2068 1015 les,
2102 944 2203 1000 alii
2232 959 2376 1000 vero
2410 949 2551 1001 sunt
2581 945 2741 1001 stulti
2760 945 3146 1014 etignobiles.
3181 946 3346 1003 Stulti
3370 963 3635 1019 namque

1961 1033 2267 1104 dicuntur,
2297 1033 2405 1089 sed
2430 1050 2561 1090 esse
2592 1033 2887 1105 ignobiles
2919 1039 3243 1107 nequeunt,
3291 1036 3392 1107 qui
3436 1036 3636 1092 carnis

1961 1122 2350 1194 prudentiam
2377 1127 2849 1188 contemnentes,
2882 1123 3259 1195 profuturam
3294 1123 3409 1179 sibi
3453 1123 3637 1179 stulti-

1964 1211 2107 1266 tiam
2154 1216 2469 1285 appetunt,
2516 1217 2571 1268 et
2622 1212 2701 1269 ad
2745 1212 3115 1269 nobilitatem
3158 1212 3403 1267 internae
3451 1209 3636 1282 prolis

1964 1300 2174 1356 virtute
2204 1301 2473 1357 novitate
2514 1301 2922 1358 sublevantur.
2957 1301 3067 1366 Qui
3114 1300 3355 1356 stultam
3402 1299 3638 1371 sapien-

1966 1389 2111 1444 tiam
2141 1390 2360 1445 mundi
2384 1390 2738 1463 despiciunt,
2786 1395 2843 1446 et
2892 1389 3249 1462 sapientiam
3304 1387 3404 1443 Dei
3451 1386 3637 1441 stulti-

1969 1479 2110 1534 tiam
2143 1479 2596 1552 concupiscunt.
2636 1480 2932 1551 Scriptum
2962 1479 3184 1551 quippe
3222 1481 3310 1531 est
3341 1494 3353 1530 :
3407 1499 3433 1526 ‹‹
3463 1474 3635 1539 Quod

192 1611 317 1668 quae
345 1563 747 1647 indesinenter
774 1584 856 1643 ad
890 1582 1214 1639 terminum
1245 1594 1425 1633 suum
1466 1576 1596 1647 ipso
1622 1572 1856 1627 defectu
1888 1579 1931 1630 Β
1969 1566 2217 1623 stultum
2250 1571 2339 1622 est
2374 1567 2491 1637 Dei,
2523 1567 2853 1639 sapientius
2895 1570 2985 1622 est
3014 1564 3361 1620 hominibus
3414 1565 3468 1634 (Ι
3492 1563 3630 1618 Cor.

191 1663 588 1741 mutabilitatis
605 1675 784 1750 quasi
812 1671 1081 1746 impulsu
1104 1664 1648 1724 ﬂuminiaducitur.
1672 1663 1859 1731 Super

189 1774 445 1845 glaream
492 1768 692 1839 itaque
747 1762 1037 1830 habitare,
1084 1763 1177 1814 est
1213 1755 1402 1811 ﬂuxui
1439 1754 1573 1809 vitae
1602 1763 1860 1823 praesen-

190 1866 254 1921 tis
328 1836 638 1924 inhaerere,
705 1858 765 1910 et
819 1851 900 1907 ibi
972 1847 1371 1905 intentionem
1442 1856 1687 1916 ponere,
1759 1836 1861 1892 ubi

187 1965 451 2023 gressum
482 1946 748 2017 nequeat
777 1940 892 1997 ﬁxe
918 1936 1140 1994 stando
1169 1932 1445 1990 solidare.
1484 1934 1581 1986 Est
1604 1925 1769 1984 aliud
1800 1925 1862 1980 in

187 2013 384 2111 glarea
412 2013 999 2109 quod—nequaquam
1030 2024 1256 2080 debeat
1275 2020 1531 2078 tacendo
1552 2013 1857 2091 praeteriri.

188 2130 338 2196 Quia
361 2141 501 2182 cum
528 2138 638 2196 pes
662 2102 729 2176 in
757 2120 888 2189 ejus
917 2112 1233 2187 superficie
1274 2110 1539 2183 ponitur,
1570 2106 1704 2177 ipsa
1733 2102 1861 2171 ejus

184 2188 548 2273 volubilitate
574 2188 819 2272 labitur,
854 2208 1029 2275 atque
1070 2200 1149 2256 ad
1185 2199 1309 2254 ima
1358 2194 1712 2252 devolvitur.
1759 2188 1861 2242 Cui

184 2304 458 2362 videlicet
483 2300 568 2356 rei
601 2298 662 2354 in
695 2294 862 2352 nullo
892 2291 1191 2361 discrepat
1212 2288 1332 2342 vita
1348 2276 1863 2358 pravorum,quia

186 2412 323 2453 cum
355 2407 469 2466 pro
500 2402 710 2445 amore
737 2380 950 2440 mundi
980 2378 1180 2450 aliqua
1209 2374 1453 2432 student
1491 2370 1655 2428 licita
1684 2373 1864 2439 atque

187 2456 438 2542 honesta
459 2494 659 2551 agere,
693 2470 874 2547 quasi
904 2469 1153 2543 planum
1191 2465 1250 2521 in
1284 2461 1602 2537 superﬁcie
1646 2456 1864 2531 pedem

186 2576 460 2649 ponunt;
500 2544 625 2623 sed
674 2544 923 2635 repente
977 2573 1083 2629 pes
1141 2555 1218 2610 ad
1260 2554 1385 2610 ima
1431 2550 1674 2615 labitur,
1724 2544 1868 2617 quia

190 2631 395 2720 eorum
430 2631 612 2725 actio,
646 2631 796 2708 dum
827 2647 1002 2721 plura
1032 2660 1270 2716 semper
1295 2642 1544 2715 appetit,
1576 2651 1769 2709 usque
1789 2631 1867 2688 ad

194 2754 403 2825 iniqua
435 2752 495 2804 et
514 2744 720 2802 illicita
749 2735 1140 2795 descendunt.
1164 2731 1439 2804 Sequitur
1466 2748 1478 2785 :

264 2894 438 2948 Vens.
473 2896 530 2944 7.
563 2885 680 2955 Qui
716 2883 875 2936 inter
925 2873 1336 2946 hujuscemodi
1383 2870 1770 2928 laetabantur,
1815 2870 1866 2919 et

201 3001 316 3040 esse
335 2981 447 3038 sub
464 2974 734 3034 sentibus
755 2968 1001 3025 delicias
1025 2963 1472 3033 computabant.
1496 2991 1565 2999 —
1588 2954 1742 3023 Quid
1768 2968 1872 3008 no-

203 3072 354 3128 mine
388 3065 678 3131 sentiunt,
706 3057 820 3114 nisi
851 3071 953 3111 eas
999 3069 1153 3125 quas
1196 3048 1669 3122 supradiximus,
1715 3056 1869 3115 pun-

205 3162 424 3217 rliones
456 3149 848 3221 intelligimus
874 3145 1258 3218 peccatorum
1283 3140 1310 3194 ?
1344 3138 1492 3205 Quia
1522 3140 1723 3191 autem
1746 3146 1873 3203 per-

207 3265 381 3305 versae
439 3246 675 3299 mentes
734 3233 1001 3305 gaudent
1056 3228 1466 3302 iniquitatibus
1523 3240 1677 3297 quas
1734 3221 1874 3275 ﬂere

210 3333 559 3393 debuerunt,
595 3339 809 3381 omnes
836 3318 1099 3377 haeretici
1140 3320 1307 3373 tanto
1349 3332 1412 3370 sc
1463 3312 1629 3369 inani
1676 3306 1877 3364 laetitia

212 3421 511 3487 extollunt,
534 3418 725 3491 qanto
772 3409 968 3481 magis
998 3408 1077 3465 ad
1105 3407 1312 3480 pejora
1340 3401 1788 3462 convalescunt,
1823 3400 1879 3452 ct

214 3509 376 3581 quasi
416 3487 577 3562 ρεςεξ-
606 3501 721 3557 sub
773 3497 1042 3555 sentibus
1085 3493 1326 3551 delicias
1375 3493 1687 3565 deputant,
1736 3487 1878 3559 quia

215 3596 343 3651 inde
410 3605 767 3668 perversam
828 3585 907 3642 ad
975 3582 1264 3655 gaudium
1326 3580 1662 3643 sublevant,
1722 3574 1878 3629 unde

212 3665 831 3757 spinas'peccatorum
859 3675 1117 3748 portant.
1154 3670 1332 3726 Aliter
1364 3688 1376 3724 :
1426 3673 1579 3724 lnter
1609 3665 1879 3733 hujusce-

214 3756 366 3829 modi
396 3770 569 3844 impii
590 3770 886 3829 laetantur,
909 3762 1055 3836 quia
1081 3759 1369 3816 nimirum
1391 3756 1708 3813 attendunt
1730 3759 1882 3808 tran-

220 3864 418 3918 sitoria
446 3875 587 3932 qua:
613 3854 969 3931 percipiunt,
1023 3855 1081 3906 et
1128 3847 1341 3904 intueri
1392 3845 1703 3915 negligunt
1754 3856 1882 3914 per-

214 3950 520 4006 manentia
550 3962 687 4019 quae
718 3942 996 4017 perdunt,
1033 3953 1293 4009 cumque
1324 3951 1529 3991 amore
1581 3938 1882 4003 tempora-

209 4040 354 4096 lium
386 4038 670 4107 tlagrant,
707 4047 913 4111 veram
948 4028 1217 4085 laetitiam
1267 4025 1534 4081 volentes
1585 4022 1881 4089 ignorant.

216 4106 516 4184 Laetamur
571 4108 794 4195 itaque,
845 4119 951 4175 sed
1008 4117 1116 4173 sub
1165 4114 1447 4179 sentibus,
1511 4112 1653 4175 quia
1706 4106 1885 4162 rebus

210 4216 463 4291 quidem
516 4208 944 4285 temporalibus
1000 4205 1287 4277 gaudent,
1332 4202 1437 4257 sed
1488 4205 1685 4255 tamen
1736 4195 1883 4249 dum

205 4306 571 4377 dispensare
640 4283 765 4355 sine
824 4294 1204 4353 tribulatione
1260 4290 1474 4347 eadem
1532 4283 1883 4358 temporalia

204 4410 338 4451 non
370 4391 594 4456 valent,
632 4406 703 4444 ea
742 4403 885 4443 cura
928 4388 1280 4458 punguntur
1325 4377 1543 4446 miseri,
1590 4391 1714 4448 qua
1753 4390 1883 4446 prc-

204 4486 490 4541 muntur.
524 4482 757 4537 Manent
782 4476 890 4532 sub
918 4473 1201 4538 sentibus,
1234 4474 1292 4526 et
1340 4469 1455 4524 hoc
1483 4467 1685 4538 ipsum
1739 4464 1884 4519 (leti-

207 4577 343 4631 cias
378 4570 697 4633 sestimant,
727 4566 831 4639 qui
877 4569 933 4620 et
961 4563 1113 4618 dura
1161 4558 1406 4633 quidem
1461 4571 1533 4610 ex
1581 4552 1887 4627 prz‘cscntis

201 4663 357 4718 vitae
392 4673 602 4714 amore
634 4655 905 4719 tolerant,
937 4656 996 4708 et
1024 4656 1225 4706 tamen
1256 4646 1469 4704 effectu
1499 4644 1696 4700 nimiae
1728 4642 1889 4713 cupi-

198 4749 432 4806 ditatis
460 4744 724 4815 obligati,
776 4742 1046 4798 laborem
1095 4736 1365 4809 ejusdem
1417 4731 1744 4789 tolerantiae
1792 4745 1892 4784 vo-

198 4838 524 4910 luptatem
556 4836 785 4906 putant.
822 4828 1098 4901 Sequitur
1132 4842 1144 4881 :

291 4964 451 5016 Vens
479 4963 531 5015 8.
563 4957 709 5013 Filii
735 4956 1057 5012 stultorum
1087 4956 1139 5007 et
1172 4946 1541 5019 ignobilium.
1581 4976 1649 4984 ——
1679 4947 1893 4999 Eorum

226 5048 505 5106 videlicet
536 5046 640 5102 ﬁlii
683 5044 790 5118 qui
833 5042 1072 5098 fuerunt
1120 5052 1390 5094 errorum
1436 5032 1724 5101 magistri.
1768 5030 1895 5085 Filii

220 5141 417 5211 igitur
444 5135 739 5199 dicuntur,
771 5146 895 5188 non
924 5129 999 5185 de
1026 5142 1235 5184 eorum
1271 5123 1516 5189 semine,
1552 5122 1656 5176 sed
1678 5120 1751 5176 de
1769 5118 1896 5175 imi—

221 5209 460 5285 tatione
492 5222 771 5293 generati,
804 5218 906 5291 qui
931 5215 1206 5273 docendo
1250 5228 1533 5286 perversa
1583 5209 1739 5265 stulti
1770 5210 1893 5263 fue-

217 5323 373 5373 runt
409 5330 513 5387 per
538 5310 955 5383 ignorantiam,
988 5304 1249 5361 vivendo
1283 5302 1555 5373 nequiter
1603 5298 1894 5366 ignobiles

212 5425 331 5481 per
385 5404 704 5470 actionem,
752 5398 856 5472 qui
910 5392 1285 5466 Redemptori
1327 5396 1551 5456 nostro,
1602 5387 1762 5442 nulla
1809 5403 1897 5440 sa-

209 5478 485 5571 pientia,
515 5490 678 5547 nulla
707 5488 841 5543 vita:
881 5482 1219 5554 cognitione
1269 5479 1570 5549 conjuncti
1620 5480 1775 5532 sunt.
1821 5478 1896 5530 De

207 5564 353 5662 quo
395 5579 729 5641 Salomonis
762 5590 906 5633 voce
938 5574 999 5630 in
1023 5571 1202 5629 laude
1234 5572 1452 5625 sanctae
1496 5567 1765 5622 licrlcslw
1811 5564 1896 5619 di-

1968 1673 2005 1722 ι,
2033 1659 2145 1724 25).
2181 1678 2208 1706 ››
2257 1657 2425 1712 Hanc
2468 1672 2579 1712 nos
2620 1655 2929 1713 stultitiam
2978 1654 3195 1710 Paulus
3247 1652 3638 1725 comprehen-

1968 1745 2108 1799 dere
2137 1744 2427 1801 admonet
2454 1744 2660 1800 dicens
2697 1761 2709 1798 :
2745 1767 2773 1793 «
2812 1744 2867 1800 Si
2897 1742 3033 1815 quis
3064 1741 3301 1797 videtur
3347 1740 3498 1795 inter
3526 1753 3638 1793 vos

1968 1832 2210 1904 sapiens
2244 1849 2375 1889 esse
2400 1833 2462 1888 in
2491 1834 2606 1889 hoc
2638 1832 2876 1899 saeculo,
2906 1830 3119 1887 stultus
3158 1829 3265 1885 ﬁat
3311 1833 3373 1884 ut
3421 1828 3496 1884 sit
3538 1843 3636 1883 sa-

1967 1921 2138 1994 piens
2166 1921 2227 1991 (Ι
2250 1922 2389 1977 Cor.
2423 1939 2503 1986 Ill,
2555 1922 2656 1991 18).
2695 1945 2721 1971 ››
2778 1921 2943 1976 Hanc
2998 1918 3305 1975 stultitiam
3350 1916 3453 1989 qui
3499 1932 3636 1988 per-

1969 2008 2115 2065 fecte
2147 2009 2334 2065 secuti
2383 2015 2540 2081 sunt,
2586 2025 2732 2065 voce
2789 2008 3095 2080 sapientia:
3142 2005 3348 2063 audire
3399 2020 3636 2060 merue-

1969 2101 2109 2153 runt
2136 2114 2149 2152 :
2184 2118 2213 2150 ‹
2248 2101 2363 2154 Vos
2389 2098 2491 2170 qui
2524 2098 2705 2153 secuti
2736 2097 2873 2152 estis
2921 2112 3038 2163 me,
3068 2094 3129 2151 in
3181 2094 3634 2164 regeneratione

1969 2203 2108 2242 cum
2135 2186 2355 2242 sederit
2401 2186 2556 2242 tilius
2581 2186 2842 2242 hominis
2870 2185 2932 2239 in
2959 2184 3100 2239 sede
3133 2182 3463 2253 majestatis
3487 2198 3633 2249 suae,

1972 2274 2254 2331 sedebitis
2272 2280 2330 2330 et
2345 2292 2449 2331 vos
2463 2291 2644 2348 super
2658 2273 2978 2330 duodecim
2993 2272 3179 2328 tribus
3200 2269 3379 2325 Israel
3391 2268 3633 2339 (Matth.

1971 2381 2089 2431 XIX,
2147 2366 2259 2434 28).
2298 2388 2325 2414 »
2392 2367 2536 2419 Ecce
2601 2362 3003 2434 relinquentes
3078 2357 3450 2431 temporalia,
3509 2356 3636 2426 glo-

1971 2453 2121 2508 riam
2163 2452 2472 2525 potestatis
2523 2456 2751 2507 eeternse
2806 2448 3052 2505 mercati
3109 2451 3266 2502 sunt.
3313 2450 3385 2501 At
3428 2449 3641 2502 contra

1974 2546 2114 2596 sunt
2152 2541 2315 2597 stulti
2357 2546 2414 2597 et
2460 2539 2774 2609 ignobiles,
2825 2537 2929 2610 qui
2974 2538 3122 2593 dum
3173 2549 3496 2607 supernam
3547 2548 3642 2588 sa-

1977 2629 2263 2703 pientiam
2319 2631 2670 2703 semetipsos
2719 2631 3037 2701 sequentes
3103 2624 3358 2695 fugiunt,
3404 2624 3467 2678 in
3531 2639 3644 2679 sua

1978 2719 2321 2789 ignorantia
2349 2718 2524 2792 quasi
2554 2719 2615 2773 in
2648 2717 2895 2788 abjectre
2925 2714 3110 2788 prolis
3138 2713 3358 2770 vilitate
3399 2712 3644 2784 sopiun-

1981 2812 2095 2863 tur.
2131 2807 2301 2864 Stulti
2335 2812 2473 2863 sunt
2496 2822 2640 2875 ergo
2668 2809 2724 2861 et
2752 2804 3046 2873 ignobiles
3090 2817 3246 2874 quos
3295 2801 3374 2857 ab
3422 2804 3645 2857 teterno

1982 2896 2341 2953 hiereditatis
2372 2895 2670 2952 consortio
2698 2893 2927 2966 repellit
2955 2892 3201 2949 servitus
3230 2890 3464 2946 mentis.
3498 2890 3647 2947 Scri-

1978 2990 2149 3059 ptum
2196 2986 2424 3058 quippe
2472 2988 2606 3041 est:
2656 3006 2683 3033 ‹‹
2710 2982 2915 3039 Omnis
2963 2980 3068 3053 qui
3124 2979 3263 3036 facit
3304 2983 3643 3051 peccatum,

1980 3086 2184 3126 servus
2210 3074 2299 3126 est
2326 3068 2557 3141 peccati
2588 3068 2784 3138 (Joan.
2817 3082 2936 3133 vni,
2960 3067 3069 3135 34).
3106 3087 3133 3113 ››
3178 3065 3445 3129 Quorum
3493 3061 3645 3116 dum

1980 3159 2249 3232 plerique
2280 3164 2448 3215 actus
2479 3157 2808 3213 imitantur.
2843 3154 2946 3210 filii
2976 3152 3292 3209 stultorum
3323 3154 3381 3207 et
3407 3149 3645 3219 ignobi-

1980 3249 2128 3303 lium
2156 3247 2331 3317 ﬁunt,
2377 3247 2648 3318 dumque
2691 3248 2746 3301 et
2802 3242 3081 3299 sensibus
3129 3257 3200 3297 ac
3240 3239 3512 3295 moribus
3560 3253 3648 3294 se-

1983 3340 2250 3408 quuntur
2279 3340 2335 3392 et
2364 3334 2521 3391 stulti
2554 3338 2711 3401 sunt,
2741 3347 2949 3388 veram
3001 3328 3356 3403 sapientiam
3404 3341 3527 3382 non
3564 3325 3653 3381 in-

1984 3424 2275 3493 telligunt,
2308 3428 2365 3478 et
2394 3421 2710 3492 ignobiles,
2742 3419 2886 3493 quia
2910 3417 3077 3474 nulla
3108 3417 3351 3490 spiritus
3380 3414 3651 3470 libertate

1984 3517 2366 3567 renovantur.
2405 3510 2565 3566 Sicut
2592 3508 2753 3563 enim
2799 3506 3066 3579 plerique
3095 3504 3156 3559 in
3186 3509 3340 3559 terra
3388 3504 3546 3571 sunt,
3596 3504 3654 3556 et

1988 3618 2023 3657 a
2079 3600 2419 3670 cognitione
2474 3597 2789 3654 hominum
2845 3592 3180 3665 abjectione
3234 3591 3476 3649 vilitatis
3529 3604 3652 3645 suae

1990 3690 2161 3762 quasi
2213 3687 2480 3761 quadam
2530 3684 2994 3759 superductione
3048 3681 3357 3738 velaminis
3404 3679 3656 3736 abscon—

1989 3780 2233 3849 duntur,
2264 3779 2345 3834 ita
2392 3775 2668 3832 nonnulli
2719 3778 2854 3829 sunt
2897 3773 2960 3827 in
3015 3771 3296 3841 Ecclesia,
3349 3768 3454 3841 qui
3504 3767 3655 3822 dum

1991 3867 2311 3938 abjectioni
2342 3881 2409 3920 se
2437 3878 2767 3936 pravorum
2806 3874 3071 3932 operum
3109 3857 3398 3924 subdunt,
3448 3854 3655 3910 divino

1992 3957 2115 4012 noti
2145 3952 2491 4026 conspectui
2535 3966 2658 4006 non
2708 3953 2862 4010 sunt,
2907 3946 3131 4018 quibus
3175 3951 3234 4001 et
3287 3942 3655 4016 quandoque

1991 4045 2314 4101 dicendum
2347 4045 2435 4097 est
2468 4058 2480 4095 :
2531 4062 2558 4089 «
2579 4037 2868 4093 Discedite
2907 4051 2944 4091 a
2973 4049 3089 4095 me,
3141 4032 3399 4107 operarii
3444 4028 3657 4101 iniqui-

1995 4134 2150 4201 tatis,
2183 4132 2387 4189 nescio
2418 4146 2522 4185 vos
2550 4131 2717 4200 (Luc.
2750 4142 2872 4193 xni,
2903 4124 3062 4195 27).»
3094 4126 3233 4179 Esse
3259 4136 3402 4191 ergo
3418 4119 3480 4175 in
3500 4124 3657 4174 terra

1995 4229 2051 4280 et
2079 4237 2286 4296 parere
2316 4225 2404 4276 est
2431 4219 2493 4275 in
2522 4217 2641 4273 ﬁde
2669 4220 2829 4271 recta
2859 4229 2964 4288 per
2984 4212 3265 4269 virtutem
3310 4208 3507 4283 operis
3554 4223 3659 4263 no-

1994 4313 2279 4368 bilitatem
2311 4307 2529 4364 mentis
2558 4304 2889 4362 ostendere.
2932 4305 3071 4357 Esse
3117 4316 3259 4357 vero
3308 4300 3368 4355 in
3399 4301 3553 4354 terra
3603 4300 3661 4352 et

1995 4402 2232 4474 penitus
2262 4414 2383 4455 non
2412 4410 2725 4471 apparere,
2754 4399 2842 4449 est
2866 4392 2928 4448 in
2958 4390 3216 4448 Ecclesia
3245 4388 3493 4463 quidem
3538 4385 3658 4442 ﬁde

1995 4491 2340 4556 consistere,
2374 4487 2480 4544 sed
2509 4484 2656 4542 nihil
2686 4484 2937 4554 dignum
2967 4481 3087 4538 ﬁde
3114 4481 3178 4537 in
3208 4494 3387 4553 opere
3410 4477 3661 4534 demon-

2000 4589 2203 4638 strare.
2242 4577 2517 4652 Sequitur
2542 4594 2555 4632 :

2073 4675 2236 4726 Vens.
2271 4674 2324 4726 9.
2357 4668 2536 4723 Nunc
2561 4667 2624 4721 in
2672 4678 2876 4720 eorum
2911 4662 3212 4717 canticum
3265 4670 3467 4714 versus
3507 4670 3659 4722 sum,

2000 4768 2052 4817 et
2074 4762 2280 4831 fact-us
2303 4773 2432 4813 sum
2457 4757 2538 4812 eis
2564 4751 2967 4824 proverbium.
3022 4780 3091 4788 —
3121 4745 3349 4813 Quibus
3391 4742 3667 4800 videlicet

2002 4849 2292 4913 versibus,
2324 4844 2470 4901 illud
2511 4845 2733 4898 sanctis
2780 4837 3056 4895 Ecclesiae
3102 4840 3340 4908 tempus
3386 4831 3665 4905 exprimi-

2004 4944 2115 5000 tur,
2168 4935 2329 5008 quod
2379 4931 2616 5006 publice
2669 4946 2706 4986 a
2751 4926 3024 5000 reprobis
3070 4925 3366 4991 irridetur,
3415 4920 3666 4994 quando

2003 5026 2221 5099 iniquis
2251 5020 2656 5081 crescentibus
2704 5019 2766 5074 in
2796 5014 3191 5090 opprobrium
3239 5013 3390 5069 ﬁdes
3432 5016 3490 5067 et
3525 5008 3669 5066 veri-

2004 5097 2236 5172 taslerit
2262 5114 2322 5168 in
2356 5109 2621 5166 crimine.
2655 5108 2881 5163 Sancta‘
2899 5105 3099 5177 itaque
3131 5102 3455 5158 electorum
3478 5097 3668 5153 Eccle-

2006 5207 2093 5261 sia
2117 5199 2451 5260 aﬂlictionis
2479 5203 2747 5269 tempore
2777 5192 3161 5267 proverbium
3183 5188 3383 5263 pravis
3413 5183 3667 5241 afﬁcitur

2006 5292 2321 5367 [efficitur],
2340 5289 2482 5363 quia
2505 5303 2643 5344 cum
2674 5285 2869 5341 bonos
2903 5281 3053 5338 mori
3074 5296 3181 5352 per
3209 5277 3505 5333 tormenta
3528 5286 3668 5327 con-

2006 5360 2296 5455 spiciunt,w
2335 5360 2413 5433 ab
2456 5375 2540 5432 eis
2591 5371 3039 5430 similitudinem
3090 5360 3524 5421 maledictionis
3573 5376 3667 5416 su-

2007 5476 2198 5529 munt.
2230 5467 2506 5541 Sequitur
2534 5483 2547 5521 :

2058 5562 2221 5614 Vens.
2248 5539 2343 5613 10.—
2350 5556 2401 5611 A
2412 5554 2804 5611 bominantur
2825 5561 2937 5615 me,
2961 5548 3013 5599 et
3041 5542 3217 5611 longe
3237 5539 3489 5611 fugiunt
3521 5553 3559 5595 a
3575 5550 3669 5592 me
