4112 6152
446 196 540 249 351

1518 183 1573 238 S.
1617 175 1873 238 ODONIS
1911 177 2204 234 ABBATIS
2244 178 2746 236 CLUNIACENSIS
2786 179 2850 233 ΙῙ.

3771 180 3872 232 352

447 306 508 372 et
527 315 746 386 faciem
772 325 962 367 meam
993 325 1318 379 conspuere
1347 325 1465 364 non
1489 313 1872 364 verentur.——
1906 306 2100 370 Longe
2133 302 2184 358 Δ
2219 301 2426 359 dextra
2447 303 2509 358 hi
2536 303 2641 375 qui
2667 301 2950 358 veraciter
2991 300 3196 356 ﬁdeles
3257 304 3416 370 sunt,
3475 299 3870 372 appellantur,

449 421 486 462 a
517 407 722 460 sancta
755 400 1013 456 Ecclesia
1042 399 1276 469 fugiunt
1304 414 1516 454 omnes
1541 396 1752 468 iniqui,
1780 409 1899 449 non
1921 393 2106 464 passi-

447 494 564 549 bus
592 505 928 562 gressuum,
953 488 1059 545 sed
1087 488 1475 562 qualitatibus
1497 502 1734 542 morum
1767 503 1780 550 ;
1811 483 1988 548 longe
2021 481 2106 536 fu-

449 581 636 652 giunt,
651 595 774 636 non
785 579 939 648 loco,
957 577 1064 634 sed
1086 577 1318 648 merito,
1335 577 1485 632 dum
1505 577 1805 632 crescente
1827 570 2108 644 superbia

448 673 655 744 aperta
685 669 862 726 etiam
903 666 1363 740 exprobratione
1407 666 1829 731 contemnunt;
1892 661 2107 716 faciem

447 773 713 830 namque
734 758 864 828 ejus
889 770 1220 828 conspuere
1246 759 1354 824 est,
1386 770 1507 810 non
1535 757 1770 810 tantum
1787 751 1845 806 in
1863 750 2107 807 absente

447 848 624 904 bonis
638 846 970 915 detrahere,
999 844 1102 900 sed
1133 858 1629 916 unumquemque
1653 843 1883 912 justum
1929 839 2108 895 etiam

448 935 510 992 in
531 933 847 1008 praesentia
869 933 1195 989 confutare.
1217 934 1379 998 Quos
1395 936 1533 987 tunc
1556 929 1885 1002 pravidum
1907 931 2108 1000 aperte

449 1024 754 1082 irridendo
789 1022 1146 1096 despiciunt,
1179 1022 1238 1077 in
1270 1037 1478 1076 eorum
1527 1017 1903 1076 contumeliis
1945 1016 2109 1072 ﬂuxa

446 1113 631 1170 verba
655 1111 831 1185 quasi
853 1111 1182 1168 deﬂuentes
1213 1109 1433 1166 salivas
1481 1110 1740 1165 mittunt.
1791 1106 2066 1179 Sequitur
2093 1123 2105 1160 :

521 1204 690 1256 Vens.
721 1200 1187 1256 lt.Pharetram
1217 1214 1387 1255 suam
1408 1203 1642 1269 aperuit
1675 1204 1729 1253 et
1747 1197 1975 1267 afﬂixit
1997 1210 2104 1250 me.

450 1289 694 1356 —Quid
725 1305 832 1363 per
879 1289 1245 1361 pharetram,
1286 1288 1398 1344 nisi
1443 1287 1743 1343 occultum
1797 1284 2109 1340 consilium

449 1377 848 1447 designatur?
903 1377 1198 1446 Sagittam
1245 1393 1386 1432 vero
1415 1375 1489 1431 de
1517 1377 1795 1448 pharetra
1827 1371 2111 1428 Dominus

449 1465 624 1538 ejicit,
653 1465 903 1538 quando
931 1466 1006 1522 de
1033 1465 1266 1520 occulto
1292 1463 1540 1520 consilio
1567 1467 1836 1535 apertam
1882 1465 2111 1516 senten-

450 1554 593 1611 tiam
641 1554 869 1610 emittit.
928 1553 1077 1618 Quia
1129 1553 1288 1607 enim
1340 1551 1671 1621 ﬂagellatur
1715 1550 1973 1621 quisque
2020 1565 2113 1604 co-

2217 391 2585 449 calamitates
2639 393 2717 448 ad
2766 392 3073 448 dexteram
3124 390 3367 446 orientis
3412 394 3689 462 surgunt,
3734 391 3872 463 quia

2216 486 2563 554 erumpente
2603 480 3031 554 persecutionis
3080 479 3330 536 articulo
3360 478 3632 534 crudeles
3659 495 3873 551 pravo-

2215 587 2350 626 rum
2374 571 2634 644 impetus
2659 571 2805 640 justi
2836 569 3161 642 patiuntur.
3190 568 3466 642 Sequitur
3485 569 3694 626 :Pedes
3723 585 3875 626 meos

2214 661 2656 724 subvertemmt,
2685 666 2738 716 et
2771 663 3201 728 oppresserunt
3251 659 3428 729 quasi
3466 659 3752 727 ﬂuctibus
3798 673 3878 715 se-

2215 751 2374 804 mitis
2402 751 2542 805 suis.
2593 781 2664 792 -
2713 748 2863 814 Quid
2894 765 3002 820 per
3030 747 3214 819 pedes
3257 747 3530 803 Ecclesiae
3552 747 3668 803 nisi
3694 745 3878 803 extrei

2217 853 2318 893 ma
2344 838 2499 893 illius
2527 838 2798 894 membra
2829 837 3143 904 signantur
3173 837 3200 891 ?
3231 853 3367 908 quae
3388 836 3534 892 dum
3583 837 3662 893 ad
3694 853 3882 909 opera

2217 932 2451 983 terrena
2477 927 2838 991 deserviunt,
2889 930 3052 982 tanto
3096 925 3345 980 celerius
3390 924 3468 981 ab
3525 925 3882 982 adversariis

2218 1015 2340 1071 falli
2368 1021 2644 1088 possunt,
2675 1020 2902 1088 quanto
2943 1013 3226 1070 sublimia
3267 1014 3467 1070 minus
3523 1013 3881 1084 intelligunt.

2221 1108 2337 1161 Hos
2366 1105 2567 1177 itaque
2597 1105 2781 1176 pedes
2812 1103 3134 1160 adversarii
3181 1103 3553 1168 subvertant,
3605 1102 3882 1158 videlicet

2220 1213 2356 1252 cum
2381 1202 2648 1252 extrema
2678 1196 2954 1252 membra
2984 1194 3140 1250 illius
3165 1194 3243 1249 ad
3265 1195 3356 1249 sui
3376 1194 3676 1264 dogmatis
3719 1209 3883 1250 erro-

2220 1302 2345 1340 rem
2371 1285 2614 1341 trahunt
2647 1303 2659 1351 ;
2693 1284 2836 1356 quia
2859 1283 3078 1338 scilicet
3100 1283 3223 1338 vita
3250 1297 3577 1354 pravorum
3603 1281 3884 1338 insolenti

2219 1373 2634 1445 inquietudine
2667 1373 2940 1440 molesta,
2965 1372 3044 1428 ad
3070 1371 3474 1436 obruendum,
3507 1376 3571 1427 ut
3595 1371 3680 1427 ita
3711 1371 3883 1427 dixe-

2221 1480 2356 1532 rim,
2385 1478 2603 1518 navem
2633 1462 2830 1518 cordis
2861 1461 3039 1534 quasi
3083 1464 3408 1532 tempestas
3465 1460 3746 1516 illabitur.
3807 1463 3886 1517 De

2219 1565 2342 1621 qua
2370 1549 2642 1605 videlicet
2673 1553 3027 1622 tempestate
3055 1565 3164 1622 per
3194 1547 3579 1604 Salomonem
3627 1548 3884 1604 dicitur:

451 1641 817 1713 gnoscimus,
865 1639 967 1695 sed
1017 1656 1140 1712 qua
1188 1655 1260 1695 ex
1305 1655 1488 1694 causa
1537 1637 1838 1707 ﬂagellum
1888 1637 2108 1706 veniat,
2142 1654 2182 1707 Β
2221 1661 2248 1688 ‹‹
2279 1638 2458 1703 Quasi
2479 1642 2803 1710 tempestas
2827 1637 3289 1704 transiens,non
3314 1637 3656 1710 eritimpius
3679 1637 3885 1707 (Prov.

448 1729 821 1799 ignoramus.
852 1732 998 1784 Cum
1029 1743 1170 1783 vero
1196 1732 1332 1799 post
1357 1726 1592 1796 ﬂagella
1639 1726 1772 1780 vitae
1827 1727 2110 1780 correctio
2220 1743 2278 1791 Χ,
2311 1728 2423 1795 25).
2454 1749 2480 1776 ››
2503 1725 2778 1798 Sequitur
2811 1744 2825 1781 :

451 1815 739 1888 sequitur,
772 1815 951 1870 etiam
983 1814 1118 1888 ipsa
1144 1814 1372 1870 consilii
1403 1815 1588 1870 virtus
1627 1813 1908 1886 aperitur.
1961 1813 2109 1870 Pha-

449 1910 606 1961 retra
658 1903 838 1972 igitur
867 1903 1072 1960 clausa
1117 1907 1209 1960 est
1265 1903 1581 1959 consilium
1636 1903 1960 1966 occultum,
2007 1903 2110 1958 sed

451 1997 657 2066 aperta
685 1993 966 2066 pharetra
997 1991 1341 2062 afﬂigimur,
1393 1992 1642 2064 quando
1694 2008 1802 2064 per
1845 1991 1904 2046 id
1946 1991 2110 2063 quod

451 2087 588 2156 post
615 2081 920 2150 ﬂagellum
947 2082 1234 2154 sequitur,
1267 2098 1391 2154 quo
1421 2081 1670 2137 consilio
1712 2081 2108 2150 ﬂagellamur,

451 2170 748 2228 videmus.
793 2173 1009 2227 Sancta
1037 2171 1215 2239 igitur
1237 2170 1561 2226 electorum
1594 2170 1851 2226 Ecclesia
1904 2170 2112 2226 adver-

453 2261 748 2316 sariorum
799 2275 976 2316 voces
1024 2259 1345 2314 insolentes
1397 2259 1716 2322 sustinens,
1750 2259 1896 2314 dum
1928 2257 2114 2314 cernit

450 2348 616 2422 quod
645 2348 778 2419 ejus
810 2347 1154 2421 pnedicatio
1202 2363 1326 2404 non
1375 2347 1652 2414 admittit,
1703 2347 2110 2419 quorumdam

450 2436 728 2494 duritiem
753 2437 1060 2503 deserens,
1094 2437 1536 2509 praedicationis
1595 2452 1716 2491 suae
1762 2435 1945 2491 verba
1994 2452 2112 2492 mo-

451 2526 711 2581 deratur.
741 2525 1119 2596 Perpendens
1151 2525 1369 2580 etenim
1397 2528 1806 2596 persecutores
1855 2540 1997 2580 suos
2042 2541 2111 2580 ac

455 2611 850 2667 exhortationi
878 2627 1088 2666 vocem
1119 2611 1441 2667 deteriores
1469 2611 1738 2678 existere,
1784 2612 1974 2680 magis
2013 2611 2111 2667 eli-

453 2699 536 2770 git
558 2703 750 2754 tacere
777 2717 790 2767 ;
823 2715 1082 2770 cumque
1110 2698 1390 2766 indignos
1423 2699 1527 2771 qui
1579 2699 1832 2756 audiunt
1873 2700 2109 2772 conspi-

452 2788 530 2844 cit
559 2787 1046 2860 praedicationem
1079 2803 1254 2843 suam
1283 2787 1543 2844 obducto
1565 2788 1797 2844 silentio
1818 2789 2106 2858 astringit.

454 2877 622 2933 Unde
654 2881 790 2950 apte
819 2877 1243 2950 subjungitur:
1290 2879 1369 2934 Et
1405 2879 1648 2948 frenum
1692 2880 1894 2948 posuit
1939 2880 2001 2934 in
2049 2895 2110 2934 os

2291 1816 2457 1869 Vens.
2505 1815 2586 1870 l3.
2638 1815 3094 1883 Dissipaverunt
3137 1816 3356 1871 itinera
3411 1829 3560 1882 mea,
3610 1813 3885 1870 insidiati

2219 1909 2358 1958 sunt
2388 1904 2541 1958 mihi
2557 1909 2613 1958 et
2643 1905 3118 1972 praevaluerunt,
3150 1911 3205 1960 et
3234 1919 3355 1960 non
3374 1903 3492 1973 fuit
3542 1903 3647 1974 qui
3691 1903 3884 1972 ferret

2220 1991 2786 2048 auxilium—Dicat
2814 1992 2940 2047 haec
2963 1992 3174 2048 beatus
3204 1991 3314 2048 Job
3345 1991 3420 2048 de
3449 1990 3734 2060 malignis
3771 1991 3888 2063 spi-

2220 2079 2456 2145 ritibus,
2480 2079 2753 2136 videlicet
2772 2079 3045 2135 hostibus
3074 2080 3342 2136 occultis.
3395 2079 3560 2136 Dicat
3599 2079 3886 2136 universa

2223 2169 2478 2226 Ecclesia
2504 2170 2578 2225 de
2606 2170 2804 2243 pravis
2833 2169 3354 2243 persequentibus,
3393 2168 3615 2225 scilicet
3669 2169 3885 2226 adver-

2223 2257 2394 2314 sariis
2415 2257 2655 2329 apertis.
2682 2257 2798 2330 Ipsi
2847 2257 3071 2330 quippe
3120 2259 3252 2328 ejus
3301 2258 3512 2313 itinera
3554 2257 3882 2330 dissipant,

2221 2362 2359 2401 cum
2391 2345 2451 2400 in
2469 2345 2876 2417 quorumdam
2897 2345 3276 2402 infirmorum
3297 2345 3600 2402 mentibus
3615 2346 3886 2402 veritatis

2221 2434 2346 2490 vias
2373 2433 2589 2490 callida
2618 2435 3007 2507 persuasione
3039 2435 3407 2506 perturbant.
3444 2434 3559 2506 lpsi
3588 2433 3888 2490 insidian-

2222 2528 2306 2579 tes
2336 2523 2684 2594 preevalent,
2712 2540 2851 2579 cum
2875 2539 2977 2580 eos
3006 2540 3160 2596 quos
3186 2529 3388 2596 aperte
3411 2523 3488 2580 ad
3510 2523 3743 2579 malum
3764 2528 3889 2580 tra-

2220 2611 2359 2665 here
2390 2614 2716 2682 nequeunt,
2749 2611 2914 2666 bona
2944 2610 3287 2668 simulando
3343 2615 3712 2684 pervertunt.
3771 2613 3891 2668 Sed

2220 2699 2442 2754 mirum
2471 2699 2646 2754 valde
2672 2699 2839 2772 quod
2871 2699 3109 2771 subjicit
3140 2702 3313 2756 :Non
3365 2701 3487 2770 fuit
3541 2702 3650 2771 qui
3694 2702 3890 2770 ferret

2220 2790 2539 2854 auxilium,
2570 2805 2708 2844 cum
2735 2789 2809 2843 de
2830 2789 3036 2845 divino
3065 2789 3364 2860 adjutorio
3406 2788 3716 2846 Psalmista
3773 2790 3893 2846 cla-

2221 2884 2342 2934 met
2372 2895 2384 2933 :
2419 2901 2444 2927 ‹‹
2483 2879 2735 2950 Adjutor
2764 2880 2824 2934 in
2854 2879 3404 2952 opportunitatibus
3423 2880 3484 2936 in
3505 2880 3891 2938 tribulatione

451 2981 664 3024 meum.
688 2997 758 3006 —
782 2970 864 3022 Ac
890 2966 938 3021 si
954 2970 1156 3039 aperte
1184 2966 1436 3022 fateatur
1456 2966 1661 3022 dicens
1688 2983 1700 3022 :
1732 2967 1882 3032 Quia
1901 2967 1962 3022 in
1983 2967 2112 3040 qui-
2149 2999 2192 3054 ο
2221 2971 2410 3040 (Psal.
2442 2985 2520 3038 ix,
2555 2969 2659 3040 10).
2690 2993 2716 3019 ››
2741 2971 2869 3035 Qua
2894 2969 3097 3044 itaque
3149 2971 3377 3026 ratione
3428 2986 3591 3026 nunc
3646 2970 3888 3040 dicitur,

447 3055 711 3112 busdam
742 3055 1076 3129 profectum
1101 3071 1224 3112 non
1254 3055 1393 3124 vidi,
1435 3056 1876 3129 praedicationis
1919 3057 1997 3114 ab
2027 3057 2110 3113 eis
2221 3075 2341 3114 non
2365 3059 2488 3128 fuit
2513 3059 2620 3130 qui
2645 3060 2837 3128 ferret
2863 3061 3184 3130 auxilium,
3204 3059 3322 3115 nisi
3343 3059 3486 3132 quia
3501 3059 3889 3132 omnipotens

448 3144 743 3219 impetum
775 3145 1120 3219 temperavi,
1155 3151 1218 3202 ut
1265 3145 1446 3202 vitam
1493 3161 1695 3202 meam
1747 3147 1956 3203 saltem
2005 3164 2112 3220 per
2224 3149 2398 3215 Deus,
2427 3162 2530 3202 eos
2553 3163 2709 3219 quos
2742 3147 2802 3202 in
2833 3151 3121 3203 mternum
3163 3147 3370 3219 diligit,
3433 3148 3761 3221 aliquando
3809 3149 3888 3204 ad

450 3235 802 3308 patientiam
839 3236 1153 3302 discerent,
1214 3251 1352 3291 cum
1405 3236 1586 3292 verba
1619 3253 1756 3292 mea
1801 3237 2111 3293 admittere

451 3339 559 3396 per
588 3323 854 3379 oblatam
885 3323 1372 3395 praedicationem
1400 3325 1622 3380 nolent.
1657 3326 1964 3397 Sequitur:

522 3409 694 3465 Vens.
733 3415 817 3467 l2.
848 3411 948 3465 Ad
972 3412 1280 3468 dexteram
1301 3413 1548 3468 orientis
1573 3415 1947 3470 calamitates
1967 3429 2112 3472 mele

451 3499 619 3554 illico
645 3505 1123 3555 resurrexerunt.
1153 3530 1222 3540 —
1276 3499 1365 3554 Ad
1419 3499 1722 3557 sinistram
1752 3501 1978 3574 quippe
2021 3519 2114 3558 ca-

449 3584 746 3642 lamitates
779 3590 1106 3654 surgerent,
1140 3585 1189 3641 si
1221 3602 1258 3642 a
1284 3587 1654 3658 quibuslibet
1681 3594 1846 3645 extra
1883 3590 2114 3660 religio-

451 3685 593 3727 nem
624 3671 832 3743 positis
857 3675 916 3728 et
940 3675 1142 3743 aperte
1169 3671 1467 3728 Christum
1517 3675 1878 3745 negantibus
1921 3692 2115 3749 perse-

451 3758 708 3816 cutionis
739 3759 995 3816 adversa
1019 3760 1354 3817 sustineret.
1402 3765 1548 3818 Cum
1592 3779 1735 3818 vero
1783 3764 1860 3820 ab
1903 3765 2114 3838 aliqui-

449 3847 567 3904 bus
641 3847 815 3922 quasi
879 3847 1158 3905 ﬁdelibus
1233 3850 1620 3908 tentationem
1687 3853 2117 3910 cruciamento—

449 3953 587 3994 rum
617 3937 856 4010 patitur,
903 3938 1078 4010 quasi
1123 3937 1200 3994 ad
1251 3939 1559 3996 dexteram
1608 3941 1688 3996 illi
1747 3942 2114 3998 calamitates

401 4025 740 4092 -oriuntur,
791 4025 937 4100 quia
978 4025 1040 4082 hi
1083 4027 1188 4099 qui
1244 4027 1359 4083 sub
1411 4029 1620 4085 Christi
1672 4031 1917 4087 nomine
1960 4031 2112 4088 mili-

448 4117 595 4185 tant,
628 4115 841 4173 Christi
865 4116 926 4171 in
955 4132 1027 4172 ea
1070 4131 1293 4174 nomen
1340 4119 1721 4190 impugnant.
1775 4124 1908 4192 Ipso
1951 4121 2112 4177 enim

447 4202 762 4260 locutionis
791 4221 906 4260 usu
955 4221 1065 4276 pro
1095 4206 1304 4262 dextro
1351 4207 1573 4262 habere
1621 4208 1898 4279 dicimus,
1943 4211 2110 4282 quod

449 4307 560 4364 pro
590 4307 814 4361 magno
845 4309 1192 4366 pensamus,
1223 4310 1337 4367 pro
1367 4296 1604 4351 sinistro
1653 4313 1795 4353 vero
1842 4297 1900 4353 id
1943 4301 2107 4371 quod

449 4378 835 4451 despicimus.
870 4380 1042 4446 Quod
1089 4381 1402 4438 Zacharias
1449 4388 1648 4454 aperte
1693 4384 1972 4453 insinuat,
2025 4387 2111 4442 di-

451 4479 627 4521 cens:
660 4487 688 4516 ιι
727 4469 792 4522 Et
819 4467 1082 4523 ostendit
1110 4469 1252 4524 mihi
1288 4471 1574 4526 Dominus
1592 4473 1962 4530 sacerdotem
1987 4491 2113 4530 ma-

450 4567 640 4624 gnum
670 4559 924 4612 stantem
952 4559 1156 4612 corain
1189 4556 1405 4627 angelo
1433 4559 1693 4627 Domini,
1724 4565 1782 4616 et
1801 4563 1980 4619 Satan
2002 4569 2117 4619 sta-

447 4643 555 4700 bat
585 4659 621 4701 a
665 4643 887 4701 dextris
936 4647 1086 4717 ejus,
1130 4650 1193 4702 ut
1236 4647 1650 4704 adversaretur
1699 4651 1752 4704 ei
1800 4652 2002 4721 (Zach.
2031 4668 2114 4722 ιιι,

453 4734 524 4806 1).
562 4756 591 4784 η
621 4735 780 4790 Bene
807 4741 1012 4792 autem
1055 4735 1184 4792 haec
1213 4735 1347 4809 ipsa
1394 4735 1605 4794 dextra
1656 4738 1897 4794 orientis
1943 4757 2117 4797 voca-

448 4825 562 4877 tur.
615 4825 695 4878 De
745 4823 881 4896 ipso
937 4824 1162 4898 quippe
1215 4825 1346 4896 ejus
1395 4826 1588 4900 capite
1645 4827 1932 4900 scriptum
1985 4835 2112 4888 est:

450 4929 479 4959 ‹‹
509 4909 716 4966 Oriens
745 4917 834 4968 est
863 4928 1086 4970 nomen
1115 4913 1246 4985 ejus
1281 4915 1482 4981 (Zach.
1508 4931 1582 4981 v1,
1620 4917 1725 4990 l2).
1755 4939 1782 4967 »
1807 4921 1952 4974 Nam
1973 4921 2117 4992 quia

449 4997 529 5054 ab
556 4998 781 5055 oriente
812 4999 914 5056 lux
943 5003 1151 5071 surgit,
1203 5008 1359 5060 recte
1405 5004 1610 5061 Oriens
1661 5006 1895 5074 dicitur,
1943 5010 2116 5081 cujus

444 5085 684 5159 justiﬁes
711 5085 938 5144 lumine
985 5094 1202 5145 nostris
1251 5091 1553 5162 injustitise
1599 5109 1720 5151 nox
1767 5096 2114 5156 illustratur.

447 5174 538 5232 Ad
565 5175 808 5232 orientis
836 5193 980 5248 ergo
1008 5177 1284 5235 dextram
1296 5180 1666 5238 calamitates
1683 5187 2118 5259 surgunt,quia

447 5265 510 5322 hi
537 5279 783 5340 quoque
813 5267 892 5323 ad
923 5269 1405 5340 persecutionem
1435 5272 1772 5344 prosiliunt,
1799 5275 1903 5346 qui
1931 5275 2117 5334 electa

449 5354 726 5412 membra
777 5355 1188 5427 Redemptoris
1245 5358 1433 5413 nostri
1510 5375 1642 5418 esse
1697 5362 2112 5421 credebantur.

452 5443 613 5508 Quas
686 5443 962 5502 videlicet
1018 5443 1386 5501 calamitates
1451 5452 1608 5504 recte
1671 5449 1828 5506 illico
1907 5453 2121 5512 asserit

454 5545 716 5601 surgere,
751 5533 897 5604 quia
924 5549 1046 5590 non
1075 5537 1244 5590 erant
1295 5537 1562 5592 extranei
1599 5538 1700 5611 qui
1751 5555 2118 5613 persequun-

2157 4352 2196 4405 D

2221 3239 2460 3308 tempus
2492 3235 2770 3308 relinquit
2799 3236 2826 3290 ‘?
2850 3233 3014 3292 Unde
3047 3236 3334 3309 scriptum
3361 3241 3452 3293 est
3479 3253 3492 3291 :
3526 3259 3552 3284 ‹‹
3587 3236 3676 3291 Ad
3703 3253 3894 3310 punc—

2223 3325 2437 3380 tumin
2466 3323 2705 3380 modico
2737 3323 3026 3398 dereliqui
3057 3329 3133 3396 te,
3181 3329 3237 3381 et
3283 3325 3345 3381 in
3397 3325 3888 3382 miserationibus

2221 3413 2460 3480 magnis
2486 3414 2872 3484 congregabo
2894 3418 2946 3469 te
2979 3416 3097 3485 (Isa
3125 3431 3246 3481 le,
3279 3416 3352 3487 7).
3391 3438 3418 3464 ››
3440 3415 3719 3489 Sequitur
3753 3436 3766 3472 :

2292 3505 2462 3558 Vens.
2503 3504 2584 3558 14.
2619 3505 2802 3570 Quasi
2825 3510 3005 3574 rupto
3025 3520 3196 3560 muro
3219 3509 3275 3562 et
3305 3511 3517 3575 aperta
3537 3507 3742 3574 janua
3805 3507 3888 3560 ir-

2221 3597 2477 3647 ruerunt
2507 3606 2687 3660 super
2714 3609 2824 3658 me,
2851 3597 2905 3648 et
2953 3593 3036 3649 ad
3085 3609 3244 3649 meas
3296 3595 3564 3651 miserias
3620 3595 3887 3651 devoluti

2221 3686 2381 3736 sunt.
2410 3712 2475 3718 —
2505 3679 2657 3744 Quid
2686 3679 2799 3736 hoc
2830 3681 2962 3737 loco
2991 3681 3150 3736 muri
3169 3683 3433 3751 nomine,
3458 3683 3571 3739 nisi
3594 3683 3892 3758 Redemp-

2223 3773 2314 3823 tor
2336 3767 2588 3823 humani
2620 3769 2852 3838 generis
2881 3768 3218 3843 appellatur
3249 3771 3276 3826 ?
3305 3772 3384 3827 De
3419 3788 3542 3845 quo
3566 3788 3676 3845 pro
3716 3789 3888 3829 sanc-

2223 3860 2296 3911 tae
2331 3855 2599 3912 Ecclesiae
2626 3857 3019 3914 aediﬁcatione
3046 3875 3186 3932 per.
3211 3861 3569 3934 prophetam
3624 3861 3840 3918 dicitur
3867 3880 3884 3916 :

2227 3967 2254 3994 ‹‹
2283 3944 2523 3999 Ponitur
2549 3945 2610 3999 in
2641 3960 2712 4000 ea
2752 3961 2962 4001 murus
3021 3952 3077 4002 et
3119 3947 3490 4004 antemurale
3535 3949 3671 4020 (Isa.
3729 3966 3883 4017 xxvi,

2227 4034 2299 4104 l).
2331 4056 2358 4082 »
2390 4033 2502 4088 Sed
2525 4033 2700 4106 quasi
2743 4051 2952 4090 murus
3007 4036 3326 4110 rumpitur.
3373 4054 3513 4093 cum
3557 4053 3885 4110 pravorum

2224 4121 2716 4195 persuasionibus
2733 4123 2903 4194 ﬁdes,
2918 4142 3054 4197 quae
3068 4125 3125 4180 in
3141 4127 3532 4199 Redemptore
3546 4132 3756 4184 nostro
3777 4132 3886 4197 est,

2224 4211 2286 4266 in
2312 4213 2722 4284 quorumdam
2745 4213 2924 4268 corde
2955 4213 3304 4288 dissipatur.
3339 4215 3608 4290 Cumque
3657 4233 3890 4290 perver-

2228 4299 2307 4354 sis
2335 4299 2396 4355 in
2417 4301 2530 4355 hac
2561 4301 2680 4356 vita
2708 4305 2974 4374 potestas
3005 4302 3305 4372 tribuitur,
3329 4305 3474 4377 quid
3507 4304 3670 4361 aliud
3701 4323 3890 4378 quam

2221 4389 2410 4460 janua
2441 4390 2654 4444 erroris
2675 4391 2938 4463 aperitur
2968 4393 2996 4448 ‘l
3020 4393 3199 4459 Quasi
3229 4399 3406 4468 rupto
3435 4410 3578 4464 ergo
3600 4413 3779 4452 muro
3829 4399 3886 4452 et

2223 4481 2430 4549 aperta
2448 4477 2640 4548 janua
2671 4495 2856 4550 super
2883 4479 3078 4536 bonos
3105 4482 3246 4537 mali
3292 4483 3545 4544 irruunt.
3591 4501 3730 4540 cum
3791 4501 3891 4540 ac-

2228 4571 2401 4639 cepta
2433 4567 2833 4640 temporaliter
2859 4573 3147 4641 potestate
3176 4571 3442 4644 perversi
3463 4571 3595 4646 ipsa
3642 4590 3890 4647 quoque

2221 4655 2283 4710 in
2317 4656 2724 4728 quorumdam
2777 4657 2956 4713 corde
3009 4658 3311 4716 destruere
3369 4662 3708 4718 munimina
3753 4662 3892 4719 ﬁdei

2223 4747 2538 4800 conantur.
2572 4747 2649 4799 De
2679 4745 2902 4816 quibus
2935 4749 3137 4820 aperte
3177 4747 3393 4804 dicitur
3429 4766 3440 4804 :
3469 4750 3546 4805 Et
3602 4751 3686 4807 ad
3735 4766 3891 4808 meas

2221 4835 2488 4892 miserias
2537 4833 2806 4890 devoluti
2858 4837 3250 4898 sunt.—Quia
3298 4838 3568 4896 videlicet
3614 4841 3784 4913 prius
3813 4839 3888 4896 ad

2223 4938 2383 4977 suas.
2420 4921 2537 4976 Nisi
2571 4922 2731 4977 enim
2761 4939 3036 4996 perverse
3066 4925 3326 4982 vivendo
3353 4926 3432 4982 ad
3454 4944 3596 4984 suas
3619 4928 3890 4984 miserias

2225 5010 2523 5077 caderent,
2555 5027 2945 5085 nequaquam
2973 5015 3048 5070 ad
3083 5029 3185 5070 eas
3216 5016 3610 5087 postmodum
3638 5021 3694 5073 et
3745 5017 3892 5074 alios

2225 5099 2568 5156 suaderent.
2604 5103 2800 5159 Potest
2826 5119 3070 5177 quoque
3111 5104 3359 5175 intelligi
3411 5106 3567 5162 muri
3619 5109 3887 5176 nomine,

2223 5188 2476 5244 munitio
2505 5188 2858 5264 disciplinas,
2890 5191 3208 5248 Salomone
3235 5197 3574 5263 attestante,
3607 5195 3712 5267 qui
3767 5196 3848 5252 ait
3874 5213 3886 5251 :

2226 5300 2250 5325 α
2288 5280 2392 5334 Per
2422 5294 2638 5347 agrum
2669 5281 2930 5337 hominis
2949 5281 3107 5354 pigri
3133 5283 3399 5351 transivi,
3433 5288 3489 5340 et
3518 5301 3627 5358 per
3651 5285 3891 5342 vineam

2223 5365 2333 5420 viri
2359 5366 2540 5433 stulti,
2573 5372 2628 5423 et
2659 5383 2794 5422 ecce
2817 5372 3006 5424 totum
3033 5369 3407 5443 repleverant
3457 5371 3681 5438 urticm,
3751 5389 3892 5446 ope-

2223 5461 2468 5510 ruerent
2484 5456 2861 5528 superﬁciem
2879 5459 3009 5529 ejus
3039 5459 3250 5532 spinae,
3274 5465 3331 5516 et
3347 5462 3608 5517 maceria
3621 5461 3890 5534 lapidum

2223 5544 2522 5602 destructa
2555 5550 2680 5601 erat
2711 5547 2908 5618 (Prov.
2941 5566 3103 5617 χχιιι,
3131 5551 3241 5622 30).
3271 5573 3298 5600 ››
3331 5551 3507 5616 Quasi
3555 5567 3700 5623 ergo
3755 5552 3892 5608 hos-

475 5635 549 5677 ur
569 5619 647 5678 ab
677 5619 764 5677 eis
793 5627 1036 5696 repente
1065 5623 1316 5697 malum,
1347 5629 1408 5684 et
1451 5626 1608 5686 illico
1652 5628 1823 5687 ﬁunt.
1872 5630 1930 5687 Si
1977 5648 2118 5690 vero
2226 5633 2300 5689 tis
2341 5633 2690 5705 ingreditur.
2744 5653 2885 5693 cum
2941 5637 3034 5695 vel
3091 5619 3498 5711 malignorum
3550 5619 3890 5716 spirituum,
