4120 6156
257 156 353 209 353
909 194 913 198 -
1074 158 1371 213 EPITOME
1413 160 1776 217 MORALIUM
1818 162 1877 217 S.
1915 159 2121 219 GREG.
2164 166 2229 219 ΙΝ
2271 166 2412 221 JOB.
2453 196 2521 208 --
2562 170 2691 223 LIB.
2734 170 2869 224 XX.
3577 172 3713 234 354v

253 278 342 333 vel
371 294 697 350 pravorum
728 280 1044 336 hominum
1074 283 1461 353 persuasione
1493 284 1707 340 callida
1735 285 1911 340 disci-
1938 288 1986 343 Δ
2026 285 2152 342 lum
2177 288 2509 346 circumdat
2535 292 3085 364 induentis,collum
3115 311 3257 353 vero
3288 311 3428 353 cum
3445 296 3681 367 stringi-

248 367 427 439 plinas
453 367 789 424 munimina
817 369 879 424 in
936 370 1115 425 corde
1147 370 1535 444 dissipantur.
1563 374 1874 445 Sequitur:
2024 388 2135 445 iur,
2178 394 2341 433 voms
2372 395 2517 435 usus
2555 385 2614 436 et
2634 381 2825 436 vitalis
2868 384 3045 440 ﬂatus
3088 390 3355 443 necatur.
3398 388 3679 444 Sanctam

318 460 490 546 Vens.
530 457 613 513 l5.
647 458 946 514 Reductus
997 475 1128 515 sum
1185 462 1247 515 in
1302 464 1583 519 nihilum.
1609 494 1681 502 —
1733 467 1912 535 Apud
2019 481 2163 535 ergo
2196 469 2515 525 Ecclesiam
2550 470 2790 541 reprobi
2817 472 2992 543 quasi
3018 474 3471 546 capitiotunicie
3501 492 3677 533 oons-

244 545 703 602 aastimationem
757 546 981 620 quippe
1018 546 1319 604 malorum
1350 549 1412 605 in
1463 550 1713 606 nihilum
1761 552 1911 605 redl-
1990 600 1995 603 ,
2021 558 2428 629 trmgunt,qui
2454 559 2514 613 in
2536 575 2607 614 ea
2634 545 3148 631 persecutionibus
3178 563 3300 618 suis
3325 564 3511 621 vitam
3535 564 3678 622 ﬁdei

245 635 463 703 gimur,
496 635 744 707 quando
774 650 845 691 ea
874 652 1009 708 quae
1038 636 1153 709 ipsi
1175 639 1351 709 quasi
1376 655 1618 695 summa
1633 639 1907 708 diligunt,
2018 647 2076 698 et
2111 645 2551 715 praedicationis
2578 663 2788 703 vocem
2832 648 3174 719 extinguere
3228 657 3541 708 conantur.
3575 655 3676 710 Se-

242 722 408 778 bona
461 723 812 795 temporalia
860 740 982 779 non
1028 730 1319 782 tenemus.
1389 727 1710 799 Sequitur:
1766 729 1911 783 Abs—
2017 732 2257 802 quitur:
2581 797 2592 802 _
2940 730 2947 735 ’

244 814 443 868 tulisti
485 830 657 884 quasi
709 821 915 869 ventus
948 815 1306 871 desiderium
1346 797 1560 874 meum.
1594 850 1661 857 —-
1695 817 1884 873 Fideli:

2036 797 2057 802 “
2090 822 2253 876 Vsus.
2290 822 2373 877 49.
2421 797 2821 892 Comparatus
2853 841 2983 881 sum
3029 826 3175 892 luto,
3216 833 3270 882 et
3309 829 3715 886 assimilatus'

240 903 467 974 quippe
498 902 759 974 populus
784 919 846 958 se
894 904 1019 975 pati
1049 904 1382 977 denuntiat,
1415 908 1579 979 quod
1609 923 1712 962 eos
1754 924 1907 979 quos
2014 923 2140 963 sum
2158 911 2391 977 favillae
2407 917 2461 967 et
2485 914 2843 968 cineri.-——ln
2866 914 3263 986 reproborum
3277 914 3501 987 quippe
3517 917 3677 986 judi-

239 990 430 1061 diligit
480 992 600 1063 pati
641 991 819 1047 dolet.
856 992 1081 1048 Ventus
1110 1009 1253 1064 ergo
1311 996 1679 1051 desiderium
1733 995 1902 1064 tollit,
2014 997 2105 1051 cio
2122 1004 2327 1054 sancta
2347 999 2671 1056 electorum
2690 1002 3087 1059 Ecclesialuto
3104 1004 3676 1077 comparatur,quia

238 1095 380 1135 cum
408 1096 503 1134 res
530 1079 810 1152 quaelibet
834 1082 1175 1137 transitoria
1205 1084 1549 1140 aeternitatis
1570 1085 1903 1156 appetitum
2012 1087 2416 1158 temporaliter
2446 1090 2798 1146 conculcata
2822 1090 3164 1164 despicitur:
3188 1094 3427 1162 favilla?
3448 1092 3676 1149 assimi-

235 1168 510 1233 destruit,
536 1168 635 1223 ubi
667 1170 865 1224 adhuc
893 1185 1158 1239 congrue
1187 1171 1583 1228 subinfertur:
1621 1175 1709 1228 Ea
1742 1175 1899 1228 velut
2009 1174 2165 1231 latur
2189 1182 2244 1232 et
2269 1181 2476 1243 cmeri,
2506 1180 2651 1252 quia
2679 1179 2829 1236 dum
2857 1181 3022 1237 bona
3053 1183 3184 1251 ejus
3243 1182 3524 1239 interiora
3551 1198 3675 1239 non

236 1259 423 1314 nubes
465 1260 816 1327 pertransiit
870 1262 1036 1315 salus
1066 1276 1217 1317 mea.
1249 1294 1316 1301 —
1365 1263 1559 1317 Nubes
1586 1264 1812 1335 quippe
1840 1264 1901 1318 in
2012 1264 2233 1333 vident,
2265 1267 2341 1322 ad
2373 1268 2500 1323 sola
2529 1268 2686 1324 hanc
2746 1269 2908 1325 mala
2950 1271 3299 1341 pervenisse
3354 1272 3673 1343 aestimant,

233 1346 426 1402 altum
452 1347 690 1415 eminet,
718 1348 821 1402 sed
853 1349 1008 1404 hanc
1038 1348 1116 1404 ad
1148 1364 1391 1405 cursum
1417 1351 1594 1406 ﬂatus
1618 1350 1897 1422 impellit:

233 1435 318 1489 sic
348 1435 654 1505 nimirum,
679 1436 761 1491 sic
786 1442 925 1491 sunt
956 1438 1311 1509 temporalia
1337 1439 1685 1511 iniquorum
1716 1439 1897 1495 bona.

2009 1369 2144 1413 aute
2174 1355 2454 1411 exhibere
2483 1356 2867 1429 corporaliter
2895 1358 3120 1415 vident.
3152 1360 3455 1432 Sequitur:

2080 1445 2246 1498 Vsus.
2280 1447 2365 1501 ’20.
2397 1446 2606 1501 Clamo
2653 1448 2734 1503 ad
2770 1452 2845 1514 te,
2877 1453 2929 1503 et
2978 1464 3100 1504 non
3145 1450 3442 1521 exaudis;
3474 1456 3585 1516 sto,
3617 1455 3673 1506 et

233 1521 433 1577 Altum
477 1524 702 1596 quippe
761 1540 868 1597 per
922 1526 1167 1581 honoris
1225 1526 1637 1583 celsitudinem
1682 1526 1899 1593 degere
2009 1548 2127 1588 non
2160 1536 2402 1603 respicis
2432 1550 2543 1591 me.
2581 1567 2647 1575 —
2677 1538 2895 1593 Sancta
2923 1538 3148 1610 quippe
3178 1539 3438 1595 Ecclesia
3476 1555 3669 1611 perse-

232 1612 531 1684 videntur,
562 1620 619 1669 et
649 1614 725 1669 ad
764 1631 1005 1670 cursum
1058 1616 1192 1671 vitae
1227 1634 1353 1671 sum
1409 1618 1676 1689 quotidie
1718 1616 1898 1689 quasi
1926 1642 1967 1695 Β
2008 1622 2406 1678 ουιὶοηὶενευεθ
2436 1628 2728 1696 tempore,
2755 1624 2882 1696 .ﬁde
2914 1629 3050 1693 stat,
3083 1626 3397 1682 desideriis
3425 1627 3667 1695 clamat,

225 1701 600 1773 quibusdam
632 1704 1003 1761 mortalitatis
1036 1722 1157 1760 suae
1198 1706 1440 1762 ﬂatibus
1484 1707 1891 1780 impelluntur.

232 1791 545 1862 Sequitur:
1058 1789 1067 1797 ’

303 1881 470 1936 Vens.
512 1884 575 1935 16
624 1882 802 1937 Nunc
851 1888 1048 1938 autem
1098 1884 1159 1938 in
1208 1890 1545 1953 memetzpso
1588 1886 1894 1941 marcessit

226 1970 435 2025 anima
486 1985 633 2031 mea,
670 1977 723 2026 ct
775 1971 1083 2040 possident
1128 1988 1219 2029 me
1257 1974 1379 2027 dies
1423 1976 1793 2042 af/lictionis.
1826 2006 1894 2013 —

228 2058 563 2114 Electorum
614 2060 839 2132 quippe
872 2061 1077 2117 anima
1105 2077 1266 2117 nunc
1314 2063 1643 2129 marcessit,
1667 2064 1808 2136 quia
1833 2067 1895 2122 in

226 2146 328 2203 illa
380 2150 773 2220 postmodum
827 2155 1051 2205 aeterna
1116 2149 1508 2206 exsultatione
1572 2153 1890 2211 viridescit.

226 2236 410 2290 Modo
439 2252 542 2291 eos
568 2237 696 2292 dies
721 2235 1059 2292 afﬂictionis
1092 2237 1420 2310 possident,
1452 2240 1598 2311 quia
1637 2240 1764 2296 dies
1792 2243 1893 2299 ltB-

226 2326 364 2380 titiae
421 2331 560 2397 post
602 2330 952 2398 sequuntur.
1010 2326 1307 2398 Scriptum
1338 2328 1565 2400 quippe
1595 2334 1715 2384 est:
1754 2355 1780 2380 ››
1811 2332 1893 2387 Ti—

222 2415 411 2469 menti
470 2416 788 2472 Domintun
818 2417 972 2472 bene
1015 2417 1124 2471 erit
1178 2416 1240 2472 in
1297 2419 1577 2474 extremis
1607 2421 1820 2489 (Eccli.
1853 2439 1889 2487 ι,

228 2505 332 2575 13).
376 2527 400 2549 ιι
434 2507 498 2559 Et
526 2521 765 2559 rursum
794 2506 868 2561 de
911 2505 1173 2561 Ecclesia
1204 2506 1451 2562 dicitur:
1498 2527 1527 2559 ε
1564 2509 1795 2565 Ridebit
1829 2510 1890 2565 in

221 2592 318 2648 die
362 2592 692 2648 novissimo
738 2595 942 2660 (Prov.
975 2609 1140 2662 xxxi,
1174 2596 1285 2666 25).
1326 2617 1353 2644 »
1407 2595 1519 2650 Sed
1578 2596 1704 2650 haec
1753 2611 1889 2667 quae

222 2682 549 2753 allegorica
587 2682 975 2753 indagatione
1023 2685 1507 2749 transcurrimus,
1545 2691 1779 2757 oportet
1830 2691 1892 2741 ut

220 2788 332 2844 per
361 2773 567 2827 omnia
611 2773 790 2827 etiam
819 2774 992 2844 juxta
1021 2773 1335 2830 historiam
1392 2778 1718 2829 teneamus.
1751 2778 1889 2840 Quae

219 2867 427 2916 tamen
458 2877 618 2917 nunc
647 2861 868 2917 idcirco
903 2867 1212 2933 praetereo,
1244 2862 1390 2934 quia
1418 2863 1545 2917 hzec
1591 2867 1648 2917 et
1686 2868 1892 2934 aperta

215 2966 352 3004 esse
385 2949 716 3017 legentibus
746 2965 868 3005 non
907 2950 1139 3019 ignoro.
1167 2950 1445 3022 Sequitur
1470 2968 1482 3004 :

296 3043 464 3095 Vens.
518 3045 599 3094 l7.
660 3041 739 3095 Et
770 3045 941 3095 nocte
968 3056 1029 3095 os
1060 3056 1253 3095 meum
1284 3042 1645 3109 perforatur
1667 3041 1891 3097 dolori-

216 3130 435 3183 bus.—
466 3127 615 3193 Quid
638 3145 744 3200 per
767 3144 928 3198 ossa,
962 3127 1075 3182 nisi
1106 3127 1284 3182 fortes
1312 3127 1537 3199 quippe
1572 3127 1633 3182 in
1664 3133 1886 3184 sancta).

216 3217 497 3273 Ecclesiae
553 3233 803 3290 corpore
834 3217 1277 3286 designantur?
1314 3216 1421 3289 qui
1466 3218 1641 3289 quasi
1690 3234 1759 3273 os
1810 3218 1888 3274 ab

213 3324 356 3363 osse
389 3306 661 3362 membra
691 3307 1017 3376 continent,
1049 3307 1198 3362 dum
1230 3322 1431 3361 mores
1453 3306 1888 3363 inﬁrmantium

213 3395 510 3451 stabiliter
559 3400 818 3468 portant.
870 3395 981 3451 Sed
1028 3412 1164 3451 cum
1222 3394 1617 3451 tribulationis
1666 3395 1887 3452 ultimas

214 3488 429 3540 contra
449 3501 583 3541 eam
609 3485 803 3541 fervor
827 3485 1170 3556 excreverit,
1203 3486 1262 3541 in
1284 3492 1456 3542 nocte
1482 3502 1542 3540 os
1566 3485 1723 3540 illius
1752 3502 1888 3555 per-

212 3575 467 3642 foratur
512 3575 843 3647 doloribus,
881 3574 1025 3646 quia
1080 3590 1524 3647 nonnunquam
1578 3574 1885 3630 tormentis

214 3662 357 3717 victi
415 3662 595 3718 etiam
648 3664 766 3735 ipsi
823 3664 899 3719 ad
958 3663 1274 3735 perﬁdiam
1333 3663 1625 3731 deﬂuunt,
1653 3665 1757 3736 qui
1804 3663 1884 3720 ad

210 3750 407 3806 ﬁdem
434 3752 584 3808 alios
612 3757 811 3808 tenere
837 3736 1214 3808 videbantur.
1242 3752 1546 3824 Sequitur:
1576 3754 1654 3808 Et
1677 3755 1885 3824 quinte

211 3842 533 3897 comedunt
564 3858 681 3897 non
708 3842 1194 3906 dormiunt.Quia
1222 3841 1471 3912 maligni
1490 3842 1751 3914 spiritus,
1777 3840 1885 3913 qui

211 3930 490 3986 carnales
547 3946 793 4002 quoque
850 3930 924 3984 de
976 3930 1237 3985 Ecclesia
1294 3935 1679 3998 consumunt,
1721 3935 1884 3987 tanto

210 4018 411 4087 magis
429 4018 735 4088 quiescere
754 4033 790 4072 a
812 4017 1133 4072 tentatione
1153 4017 1448 4083 nesciunt,
1468 4024 1695 4089 quanto
1716 4017 1884 4073 nullo

209 4106 416 4163 carnis
442 4103 707 4175 pondere
735 4109 1036 4173 gravatur.
1070 4105 1346 4176 Sequitur
1370 4123 1382 4159 :

278 4195 462 4249 Vens.
492 4196 575 4248 18.
611 4194 684 4248 In
712 4193 1102 4249 multitudine
1130 4209 1337 4249 eorum
1366 4194 1739 4249 consumitur
1764 4209 1883 4250 ves-

212 4285 529 4339 timentum
564 4297 778 4352 meum,
810 4287 865 4338 et
914 4282 1091 4352 quasi
1118 4283 1340 4351 capitio
1385 4284 1605 4338 tunicae
1652 4284 1880 4339 succin-

209 4337 437 4429 ierunt
465 4388 575 4428 me.
611 4337 677 4411 ὲ
727 4337 783 4428 Si
823 4337 1091 4426 historice
1122 4337 1508 4439 intendimus,
1537 4371 1686 4444 quid
1714 4337 1881 4429 aliud
1920 4337 1963 4391 υ

212 4462 638 4517 vestimentum
668 4460 882 4517 beatus
911 4459 1043 4527 Job,
1072 4476 1259 4533 quam
1286 4461 1417 4531 ejus
1467 4476 1689 4533 corpus
1722 4463 1878 4518 acci-

212 4550 464 4621 pimus?
486 4549 660 4620 cujus
708 4548 979 4604 videlicet
1020 4548 1444 4605 vestimentum
1484 4551 1877 4619 consumitur,

208 4639 361 4695 dum
390 4655 532 4695 caro
561 4639 875 4695 cruciatur.
915 4641 1091 4694 Juxta
1134 4638 1434 4709 allegorim
1484 4656 1623 4695 vero
1654 4645 1878 4712 myste-

205 4728 389 4797 rium,
415 4728 839 4784 vestimentum
888 4731 975 4783 est
1010 4731 1233 4783 sanctas
1279 4727 1553 4784 Ecclesiae
1608 4728 1877 4785 ﬁdelium

206 4818 351 4873 vita.
398 4819 552 4873 Nam
601 4818 752 4873 sicut
802 4821 924 4873 tota
997 4816 1177 4871 simul
1246 4816 1503 4872 Ecclesia
1556 4818 1876 4874 vestimen-

208 4910 339 4962 tum
371 4907 604 4973 Christi,
638 4907 719 4963 ita
757 4907 962 4962 ﬁdeles
1002 4907 1229 4979 quique
1270 4907 1543 4977 ejusdem
1600 4907 1874 4964 Ecclesiae

202 4996 566 5053 vestimenta
633 4997 1016 5070 deputantur.
1072 4996 1212 5052 Hinc
1267 4996 1490 5052 Paulus
1550 4998 1667 5053 ait:
1726 5021 1753 5048 κ
1808 5001 1877 5054 Ut

203 5085 516 5143 exhiberet
570 5086 685 5143 sibi
745 5086 1068 5156 gloriosam
1108 5086 1431 5142 Ecclesiam
1474 5102 1597 5142 non
1642 5085 1873 5142 haben-

204 5178 327 5243 tem
358 5176 662 5232 maculam
720 5181 824 5232 aut
874 5191 1093 5245 rugam
1152 5176 1390 5247 (Ep/tes.
1428 5193 1479 5244 v,
1524 5176 1636 5241 27).
1670 5198 1697 5225 ››
1728 5175 1874 5231 Hinc

199 5280 314 5336 per
341 5266 701 5337 prophetam
734 5265 1020 5320 Dominus
1051 5265 1133 5320 ait
1157 5282 1169 5320 :
1196 5287 1223 5314 ‹‹
1259 5265 1410 5320 Vivo
1435 5279 1548 5333 ego
1577 5265 1722 5336 quia
1740 5280 1872 5319 om-

200 5353 387 5410 nibus
426 5354 520 5409 his
575 5354 735 5411 velut
780 5360 1137 5410 ornamento
1194 5354 1456 5410 vestieris
1520 5354 1655 5421 (13a.
1714 5369 1869 5424 xux,

202 5448 316 5510 18).
347 5464 377 5494 »
412 5442 527 5500 Sed
550 5460 689 5499 cum
720 5442 982 5513 procella
1008 5457 1130 5496 suae
1151 5442 1582 5513 persecutionis
1606 5440 1873 5496 oboritur

202 5532 476 5605 plerique
504 5533 774 5588 ﬁdelium
802 5531 881 5585 al)
910 5531 1041 5599 ejus
1063 5546 1266 5585 amore
1299 5534 1675 5602 separantur,
1697 5529 1801 5600 qui
1819 5530 1871 5584 ei

204 5622 415 5679 sedule
444 5622 731 5679 inhaerere
762 5619 1142 5675 videbantur.
1182 5619 1416 5677 Tunicae
1444 5619 1731 5692 capitium
1758 5617 1873 5674 col-

2005 1709 2109 1765 sed
2140 1710 2299 1766 dolet
2330 1728 2394 1766 se
2443 1712 2617 1784 quasi
2642 1727 2768 1768 non
2798 1712 3034 1784 respici,
3065 1713 3214 1770 dum
3260 1731 3372 1770 sua
3409 1714 3574 1770 videt
3608 1714 3670 1770 in

2004 1798 2487 1855 tribulationibus
2526 1804 2665 1856 vota
2695 1800 2937 1857 differri.
2966 1802 3278 1874 Sequitur:

2074 1889 2237 1942 Vens.
2272 1892 2360 1943 21.
2383 1889 2651 1944 Mutatus
2684 1904 2743 1944 es
2784 1889 2935 1945 mihi
2962 1890 3023 1944 in
3054 1891 3375 1946 crudelem.
3415 1920 3485 1931 —
3512 1893 3595 1946 Ae
3619 1890 3670 1945 si

2003 1981 2203 2047 aperte
2234 1976 2423 2031 dicat:
2476 1977 2583 2039 Qui
2612 1977 2671 2031 in
2702 1981 2757 2032 te
2787 1977 2920 2049 ipso
2950 1977 3315 2034 crudelitatis
3342 1977 3427 2033 nil
3455 1978 3667 2049 habes,

2004 2063 2170 2129 mihi,
2198 2080 2381 2135 quem
2401 2064 2696 2137 respirare
2717 2080 2754 2119 a
2780 2065 3194 2137 persecutione
3223 2081 3348 2122 non
3369 2066 3671 2135 sinis,cru-

2004 2151 2152 2206 delis
2201 2152 2440 2207 videris.
2472 2154 2556 2207 Ita
2587 2153 2747 2207 enim
2782 2153 2934 2209 Deus
2960 2170 3091 2209 esse
3121 2154 3378 2210 crudelis
3409 2170 3531 2210 non
3558 2171 3668 2227 po-

2004 2244 2134 2307 test,
2164 2239 2314 2295 sicut
2358 2255 2466 2295 uec
2525 2240 2743 2295 mutari
2793 2241 3090 2297 ullatenus
3134 2247 3346 2314 potest.
3382 2242 3496 2299 Sed
3523 2242 3669 2315 quia

2000 2328 2248 2383 omnino
2274 2328 2333 2383 in
2355 2328 2477 2384 Deo
2503 2343 2819 2400 nunquam
2841 2345 2952 2385 nec
2982 2329 3302 2386 crudelitas
3335 2345 3445 2386 nec
3475 2335 3669 2387 muta-

1998 2415 2196 2471 bilitas
2248 2416 2425 2481 venit,
2453 2417 2601 2471 dum
2656 2417 2803 2473 mihi
2853 2417 3015 2488 dicit,
3037 2417 3205 2489 quod
3233 2418 3295 2473 in
3344 2419 3668 2491 semetipso

1998 2505 2185 2560 Deum
2208 2521 2316 2560 nec
2336 2504 2639 2560 crudelem
2654 2521 2765 2561 nec
2786 2505 3140 2562 mutabilem
3159 2505 3374 2562 sentiat
3387 2506 3663 2562 ostendit.

1999 2598 2147 2650 Nam
2172 2596 2320 2650 dum
2349 2594 2507 2650 circa
2536 2611 2648 2651 nos
2686 2595 2970 2667 quaedam
3011 2610 3305 2668 prospera
3327 2599 3386 2650 et
3411 2595 3665 2651 adversa

1999 2684 2322 2753 variantur,
2343 2684 2403 2739 in
2425 2699 2497 2739 eo
2508 2684 2673 2755 quod
2688 2699 2799 2740 nos
2823 2688 3151 2754 mutamur,
3170 2684 3346 2756 quasi
3365 2684 3496 2754 ejus
3509 2684 3668 2740 circa

1998 2788 2109 2827 nos
2137 2778 2439 2829 mutatum
2467 2773 2741 2829 animum
2764 2774 3162 2846 suspicamur.
3186 2777 3317 2846 lpse
3342 2789 3485 2829 vero
3511 2773 3573 2828 in
3598 2788 3662 2828 se

2000 2861 2444 2917 commutabilis
2473 2877 2858 2934 permanens,
2894 2861 3061 2918 aliter
3080 2866 3259 2935 atque
3285 2861 3453 2918 aliter
3472 2862 3535 2918 in
3562 2878 3663 2918 co-

2000 2949 2280 3019 gitatione
2311 2950 2560 3005 sentitur
2588 2949 2906 3005 hominum
2934 2966 3045 3022 pro
3072 2950 3372 3022 ;qualitate
3422 2950 3662 3006 merito-

1998 3054 2152 3093 rum.
2190 3038 2500 3111 Sequitur:
2533 3038 2611 3093 Et
2638 3040 2700 3093 in
2734 3039 2962 3094 duritia
2993 3054 3205 3094 manus
3237 3044 3356 3095 tute
3387 3040 3663 3096 adversa-

1998 3130 2089 3183 rio
2116 3129 2282 3185 mihi.
2315 3160 2384 3168 —
2414 3131 2620 3184 Manus
2659 3127 2820 3183 enim
2864 3127 2963 3183 Dei
3002 3128 3157 3183 dura
3199 3127 3478 3195 creditur,
3521 3145 3662 3185 cum

1995 3218 2284 3274 voluntati
2336 3223 2553 3273 nostrae
2602 3218 2900 3273 contraria
2946 3218 3061 3273 hoc
3105 3218 3273 3289 quod
3311 3217 3366 3273 ei
3394 3218 3456 3273 in
3487 3218 3663 3274 nobis

1996 3305 2289 3379 displicet,
2320 3306 2587 3362 feriendo
2616 3304 3014 3379 persequitur,
3045 3309 3101 3361 et
3129 3305 3367 3375 ﬂagella
3415 3305 3664 3375 ingemi-

1996 3400 2120 3462 nat,
2154 3412 2292 3451 cum
2337 3394 2593 3451 dolentis
2645 3394 2854 3451 anima
2902 3394 3281 3452 clementiam
3332 3398 3657 3467 exspectat.

1997 3486 2138 3550 Quae
2158 3489 2359 3541 tamen
2374 3485 2549 3555 juxta
2566 3483 2867 3553 allegorias
2887 3483 3245 3556 mysterium
3260 3483 3415 3540 bene
3434 3487 3658 3540 sanctis

1995 3573 2257 3629 Ecclesia
2294 3572 2492 3628 verbis
2525 3577 2884 3641 congruunt,
2899 3588 2973 3628 ex
3001 3571 3252 3628 vocibus
3280 3571 3661 3629 inﬁrmorum

1993 3664 2100 3736 qui
2128 3663 2485 3735 plerumque
2515 3679 2578 3717 se
2600 3662 2737 3734 plus
2759 3662 2917 3718 feriri
2945 3662 3264 3731 aestimant,
3295 3677 3484 3733 quam
3532 3677 3661 3718 me-

1992 3769 2105 3808 reri
2127 3757 2361 3825 putant,
2384 3756 2441 3808 et
2466 3751 2641 3823 quasi
2671 3750 3087 3807 credulitatem
3116 3750 3483 3807 arbitrantur
3508 3750 3663 3822 judi-

1992 3844 2102 3911 cis,
2143 3841 2579 3897 districtionem
2626 3840 3037 3913 aequissimam
3094 3840 3366 3897 rationis.
3407 3840 3561 3906 Quia
3604 3845 3664 3896 et

1993 3948 2132 3987 cum
2156 3930 2373 3986 vulnus
2393 3928 2535 3998 aegri
2554 3928 2897 3984 medicinali
2924 3928 3288 3984 ferramento
3310 3928 3658 3996 absciditur,

1993 4018 2264 4074 medicus
2290 4017 2550 4072 crudelis
2578 4021 2858 4072 vocatur:
2901 4016 3008 4087 qui
3031 4019 3234 4072 tamen
3264 4032 3374 4087 per
3405 4016 3661 4072 secantis

1993 4122 2212 4163 manus
2241 4105 2526 4161 duritiam
2550 4105 2903 4161 adversatur
2924 4103 3171 4171 vulneri,
3200 4104 3307 4159 sed
3334 4103 3661 4161 concordat

1995 4196 2190 4253 saluti.
2217 4194 2525 4267 Sequitur:

2068 4288 2231 4340 Vsus.
2264 4288 2353 4339 22.
2413 4283 2687 4340 Elevasti
2710 4299 2819 4350 me,
2852 4288 2909 4338 et
2967 4283 3148 4353 quasi
3193 4296 3381 4352 super
3421 4287 3660 4340 ventum

1984 4390 2215 4446 ponens
2263 4375 2478 4431 elisisti
2503 4389 2596 4430 me
2625 4373 2845 4430 valide.
2887 4404 2956 4413 —-
3003 4372 3154 4438 Quia
3182 4373 3487 4446 praesentis
3514 4372 3654 4430 vita:

1990 4465 2198 4536 gloria,
2241 4464 2420 4537 quasi
2467 4464 2530 4519 in
2586 4463 2702 4519 alte
2742 4463 3025 4534 cernitur,
3073 4463 3180 4519 sed
3225 4463 3392 4520 nulla
3437 4463 3660 4520 stabili-

1986 4559 2108 4612 tate
2162 4554 2473 4625 solidatur,
2526 4553 2686 4609 velut
2743 4553 3010 4610 elevatur
3055 4558 3113 4609 et
3171 4568 3354 4626 super
3402 4557 3654 4610 ventum

1985 4644 2247 4716 ponitur,
2276 4644 2380 4716 qui
2409 4641 2803 4716 prosperitate
2837 4642 3182 4698 transitoria
3203 4641 3457 4697 laetatur.
3490 4643 3649 4706 Quo-

1983 4733 2150 4789 niam
2170 4732 2250 4789 ad
2276 4733 2391 4788 hoc
2423 4732 2619 4787 solum
2653 4730 2817 4785 hunc
2869 4729 3132 4801 fugitives
3176 4728 3474 4785 felicitatis
3505 4744 3656 4787 aura

1984 4821 2279 4889 sublevat,
2307 4825 2373 4875 ut
2418 4822 2661 4891 repente
2711 4816 2973 4873 deterius
3019 4817 3082 4872 in
3131 4816 3356 4872 inﬁmis
3398 4821 3640 4876 sternet.

1985 4910 2135 4973 Quia
2174 4909 2337 4965 enim
2378 4912 2588 4965 sancta
2638 4906 2897 4963 Ecclesia
2920 4903 3154 4962 cunctis
3184 4906 3245 4961 in
3275 4906 3506 4964 honore
3534 4914 3646 4978 est,

1983 4998 2206 5053 inﬁrmi
2251 4996 2477 5069 quippe
2504 4997 2565 5051 in
2614 5011 2705 5064 ea,
2733 4995 2838 5068 qui
2876 4994 3227 5052 transitoriis
3266 4997 3651 5055 successibus

1982 5085 2280 5153 laetantur,
2327 5100 2452 5157 quo
2500 5083 2614 5139 nisi
2670 5099 2851 5156 super
2913 5088 3161 5141 ventum
3209 5083 3488 5142 videntur
3535 5086 3650 5141 ele-

1982 5174 2152 5231 vati?
2206 5174 2318 5240 Qui
2393 5173 2798 5245 subsequente
2869 5173 3297 5246 persecutionis
3358 5179 3648 5243 tempore,

1982 5263 2131 5319 dum
2190 5261 2602 5335 prosperitatis
2655 5278 2806 5319 aura
2859 5263 3198 5335 pertransit,
3247 5275 3458 5317 eorum
3515 5271 3649 5327 pro-

1982 5352 2142 5409 tinus
2168 5351 2419 5407 elevatio
2446 5351 2686 5421 corruit,
2710 5355 2768 5408 et
2795 5356 3035 5425 repente
3075 5348 3358 5405 cadentes
3387 5342 3646 5412 discunt,

1982 5441 2126 5513 quia
2154 5440 2363 5497 elevati
2391 5439 2558 5512 prius
2582 5441 2645 5496 in
2667 5445 2915 5497 ventum
2955 5437 3254 5493 sederunt.
3286 5433 3429 5494 Quae
3448 5430 3649 5489 videli-

1984 5534 2076 5586 cet
2104 5530 2288 5586 verba
2316 5530 2497 5586 etiam
2521 5530 2710 5587 sancti
2741 5528 2849 5585 viri
2874 5537 3148 5597 personae
3162 5519 3645 5591 specialiteroen-

1988 5624 2234 5690 gruunt,
2266 5635 2386 5675 non
2417 5620 2494 5676 ad
2518 5620 2580 5675 id
2604 5616 2773 5690 quod
2820 5616 2965 5677 erat,
2994 5608 3099 5665 sed
3128 5607 3207 5665 ad
3237 5609 3301 5666 id
3318 5611 3488 5684 quod
3516 5625 3646 5667 esse
