4120 6156
501 97 602 153 355

1530 87 1586 147 s.
1635 78 1894 146 000le
1924 85 2214 142 ABBATIS
2257 87 2763 149 CLUNIACENSIS
2801 87 2870 143 ll.

3816 83 3928 136 356

497 216 833 274 videbatur.
861 213 972 280 Qui
1018 212 1196 286 quasi
1229 228 1410 286 super
1436 215 1687 268 ventum
1717 209 1950 284 positus
1979 208 2158 264 elisus
2190 212 2230 262 Α
2268 210 2392 268 lent
2426 227 2625 285 agere,
2657 213 2892 269 tantum
2914 205 3026 262 sibi
3047 205 3108 260 in
3129 201 3384 264 subditis
3408 199 3710 258 aestimant
3735 198 3936 256 licere.

501 309 589 362 est
613 303 820 371 valde;
851 301 998 374 quia
1010 301 1194 358 rebus
1219 301 1623 358 exterioribus
1653 300 1838 356 fultus
1867 297 2028 354 unde
2055 313 2162 351 aes-

498 391 822 449 timabatur
869 405 1132 460 surgere,
1167 390 1486 448 videbatur
1535 389 1676 447 inde
1706 387 2013 446 cecidisse.
2051 389 2157 442 Se-

497 478 704 552 quitur
731 496 744 534 :

570 569 744 622 Vens.
771 572 861 624 23.
890 568 1026 624 Scio
1057 569 1201 640 quia
1229 569 1414 624 morti
1449 569 1652 624 trades
1682 581 1773 623 me
1816 567 1920 622 ubi
1949 563 2162 620 consti-

501 663 633 714 tuta
663 662 750 714 est
779 657 986 714 domus
1016 657 1180 714 omni
1200 659 1462 728 ,viventi.
1494 688 1564 696 —-
1590 659 1762 712 Recte
1798 655 2013 710 beatus
2049 651 2160 708 Job

500 747 682 803 etiam
691 747 866 818 juxta
889 745 1203 802 historiam
1229 746 1523 817 congruit,
1541 745 1688 801 dum
1715 743 1970 800 nimium
1991 757 2161 798 cons-

499 839 586 892 tat
639 834 783 908 quia
839 839 974 891 ante
1023 834 1436 907 Redemptoris
1481 834 1757 905 gratiam,
1800 831 1880 889 ad
1949 829 2160 887 inferni

501 923 761 980 claustra
785 922 964 980 etiam
986 923 1131 994 justi
1161 921 1618 978 deducerentur.
1653 923 1791 994 Ipsa
1822 920 2046 992 quippe
2077 917 2162 973 in-

501 1011 653 1068 ferni
679 1011 938 1085 receptio
966 1011 1188 1068 domus
1209 1011 1484 1068 omnium
1506 1009 1852 1077 viventium,
1874 1023 1998 1064 non
2023 1005 2159 1062 illuc

501 1101 635 1174 ipsa
657 1101 1052 1174 corruptionis
1070 1118 1193 1156 suae
1219 1101 1560 1158 conditione
1577 1099 1936 1174 pertransiit.
1957 1097 2160 1154 Nullus

500 1191 621 1248 huc
648 1191 828 1262 venit,
859 1191 963 1263 qui
993 1191 1072 1248 ad
1098 1191 1296 1248 carnis
1326 1197 1582 1247 mortem
1609 1189 1884 1262 ejusdem
1909 1203 2158 1258 corrup-

501 1279 677 1336 tionis
704 1295 827 1335 suae
847 1295 968 1335 non
997 1279 1264 1336 tetendit.
1290 1282 1369 1336 De
1395 1295 1519 1352 qua
1549 1278 1818 1334 videlicet
1842 1281 2033 1333 morte
2054 1291 2161 1348 per

498 1366 875 1424 Psalmistam
907 1367 1122 1424 dicitur
1145 1386 1158 1423 :
1185 1389 1212 1416 «
1244 1367 1385 1434 Quis
1411 1373 1502 1423 est
1543 1368 1727 1423 homo
1759 1367 1864 1438 qui
1892 1366 2068 1431 vivet,
2105 1369 2161 1420 et

497 1470 624 1512 non
650 1455 874 1512 videbit
896 1460 1151 1512 mortem
1167 1455 1195 1510 ‘2
1220 1477 1246 1504 »
1268 1455 1457 1527 (Psal.
1481 1471 1752 1524 Lxxxvul,
1768 1456 1882 1526 49).
1913 1459 2158 1510 Aureo-

2275 300 2390 358 Sed
2419 301 2562 358 boni
2583 304 2792 357 contra
2820 300 3023 354 actum
3052 293 3385 356 multorum
3403 287 3794 347 insolentium
3811 288 3936 345 cla-

2269 405 2503 446 morem
2529 389 2776 455 habent,
2811 389 2868 442 et
2896 385 3160 440 furorem
3209 396 3335 438 non
3363 379 3614 448 habent,
3643 376 3938 450 quoniam

2268 493 2425 551 quos
2458 477 2780 534 clementer
2803 473 3077 540 tolerant,
3111 469 3328 526 docere
3356 482 3483 524 non
3521 469 3784 523 cessant.
3822 464 3936 522 Sed

2268 567 2397 623 haec
2422 583 2558 640 quae
2601 569 2776 639 juxta
2805 559 3124 620 historiam
3153 558 3229 615 de
3279 572 3402 613 uno
3448 555 3735 622 diximus,
3763 553 3938 624 juxta

2269 655 2617 726 allegoriam
2665 667 2909 712 necesse
2963 655 3072 718 est,
3119 651 3186 704 ut
3233 646 3308 702 de
3366 643 3616 701 diversis
3662 640 3935 699 Ecclesiae

2269 745 2464 802 electis
2497 745 2849 801 sentiamus.
2871 745 3010 812 ipsa
3034 737 3261 811 quippe
3291 734 3354 790 in
3381 732 3582 790 electis
3599 731 3724 788 suis
3752 729 3937 786 etiam

2268 851 2375 909 per
2391 849 2682 908 prospera
2692 829 2915 888 incedit
2936 823 3370 898 mmrens,quia
3395 821 3457 878 ni
3475 821 3590 877 sibi
3604 835 3736 876 vere
3759 834 3934 892 pros-

2269 907 2482 997 perum
2509 907 2780 995 deputat,
2807 931 3130 992 quousque
3161 913 3415 978 bonum,
3445 909 3613 984 quod
3641 907 3933 965 securiter

2267 996 2498 1086 quaerit,
2547 1005 2982 1084 apprehendat.
3029 1005 3166 1076 Ipsa
3223 1002 3404 1058 etiam
3456 999 3518 1054 in
3572 997 3748 1054 turba
3788 996 3940 1086 sine

2269 1082 2466 1154 furore
2495 1082 2808 1165 consurgit
2827 1096 2885 1150 et
2925 1091 3166 1157 clamat,
3199 1087 3346 1162 quia
3373 1101 3698 1160 pravorum
3744 1082 3938 1138 vitam

2269 1187 2465 1244 studio
2495 1189 2668 1242 rectae
2699 1179 3120 1246 aemulationis,
3154 1192 3276 1234 non
3307 1177 3512 1232 autem
3551 1171 3801 1230 vesania
3839 1171 3938 1226 fu-

2268 1276 2417 1333 roris
2445 1273 2796 1348 insequitur.
2830 1269 3127 1340 Irascitur,
3153 1271 3212 1323 et
3240 1269 3441 1322 amat:
3479 1262 3665 1331 saevit,
3698 1267 3758 1318 et
3771 1266 3942 1324 tran-

2269 1364 2454 1440 quilla
2475 1369 2583 1420 est.
2618 1361 2895 1435 Sequitur
2919 1378 2932 1415 :

2342 1457 2518 1510 Vens.
2551 1456 2640 1510 29.
2669 1453 2891 1509 Frater
2915 1448 3015 1520 fui
3041 1447 3396 1510 draconum,
3425 1447 3483 1500 et
3511 1441 3703 1499 socius
3734 1439 3942 1494 sthru-

497 1559 642 1600 mae.
680 1545 909 1600 Sanctae
941 1542 1210 1598 Ecclesiae
1235 1543 1486 1600 vocibus
1509 1559 1583 1598 ex
1602 1557 1872 1616 persona
1886 1541 2161 1611 congruit
2189 1561 2233 1613 Β
2273 1545 2566 1600 thionum.
2599 1573 2668 1581 —
2695 1539 2849 1606 Quid
2893 1536 3233 1593 draconum
3263 1531 3508 1589 nomine
3537 1529 3653 1586 nisi
3685 1526 3944 1584 malitio-

495 1629 898 1701 inﬁrmorum,
928 1629 1074 1703 quia
1101 1630 1262 1686 enim
1305 1630 1525 1686 multos
1552 1632 1616 1686 in
1647 1647 1712 1687 se
1751 1629 2159 1704 voluptatibus

500 1717 734 1774 deditos
765 1718 1076 1790 conspicit,
1095 1733 1426 1791 eorumque
1437 1719 1566 1790 jam
1586 1719 1888 1775 interitum
1906 1718 2158 1792 praescit,

499 1813 719 1882 pensat
753 1807 921 1880 quod
958 1807 1022 1863 in
1051 1807 1148 1864 via
1196 1808 1332 1864 vitae
1383 1808 1718 1880 praesentis,
1752 1809 1874 1864 suis
1916 1807 2162 1880 quidem

502 1895 817 1952 desideriis
847 1895 1132 1966 serviunt,
1167 1896 1272 1951 sed
1303 1900 1505 1952 tamen
1539 1896 1619 1952 ad
1661 1897 1868 1952 mortis
1909 1897 2164 1953 domum

499 1983 858 2058 perveniunt
883 1999 1096 2040 omnes
1124 1984 1230 2058 qui
1279 1984 1339 2040 in
1369 2000 1441 2040 ea
1475 1984 1787 2042 carnaliter
1811 1985 2164 2057 vivunt.,Se-

500 2071 705 2146 quitur
723 2091 738 2128 :

570 2165 738 2219 Vens.
767 2165 854 2219 24.
901 2163 1313 2220 Verumtamen
1343 2180 1462 2220 non
1494 2165 1577 2221 ad
1595 2165 2160 2222 consummationem

497 2268 702 2310 eorum
726 2253 944 2309 emittis
975 2268 1222 2310 manum
1271 2259 1459 2324 tuam,
1483 2259 1536 2310 et
1570 2255 1624 2310 si
1651 2255 1990 2310 corruerint
2037 2255 2163 2324 ipse

497 2339 870 2397 satvabis.—
899 2340 965 2395 In
989 2339 1214 2412 quibus
1246 2340 1516 2413 profecto
1546 2341 1745 2397 verbis
1772 2343 1886 2398 hoc
1919 2341 2164 2398 solerter

499 2428 681 2485 debet
701 2428 970 2499 intelligi,
991 2429 1156 2501 quod
1211 2429 1424 2486 beatus
1449 2430 1584 2500 Job,
1619 2431 1767 2486 dum
1805 2447 1915 2488 sua
1936 2435 2158 2500 narrat,

500 2517 563 2573 in
593 2532 656 2572 se
686 2514 836 2573 alios
857 2517 1268 2588 transﬁgurat.
1300 2521 1538 2574 Manum
1583 2519 1786 2592 itaque
1831 2537 2005 2576 suam
2052 2523 2163 2576 Do-

506 2607 710 2662 minus
733 2605 813 2661 ad
838 2605 1424 2662 consummationem
1451 2608 1832 2680 peccantium
1853 2625 1975 2666 non
1997 2609 2162 2666 emit-

512 2696 596 2762 tit,
631 2710 769 2750 cum
795 2693 1060 2750 feriendo
1091 2709 1126 2750 a
1156 2696 1416 2766 peccatis
1445 2696 1706 2770 corripit,
1735 2703 1790 2754 et
1815 2703 2160 2754 corruentes

511 2783 722 2847 salvat,
747 2783 894 2838 dum
926 2783 1206 2840 cadentes
1235 2784 1313 2840 ad
1357 2785 1598 2858 culpam
1638 2787 1700 2842 in
1748 2787 2004 2844 salutem
2037 2804 2164 2844 cor-

503 2872 665 2966 poris
681 2871 1046 2966 vulnerat,ut
1055 2873 1334 2944 prostrati
1349 2875 1875 2966 exterius,interius
1892 2882 2158 2946 surgant,
2196 2911 2236 2966 Ο

501 2965 804 3034 quatenus
829 2960 1097 3032 jacentes
1144 2977 1413 3034 corpore,
1448 2963 1528 3020 ad
1555 2963 1896 3021 interiorem
1938 2971 2160 3022 statum

499 3049 768 3121 redeant,
799 3049 905 3123 qui
934 3053 1156 3106 stantes
1186 3051 1441 3108 exterius
1471 3053 1550 3110 ab
1569 3057 1731 3110 statu
1759 3053 1976 3110 mentis
2001 3055 2159 3126 jace-

499 3139 667 3196 bant.
701 3139 978 3212 Sequitur
1005 3157 1018 3195 :

575 3231 741 3284 Vens.
764 3231 854 3282 25.
886 3228 1130 3284 Flebam
1160 3229 1462 3300 quondam
1477 3245 1658 3299 super
1679 3246 1744 3286 eo
1765 3233 1872 3302 qui
1892 3232 2159 3302 afﬂictus

501 3323 652 3385 erat,
707 3321 763 3372 et
805 3318 1282 3386 compatiebatur
1336 3319 1542 3376 anima
1589 3335 1721 3376 mea
1759 3324 2041 3393 pauperi.
2088 3354 2158 3363 —

505 3405 663 3463 Scire
711 3404 873 3461 enim
902 3420 1148 3462 necesse
1179 3409 1268 3462 est
1308 3407 1454 3479 quia
1495 3407 1590 3464 ille
1641 3408 1899 3480 perfecte
1929 3411 2155 3480 tribuit,

501 3493 764 3568 quicum
805 3493 1022 3550 aﬂlieto
1052 3494 1318 3567 porrigit,
1347 3495 1550 3552 aﬂlicti
1596 3513 1840 3570 quoque
1887 3499 2156 3558 animum

501 3582 563 3638 in
595 3599 657 3638 se
709 3583 910 3650 sumit,
947 3587 1010 3638 ut
1051 3582 1219 3656 prius
1265 3584 1327 3639 in
1387 3601 1452 3641 se
1503 3585 1761 3644 dolentis
1812 3589 2158 3660 passionem

503 3669 854 3742 transferat,
883 3675 941 3726 et
988 3675 1129 3728 tunc
1155 3676 1364 3730 contra
1391 3672 1664 3732 dolorem
1710 3675 1866 3733 illius
1910 3693 2017 3752 per
2054 3679 2159 3734 mi-

500 3757 810 3815 nisterium
825 3763 1163 3816 concurrat.
1180 3763 1327 3818 Nam
1346 3767 1595 3836 saepe,ut
1623 3765 2035 3838 praediximus,
2048 3767 2158 3823 lar-

499 3847 758 3921 gitorum
781 3847 1048 3905 muneris
1089 3865 1291 3906 rerum
1333 3850 1474 3907 facit
1499 3852 1891 3924 abundantia,
1933 3860 1992 3912 et
2035 3871 2159 3912 non

500 3936 686 3994 virtus
740 3937 1202 4012 compassionis.
1248 3940 1660 3998 Percussionis
1709 3941 1886 4014 igitur
1935 3943 2159 4000 ultimae

498 4030 706 4084 sancta
721 4026 980 4083 Ecclesia
995 4026 1376 4086 tribulatione
1398 4029 1797 4104 deprehensa,
1811 4032 2060 4090 reducat
2080 4033 2159 4090 ad

496 4115 855 4171 memoriam
871 4115 1040 4188 pacis
1057 4120 1325 4190 tempore
1347 4118 1511 4176 bona
1528 4136 1665 4192 quae
1685 4123 1886 4192 gessit,
1911 4121 2116 4178 dicens
2141 4140 2154 4177 :

495 4203 742 4259 Flebam
767 4203 1070 4274 quondam
1121 4219 1302 4275 super
1355 4223 1420 4264 eo
1461 4210 1566 4280 qui
1590 4210 1857 4280 afﬂictus
1913 4217 2064 4272 erat.
2103 4217 2157 4268 et

497 4291 972 4360 compatiebatur
999 4293 1202 4350 anima
1229 4309 1361 4351 mea
1382 4299 1662 4366 pauperi.
1696 4297 1974 4371 Sequitur
2003 4300 2115 4372 (58)
2141 4317 2154 4355 :

569 4381 733 4434 Vens.
757 4382 847 4435 28.
878 4380 1134 4437 Maerens
1157 4383 1498 4440 incedebam
1523 4386 1649 4443 sine
1665 4388 1897 4456 furore,
1916 4403 2156 4444 consur-

493 4482 640 4541 gens
668 4468 731 4524 in
761 4467 939 4526 turba
990 4470 1345 4528 clamabam.
1391 4504 1461 4514 —
1505 4475 1869 4545 Notandum,
1913 4476 2158 4534 sollicite

491 4557 667 4630 juxta
694 4557 1008 4614 historiam
1039 4557 1235 4629 video,
1263 4561 1430 4634 quod
1457 4567 1703 4621 sanctus
1731 4565 1822 4621 vir
1841 4565 1946 4638 qui
1976 4565 2158 4638 paulo

497 4647 775 4721 superius
819 4646 988 4716 dixit,
1019 4649 1267 4706 elevasti
1289 4667 1400 4721 me,
1421 4650 1670 4708 inferius
1699 4653 1990 4726 adjunxit,
2023 4671 2158 4712 mav-

495 4751 634 4792 rens
661 4736 1025 4794 incedebam.
1059 4736 1198 4794 Miro
1252 4739 1472 4796 etenim
1502 4740 1712 4798 ordine
1753 4757 1876 4799 uno
1921 4743 2157 4800 eodem-

495 4839 614 4914 que
643 4829 910 4914 tempore
949 4827 1268 4884 convenire
1297 4827 1359 4884 in
1388 4829 1622 4886 actibus
1650 4830 1954 4888 bonorum
1985 4832 2153 4906 solet,

496 4912 554 4969 et
582 4912 725 4969 foris
773 4913 968 4970 honor
1018 4916 1318 4987 culminis,
1350 4922 1408 4975 et
1438 4917 1598 4976 intus
1649 4921 1882 4978 afﬂictae
1933 4939 2157 4980 mceror

492 5001 864 5060 humilitatis.
897 5004 1064 5077 Saepe
1102 5020 1370 5079 namque
1416 5008 1835 5068 seditiosorum
1865 5012 2155 5068 tumultus

493 5089 814 5148 hominum
861 5091 1321 5166 praepositorum
1367 5113 1616 5154 suorum
1659 5104 1924 5158 mentem
1971 5101 2158 5158 laces-

494 5184 659 5249 cunt,
709 5180 943 5254 sibique
972 5182 1199 5239 ordinis
1231 5183 1483 5243 limitem
1511 5187 1865 5246 inordinatis
1893 5191 2156 5248 motibus

495 5269 811 5339 excedunt,
843 5273 902 5326 et
941 5271 1298 5346 plerumque
1340 5276 1446 5347 qui
1481 5283 1766 5349 praesunt,
1804 5279 1917 5336 nisi
1962 5279 2024 5335 in
2053 5296 2154 5336 ore

494 5358 692 5414 cordis
721 5359 912 5416 sancti
945 5359 1194 5434 Spiritus
1222 5362 1392 5420 freno
1422 5368 1753 5436 teneantur,
1787 5368 1849 5424 in
1880 5369 1967 5425 ira
1997 5370 2157 5426 retri-

493 5445 757 5503 butionis
781 5448 1088 5506 atrocitate
1115 5450 1451 5524 prosiliunt,
1483 5460 1902 5527 quantumque
1931 5471 2155 5528 praeva-

2272 1647 2478 1688 sorum
2515 1628 2834 1687 hominum
2884 1624 3002 1680 vita
3042 1620 3352 1693 signatur?
3391 1621 3468 1675 De
3499 1617 3722 1691 quibus
3747 1621 3805 1672 et
3831 1630 3944 1687 per

2269 1720 2631 1796 prophetam
2671 1716 2925 1772 dicitur:
2981 1735 3008 1761 «
3070 1713 3400 1796 Traxerunt
3451 1711 3698 1763 ventum
3755 1702 3939 1777 quasi

2269 1791 2562 1866 dracones
2617 1807 2762 1874 (Jer.
2791 1819 2900 1870 xxv,
2933 1805 3010 1868 6).
3047 1823 3074 1849 ››
3125 1795 3390 1854 Perversi
3437 1793 3656 1851 etenim
3704 1791 3936 1865 quippe

2273 1901 2516 1954 ventum
2563 1893 2740 1967 quasi
2787 1891 3084 1948 dracones
3142 1887 3402 1952 trahunt,
3445 1899 3585 1940 cum
3632 1879 3939 1938 malitiosa

2271 1983 2553 2059 superbia
2580 1982 2887 2039 inﬂantur.
2929 1975 3041 2044 Qui
3071 1979 3272 2032 autem
3299 1971 3702 2028 struthionum
3731 1967 3939 2041 appel-

2268 2057 2510 2142 latione,
2542 2071 2658 2129 nisi
2694 2068 3070 2126 simulatores
3113 2061 3358 2134 intelligi
3389 2060 3625 2118 solent?
3669 2057 3934 2116 Struthio

2269 2163 2488 2221 etenim
2545 2175 2777 2234 pennas
2833 2156 3034 2221 habet,
3069 2153 3176 2210 sed
3231 2151 3502 2208 volatum
3553 2163 3676 2206 non
3729 2145 3934 2213 habet,

2268 2253 2412 2326 quia
2442 2249 2817 2307 simulatores
2863 2245 3090 2319 quique
3138 2242 3402 2316 speciem
3441 2237 3770 2296 sanctitatis
3825 2237 3936 2292 ha-

2268 2324 2430 2404 bent,
2463 2340 2570 2397 sed
2629 2339 2904 2395 virtutem
2962 2331 3288 2390 sanctitatis
3325 2345 3448 2386 non
3495 2326 3740 2384 habent.
3776 2324 3937 2381 Visio

2270 2431 2492 2504 quippe
2517 2445 2620 2485 eos
2655 2427 2834 2484 bonae
2861 2423 3113 2482 actionis
3141 2421 3405 2486 decorat,
3439 2416 3545 2473 sed
3574 2431 3612 2473 a
3632 2420 3789 2472 terra
3821 2413 3938 2469 mi-

2269 2520 2430 2576 nime
2455 2533 2656 2592 penna
2705 2513 2937 2571 virtutis
2965 2512 3142 2568 levat.
3189 2509 3422 2565 Electus
3469 2507 3674 2578 itaque
3706 2507 3940 2559 sanctae

2270 2608 2543 2666 Ecclesiae
2573 2605 2856 2680 populus,
2879 2601 3023 2676 quia
3046 2600 3212 2674 pacis
3245 2614 3367 2654 suae
3394 2601 3662 2668 tempore
3692 2595 3854 2649 intra
3871 2608 3940 2646 se

2267 2697 2567 2772 quosdam
2601 2694 2928 2752 malitiosos
2959 2708 3029 2748 ac
3057 2689 3432 2746 simulatores
3457 2685 3698 2758 patitur,
3730 2681 3896 2738 dicat
3921 2698 3936 2734 :

2268 2771 2487 2847 Frater
2503 2789 2600 2858 fui
2627 2786 2978 2848 draconum,
3005 2787 3062 2838 et
3087 2781 3279 2836 socius
3305 2777 3734 2840 struthionum,
3761 2771 3938 2844 quod

2269 2879 2481 2936 beatus
2527 2875 2638 2932 Job
2685 2873 2932 2930 vocibus
2982 2869 3313 2944 specialiter
3344 2864 3637 2934 congruit,
3667 2863 3819 2936 quia
3854 2861 3934 2916 ad

2268 2968 2508 3024 culmen
2537 2979 2775 3035 magna:
2801 2959 3164 3018 fortitudinis
3191 2957 3390 3013 bonus
3411 2955 3562 3010 inter
3585 2952 3780 3008 malos
3803 2951 3935 3007 fuit.

2269 3055 2547 3130 Sequitur
2568 3073 2580 3110 :

2341 3146 2510 3200 Vens.
2545 3146 2634 3200 30.
2669 3143 2838 3198 Cutis
2869 3156 2998 3196 mea
3029 3139 3355 3208 denigrata
3394 3139 3479 3192 est
3513 3147 3698 3202 super
3739 3145 3853 3198 me,
3881 3135 3940 3186 et

2266 3251 2400 3293 ossa
2427 3249 2558 3291 mea
2583 3235 2879 3290 aruerunt
2903 3243 3038 3299 prec
3068 3231 3360 3284 caumate.
3383 3256 3454 3267 —
3475 3225 3608 3278 Haec
3623 3221 3799 3292 juxta
3820 3219 3943 3275 his-

2265 3325 2483 3383 toriam
2513 3337 2770 3396 pensare
2818 3317 3202 3389 negligimus,
3226 3314 3370 3388 quia
3399 3311 3670 3368 videlicet
3710 3323 3940 3366 sermo-

2267 3415 2360 3471 nis
2405 3413 2592 3469 virtus
2647 3415 2811 3483 patet
2839 3425 2910 3464 ex
2943 3423 3125 3480 poena
3166 3402 3485 3478 passionis.
3516 3399 3632 3456 Sed
3673 3397 3841 3472 quia,
3873 3401 3942 3452 ut

2268 3519 2428 3575 saepe
2451 3503 2580 3572 jam
2607 3499 2893 3568 diximus,
2925 3495 3280 3569 plerumque
3310 3491 3520 3548 beatus
3539 3486 3649 3544 Job
3679 3487 3764 3542 sic
3789 3501 3938 3542 nar-

2264 3597 2356 3650 rat
2408 3595 2576 3663 gesta
2664 3594 2728 3645 ut
2816 3585 3080 3657 gerenda
3132 3584 3521 3656 prae-moneat,
3579 3578 3736 3634 bene
3811 3575 3932 3632 hoc

2267 3685 2487 3738 sanctae
2521 3677 2793 3735 Ecclesia:
2843 3675 3092 3732 vocibus
3140 3670 3435 3744 congruit,
3466 3684 3604 3743 quae
3650 3665 3933 3722 dolorem

2265 3767 2696 3846 persecutionis
2728 3765 2950 3822 ultimae
2981 3761 3236 3819 inﬁrmis
3263 3758 3522 3832 graviter
3544 3755 3742 3827 sentit,
3767 3770 3940 3812 cum-

2265 3875 2383 3934 que
2413 3859 2492 3916 ab
2519 3857 2620 3914 illa
2649 3856 2748 3912 alii
2777 3857 3030 3929 pereunt
3052 3849 3409 3908 valentiores
3431 3846 3654 3920 quique
3676 3859 3940 3900 maerore

2266 3948 2628 4006 crticiantur.
2664 3945 2926 4001 Exterior
2955 3941 3182 4015 quippe
3207 3953 3391 3995 causa
3417 3937 3548 4008 ejus
3577 3937 3666 3990 est
3695 3939 3940 3990 terrena

2265 4036 2658 4112 dispensatio,
2689 4033 2932 4091 interior
2957 4047 3102 4089 vero
3123 4045 3267 4087 cura
3297 4024 3570 4084 caelestis.
3599 4022 3758 4081 Cutis
3790 4036 3939 4092 ergo

2265 4109 2511 4184 nomine
2539 4123 2760 4181 inﬁrmi
2779 4121 3116 4191 signantur,
3143 4118 3250 4191 qui
3275 4131 3436 4172 nunc
3466 4114 3532 4170 in
3557 4128 3630 4168 ea
3657 4109 3941 4168 exteriori

2271 4213 2505 4272 utilitati
2535 4211 3014 4270 deserviunt.Per
3038 4223 3178 4264 ossa
3208 4221 3346 4262 vero
3366 4203 3549 4260 fortes
3573 4201 3705 4272 ejus
3720 4199 3940 4269 ﬁgura-

2267 4305 2308 4362 ti
2360 4308 2517 4370 sunt,
2557 4301 2620 4358 in
2663 4300 2887 4374 quibus
2938 4296 3205 4372 corporis
3258 4295 3415 4351 illius
3461 4295 3585 4348 tota
3633 4302 3940 4361 compago

2267 4393 2582 4450 solidatur.
2617 4389 2926 4462 Sequitur:

2333 4485 2502 4538 Vens.
2539 4485 2626 4538 31.
2645 4481 2826 4536 Versa
2848 4483 2932 4535 est
2962 4477 3024 4534 in
3059 4478 3275 4532 lectum
3302 4471 3543 4530 cithara
3570 4483 3723 4531 mea,
3751 4473 3813 4524 et
3837 4482 3937 4523 or-

2261 4589 2488 4646 ganum
2512 4587 2708 4629 meum
2731 4571 2796 4626 in
2828 4583 3026 4626 vocem
3051 4566 3425 4637 ﬂentium.—
3449 4559 3600 4628 Quia
3629 4572 3936 4628 organum

2261 4679 2369 4736 per
2395 4661 2646 4728 ﬁstulas,
2680 4664 2740 4716 et
2789 4659 3020 4715 cithara
3069 4671 3176 4730 per
3205 4652 3464 4710 chordas
3503 4652 3702 4717 sonat,
3736 4648 3937 4720 potest

2269 4767 2374 4825 per
2426 4750 2718 4808 citharam
2774 4751 2936 4804 recta
2965 4743 3256 4818 operatio,
3289 4757 3398 4815 per
3448 4752 3754 4809 organum
3786 4749 3931 4792 vero

2261 4823 2469 4897 sancta
2483 4835 2833 4910 praedicatio
2849 4833 3172 4906 designari.
3199 4835 3304 4888 Per
3327 4827 3560 4885 ﬁstulas
3585 4823 3818 4899 quippe
3843 4839 3934 4879 or-

2263 4928 2422 5000 gani,
2441 4943 2549 4984 ora
2592 4924 3068 5000 praedicantium,
3094 4937 3200 4995 per
3239 4917 3498 4975 chordas
3515 4929 3657 4971 vero
3691 4913 3934 4970 citharas

2260 5015 2648 5072 intentionem
2671 5018 2827 5070 recte
2849 5011 3174 5069 viventium
3189 5023 3315 5068 non
3335 5002 3828 5063 inconvenienter
3840 5015 3935 5057 ac-

2261 5104 2680 5179 cipimus,quae
2709 5102 2858 5160 dum
2887 5101 2964 5158 ad
2994 5100 3178 5157 vitam
3203 5097 3385 5154 aliam
3411 5109 3518 5168 per
3545 5089 3934 5148 aﬂlictionem

2259 5193 2455 5252 carnis
2483 5193 2762 5260 tenditur,
2793 5189 2970 5264 quasi
2999 5191 3317 5246 extenuata
3345 5182 3529 5242 corda
3574 5181 3637 5236 in
3703 5179 3935 5236 cithara

2261 5299 2368 5357 per
2379 5283 2739 5339 intuentium
2756 5279 3218 5337 admirationem
3233 5278 3424 5332 sonat.
3435 5271 3700 5330 Siccatur
3713 5267 3934 5324 etenim

2259 5353 2508 5442 chorda,
2534 5376 2599 5426 ut
2637 5385 2974 5440 congruum
3017 5367 3078 5424 in
3123 5367 3350 5422 cithara
3408 5364 3654 5418 cantum
3696 5353 3930 5420 reddat,

2259 5462 2404 5535 quia
2430 5467 2486 5517 et
2507 5459 2696 5516 sancti
2718 5460 2825 5515 viri
2869 5459 3167 5530 castigant
3193 5470 3410 5528 corpus
3434 5465 3633 5516 suum,
3668 5451 3724 5504 et
3755 5443 3934 5502 servi-

565 5607 678 5680 (58)
706 5609 822 5665 Hic
846 5612 1116 5679 praeterit
1145 5619 1360 5669 auctor
1385 5613 1534 5669 duos
1561 5630 1783 5684 versus,
1817 5620 2102 5678 nimirum
2131 5624 2200 5679 26
2225 5628 2281 5679 et
2312 5627 2402 5678 27.
