4120 6156
268 147 368 199 357

1076 144 1780 202 EPITOMEMOBALIUM
1821 142 1876 198 S.
1918 136 2122 197 GREG.
2167 142 2235 197 IN
2272 140 2417 200 JOB.
2464 176 2527 187 ——
2568 149 2697 204 LIB.
2741 149 2849 205 XXI

3579 152 3684 208 358

266 262 373 320 tuti
395 263 722 335 subjiciunt
748 267 927 337 atque
956 264 1034 320 ab
1062 264 1288 319 inﬁmis
1318 264 1396 320 ad
1446 266 1757 339 superiora
1792 269 1916 320 ten-
1947 268 1994 319 A
2034 266 2146 331 tur,
2175 262 2380 320 dicens
2405 284 2417 321 :
2448 267 2612 323 Pacis
2641 268 2887 341 quidem
2908 286 3060 326 mete
3084 273 3371 344 tempore,
3401 286 3511 344 per
3537 271 3685 329 alios

265 353 508 420 duntur.
543 354 929 410 Pensandum
958 370 1204 427 quoque
1230 360 1318 409 est
1365 356 1529 427 quod
1585 355 1811 412 chorda
1864 354 1922 409 in

265 443 494 502 cithara
517 443 566 498 si
614 443 818 499 minus
854 443 1127 508 tenditur,
1165 458 1289 499 non
1335 449 1526 514 sonat,
1559 446 1609 500 si
1642 444 1921 516 amplius,

263 548 517 588 raucum
540 536 730 588 sonat.
760 531 907 597 Quia
922 532 1208 588 nimirum
1240 532 1426 588 virtus
1438 534 1808 589 abstinentiae
1821 536 1925 588 aut

265 620 514 677 omnino
548 620 716 677 nulla
766 625 872 686 est,
904 620 953 675 si
994 625 1229 676 tantum
1260 622 1518 695 quisque
1550 638 1770 695 corpus
1800 638 1921 676 non

266 710 511 766 edomat
529 713 825 782 quantum
851 709 1049 776 valet;
1083 714 1183 766 aut
1210 711 1385 766 valde
1433 711 1775 767 inordinata
1813 716 1919 780 est,

266 799 313 855 si
343 814 563 871 corpus
594 798 942 871 atteritplus
980 816 1167 871 quam
1197 800 1372 857 valet.
1406 806 1485 856 Ac
1511 800 1557 855 si
1583 816 1725 869 ergo
1756 816 1925 856 sanc-

265 892 326 943 ta
358 887 621 944 Ecclesia
658 888 936 943 extremis
965 888 1481 960 persecutionibus
1508 905 1714 961 pressa
1742 889 1922 945 fatea-

2033 367 2221 423 parva
2250 369 2418 410 more
2446 355 2704 425 citharae,
2735 373 2842 429 per
2871 359 3019 415 alios
3067 376 3205 416 vero
3255 376 3421 417 more
3471 364 3682 432 organi

2031 456 2257 511 magna
2284 447 2341 499 et
2370 460 2589 501 sonora
2614 446 3047 518 prcedicabam.
3084 449 3197 505 Sed
3225 465 3407 518 nunc,
3428 450 3492 506 in
3518 450 3685 507 luctu

2030 530 2258 588 cithara
2283 536 2341 589 et
2368 548 2665 604 organum
2692 550 2932 590 versum
2949 540 3038 591 est
3066 537 3229 609 quia,
3253 538 3401 595 dum
3424 554 3520 594 me
3546 555 3685 595 con-

2030 621 2212 675 temni
2228 622 2554 694 conspicio,
2579 639 2682 679 eos
2702 623 2807 696 qui
2827 623 3270 696 praedicationis
3288 631 3535 683 cantum
3558 644 3683 685 non

2030 710 2285 766 audiunt
2313 710 2580 783 deploro.
2611 713 2748 768 Haec
2778 728 2886 785 per
2915 713 3220 785 quosdam
3250 720 3456 773 sancta
3485 718 3681 775 Eccle-

2030 797 2117 852 sia
2144 798 2202 853 in
2231 799 2348 854 fine
2378 798 2607 856 factura
2636 804 2726 856 est
2756 818 2768 854 :
2804 801 2932 857 haec
2958 818 3065 875 per
3093 802 3396 875 quosdam
3451 805 3514 860 in
3559 806 3682 862 suis

2022 886 2151 958 jam
2180 888 2440 943 exordiis
2468 888 2622 945 fecit.

1192 1293 1530 1379 LIBER
1624 1292 2206 1379 VICESIMUS
2298 1293 2750 1381 PRIMUS.

868 1692 1093 1747 CAPUT
1138 1693 1309 1747 XXXI.

214 1808 219 1809 ί
332 1782 466 1845 Qua
496 1780 698 1852 itaque
729 1784 972 1836 sanctus
1000 1780 1090 1836 vir
1120 1780 1463 1837 fortitudine
1485 1782 1563 1838 ab
1592 1782 1759 1839 omni
1789 1782 1917 1855 lap-

255 1886 333 1925 su
363 1869 658 1925 exteriora
676 1885 789 1926 sua
816 1870 1097 1926 custodiae
1122 1870 1415 1927 interioris
1439 1872 1758 1945 disciplina
1782 1888 1920 1928 con-

257 1958 577 2027 strinxerit,
602 1958 870 2016 insinuat
889 1959 1094 2015 dicens
1127 1977 1140 2015 :

330 2049 496 2102 Vens.
526 2052 577 2101 1.
598 2047 815 2118 Pepigi
838 2048 1037 2117 [cedas
1064 2064 1196 2104 cum
1228 2051 1416 2105 oculis
1438 2051 1600 2117 meis,
1626 2056 1689 2105 ut
1723 2066 1797 2107 ne
1824 2066 1919 2106 co-

258 2136 516 2205 gitarem
546 2135 784 2206 quidem
814 2137 886 2192 de
926 2137 1178 2207 virgine.
1224 2167 1294 2176 —
1325 2136 1474 2191 Cum
1514 2137 1587 2192 sit
1610 2137 1920 2193 invisibilis

258 2224 483 2290 anima,
516 2239 906 2298 nequaquam
936 2240 1039 2281 cor
1067 2240 1276 2281 earum
1298 2242 1500 2282 rerum
1529 2226 1919 2283 delectatione

255 2313 539 2383 tangitur,
564 2314 678 2370 nisi
697 2314 865 2387 quod
906 2314 1205 2370 inhaerens
1245 2316 1501 2388 corpori,
1553 2315 1731 2389 quasi
1760 2332 1920 2389 quas-

251 2401 403 2458 dam
431 2402 776 2473 egrediendi
807 2402 1106 2460 foramina
1134 2404 1406 2475 ejusdem
1458 2405 1724 2478 corporis
1786 2421 1920 2461 sen-

254 2507 360 2547 sus
388 2490 591 2548 habet.
623 2492 795 2547 Visus
819 2492 1067 2565 quippe,
1113 2492 1377 2556 auditus.
1419 2498 1654 2564 gustus,
1708 2494 1920 2550 odora-

253 2584 352 2636 tus
382 2584 441 2636 et
473 2585 682 2648 tactus,
715 2580 890 2653 quasi
918 2582 1205 2654 quaedam
1228 2582 1333 2638 vias
1349 2583 1567 2640 mentis
1598 2588 1758 2647 sunt,
1783 2583 1917 2656 qui-

253 2670 373 2726 bus
392 2671 556 2727 foras
587 2670 805 2739 veniat,
839 2675 895 2727 et
918 2687 990 2727 ea
1019 2688 1156 2744 quas
1186 2677 1352 2728 extra
1398 2673 1527 2743 ejus
1579 2677 1717 2728 sunt
1774 2672 1916 2728 sub-

254 2760 542 2816 stantiam
590 2759 998 2832 concupiscat.
1049 2764 1154 2817 Per
1201 2762 1313 2817 hos
1371 2761 1590 2817 etenim
1646 2762 1915 2835 corporis

256 2865 498 2915 sensus,
547 2849 723 2922 quasi
746 2872 751 2877 ·
778 2865 885 2922 per
934 2849 1223 2906 fenestras
1270 2851 1570 2923 quasdam
1627 2851 1919 2907 exteriora

252 2955 515 3012 quaeque
571 2939 779 2996 anima
835 2940 1098 3012 respicit,
1148 2940 1470 3013 respiciens
1525 2939 1912 3011 concupiscit.

1960 1698 1998 1751 Β
2028 1698 2113 1749 tes
2135 1700 2506 1752 amaverant.
2540 1695 2712 1761 Quod
2736 1695 3005 1752 videlicet
3028 1696 3400 1753 alienationis
3427 1698 3683 1754 verbum

2028 1783 2237 1838 durius
2267 1789 2527 1851 sonaret,
2562 1784 2611 1840 si
2634 1784 2749 1841 hoc
2771 1785 3063 1857 interpres
3086 1785 3149 1841 in
3180 1802 3302 1841 suae
3331 1786 3551 1856 linguae
3575 1803 3683 1843 vo-

2029 1888 2094 1927 ce
2125 1873 2431 1928 tenuisset.
2464 1874 2636 1939 Quod
2663 1874 2824 1929 enim
2854 1874 3021 1947 apud
3066 1890 3178 1931 nos
3229 1874 3525 1944 alienatio,
3569 1876 3685 1933 hoc

2029 1962 2193 2034 apud
2226 1962 2499 2018 Hebraeos
2521 1963 2844 2019 anathema
2873 1962 3107 2020 dicitur.
3142 1968 3303 2021 Tunc
3355 1980 3499 2036 ergo
3550 1964 3686 2022 alie-

2028 2051 2190 2106 natio
2220 2050 2328 2106 erit
2347 2051 2636 2124 reprobis,
2659 2068 2799 2107 cum
2820 2052 2985 2124 apud
3004 2052 3414 2110 htereditatem
3436 2053 3685 2111 districti

2024 2138 2333 2210 judicis,se
2357 2141 2683 2196 anathema
2703 2156 2835 2196 esse
2865 2141 3263 2214 conspiciunt,
3274 2141 3419 2215 quia
3436 2143 3685 2202 hiceum

2029 2228 2328 2300 perversis
2353 2228 2625 2285 moribus
2653 2233 3161 2302 contempserunt.
3189 2232 3463 2304 Sequitur
3490 2250 3503 2288 :

2100 2320 2265 2373 Vens.
2295 2320 2349 2372 4.
2380 2319 2594 2374 Nonne
2613 2320 2738 2387 ipse
2759 2319 3096 2375 considerat
3124 2320 3251 2375 vias
3267 2335 3446 2387 meas,
3468 2325 3526 2377 et
3543 2336 3687 2377 cun-

2028 2411 2150 2462 ctos
2178 2421 2412 2477 gressus
2444 2422 2599 2463 meos
2626 2406 2974 2463 dinumerat
3005 2411 3033 2462 ?
3060 2439 3131 2449 —
3152 2407 3307 2474 Quid
3329 2407 3562 2464 viarum
3581 2424 3687 2465 no-

2028 2494 2207 2562 mine,
2231 2494 2343 2550 nisi
2374 2495 2638 2551 actiones
2659 2494 2974 2551 denuntiat
3000 2496 3027 2549 ?
3058 2496 3205 2551 Hinc
3234 2496 3396 2552 enim
3447 2512 3555 2568 per
3596 2499 3685 2553 Je-

2024 2582 2278 2638 remiam
2309 2582 2560 2638 dicitur:
2596 2604 2624 2631 «
2651 2585 2845 2639 Bonas
2875 2581 3047 2639 facite
3072 2584 3199 2639 vias
3214 2587 3464 2654 vestras,
3485 2588 3544 2640 et
3568 2588 3688 2640 stu-

2026 2670 2127 2728 dia
2156 2677 2353 2729 vestra
2386 2674 2524 2743 (Jer.
2556 2688 2657 2737 v11,
2700 2674 2774 2743 3).
2813 2694 2840 2721 »
2891 2671 3045 2735 Quid
3094 2689 3237 2729 vero
3286 2673 3686 2747 appellatione

2027 2776 2365 2830 gressuum,
2394 2761 2507 2816 nisi
2536 2766 2735 2816 motus
2756 2760 3072 2830 mentium,
3103 2761 3197 2816 vel
3225 2762 3527 2833 profectus
3539 2763 3690 2819 acci-

2026 2847 2228 2920 pimus
2263 2848 2606 2904 meritorum
2634 2850 2661 2904 ?
2694 2848 2921 2913 Quibus
2948 2848 3216 2920 profecto
3238 2851 3561 2920 gressibus,
3609 2851 3688 2907 ad

2027 2936 2415 3008 semetipram
2445 2952 2556 2993 nos
2583 2937 2802 2992 Veritas
2834 2942 3008 2993 vocat
3035 2936 3241 2993 dicens
3273 2957 3286 2994 :
3320 2961 3349 2987 ‹‹
3379 2940 3587 2996 Venite
3609 2940 3689 2997 ad

255 3029 407 3086 Hinc
429 3029 592 3085 enim
617 3029 905 3086 Jeremias
927 3029 1010 3085 ait
1040 3046 1053 3084 :
1091 3048 1120 3082 «
1150 3029 1432 3085 Ascendit
1461 3044 1623 3085 mors
1679 3044 1788 3101 per
1837 3028 1918 3084 fe-
1952 3047 1993 3103 c
2024 3041 2144 3095 me,
2171 3040 2382 3081 omnes
2409 3025 2512 3097 qui
2541 3024 2847 3089 laboratis,
2883 3029 2941 3081 et
2980 3026 3210 3082 onerati
3252 3027 3391 3083 estis
3444 3028 3684 3099 (Matth.

254 3122 488 3174 uestras
515 3122 772 3187 nostras,
804 3118 1078 3188 ingressa
1111 3121 1201 3173 est
1229 3117 1451 3173 domus
1476 3122 1713 3173 nostras
1771 3118 1912 3188 (Jer.

253 3223 334 3275 ιι,
368 3206 519 3278 21).»
547 3206 829 3280 Quisquis
860 3222 1002 3263 vero
1031 3222 1141 3280 per
1167 3206 1280 3263 has
1312 3206 1581 3279 corporis
1625 3205 1915 3262 fenestras

253 3294 496 3350 incaute
526 3294 783 3350 exterius
808 3293 1068 3366 respicit,
1098 3293 1457 3368 plerumque
1488 3294 1552 3349 in
1580 3293 1919 3350 delectatio-

252 3399 400 3439 nem
432 3382 663 3455 peccati
691 3383 871 3439 etiam
900 3382 1111 3438 nolens
1155 3381 1331 3447 cadit,
1383 3386 1563 3454 atque
1618 3380 1918 3452 obligatus

253 3471 592 3542 desideriis,
620 3472 829 3546 incipit
858 3471 1005 3528 Velle
1034 3471 1202 3545 quod
1230 3470 1439 3527 noluit.
1476 3474 1543 3527 Ut
1571 3470 1733 3527 enim
1778 3486 1918 3527 san-

253 3567 391 3618 ctus
419 3561 509 3616 vir
536 3562 926 3632 cogitationes
942 3562 1140 3618 cordis
1157 3566 1318 3618 caste
1339 3577 1576 3617 servare
1606 3560 1916 3634 potuisset,

252 3649 459 3707 fmdus
489 3666 628 3705 cum
658 3650 846 3707 oculis
874 3650 1123 3723 pepigit,
1159 3667 1234 3706 ne
1269 3650 1434 3723 prius
1465 3650 1702 3706 incaute
1759 3648 1918 3721 aspi-

251 3743 420 3795 ceret
447 3739 615 3811 quod
641 3740 1034 3812 postmodum
1065 3740 1340 3796 incautus
1372 3743 1604 3795 amaret
1636 3756 1648 3794 :
1683 3744 1741 3794 et
1776 3738 1922 3811 quia

248 3827 462 3884 nonin
496 3843 559 3882 se
591 3828 889 3883 actionem
919 3826 1476 3895 tantummodo,sed
1502 3826 1681 3882 etiam
1703 3825 1923 3895 cogita-

251 3916 488 3971 tionem
514 3914 766 3971 luxuriae
796 3914 1093 3978 exstinxit,
1126 3918 1364 3970 secutus
1389 3914 1665 3984 adjunxit
1696 3932 1708 3968 :
1748 3914 1821 3970 Ut
1851 3928 1925 3969 ne

252 4007 596 4076 cogitarem
627 4003 863 4073 quidem
887 4003 961 4059 de
980 4004 1231 4072 virgine.
1268 4002 1580 4073 Sequitur:

324 4096 511 4149 Vens.
538 4096 593 4147 2.
623 4092 813 4157 Quam
839 4092 995 4146 enim
1022 4096 1261 4159 partem
1288 4090 1528 4146 haberet
1560 4091 1622 4145 in
1652 4104 1744 4145 me
1769 4091 1926 4145 Deus

249 4183 537 4251 desuper,
566 4186 619 4235 et
637 4178 1046 4236 haereditatem
1076 4178 1458 4247 Omnipotens
1487 4177 1561 4234 de
1584 4178 1925 4233 excelsis.—

250 4278 336 4328 Ac
371 4270 421 4326 si
450 4271 655 4342 aperte
673 4268 877 4325 dicat:
914 4268 970 4326 Si
1004 4271 1270 4325 mentem
1298 4266 1362 4322 in
1392 4266 1749 4339 cogitatione
1798 4267 1925 4340 pol-

250 4360 457 4430 luerit,
487 4358 539 4430 ej
549 4375 618 4414 us
641 4357 748 4431 qui
777 4358 1089 4414 munditiae
1111 4361 1320 4413 auctor
1340 4361 1431 4412 est
1454 4372 1584 4413 esse
1608 4356 1925 4413 haereditas

254 4462 657 4521 nequaquam
682 4461 953 4519 possum.
979 4445 1150 4502 Nulla
1200 4446 1363 4501 enim
1413 4444 1577 4501 bona
1617 4449 1755 4500 sunt
1810 4461 1923 4501 ese-

251 4541 407 4608 tera,
464 4536 513 4591 si
566 4534 783 4592 occulti
828 4534 1047 4607 judicis
1073 4533 1260 4591 oculis
1315 4532 1599 4590 castitatis
1625 4533 1792 4589 testis
1810 4538 1923 4589 tes-

252 4624 517 4683 timonio
547 4641 671 4681 non
701 4624 1138 4698 approbantur,
1168 4640 1238 4680 ac
1257 4624 1307 4679 si
1324 4626 1527 4695 aperte
1542 4622 1818 4689 fateatur,
1839 4622 1926 4678 di-

254 4730 407 4772 cens
438 4731 452 4768 :
485 4714 714 4770 Habere
746 4730 841 4770 me
868 4712 1313 4787 possessionem
1341 4727 1515 4768 suam
1554 4710 1927 4767 excelsorum

253 4802 540 4861 conditor
566 4802 782 4871 renuit,
813 4804 864 4858 si
888 4818 1060 4858 mens
1082 4817 1221 4858 mea
1250 4805 1388 4857 ante
1417 4804 1813 4873 conspectum
1863 4800 1927 4855 il-

250 4892 378 4950 lius
401 4892 468 4948 in
497 4891 752 4947 inﬁrmis
782 4890 1091 4948 desideriis
1123 4889 1391 4946 tabescit.
1426 4888 1702 4962 Sequitur
1731 4906 1745 4944 :

330 4983 503 5037 Vens.
537 4986 589 5038 3.
621 4980 916 5051 Nunquid
941 4996 1060 5036 non
1083 4980 1341 5049 perditio
1362 4984 1446 5035 est
1461 4980 1688 5048 iniquo,
1706 4984 1762 5034 et
1782 4979 1928 5035 alie»

250 5071 431 5127 natio
454 5070 839 5140 operantibus
870 5070 1249 5140 iniquitatem
1271 5072 1369 5123 ?—
1390 5066 1626 5123 Festina
1656 5066 1925 5123 consola-

253 5161 423 5217 tione
449 5158 750 5216 bonorum
782 5158 1195 5216 consideratur
1224 5157 1361 5213 ﬁnis
1390 5156 1710 5213 malorum.
1772 5160 1924 5212 Dum

250 5249 429 5307 enim
456 5265 532 5303 ex
556 5264 765 5305 eorum
794 5248 1031 5305 interitu
1062 5246 1294 5304 malum
1328 5245 1713 5319 conspiciunt
1757 5244 1924 5317 quod

249 5333 552 5400 evadunt,
577 5332 706 5388 leve
749 5332 1090 5388 existimant
1134 5331 1283 5403 quid
1339 5330 1665 5387 adversum
1718 5328 1778 5383 in
1808 5329 1923 5384 hac

250 5424 385 5480 vita
414 5422 742 5495 patiuntur.
776 5425 925 5477 Eant
946 5435 1089 5489 ergo
1114 5435 1275 5474 nunc
1304 5419 1564 5492 reprobi,
1596 5421 1653 5473 et
1672 5417 1924 5473 delecta-

253 5512 499 5568 tionum
529 5528 777 5568 suarum
797 5508 1092 5565 desideria
1122 5507 1480 5581 compleant,
1526 5508 1588 5563 in
1643 5505 1780 5560 ﬁnis
1830 5506 1923 5561 sui

251 5600 655 5658 damnatione
666 5598 902 5657 sensuri
923 5601 1083 5668 sunt,
1106 5596 1252 5669 quia
1270 5602 1524 5654 mortem
1543 5594 1702 5652 male
1722 5594 1921 5650 viven-

2024 3133 2105 3183 χι,
2146 3114 2294 3186 28).»
2330 3114 2421 3171 Sic
2450 3118 2653 3170 autem
2682 3115 2968 3171 Dominus
2992 3115 3473 3189 uniuscujusque
3498 3117 3689 3173 consi-

2026 3204 2195 3259 derat
2224 3203 2374 3270 vias,
2411 3203 2494 3258 sic
2520 3202 2864 3259 dinumerat
2881 3219 3145 3274 gressus,
3177 3208 3243 3260 ut
3271 3220 3348 3261 ne
3369 3204 3691 3261 minutissi-

2025 3310 2139 3351 mae
2169 3292 2417 3365 quidem
2437 3292 2826 3363 cogitationes
2845 3292 2907 3348 in
2930 3292 3061 3364 ejus
3105 3292 3357 3367 judicio,
3398 3310 3468 3350 ac
3501 3294 3689 3350 verba

2026 3382 2396 3449 tenuissima,
2415 3397 2550 3454 qua:
2572 3382 2737 3454 apud
2754 3396 2867 3437 nos
2885 3398 3002 3437 usu
3013 3380 3331 3449 viluerunt,
3348 3382 3691 3439 indiscussa

2027 3476 2397 3528 remaneant.
2434 3470 2577 3526 Hinc
2606 3470 2824 3526 etenim
2840 3469 2984 3526 dicit
3015 3487 3028 3525 :
3058 3470 3213 3535 «Qui
3233 3470 3507 3527 irascitur
3526 3471 3691 3527 fratri

2029 3577 2140 3617 suo
2160 3576 2297 3616 reus
2326 3558 2433 3615 erit
2456 3558 2683 3630 judicio
2713 3559 2953 3630 (Matth.
2988 3576 3040 3626 v,
3072 3560 3220 3626 22).»
3249 3559 3525 3632 Sequitur
3551 3577 3566 3616 :

2100 3653 2271 3705 Vens.
2305 3654 2358 3718 5,
2384 3652 2435 3705 6.
2466 3650 2535 3704 Si
2562 3649 2872 3705 ambulavi
2890 3650 2954 3704 in
2994 3650 3281 3719 vanitate,
3313 3656 3421 3705 aut
3442 3650 3690 3719 festina-

2030 3741 2115 3796 vit
2146 3740 2208 3794 in
2231 3738 2369 3794 doto
2392 3753 2498 3807 pes
2524 3753 2707 3805 meus,
2728 3738 3034 3807 appendat
3063 3754 3153 3794 me
3173 3739 3235 3793 in
3256 3743 3483 3795 statera
3502 3741 3687 3808 iusta,

2029 3835 2085 3885 et
2114 3828 2261 3884 sciat
2278 3829 2435 3884 Deus
2463 3828 2910 3896 simplicitatem
2936 3842 3146 3883 meam.
3179 3858 3250 3866 —
3282 3826 3440 3883 Scire
3472 3827 3575 3883 Dei
3603 3827 3691 3883 di-

2031 3917 2181 3974 citur
2206 3916 2355 3972 scire
2384 3931 2498 3971 nos
2529 3915 2744 3972 facere.
2778 3915 2921 3982 Quis
2953 3931 3097 3970 vero
3135 3919 3367 3971 staterae
3422 3916 3688 3984 nomine,

2032 4005 2145 4061 nisi
2174 4004 2465 4061 mediator
2492 4004 2613 4073 Dei,
2637 4008 2695 4061 et
2718 4003 3035 4060 hominum
3059 4003 3407 4072 designatur
3428 4004 3455 4058 Ἰ
3478 4003 3540 4057 in
3566 4019 3691 4075 quo

2034 4108 2210 4165 aequa
2228 4092 2401 4149 lance
2427 4093 2633 4150 omnia
2655 4093 2865 4149 merita
2893 4096 3102 4148 nostra
3132 4094 3486 4164 pensantur,
3519 4095 3575 4147 et
3626 4091 3688 4147 in

2033 4182 2209 4253 cujus
2236 4181 2548 4254 praeceptis
2578 4183 2987 4252 agnoscimus,
3011 4180 3160 4254 quid
3202 4180 3265 4235 in
3321 4182 3530 4237 nostra
3571 4179 3694 4236 vita

2034 4269 2235 4325 minus
2260 4269 2619 4325 habeamus.
2654 4273 2716 4325 In
2746 4270 2861 4325 hac
2891 4273 3091 4325 autem
3124 4273 3352 4326 statera
3405 4266 3693 4341 appendi-

2034 4374 2190 4425 mur,
2221 4358 2457 4431 quoties
2487 4357 2565 4413 ad
2595 4357 2729 4413 vitae
2750 4358 2881 4429 ejus
2932 4356 3209 4431 exempla
3261 4372 3689 4429 provocamus.

2035 4471 2063 4497 «
2097 4447 2362 4505 Christus
2391 4461 2608 4519 passus
2633 4450 2722 4502 est
2751 4460 2861 4518 pro
2882 4444 3079 4512 nobis,
3130 4442 3303 4500 vobis
3349 4443 3694 4518 relinquens

2034 4533 2402 4607 exemplum,
2436 4538 2501 4590 ut
2530 4534 2871 4606 sequamini
2887 4532 3136 4603 vestigia
3165 4533 3318 4604 ejus,
3349 4532 3455 4605 qui
3479 4548 3693 4606 pecca-

2036 4628 2161 4680 tum
2190 4639 2315 4680 non
2339 4622 2494 4690 fecit,
2528 4639 2639 4678 nec
2671 4622 2848 4679 dolus
2876 4621 3153 4676 inventus
3177 4624 3267 4676 est
3295 4621 3357 4676 in
3396 4636 3498 4677 ore
3556 4620 3692 4690 ejus

2034 4711 2093 4784 (I
2112 4713 2277 4768 Petr.
2310 4728 2368 4779 ιι,
2401 4716 2493 4781 21,
2522 4714 2675 4775 22).»
2700 4716 2781 4765 Ac
2812 4708 2862 4763 si
2891 4713 3093 4780 aperte
3121 4707 3316 4763 dicat:
3349 4707 3407 4764 Si
3429 4723 3553 4781 qua
3578 4722 3692 4762 un-

2033 4815 2221 4871 quam
2241 4798 2464 4866 leviter,
2500 4798 2548 4853 si
2569 4813 2695 4869 qua
2716 4794 3047 4876 perniciose
3077 4794 3438 4868 perpeti-avi,
3483 4794 3584 4851 Dei
3638 4799 3697 4852 et

2032 4886 2352 4943 hominum
2371 4884 2669 4941 mediator
2697 4888 3009 4958 appareat,
3034 4887 3098 4940 ut
3125 4883 3187 4939 in
3242 4884 3374 4956 ejus
3423 4884 3547 4941 vita
3595 4900 3691 4941 co-

2034 4990 2324 5047 gnoscam
2350 4989 2430 5030 an
2479 4989 2592 5044 ego
2647 4973 2936 5030 veraciter
2986 4971 3241 5045 simplex
3293 4971 3397 5030 fui.
3456 4973 3695 5031 Vanitas

2032 5064 2259 5138 quippe
2282 5062 2361 5118 ad
2385 5062 2709 5135 levitatem,
2739 5062 2915 5119 dolus
2947 5079 3088 5120 vero
3119 5062 3201 5119 ad
3228 5063 3521 5121 malitiam
3566 5077 3697 5135 per-

2033 5153 2195 5209 tinet.
2231 5154 2298 5207 Et
2353 5150 2709 5223 plerumque
2767 5150 3042 5207 nonnulli
3101 5151 3181 5207 ad
3223 5151 3509 5224 quaedam
3559 5152 3698 5220 post

2032 5237 2330 5294 malitiosa
2356 5238 2729 5309 perveniunt,
2762 5239 2904 5311 quia
2929 5238 3096 5312 prius
3142 5238 3299 5295 levia
3342 5252 3468 5292 non
3519 5232 3697 5287 decli-

2035 5331 2202 5384 nant.
2243 5326 2519 5399 Sequitur
2548 5346 2560 5382 :

2102 5419 2267 5472 Vens.
2301 5422 2354 5470 7.
2377 5415 2443 5471 Si
2460 5416 2788 5471 declinavit
2811 5431 3051 5485 gressus
3082 5427 3245 5467 meus
3273 5410 3347 5465 de
3371 5411 3565 5466 via.—
3594 5413 3698 5467 To-

2032 5504 2138 5560 ties
2162 5505 2236 5560 de
2269 5504 2366 5560 via
2394 5520 2635 5575 gressus
2664 5503 2941 5569 declinat,
2977 5498 3211 5572 quoties
3241 5501 3451 5555 nostra
3475 5499 3694 5571 cogita-

2037 5594 2120 5650 tio
2172 5594 2279 5650 iter
2329 5593 2703 5650 rectitudinis
2750 5607 2857 5663 per
2896 5602 3138 5643 sensum
3205 5586 3485 5661 relinquit
3538 5602 3695 5643 erro-
