4112 6152
434 163 539 218 359

432 287 534 344 ris.
566 281 747 351 Quasi
779 291 916 333 vero
955 276 1040 329 tot
1068 280 1320 339 gressus
1354 265 1524 318 extra
1578 255 1750 311 viam
1806 245 2114 322 ponimus,
2131 235 2206 325 ΑΙ

413 333 911 450 perversis
945 333 1254 418 desideriis
1274 349 1528 410 ccelestis
1545 345 1683 402 vitae
1702 333 2098 450 JdLelcctatione

443 419 816 536 :epmamm.
846 453 917 510 Ut
939 449 1099 508 enim
1129 441 1362 520 praefati
1390 452 1624 502 sumus,
1651 429 1850 488 adhuc
1906 419 2100 536 carnis

442 511 842 622 colrruptibilis
868 511 1381 616 pondere-gravati
1411 533 1800 598 nequaquam
1831 511 2103 608 valemus

445 599 777 702 7650;},
805 599 1058 688 ut‘nulla
1085 599 1201 681 ιιοέ
1229 619 1422 695 possit
1471 613 1652 685 culpa
1711 599 2102 702 delectatione

722 686 855 780 VS’ed
881 717 1043 776 aliud
1073 719 1160 771 est
1217 686 1518 768 nolentem
1566 697 1750 766 tangi,
1807 688 1994 804 aliud‘
2018 686 2106 740 est

447 783 920 875 consentientem
950 807 1214 864 animam
1241 789 1760 874 perimi.Sequitur
1786 802 1799 840 :
1824 783 1994 837 Sicut
2022 789 2106 830 se-

451 913 623 965 cutus
641 908 724 960 est
757 901 965 958 oculus
995 907 1155 952 meus
1179 873 1282 946 cor
1305 881 1744 943 meum.--Ecce
1773 873 1986 928 iterum
1999 879 2108 938 per

449 993 744 1053 interioris
770 987 998 1059 vigoris
1026 978 1386 1046 custodiam,
1419 971 1494 1029 ad
1523 965 1882 1026 exteriorum
1913 971 2104 1059 mem-

935 1073 1110 1138 redit,
1131 1074 1198 1126 ut
1224 1067 1274 1124 si
1301 1043 1450 1138 quid
1505 1059 1758 1154 fortasse
1811 1065 1912 1108 cor
1941 1043 2104 1144 illici-

452 1134 565 1142 """
595 1134 679 1140 “““*
695 1134 818 1154 "rw
1095 1134 1103 1138 -
1321 1134 1342 1138 _

452 1180 584 1232 tum
613 1169 1080 1242 concupisceret,
1113 1174 1357 1234 pressus
1385 1168 1494 1227 per
1531 1143 1858 1218 disciplinm
1887 1134 2108 1204 magis-

456 1265 670 1322 terium
701 1231 911 1318 oculus
939 1231 1141 1312 videre
1194 1247 1514 1305 recusaret.
1569 1239 1730 1296 Sicut
1759 1231 1918 1290 enim
1949 1239 2108 1298 saepe

455 1351 700 1410 tentatio
729 1365 837 1423 per
857 1344 1065 1404 oculos
1087 1339 1358 1400 trahitur,
1393 1332 1479 1388 sic
1509 1334 1953 1394 nonnunquam
1973 1328 2110 1423 con-

455 1445 630 1514 cepta
657 1403 1012 1496 intrinsecus
1041 1425 1345 1500 compellit
1368 1420 1482 1478 sibi
1509 1416 1875 1474 extrinsecus
1901 1403 2110 1461 oculos

1743 1504 1752 1514 .
1813 1499 1905 1514 .
1926 1510 1943 1514 Α
1965 1487 2108 1514 ,ψη

455 1487 777 1586 deservire.
811 1527 961 1580 Nam
982 1520 1340 1594 plerumque
1359 1525 1454 1566 res
1479 1503 1760 1579 quaelibet
1812 1487 2112 1552 innocenti

455 1623 656 1675 mente
683 1613 1015 1687 respicitur,
1048 1607 1157 1664 sed
1185 1605 1317 1676 ipso
1347 1597 1674 1670 conspectu
1704 1587 1941 1646 animus
1968 1596 2110 1637 con-
2155 1614 2194 1668 Β

459 1677 841 1778 cupiscentiae
869 1677 1071 1770 gladio
1101 1689 1459 1750 confoditur.
1489 1687 1618 1740 Non
1633 1677 1900 1778 enim,ut
1919 1683 2115 1778 exem-

457 1759 761 1868 pli‘causa
789 1759 1084 1852 dicamus,
1110 1779 1295 1839 David
1325 1777 1474 1834 Urise
1503 1771 1826 1842 conjugem
1845 1761 1979 1818 ideo
1997 1759 2111 1868 stu:

460 1842 628 1939 diose
655 1877 938 1953 respexit,
960 1873 1105 1948 quia
1133 1871 1182 1927 si
1209 1880 1484 1940 unquam
1513 1857 1803 1921 subtiliter
1831 1842 2116 1953 custodiri

462 1932 1208 2042 neglig—itu;,vcogit‘ationis
1264 1932 1650 2014 immunditia
1705 1943 2010 2042 protinus"
2037 1932 2118 2033 ad

462 2022 873 2134 ᾧἓῖἔάᾆῆᾆῷ
901 2022 1126 2110 transit.
1153 2047 1318 2106 Unde
1344 2048 1402 2100 et
1425 2057 1568 2098 mox
1603 2034 1881 2092 subditur
1913 2047 1926 2085 :
1957 2027 2035 2082 Et
2065 2022 2119 2125 si

463 2151 528 2208 in
555 2147 829 2206 manibus
859 2145 1001 2200 meis
1030 2139 1287 2199 adhaesit
1305 2133 1568 2192 macula.
1596 2125 1833 2192 -Quia
1856 2135 1999 2177 vero
2028 2115 2118 2172 vir

465 2241 708 2295 sanctus
737 2235 799 2292 in
821 2232 1135 2308 superiora
1163 2225 1370 2285 omnia
1396 2223 1511 2280 sub
1539 2217 1879 2276 conditione
1899 2206 2114 2274 intulit,

465 2327 516 2384 si
537 2327 668 2383 hac
696 2295 972 2398 unquam
999 2315 1444 2394 perpetraverit,
1495 2304 1787 2366 sententia
1845 2316 1908 2356 se
1935 2295 2120 2354 male-

464 2413 742 2472 dictionis
771 2409 1044 2480 astringit
1069 2407 1275 2463 dicens
1309 2423 1322 2460 :

537 2505 710 2560 Vsus.
733 2505 786 2557 8.
816 2474 1047 2560 Serani,
1080 2501 1135 2552 et
1165 2495 1322 2550 alius
1361 2487 1650 2554 comedat,
1706 2487 1761 2539 et
1812 2474 2122 2560 progenies

469 2605 602 2648 mea
621 2589 1058 2647 eradicetur.—
1084 2585 1236 2640 More
1279 2578 1430 2635 sacri
1467 2571 1690 2647 eloquii
1727 2581 1920 2625 serere
1976 2559 2122 2617 dici-

429 2707 434 2712 -
465 2695 626 2746 mus,
656 2676 844 2734 verba
872 2674 1003 2731 vita:
1031 2670 1376 2745 praedicare.
1409 2667 1552 2722 Hinc
1581 2661 1799 2720 etenim
1829 2651 2126 2729 propheta

466 2769 550 2827 ait
575 2787 589 2824 ε
613 2743 651 2818 ἐς
684 2765 839 2823 Beati
863 2762 968 2838 qui
991 2743 1300 2818 seminatis
1331 2771 1510 2829 super
1538 2766 1750 2810 omnes
1771 2761 1963 2819 aquas
1979 2743 2120 2838 (Isa.

466 2856 814 2926 xxxn,20).»
854 2849 1181 2909 Comedere
1207 2851 1410 2904 autem
1467 2846 1580 2912 est,
1627 2836 1804 2894 bonis
1833 2829 2119 2906 operibus

469 2923 690 3006 satiari.
720 2943 885 3003 Unde
908 2958 1017 3017 per
1043 2938 1426 3010 semetipsam
1457 2931 1687 2988 Veritas
1708 2923 2122 3018 ὧραι-«μειβ
2156 2964 2196 3018 Ο

469 3037 642 3095 cibus
671 3040 762 3094 est
787 3038 854 3092 ut
881 3011 1101 3090 faciam
1131 3028 1498 3085 voluntatem
1527 3023 1657 3093 ejus
1677 3016 1784 3091 qui
1820 3011 1980 3070 misit
2027 3021 2122 3063 me

468 3127 667 3199 (Joan.
701 3143 775 3195 IV,
798 3123 945 3194 34).»
971 3121 1029 3180 Si
1059 3134 1202 3189 ergo
1233 3133 1304 3174 ea
1321 3131 1457 3188 quae
1483 3107 1740 3186 praetulit
1762 3105 1955 3199 facere
1975 3113 2123 3199 pree-

468 3189 738 3282 termisit,
761 3189 848 3270 ait
869 3189 890 3267 ἐ
915 3211 1146 3272 Seram,
1179 3212 1233 3263 et
1260 3206 1420 3262 alius
1450 3199 1737 3259 comedat.
1754 3199 1834 3250 Ac
1847 3191 1898 3246 si
1921 3189 2122 3282 aperte

470 3305 632 3362 dicat
661 3319 675 3358 :
704 3274 880 3368 Quod
907 3315 977 3355 os
1030 3311 1235 3353 meum
1266 3291 1550 3366 loquitur,
1580 3301 1705 3344 non
1733 3299 1868 3354 ego,
1911 3277 2020 3334 sed
2043 3274 2126 3331 al-

470 3397 563 3452 ter
591 3393 888 3466 operetur.
926 3385 1192 3442 Doctoris
1222 3383 1383 3439 enim
1401 3377 1718 3454 progenies
1766 3369 2123 3466 eradicatur,

411 3555 424 3561 _
469 3455 720 3556 quando
743 3478 794 3534 is
818 3475 923 3550 qui
951 3490 1058 3548 per
1084 3472 1338 3530 verbum
1367 3467 1651 3532 nascitur,
1664 3479 1772 3537 per
1787 3455 2126 3530 exemplum

471 3573 738 3638 necatur,
768 3547 913 3638 quia
940 3547 1124 3636 quem
1147 3561 1359 3629 lingua
1388 3555 1643 3626 vigilans
1673 3549 1851 3616 acuit,
1869 3547 2006 3602 vitae
2031 3559 2124 3599 ne-

473 3635 756 3729 gligentia
783 3635 1018 3710 occidit.
1046 3653 1246 3722 Neque
1298 3645 1458 3702 enim
1510 3639 1766 3716 torpenti
1811 3635 1986 3694 nobis
2042 3637 2132 3689 est

470 3749 672 3803 mente
699 3739 1156 3808 transeundum,
1187 3735 1354 3810 quod
1378 3732 1544 3808 apud
1573 3729 1976 3792 Salomonem,
1999 3738 2129 3778 mu-

470 3836 581 3893 lier
610 3833 823 3902 ﬁlium,
855 3845 1040 3905 quem
1069 3827 1325 3899 vigilans
1375 3823 1596 3896 lactare
1649 3822 1865 3877 conata
1914 3815 2128 3882 fuerat,

472 3924 782 3983 dormiens
805 3917 1102 3977 interemit
1125 3917 1250 3990 (III
1264 3917 1409 3986 Reg.
1439 3929 1520 3978 in,
1558 3911 1668 3971 l9).
1699 3906 1973 3981 Sequitur
2005 3920 2018 3958 :

543 4017 717 4072 Vns.
739 4017 794 4070 9.
811 4011 882 4068 Si
895 4010 1204 4079 deceptum
1228 4009 1310 4063 est
1331 4018 1434 4061 cor
1447 4016 1641 4059 meum
1661 4011 1842 4068 super
1859 3993 2129 4056 muliere,

472 4111 529 4164 et
553 4105 606 4162 si
633 4103 715 4161 ad
742 4101 960 4160 ostium
990 4097 1172 4156 amici
1201 4094 1318 4151 mei
1339 4091 1661 4150 insidiatus
1690 4103 1841 4144 sum.
1874 4115 1944 4126 -—
1993 4084 2130 4138 For—

471 4191 790 4251 nicationis
818 4187 1020 4260 culpa,
1050 4185 1190 4258 quia
1215 4182 1295 4239 ab
1324 4179 1597 4238 adulterii
1640 4181 1810 4234 reatu
1852 4169 2134 4230 discerni-

473 4286 590 4350 ιω,
617 4275 1026 4371 praedicator-is
1049 4271 1274 4344 egregii
1297 4271 1505 4371 lingua
1533 4269 1797 4371 testatur,
1827 4262 2134 4364 quaeinter
2170 4313 2216 4371 Β

475 4352 690 4426 caetera
713 4363 939 4429 asserit,
960 4361 1174 4419 dicens
1205 4377 1219 4414 :
1275 4380 1304 4409 «
1338 4361 1538 4430 Neque
1585 4352 1906 4424 fornicarii,
1937 4365 2133 4423 neque

475 4456 652 4514 idolis
671 4452 1017 4520 servientes,
1049 4461 1246 4522 neque
1270 4444 1520 4503 adulteri
1546 4458 1800 4515 regnum
1840 4441 1944 4498 Dei
1991 4456 2132 4514 pos-

476 4544 756 4603 sidebunt
809 4541 866 4615 (Ι
879 4539 1017 4598 Cor.
1057 4553 1136 4608 v1,
1184 4541 1239 4607 9,
1288 4534 1392 4607 10).
1431 4556 1459 4584 »
1513 4531 1800 4599 Quamvis
1851 4544 2133 4587 nonnun-

475 4649 666 4710 quam
689 4647 727 4689 a
750 4633 922 4688 reatu
937 4625 1212 4686 adulterii
1231 4637 1624 4697 nequaquam
1643 4620 1938 4693 discrepet
1957 4618 2136 4691 culpa

477 4707 908 4788 fornicationis,
965 4733 1106 4776 cum
1165 4714 1389 4772 Veritas
1443 4711 1642 4769 dicat:
1701 4732 1730 4761 ς(
1763 4709 1874 4776 Qui
1922 4707 2136 4764 viderit

477 4813 791 4871 mulierem
819 4809 902 4868 ad
929 4803 1485 4880 concupiscendum
1535 4817 1692 4872 eam,
1720 4801 1851 4872 jam
1874 4798 2138 4855 moecha-

479 4905 576 4960 tus
621 4905 713 4960 est
738 4915 875 4959 eam
929 4901 993 4956 in
1039 4896 1220 4955 corde
1272 4909 1384 4950 suo
1412 4891 1650 4961 (Matth.
1681 4891 1874 4963 v,82).
1907 4911 1935 4940 »
1987 4887 2138 4956 Quia

479 4991 642 5050 enim
669 4989 732 5046 in
763 4992 967 5047 Graeco
997 4985 1180 5044 verbo
1210 4986 1403 5058 μοιχὸς
1437 4983 1679 5040 adulter
1721 4979 1956 5047 dicitur,
1997 4993 2136 5035 cum

480 5095 606 5139 non
626 5078 825 5138 aliena
865 5076 1112 5148 eonjux,
1145 5072 1254 5134 sed
1287 5071 1502 5129 mulier
1538 5069 1726 5128 videri
1763 5067 2136 5143 prohibetur,

481 5173 685 5246 aperte
712 5167 937 5226 Veritas
965 5162 1243 5231 ostendit,
1275 5161 1420 5236 quia
1448 5160 1630 5218 etiam
1654 5158 1782 5216 solo
1824 5157 1958 5213 visu
1997 5171 2137 5212 cum

479 5261 733 5336 turpiter
757 5257 854 5316 vel
873 5257 1073 5331 inepte
1101 5251 1573 5326 concupiscatur,
1601 5247 1962 5306 adulterium
2009 5261 2140 5319 per-

482 5333 767 5424 petratur.
827 5345 1001 5416 Quod
1048 5350 1252 5402 tamen
1299 5340 1655 5414 plerumque
1713 5353 1787 5394 ex
1855 5336 1988 5393 loco
2043 5333 2138 5390 vel

484 5439 693 5496 ordine
728 5433 1204 5510 concupiscentis
1245 5431 1616 5497 discernitur,
1663 5427 1808 5501 quia
1847 5425 1931 5480 sic
1978 5425 2138 5480 hunc

484 5527 548 5584 in
598 5542 772 5584 sacro
818 5525 1028 5582 ordine
1097 5521 1368 5580 studiosa
1428 5514 1930 5590 concupiscentia,
1987 5513 2140 5568 sicut

483 5615 655 5676 illum
699 5612 973 5675 adulterii
1019 5609 1296 5688 inquinat
1351 5609 1548 5682 culpa.
1606 5603 1720 5663 Sed
1765 5603 1894 5662 haec
1924 5601 2137 5661 beatus

1377 183 1413 201 ,ί
1485 135 1542 190 s.
1584 123 1842 186 onoms
1878 104 2169 176 ABBATIS
2208 105 2705 166 GLUNIACENSIS
2744 79 2814 161 u.

3760 93 3869 156 3.50

2210 234 2290 290 ob
2335 233 2562 306 dicens,
2627 236 2900 305 patenter
2960 224 3300 288 innotescit,
3377 219 3547 294 quod
3605 235 3643 276 a
3699 221 3874 275 reatu

2209 325 2400 398 culpae
2431 323 2705 380 adulterii
2733 321 2884 377 liber
2913 317 3042 387 fuit,
3067 313 3174 389 qui
3203 313 3318 369 hoc
3349 311 3398 367 si
3457 324 3732 382 unquam
3781 307 3872 363 fe-

2208 415 2366 482 cerit,
2399 414 2614 472 eadem
2643 411 2823 484 culpa
2852 406 3001 466 verti
3038 403 3156 462 sibi
3205 401 3432 476 expetit
3481 399 3542 456 in
3598 411 3872 472 pinnam,

2211 505 2415 562 dicens
2449 521 2460 558 :

2283 596 2446 649 Vens.
2486 596 2570 647 10.
2593 590 2867 647 Scortum
2899 589 2976 642 sit
3004 582 3188 642 alteri
3210 595 3368 638 uxor
3409 591 3559 643 mea,
3607 581 3663 633 et
3691 589 3876 645 super

2209 683 2382 740 illam
2413 682 2808 736 incurventur
2832 675 3028 731 multi.
3063 703 3131 713 -—
3171 672 3237 725 Et
3264 665 3411 740 quia
3457 665 3574 721 hoc
3603 663 3874 736 plerum-

2211 786 2330 843 que
2359 769 2520 842 quod
2553 765 2829 824 faciendo
2858 779 2983 819 non
3008 756 3461 834 perpendimus,
3492 768 3682 826 quam
3737 765 3875 822 gra-

2212 840 2300 914 vis
2335 840 2409 914 sit
2436 856 2720 930 patiendo
2749 851 3161 926 pensavimus,
3195 843 3468 918 ejusdem
3491 841 3637 898 tanti
3650 840 3879 896 facino-

2212 949 2291 1003 ris
2319 926 2484 1020 quo'd
2511 946 2636 1020 pati
2680 961 2816 1000 reus
2870 941 3050 997 debet
3111 932 3426 993 denuntiat
3479 926 3878 1004 exprimendo

2216 1035 2578 1104 manifestat,
2607 1034 2813 1092 dicens
2847 1049 2859 1087 :

2284 1129 2456 1182 Vens.
2490 1129 2574 1194 Η,
2607 1129 2690 1180 t2.
2745 1124 2874 1178 Hoc
2922 1120 3076 1176 enim
3121 1115 3294 1184 nefas
3332 1115 3438 1176 est,
3495 1115 3553 1166 et
3580 1107 3874 1178 iniquitas

2215 1217 2504 1272 maxima.
2563 1215 2729 1284 Ignis
2776 1216 2858 1268 est
2918 1221 3102 1278 usque
3157 1203 3238 1260 ad
3277 1201 3678 1272 perditionem
3708 1196 3880 1251 deuo.

2217 1320 2385 1370 rans,
2417 1311 2470 1361 et
2499 1306 2700 1360 omnia
2729 1301 3044 1358 eradicans
3073 1293 3397 1366 genimina.
3435 1321 3503 1329 —-
3553 1287 3678 1342 Hoc
3729 1284 3882 1340 inter

2219 1399 2535 1468 peccatum
2563 1393 2745 1448 distat
2789 1393 2848 1445 et
2899 1387 3146 1450 crimen,
3199 1379 3366 1454 quod
3412 1391 3592 1434 omne
3651 1373 3882 1429 crimen

2220 1487 2535 1555 peccatum
2562 1487 2668 1549 est,
2699 1496 2823 1536 non
2853 1482 3054 1534 tamen
3075 1487 3255 1528 omne
3284 1471 3598 1542 peccatum
3629 1461 3879 1518 crimen.

2226 1575 2289 1627 Et
2307 1573 2369 1627 in
2394 1572 2509 1628 hac
2540 1571 2662 1626 vita
2685 1567 2858 1624 multi
2882 1565 3011 1621 sine
3039 1559 3306 1624 crimine,
3340 1553 3540 1612 nullus
3563 1566 3710 1607 vero
3748 1564 3881 1604 esse

2223 1661 2350 1716 sine
2377 1659 2636 1734 peccatis
2677 1657 2854 1714 valet.
2908 1652 3074 1712 Unde
3125 1653 3183 1706 et
3229 1643 3584 1720 praedicator
3634 1644 3882 1695 sanctus

2224 1727 2584 1808 cum-virum
2644 1748 2898 1819 dignum
2947 1739 3139 1813 gratia
3177 1731 3532 1794 sacerdotali
3581 1727 3885 1786 describe-

2222 1844 2328 1906 ret,
2379 1814 2770 1912 nequaquam
2798 1833 2968 1902 dixit,
3009 1830 3059 1886 si
3113 1825 3250 1900 quis
3298 1821 3425 1880 sine
3455 1821 3730 1894 peccato,
3779 1814 3885 1871 sed

2227 1951 2254 1978 ‹‹
2288 1931 2337 1984 si
2365 1909 2500 2002 quis
2530 1909 2654 1982 sine
2685 1924 2932 1982 crimine
2957 1924 3046 1978 est
3063 1919 3196 1990 (Tit.
3227 1931 3268 1986 ι,
3296 1913 3408 1986 6).»
3435 1909 3576 1976 Quis
3599 1919 3886 1964 veroesse

2227 2019 2354 2075 sine
2379 1993 2626 2091 peccato
2653 2015 2870 2083 valeat,
2903 2026 3043 2068 cum
3064 2011 3326 2065 Joannes
3357 1999 3519 2057 dicat
3540 2015 3554 2053 :
3574 2019 3602 2047 «
3639 1996 3702 2054 Si
3719 1993 3884 2052 dixe-

2227 2108 2416 2166 rimus
2441 2107 2584 2180 quia
2608 2109 2925 2179 peccatum
2953 2114 3078 2157 non
3105 2095 3428 2158 habemus,
3459 2104 3570 2146 nos
3607 2085 3776 2158 ipsos
3803 2098 3888 2140 se-

2229 2175 2530 2266 ducimds,
2562 2175 2629 2252 et
2647 2193 2868 2249 veritas
2890 2190 2952 2246 in
2982 2185 3160 2244 nobis
3188 2197 3314 2240 non
3339 2184 3434 2238 est
3461 2177 3489 2234 ’ἰ
3515 2199 3544 2228 κ
3566 2175 3627 2246 (Ι
3633 2175 3816 2232 Joan.
3847 2187 3883 2239 ι,

2227 2285 2372 2356 8).In
2401 2259 2526 2356 qua
2542 2282 2814 2340 videlicet
2841 2274 3316 2353 peccatorum,et
3339 2265 3659 2356 criminum
3684 2259 3885 2320 distri-

2230 2349 2868 2445 ctione-[distinctione]
2897 2363 3282 2442 pensandum
3313 2361 3426 2425 est,
3455 2353 3602 2445 quia
3621 2349 3885 2445 nonnul-

2231 2525 2442 2619 guunt.
2477 2548 2642 2606 Unde
2669 2525 3022 2604 beatus-Job
3044 2539 3271 2598 crimen
3299 2531 3551 2592 luxurim
3591 2525 3890 2585 deﬁniens

2231 2615 2314 2696 ait
2340 2657 2352 2694 :
2387 2640 2554 2710 Ignis
2579 2643 2662 2695 est
2693 2650 2878 2708 usque
2900 2634 2980 2690 ad
2999 2629 3393 2702 perditionem
3416 2615 3894 2710 devoransouia

2229 2729 2515 2784 nimirum
2537 2731 2738 2785 reatus
2763 2704 3101 2782 facinorum
3131 2733 3255 2776 non
3286 2727 3478 2785 usque
3511 2708 3592 2767 ad
3614 2704 3894 2779 inquina-

2230 2817 2454 2876 tionem
2479 2817 2762 2887 maculat,
2797 2814 2903 2872 sed
2927 2826 3114 2884 usque
3141 2808 3223 2866 ad
3247 2803 3645 2876 perditionem
3695 2798 3892 2887 vorat.

2229 2913 2288 2966 et
2314 2909 2458 2982 quia
2485 2885 2768 2982 quaelibet
2796 2905 2914 2963 alia
2944 2903 3164 2960 fuerint
3188 2898 3354 2956 bona
3379 2905 3583 2982 opera,
3618 2887 3668 2944 si
3712 2885 3892 2982 luxu-

2231 2999 2330 3054 riae
2365 2974 2560 3055 scelus
2582 3013 2705 3055 non
2736 2995 3016 3064 abluitur,
3049 2983 3446 3046 immensitate
3470 2979 3651 3050 huius
3698 2974 3896 3034 crimi-

2233 3087 2324 3144 nis
2355 3089 2713 3157 obruuntur,
2747 3063 3004 3140 secutus
3025 3074 3319 3150 adjunxit,
3349 3076 3404 3129 et
3461 3067 3665 3128 omnia
3689 3063 3894 3122 eradi-

2237 3449 2598 3502 cremantur.
2635 3441 2910 3516 Sequitur
2933 3455 2947 3494 :

2308 3539 2572 3592 VsasJa.
2591 3533 2658 3590 Si
2671 3529 2998 3598 contempsi
3019 3525 3222 3582 subire
3233 3518 3542 3592 judicium
3561 3529 3700 3572 cum
3722 3525 3895 3570 servo

2237 3641 2364 3682 meo
2393 3631 2449 3682 et
2479 3623 2709 3682 ancilla
2737 3635 2891 3690 mea,
2949 3632 3084 3674 cum
3123 3611 3532 3680 disceptarent
3577 3605 3898 3662 adversum

2239 3730 2349 3773 me.
2381 3745 2451 3758 --
2473 3712 2586 3780 Qui
2621 3711 2783 3768 enim
2821 3704 3077 3780 judicari
3129 3717 3270 3759 cum
3319 3695 3507 3754 servis
3547 3690 3902 3763 ancillisque

2238 3819 2364 3861 non
2393 3778 2606 3872 renuit,
2628 3778 2858 3873 liquido
2892 3794 3118 3852 indicat
3169 3787 3342 3863 quod
3393 3787 3606 3873 contra
3659 3778 3901 3838 nullum

2239 3907 2514 3967 unquam
2543 3868 2890 3964 proximum
2931 3882 3100 3958 apud
3145 3895 3208 3936 se
3259 3875 3528 3935 tumidus
3581 3870 3708 3938 fuit,

2242 3956 2370 4041 haec
2409 3956 2610 4038 autem
2635 3979 2780 4036 libet
2807 3956 3028 4048 inquiri
3052 3971 3236 4027 vitam
3285 3980 3463 4022 suam
3499 3963 3564 4019 in
3614 3956 3904 4017 omnibus

2240 4077 2472 4148 quanta
2500 4071 2591 4128 vir
2619 4073 2863 4126 sanctus
2891 4047 3252 4121 discretione
3273 4053 3560 4114 custodit.
3583 4055 3712 4109 Non
3737 4047 3904 4104 enim

2241 4138 2420 4236 longe
2451 4160 2728 4236 superius
2759 4155 2908 4214 dixit
2939 4171 2952 4209 :
2996 4175 3025 4203 «ι
3055 4149 3352 4207 Videbant
3377 4159 3476 4201 me
3513 4142 3790 4214 juvenes,
3847 4138 3906 4236 et

2245 4224 2795 4315 abscondebantur,
2824 4251 2884 4303 et
2903 4258 3078 4300 senes
3105 4238 3488 4309 assurgentes
3507 4230 3752 4288 stabant
3768 4224 3906 4295 (Job

2245 4360 2408 4412 XXIX,
2431 4343 2540 4414 8).»
2564 4339 2707 4407 Quis
2734 4337 2918 4406 digne
2947 4329 3330 4389 considerare
3357 4323 3558 4381 valeat
3580 4319 3764 4390 hujus
3793 4315 3906 4372 viri

2246 4410 2426 4491 etiam
2449 4410 2732 4488 sublimia
2757 4425 3044 4482 virtutum
3071 4415 3511 4479 moderamina,
3529 4410 3592 4466 in
3617 4422 3743 4482 quo
3775 4410 3911 4462 tan-

2245 4529 2307 4582 ta
2335 4527 2425 4580 est
2453 4517 2781 4579 auctoritas
2807 4509 3140 4585 regiminis,
3201 4511 3267 4564 ut
3311 4503 3393 4562 ad
3444 4499 3744 4558 silentium
3789 4511 3914 4551 res-

2244 4613 2583 4683 tringantur
2605 4609 2790 4665 duces
2818 4623 2832 4674 ;
2888 4603 3054 4660 tanta
3099 4594 3410 4654 humilitas
3446 4588 3680 4683 cordis,
3715 4588 3785 4683 ut
3807 4599 3912 4683 "ea

2245 4671 2422 4776 aequo
2439 4701 2516 4757 ad
2530 4671 2827 4771 judicium
2845 4691 3048 4750 venire
3067 4684 3488 4762 permittantur
3507 4674 3740 4735 ancillas
3752 4671 3780 4728 ‘1
3805 4672 3908 4728 Se-

2245 4793 2448 4866 quitur
2465 4807 2479 4847 :

2318 4847 2496 4935 ligas.
2519 4880 2604 4934 14.
2630 4872 2786 4944 Quid
2805 4874 2960 4930 enim
2980 4869 3266 4940 facerem,
3291 4875 3428 4918 cum
3455 4851 3809 4944 surrexerit_

2237 4937 2898 5044 judicandum'Deusnt
2909 4937 3044 5017 cum
3061 4951 3366 5044 quaesierit
3369 4946 3534 5044 ,quid

2247 5029 2453 5117 illi?—-—
2474 5054 2587 5123 Qui
2613 5055 2933 5110 venturum
2947 5045 3217 5120 judicem
3237 5038 3480 5110 cogitat,

2249 5147 2516 5224 quotidie
2539 5144 2848 5202 rationum
2865 5151 3114 5196 suarum
3131 5133 3192 5189 in
3220 5128 3436 5189 melius
3449 5137 3668 5184 causas
3716 5120 3916 5192 parat,

2251 5206 2356 5313 qui
2384 5241 2675 5295 aeternum
2691 5229 3012 5288 Dominum
3033 5228 3295 5282 tremore
3315 5215 3516 5275 cordis
3530 5206 3923 5277 intuetur,ju—

2248 5293 2706 5401 ria—temporalis
2755 5315 3008 5376 dominii
3051 5325 3235 5386 super
3274 5307 3579 5401 subjectos
3609 5293 3924 5357 moderari

2250 5395 2718 5491 compellitur.Et
2729 5407 2872 5482 quia
2888 5421 2960 5462 eo
2970 5403 3228 5477 quisque
3241 5395 3686 5462 extollitur,quo
3707 5402 3774 5442 se
3781 5397 3924 5441 esse

2251 5482 2433 5582 super
2461 5505 2610 5562 alios
2633 5499 2808 5564 videt,
2827 5496 2996 5553 illum
3027 5493 3263 5566 oportet
3297 5485 3402 5560 qui
3426 5496 3608 5556 super
3637 5482 3924 5578 estsem-

2253 5566 2362 5673 per
2398 5591 2669 5667 aspiciat,
2691 5592 2758 5645 ut
2785 5601 2858 5644 ex
2893 5585 3024 5657 ejus
3043 5584 3208 5638 metu
3247 5575 3352 5650 qui
3385 5585 3570 5647 supra
3587 5566 3804 5626 omnia
3829 5567 3932 5622 est
