4120 6156
236 129 318 182 361
839 166 842 170 ~
1055 128 1353 182 EPITOME
1380 125 1746 184 MORALIUM
1777 124 1833 179 S.
1867 117 2075 175 GREG.
2103 119 2170 175 IN
2201 121 2345 177 JOB.
2377 153 2444 163 —-
2473 124 2607 180 LlB.
2643 125 2797 182 XXII.

3531 132 3635 184 362

231 253 589 306 crescentem
642 248 992 306 intrinsecus
1049 249 1231 305 animi
1267 255 1565 306 tumorem
1613 249 1865 322 premat.
1911 252 1959 306 Α
1983 259 2329 314 pauperem.
2361 247 2430 302 Si
2451 263 2569 303 non
2625 249 3052 304 benedixemnt
3087 245 3239 303 mihi
3265 249 3456 306 latera
3485 255 3646 321 ejus,

231 338 500 410 Sequitur
523 356 536 394 :

300 428 472 484 VERS.
526 434 606 483 l5.
639 430 935 500 Nunquid
962 446 1081 485 non
1116 431 1176 484 in.
1210 436 1377 486 utero
1402 431 1551 500 fecit
1580 444 1672 486 me
1701 428 1805 500 qui
1823 431 1877 482 et

230 517 398 573 illum
415 523 695 586 operatus
716 524 819 584 est,
845 523 902 573 et
915 519 1202 588 formavit
1223 535 1316 574 me
1336 521 1393 574 in
1406 520 1600 576 vulva
1616 516 1880 573 unus?—

232 606 572 663 Potentibus
600 607 742 662 viris
764 602 986 677 magna
1003 612 1092 664 est
1117 609 1299 664 virtus
1320 607 1670 664 humilitatis
1688 604 1881 662 consi-

231 693 435 750 derata
473 693 784 766 aequalitas
816 695 1194 751 conditionis.
1230 697 1450 752 Omnes
1482 709 1750 767 namque
1779 693 1882 748 ho-

231 781 417 837 mines
429 785 644 837 natura
659 781 922 854 aequales
939 799 1149 838 sumus
1165 801 1179 851 ;
1195 783 1300 838 sed
1317 783 1542 839 accessi
1552 781 1883 854 tdispensa-

233 869 375 924 torio
414 867 624 924 ordine
668 876 730 926 ut
778 868 1145 942 quibusdam
1188 871 1416 944 prmlati
1462 871 1794 926 videamur.
1826 867 1884 922 Si

232 958 404 1029 igitur
431 957 546 1013 hoc
578 974 614 1014 a
644 965 840 1014 mente
865 959 1261 1032 deprimimus
1283 959 1448 1032 quod
1482 957 1885 1032 temporaliter

234 1047 494 1110 accessit,
525 1046 864 1102 invenimus
895 1048 1065 1104 citius
1090 1049 1255 1120 quod
1272 1049 1622 1104 naturaliter
1653 1063 1881 1102 sumus.

232 1139 308 1191 Ac
338 1135 384 1190 si
434 1138 634 1207 aperte
697 1134 891 1191 dicat:
948 1137 1062 1192 Cur
1087 1150 1207 1191 non
1239 1151 1410 1208 teque
1451 1135 1782 1192 debeamus
1824 1134 1886 1188 in

232 1225 520 1296 cujusque
540 1224 763 1294 negotii
791 1224 1014 1296 judicio
1055 1224 1288 1292 discuti,
1311 1226 1412 1298 qui
1432 1242 1540 1298 per
1555 1222 1888 1282 Conditoris

232 1314 558 1387 potentiam
584 1330 794 1369 sumus
823 1314 1130 1386 azqualiter
1159 1314 1296 1370 facti
1319 1315 1348 1370 ?
1388 1315 1664 1387 Sequitur
1695 1333 1708 1370 :

297 1403 471 1459 Vsus.
510 1403 681 1458 16.Si
706 1404 1104 1474 negavi,quod
1135 1403 1885 1474 volebant,pauperibus.et

232 1492 430 1548 oculos
452 1492 648 1548 vidua?
679 1498 1025 1562 exspectare
1050 1493 1190 1561 feci.
1211 1523 1278 1532 -——
1305 1496 1409 1547 Per
1429 1492 1556 1548 haec
1577 1492 1737 1547 dicta
1758 1507 1888 1547 san-

1987 341 2040 390 et
2072 335 2144 389 de
2174 337 2494 392 velleribus
2525 339 2722 393 ovium
2743 353 3012 394 mearum
3037 338 3366 408 calefactus
3389 355 3540 396 sum.
3569 373 3639 382 ——

1996 423 2165 484 Quod
2196 441 2526 498 pauperem
2556 443 2679 482 non
2696 427 3270 498 despexit,virtutem
3287 428 3637 486 humilitatis

1991 512 2276 581 exhibuit,
2296 515 2461 587 quod
2492 521 2692 572 autem
2718 515 2970 588 operuit,
2984 515 3234 586 pietatis.
3252 519 3392 572 Dure
3417 519 3640 592 quippe

1991 601 2119 656 istae
2149 601 2394 658 virtutes
2425 604 2506 660 ita
2532 603 2769 661 sibimet
2824 620 2953 659 esse
2981 619 3267 660 connexaa
3304 605 3545 677 debent,
3579 611 3644 664 ut

1993 691 2212 747 vicaria
2241 708 2478 764 semper
2507 710 2620 766 ope
2651 693 2992 762 iniciantur,
3050 697 3347 766 quatenus
3377 711 3486 752 nec
3535 698 3644 754 hu-

1992 779 2227 847 militas,
2261 797 2397 837 cum
2426 786 2739 838 veneratur
2766 782 3133 854 proximum,
3192 781 3479 852 largitatis
3510 801 3644 855 gra-

1997 868 2138 924 tiam
2169 869 2422 937 deserat,
2456 886 2566 927 nec
2597 871 2960 944 pietas,cum
2984 870 3644 942 largitur,intumescat.

1994 963 2073 1014 Ac
2105 958 2152 1014 si
2180 964 2382 1031 aperte
2412 958 2623 1016 beatus
2665 961 2775 1017 Job
2803 959 2998 1017 dicat:
3060 961 3126 1016 In
3153 976 3357 1016 amore
3390 962 3648 1034 proximi

1997 1063 2118 1102 uno
2145 1047 2479 1120 eodemque
2510 1048 2719 1104 ordine
2749 1054 2805 1104 et
2833 1048 3131 1121 superbia
3148 1048 3355 1104 vitium
3385 1057 3441 1105 et
3472 1050 3652 1122 pieta-

1996 1135 2068 1190 tis
2089 1151 2390 1207 premens,
2414 1141 2868 1209 praetereuntem
2893 1138 3245 1210 quempiam
3269 1145 3324 1194 et
3351 1139 3652 1195 humiliter

1997 1225 2291 1297 aspiciens
2323 1242 2443 1282 non
2474 1226 2740 1299 despexi,
2772 1233 2830 1283 et
2872 1226 3328 1284 misericorditer
3354 1228 3651 1299 aequalem

1998 1314 2127 1370 feci.
2163 1316 2444 1388 Quisquis
2476 1317 2638 1372 enim
2673 1332 2856 1388 super
2882 1332 3022 1372 eum
3046 1315 3144 1372 cui
3171 1315 3401 1389 aliquid
3427 1317 3648 1383 tribuit,

1998 1403 2157 1458 fastu
2183 1419 2244 1458 se
2274 1403 2544 1460 elationis
2573 1404 2816 1475 extollit,
2863 1405 3158 1475 majorem
3180 1403 3422 1476 culpam
3448 1404 3653 1460 intrin-

1999 1509 2170 1548 secus
2201 1493 2604 1564 superbiendo
2633 1494 2882 1565 peragit,
2937 1509 3122 1565 quam
3152 1493 3510 1550 intrinsecus
3543 1494 3655 1550 lar-

233 1585 363 1637 ctus
394 1579 743 1652 ostenditur
783 1596 905 1637 non
958 1580 1155 1636 solum
1199 1580 1279 1636 ad
1325 1581 1528 1653 opiam
1576 1580 1887 1654 [inopiam]
1927 1603 1970 1656 Β
1998 1581 2216 1652 giendo
2246 1581 2575 1638 mareessit.
2612 1581 2922 1654 Sequitur:

226 1667 618 1742 pauperibus,
649 1669 754 1723 sed
781 1668 959 1724 etiam
988 1669 1066 1726 ad
1097 1668 1362 1724 habendi
1393 1667 1758 1725 desiderium
1782 1667 1887 1723 de-

233 1757 510 1814 seruisse.
545 1755 660 1814 Sed
684 1757 854 1829 quid,
887 1757 936 1812 si
993 1756 1127 1830 ipsa
1158 1757 1376 1813 vellent
1421 1773 1720 1831 pauperes
1752 1773 1888 1829 quae

229 1845 481 1902 fortasse
511 1845 779 1917 accipere
809 1861 932 1901 non
961 1845 1286 1918 expediret,
1306 1862 1404 1912 an,
1431 1847 1575 1919 quia
1603 1846 1664 1900 in
1697 1845 1889 1917 Scrip-

228 1940 407 2008 ptura
437 1949 607 1990 sacra
636 1933 753 1989 dici
783 1949 1081 2006 pauperes
1111 1933 1367 1990 humiles
1400 1933 1614 1997 solent,
1645 1949 1717 1989 ea
1760 1933 1890 1989 sola

229 2023 586 2080 mstimanda
615 2029 774 2091 sunt,
833 2040 968 2095 qute
995 2023 1264 2096 accipere
1321 2039 1618 2096 pauperes
1660 2021 1888 2085 volunt,

233 2129 370 2187 quae
393 2111 648 2169 humiles
672 2112 930 2184 petunt?
987 2115 1053 2168 Et
1080 2111 1291 2186 procul
1340 2111 1527 2168 dubio
1571 2115 1801 2184 oportet
1829 2115 1894 2167 ut

229 2201 642 2257 incunctanter
686 2200 861 2256 detur
885 2200 1185 2274 quidquid
1218 2217 1358 2256 cum
1388 2216 1531 2256 vera
1556 2200 1890 2256 humilitate

234 2290 580 2365 requiritur,
606 2290 666 2346 id
698 2295 804 2362 est,
861 2290 1027 2363 quod
1057 2306 1179 2346 non
1233 2305 1308 2346 ex
1336 2289 1654 2359 desiderio,
1686 2289 1793 2346 sed
1820 2304 1894 2344 ex

231 2379 582 2436 necessitate
614 2377 970 2452 postulatur.
1025 2382 1174 2435 Nam
1203 2379 1376 2435 valde
1423 2379 1554 2450 jam
1586 2378 1892 2452 superbire

231 2472 345 2536 est,
378 2473 544 2524 extra
573 2472 767 2524 metas
806 2467 1024 2540 inOpiaa
1058 2468 1284 2540 aliquid
1332 2467 1692 2524 desiderare.
1730 2465 1894 2524 Unde

233 2562 291 2613 et
318 2573 428 2631 per
484 2557 832 2631 superbiam
883 2557 1220 2630 petentibus
1268 2555 1526 2613 dicitur:
1565 2577 1594 2610 ι
1621 2555 1814 2612 Petitis
1839 2559 1896 2610 et

231 2661 361 2702 non
389 2645 675 2719 accipitis,
731 2661 803 2702 eo
831 2644 998 2718 quod
1029 2645 1186 2702 male
1212 2645 1427 2718 petatis
1468 2647 1617 2717 (Jac.
1652 2661 1728 2714 iv,
1763 2645 1840 2716 3).
1867 2663 1895 2692 ι

235 2735 392 2802 Quia
419 2750 562 2806 ergo
593 2734 674 2790 illi
707 2738 847 2790 sunt
889 2734 1178 2791 veraciter
1202 2749 1520 2808 pauperes,
1573 2734 1679 2806 qui
1707 2733 1897 2790 inﬂati

235 2823 537 2897 superbiai
567 2823 776 2896 spiritu
800 2839 922 2878 non
954 2829 1111 2891 sunt,
1140 2839 1295 2895 quos
1325 2828 1527 2897 aperte
1552 2822 1772 2877 Veritas
1803 2837 1899 2876 ex-

2071 1671 2238 1726 Vsas.
2253 1671 2313 1725 2|
2329 1712 2343 1724 .
2359 1671 2428 1726 Si
2439 1671 2634 1726 levavi
2652 1685 2834 1740 super
2846 1671 3152 1740 pupillum
3167 1686 3414 1728 manum
3443 1687 3654 1739 meam,

1998 1775 2132 1815 cum
2161 1760 2420 1818 viderem
2441 1776 2533 1816 me
2560 1761 2623 1816 in
2643 1766 2822 1830 porta
2841 1761 3226 1830 superiorem.
3254 1791 3323 1800 ——
3354 1764 3473 1817 Mos
3494 1761 3660 1833 apud

1997 1854 2224 1904 veteres
2254 1848 2381 1915 fuit,
2411 1854 2473 1904 ut
2496 1849 2574 1904 ad
2617 1854 2856 1922 portam
2906 1849 3170 1905 seniores
3228 1849 3521 1915 sederent,
3555 1849 3661 1922 qui

1999 1937 2353 1993 certantium
2379 1937 2580 2008 jurgia
2622 1938 2940 2009 judiciaria
2986 1938 3427 1995 examinatione
3457 1938 3662 1994 distin-

1999 2031 2266 2097 guerent,
2283 2031 2580 2098 quatenus
2606 2025 2838 2094 urbem,
2858 2025 2917 2082 in
2933 2043 3060 2100 qua
3087 2027 3462 2083 concorditer
3490 2042 3670 2100 opor-

1999 2113 2161 2170 tebat
2190 2115 2409 2182 vivere,
2441 2113 2751 2169 discordes
2783 2114 3030 2170 minime
3054 2114 3362 2171 intrarent.
3413 2115 3574 2171 Unde
3603 2117 3664 2170 et

2000 2220 2108 2277 per
2161 2203 2520 2276 prophetam
2578 2204 2867 2260 Dominus
2927 2203 3104 2259 dicit:
3157 2227 3185 2254 «
3222 2204 3572 2260 Constituite
3603 2203 3667 2258 in

2002 2297 2175 2367 porta
2202 2291 2497 2363 judicium
2556 2293 2780 2364 (Amos,
2804 2309 2861 2362 v,
2899 2293 3004 2363 15).
3041 2311 3069 2340 ι
3130 2295 3250 2348 Hoc
3283 2292 3485 2365 itaque
3531 2291 3665 2348 loco

2003 2381 2152 2456 quid
2176 2386 2361 2454 portae
2394 2382 2637 2437 nomine
2695 2381 3068 2454 exprimitur,
3093 2380 3209 2437 nisi
3231 2381 3401 2453 quod
3443 2381 3669 2449 ageba-

2005 2478 2100 2529 tur
2129 2472 2187 2528 in
2216 2477 2387 2544 porta
2411 2473 2438 2527 ?
2470 2471 2630 2528 Sicut
2657 2471 2818 2527 enim
2859 2486 3132 2543 pugnare
3159 2475 3354 2526 castra
3385 2471 3667 2540 dicimus,

2002 2576 2114 2633 pro
2139 2576 2210 2616 eo
2229 2560 2394 2633 quod
2423 2565 2727 2632 pugnatur
2747 2576 2819 2615 ex
2835 2559 3065 2627 castris,
3084 2557 3168 2616 ita
3177 2558 3474 2630 judicium
3502 2557 3670 2630 quod

2004 2649 2066 2704 in
2111 2653 2285 2722 porta
2335 2649 2432 2718 agi
2486 2653 2900 2716 consueverat,
2957 2654 3131 2721 porta
3181 2649 3545 2704 nominatur.
3605 2650 3670 2704 In

2006 2744 2178 2811 porta
2234 2754 2377 2808 ergo
2404 2755 2465 2793 se
2520 2738 2890 2810 superiorem
2949 2737 3131 2805 videt,
3173 2736 3278 2810 qui
3310 2753 3372 2792 se
3404 2735 3669 2792 melioris

2005 2828 2189 2900 partis
2218 2842 2346 2882 esse
2376 2827 2436 2882 in
2457 2826 2686 2898 judicio
2713 2826 3008 2899 aequitatis
3037 2826 3249 2882 merito
3278 2825 3666 2897 concupiscit.

234 2912 462 3009 primit,
492 2928 633 2968 cum
660 2910 834 2968 dicit:
861 2929 890 2962 ι
917 2910 1070 2967 Beati
1093 2926 1390 3009 pauperes
1418 2909 1629 3009 spiritu
1657 2909 1905 3009 (Matt/Il;
1935 2957 1976 3009 ε
2010 2920 2090 2972 Ac
2120 2916 2168 2971 si
2197 2931 2340 2987 ergo
2361 2915 2574 2972 beatus
2599 2915 2710 2971 Job
2740 2919 3010 2987 patenter
3047 2914 3238 2971 dicat:
3269 2918 3470 2986 Neque
3501 2929 3668 2970 nunc

232 3019 292 3074 γ,
325 3002 399 3073 3),
432 3006 588 3058 recte
639 3017 800 3057 nunc
824 3016 933 3074 per
980 3006 1257 3056 sanctum
1298 2999 1497 3060 virum
1555 2999 1802 3055 dicitur:
1836 2998 1905 3054 Si

236 3092 478 3163 negavi,
529 3091 690 3162 quod
716 3091 1014 3161 volebant,
1044 3089 1430 3161 pauperibus,
1462 3087 1755 3160 quoniam
1795 3087 1903 3161 qui

237 3197 312 3238 ea
338 3179 549 3237 volunt
575 3195 713 3253 qua:
742 3179 1009 3253 proiecto
1038 3178 1225 3251 liquet
1248 3177 1416 3251 quod
1444 3177 1528 3234 eis
1559 3192 1684 3233 non
1721 3193 1901 3250 expe-

237 3269 436 3336 diunt,
469 3284 539 3325 eo
568 3268 703 3342 ipso
733 3267 900 3342 quod
927 3267 1221 3342 superbia:
1260 3266 1471 3341 spiritu
1496 3270 1744 3334 tument,
1773 3266 1902 3337 jam

239 3375 546 3434 pauperes
577 3375 700 3416 non
729 3362 885 3414 sunt.
918 3361 1217 3414 Petentem
1271 3356 1387 3413 sibi
1415 3356 1665 3412 viduam
1689 3370 1903 3428 exspe-

234 3454 402 3506 ctare
433 3447 712 3521 noluit,ut
738 3463 862 3504 non
887 3446 1084 3502 solum
1114 3462 1187 3502 ex
1198 3445 1584 3513 munere,sed
1610 3443 1792 3501 etiam
1807 3460 1904 3500 ex-

237 3537 540 3596 eeleritate
565 3537 831 3594 muneris
860 3536 1161 3594 bonorum
1190 3551 1445 3610 operum
1473 3534 1689 3591 merita
1719 3548 1902 3604 auge-

235 3633 353 3685 ret.
415 3627 576 3684 Unde
602 3627 892 3700 scriptum
941 3630 1065 3683 est:
1100 3648 1127 3676 «
1161 3629 1240 3683 Ne
1297 3625 1468 3682 dicas
1523 3625 1720 3681 amico
1759 3629 1900 3682 tuo:

235 3716 414 3774 Vade
460 3720 518 3773 et
544 3721 857 3788 revertere,
887 3719 948 3772 et
971 3732 1102 3773 cras
1159 3714 1320 3772 dabo
1377 3713 1502 3781 tibi,
1534 3729 1675 3770 cum
1707 3712 1905 3770 statim

233 3805 444 3881 possis
471 3805 617 3863 dare
647 3805 849 3878 (Prov.
875 3821 963 3876 Ill,
993 3806 1104 3877 28).
1132 3804 1446 3877 Sequitur:

313 3897 488 3953 ans.
524 3900 608 3951 ΓΙ.
631 3896 701 3952 Si
728 3894 956 3952 comedi
980 3895 1313 3951 buccellam
1333 3907 1548 3962 meam,
1577 3898 1631 3949 et
1663 3907 1783 3948 non
1816 3907 1908 3948 co-

231 3986 433 4043 medit
458 3984 736 4054 pupillus
757 3998 834 4040 ea:
857 3998 948 4039 ea.
973 4013 1040 4022 —
1060 3985 1182 4039 Rex
1207 3981 1428 4038 scilicet
1443 3981 1646 4054 pietati
1671 3997 1733 4036 se
1755 3996 1907 4053 prse-

236 4073 549 4149 judicium
563 4071 756 4127 facere
778 4070 1106 4139 aestimans,
1125 4071 1175 4126 si
1205 4069 1368 4126 solus
1389 4069 1726 4125 comederet
1743 4071 1909 4140 quod

237 4161 546 4221 Dominus
574 4159 846 4216 omnium
877 4159 1276 4216 communiter
1299 4162 1578 4215 creasset.
1609 4159 1750 4223 Quae
1776 4173 1910 4229 pro-

239 4255 400 4311 fecto
447 4250 796 4308 communio
844 4248 1315 4309 conversationis
1345 4264 1475 4305 esse
1519 4265 1660 4304 cum
1690 4247 1907 4304 talibus

238 4343 404 4403 intra
429 4340 793 4399 domesticos
829 4339 1050 4414 pariter
1074 4339 1272 4411 debet,
1321 4355 1393 4394 ex
1421 4337 1644 4412 quibus
1672 4342 1908 4394 aiternce

239 4430 568 4506 proﬁciant
590 4429 802 4487 merita
824 4427 1249 4485 retributionis.
1285 4427 1560 4501 Sequitur
1591 4445 1604 4483 :

318 4521 503 4578 Vens.
522 4522 606 4576 18.
629 4519 743 4587 Qui
753 4519 830 4576 ab
840 4519 1109 4589 infantia
1134 4533 1265 4574 mea
1287 4517 1470 4574 crevit
1496 4532 1725 4574 mecum
1747 4517 1914 4572 mise-

241 4612 499 4681 ratio,et
524 4610 598 4666 de
609 4615 779 4666 utero
799 4609 1011 4666 matris
1036 4623 1178 4665 mea
1205 4622 1442 4678 egressa
1462 4613 1549 4663 est
1574 4621 1822 4662 mecum.
1844 4637 1912 4646 —

243 4697 542 4759 Miseratio
571 4698 788 4754 etenim
819 4698 926 4754 etsi
945 4698 1075 4769 ejus
1105 4697 1213 4752 fuit
1258 4695 1484 4753 arbitrii
1515 4701 1579 4751 ut
1609 4712 1748 4751 cum
1778 4695 1915 4768 ipso

241 4787 775 4863 proﬁceret,liquet
797 4791 1018 4856 tamen,
1042 4785 1189 4858 quia
1205 4785 1337 4856 ejus
1373 4784 1600 4840 arbitrii
1632 4799 1755 4840 non
1785 4783 1912 4844 fuit,

243 4883 316 4935 ut
342 4893 486 4933 cum
505 4876 637 4950 ipso
663 4875 739 4933 de
765 4879 932 4932 utero
961 4873 1163 4932 exiret.
1191 4877 1432 4932 Constat
1456 4888 1599 4944 ergo
1628 4871 1774 4945 quia
1795 4887 1920 4928 suae

242 4967 455 5024 virtuti
482 4965 631 5022 nihil
669 4965 890 5034 tribuit,
922 4965 1025 5038 qui
1075 4963 1342 5038 profecto
1398 4967 1641 5020 testatur
1669 4961 1812 5036 quia
1844 4978 1918 5018 ex

243 5055 616 5114 conditionis
646 5070 893 5111 munere
915 5055 1146 5127 accepit
1183 5053 1297 5110 Sed
1327 5053 1712 5126 pensandum
1741 5052 1918 5109 nobis

246 5151 347 5204 est
403 5144 573 5219 quod
627 5145 860 5214 asserit,
907 5145 1090 5201 crevit
1137 5158 1386 5200 mecum.
1429 5141 1706 5199 Nonnulli
1757 5142 1920 5198 enim

246 5235 427 5310 quod
456 5238 626 5291 astate
662 5249 862 5290 mores
894 5237 1203 5306 coeperunt
1247 5232 1324 5288 ab
1351 5230 1696 5287 innocentia
1723 5230 1923 5286 decre-

249 5329 453 5381 scunt.
483 5323 692 5398 Electis
723 5338 862 5380 vero
915 5338 1055 5378 cum
1079 5321 1222 5378 foris
1274 5326 1415 5378 setas
1447 5319 1735 5388 corporis,
1764 5319 1924 5375 intus

252 5430 323 5469 se
349 5413 610 5480 deliteat,
642 5411 854 5468 crescit
882 5415 1027 5467 aetas
1057 5409 1307 5466 virtutis.
1345 5408 1623 5482 Sequitur
1657 5425 1669 5462 :

2007 3005 2270 3062 utilitatis
2324 3020 2474 3060 meae
2522 3003 2764 3073 negotia
2817 3003 3026 3058 virtute
3091 3007 3301 3059 contra
3371 3001 3670 3075 pupillum

2007 3093 2253 3166 exsequi
2268 3093 2452 3163 volui,
2471 3092 2719 3166 quando
2735 3108 2833 3148 me
2861 3091 2923 3147 in
2942 3090 3171 3162 judicio
3191 3090 3371 3146 etiam
3393 3107 3466 3145 ex
3491 3089 3670 3160 justi-

2009 3185 2088 3240 tia
2115 3183 2410 3256 potiorem
2461 3181 2598 3237 vidi.
2657 3181 2771 3237 Sed
2818 3179 2960 3254 quia
2989 3179 3354 3254 plurumque
3401 3179 3672 3235 humana

2011 3288 2181 3328 mens
2206 3271 2399 3328 renuit
2425 3271 2589 3326 bona
2617 3269 2858 3326 credere
2885 3284 3024 3342 qua:
3047 3267 3235 3325 nescit
3262 3267 3520 3340 operari,
3547 3283 3674 3324 ma-

2009 3361 2206 3418 ledicti
2237 3360 2348 3416 sibi
2379 3359 2735 3416 sententiam
2759 3357 3030 3432 protinus
3057 3356 3316 3428 subjicit,
3340 3355 3388 3412 si
3416 3371 3540 3429 qua
3567 3357 3672 3412 ho-

2010 3470 2145 3510 rum
2175 3468 2311 3525 quin
2341 3451 2572 3506 dixerat
2595 3465 2774 3523 opere
2799 3465 2923 3506 non
2947 3448 3217 3520 implevit
3241 3447 3449 3504 dicens
3474 3465 3488 3503 :

2086 3545 2248 3597 Vens.
2283 3544 2372 3595 22.
2402 3541 2704 3595 Humerus
2722 3554 2884 3596 meus
2910 3541 3257 3608 ajunctura
3271 3551 3381 3593 sua
3411 3534 3672 3598 cadat,et

2014 3631 2322 3688 brachium
2345 3645 2537 3702 meum
2569 3645 2703 3685 cum
2732 3631 2853 3684 suis
2908 3627 3140 3684 ossibus
3170 3631 3541 3683 conteratur.
3603 3655 3672 3665 —-

2013 3720 2164 3787 Quia
2212 3718 2478 3792 operatio
2528 3734 2818 3791 corporea
2871 3733 2977 3790 per
3033 3717 3355 3772 humerum
3412 3731 3484 3772 ac
3542 3714 3677 3772 bra-

2017 3810 2218 3866 chium
2244 3808 2460 3879 agitur,
2493 3807 2657 3864 bona
2674 3823 2811 3880 quae
2837 3821 2939 3861 ore
2973 3804 3236 3877 protulit,
3270 3805 3318 3859 si
3346 3820 3526 3873 opere
3550 3819 3674 3861 non

2017 3897 2300 3971 implevit,
2359 3896 2573 3954 cadere
2621 3895 2734 3951 sibi
2789 3895 3110 3950 humerum
3144 3896 3202 3949 et
3255 3891 3480 3948 conteri
3535 3892 3675 3949 bra-

2018 3989 2222 4044 chium
2261 3991 2523 4058 exoptat.
2553 3989 2633 4040 Ac
2656 3984 2705 4039 si
2735 3987 2936 4056 aperte
2961 3983 3155 4038 dicat:
3183 3981 3241 4038 Si
3270 3997 3343 4037 ea
3368 3997 3506 4053 qua:
3529 3979 3673 4052 dixi,

2022 4076 2261 4150 operari
2288 4075 2479 4144 renui,
2539 4073 2760 4146 ipsum,
2787 4071 2952 4145 quod
2992 4069 3139 4126 mihi
3190 4069 3266 4125 ad
3297 4068 3676 4142 operandum

2022 4167 2233 4222 datum
2265 4169 2379 4228 est,
2410 4163 2676 4236 corporis
2721 4161 3064 4217 membrum
3091 4158 3363 4232 perdam,
3395 4163 3460 4214 ut
3483 4156 3682 4214 videli-

2022 4260 2114 4312 cet
2138 4255 2313 4312 cadat
2340 4270 2375 4310 a
2405 4268 2654 4325 corpore
2683 4250 2850 4325 quod
2881 4265 3152 4307 exercere
3201 4248 3370 4305 nolui
3401 4247 3481 4304 ad
3520 4245 3680 4304 utili-

2026 4350 2233 4402 tatem.
2269 4343 2327 4400 Si
2355 4359 2497 4398 vero
2526 4342 2654 4398 haec
2678 4340 2979 4398 maledicti
3031 4338 3321 4396 sententia
3346 4337 3426 4395 ad
3456 4336 3686 4411 spirita-

2022 4434 2142 4490 lem
2172 4437 2260 4488 est
2308 4430 2762 4501 intelligentiam
2810 4427 3144 4497 referenda,
3202 4426 3389 4500 liquet
3416 4425 3683 4500 profecto

2023 4522 2188 4596 quod
2213 4519 2532 4578 brachium
2559 4519 2796 4591 corpori
2828 4533 2936 4590 per
2966 4518 3289 4573 humerum
3307 4515 3600 4586 jungitur,
3633 4517 3690 4569 et

2025 4614 2177 4669 sicut
2201 4627 2308 4685 per
2332 4609 2653 4667 brachium
2711 4607 2874 4662 bona
2919 4604 3209 4678 operatio,
3238 4604 3321 4661 ita
3348 4619 3455 4676 per
3479 4602 3689 4657 hume-

2023 4719 2158 4758 rum
2189 4700 2422 4756 socialis
2453 4698 2584 4753 vitae
2601 4693 2946 4765 conjunctio
2965 4693 3335 4763 designatur.
3363 4691 3526 4747 Unde
3558 4706 3691 4762 pro~

2026 4791 2206 4862 pheta
2233 4803 2478 4861 quoque
2496 4785 2735 4840 intuens
2767 4786 3006 4838 sanctos
3033 4780 3384 4837 universalis
3416 4779 3692 4835 Ecclesiae

2024 4877 2284 4953 populos
2315 4879 2432 4931 Deo
2464 4872 2840 4930 concorditer
2897 4869 3219 4927 servituros
3249 4869 3367 4926 ait:
3423 4891 3451 4919 «
3483 4871 3547 4925 Et
3573 4885 3696 4925 ser-

2026 4966 2188 5023 vient
2216 4965 2276 5020 in
2306 4964 2560 5020 humero
2610 4976 2732 5017 uno
2780 4959 2989 5031 (Soph.
3047 4975 3130 5029 ni,
3163 4962 3240 5026 9).
3275 4979 3304 5010 ››
3337 4958 3404 5014 In
3454 4974 3526 5014 eo
3557 4973 3701 5027 ergo

2029 5052 2196 5126 quod
2249 5051 2430 5106 dicit:
2466 5072 2494 5102 α
2547 5050 2605 5106 Si
2653 5048 2849 5104 levavi
2907 5063 3087 5122 super
3113 5046 3414 5121 pupillum
3439 5061 3690 5102 manum

2034 5158 2258 5208 meam,
2291 5157 2430 5196 cum
2481 5139 2746 5195 viderem
2796 5153 2893 5193 me
2923 5136 2985 5193 in
3031 5141 3208 5211 porta
3237 5135 3640 5208 superiorem,
3678 5149 3706 5183 ιι

2033 5231 2252 5287 miram
2282 5230 2561 5285 virtutem
2592 5227 2890 5301 patientiae
2942 5241 3213 5282 servasse
3244 5240 3310 5280 se
3339 5219 3568 5287 asserit,
3599 5217 3709 5289 qui

2036 5318 2270 5389 gravari
2296 5335 2357 5374 se
2387 5317 2660 5391 personis
2689 5315 2975 5385 minimis,
3018 5331 3137 5371 nec
3170 5315 3386 5368 contra
3413 5307 3530 5363 hoc
3555 5304 3724 5380 quod

2038 5407 2149 5463 sibi
2172 5409 2330 5478 juste
2357 5410 2697 5478 competere
2742 5407 2994 5476 poterat,
3052 5394 3396 5454 declinavit.
3424 5396 3595 5460 Quod
3625 5399 3715 5450 ta-

331 5505 506 5559 Vsns.
540 5506 624 5572 t9,
648 5507 740 5558 20.
772 5501 842 5556 Si
869 5500 1114 5569 despexi
1138 5504 1616 5568 praetereuntem,
1675 5513 1739 5553 eo
1769 5498 1929 5567 quod
2041 5511 2185 5551 men
2218 5495 2266 5550 si
2296 5494 2545 5550 minime
2593 5492 2816 5558 fecerit,
2850 5486 3130 5558 adjungit
3159 5501 3175 5572 :7
3207 5484 3512 5542 Humerus
3556 5497 3728 5540 meus

252 5609 382 5649 mm
419 5590 699 5648 habuerit
748 5589 1183 5655 indumentum,
1216 5591 1268 5643 et
1308 5587 1530 5659 absque
1568 5587 1929 5656 operimento
2039 5600 2077 5642 a
2125 5588 2430 5655 junctura
2488 5599 2600 5639 sua
2652 5579 2853 5638 cadat.
2909 5575 3060 5641 Quia
3121 5571 3409 5632 nimirum
3474 5573 3579 5648 qui
3610 5586 3726 5645 pa-

529 5679 784 5736 ΡΑτιιοι..
814 5677 1125 5732 CXXXIII.

3488 5665 3551 5716 t2
