4112 6152
457 130 561 183 363

1513 119 1568 175 8.
1613 118 1867 175 ODONIS
1906 112 2207 173 ABBATIS
2251 116 2752 175 CLUNIACENSIS
2792 118 2835 171 Il

3775 122 3881 178 364

453 246 721 304 tientiam
742 258 981 301 servare
1006 241 1380 315 contempsit,
1426 240 1708 297 socialem
1733 240 1916 296 vitam
1943 240 2114 296 citius
2149 244 2193 294 A
2225 252 2359 293 rum
2378 238 2753 296 extremailla
2771 245 3053 312 properat
3069 257 3204 313 quae
3221 239 3570 297 universum
3582 240 3882 300 mundum

452 352 562 410 per
590 332 1021 407 impatientiam
1068 330 1309 388 deserit.
1361 334 1408 385 Α
1433 330 1718 401 junctura
1759 328 1979 385 etenim
2008 329 2114 383 hu-

452 440 656 481 merus
680 421 858 489 cadit,
883 436 1023 478 cum
1046 419 1421 478 adversitatis
1441 418 1670 491 aliquid
1699 417 1847 474 ferre
1875 417 2114 475 animus

449 528 575 571 non
621 511 850 579 valens,
879 509 1208 569 fraternam
1260 508 1653 567 concordiam
1708 507 2024 580 relinquit:
2058 511 2115 563 et

448 602 630 676 quasi
657 601 1003 658 membrum
1051 603 1365 672 separatur
1386 613 1425 655 a
1467 613 1737 670 corpore,
1767 613 1905 653 cum
1930 596 1981 652 is
2010 597 2115 670 qui

449 692 686 766 operari
714 691 879 748 bona
907 693 1164 763 poterat,
1185 704 1223 746 a
1248 687 1553 745 bonorum
1583 686 1855 743 omnium
1882 686 2115 743 abscin-

449 781 609 838 ditur
635 778 1038 837 universitate.
1091 781 1292 850 Neque
1347 776 1508 833 enim
1566 790 1841 847 unquam
1895 775 2114 831 servari

450 869 795 938 concordia,
828 867 947 924 nisi
975 882 1082 941 per
1110 866 1301 922 solam
1324 865 1695 938 patientiam,
1738 863 1909 920 valet.
1943 867 2113 919 Recte

449 962 655 1016 autem
681 958 934 1015 humero
962 956 1212 1013 cadente
1241 954 1661 1026 subjungitur:
1692 955 1772 1009 Et
1803 954 2111 1009 brachium

446 1062 643 1104 meum
671 1063 805 1104 cum
844 1047 960 1103 suis
989 1047 1214 1103 ossibus
1241 1049 1611 1102 conteratur.
1646 1044 1800 1108 Quia
1829 1041 2112 1098 nimirum

451 1140 670 1192 cuncta
698 1140 903 1193 nostra
930 1134 1198 1207 operatio
1258 1148 1396 1188 cum
1427 1130 1798 1204 quibuslibet
1839 1129 2114 1186 videatur

451 1240 581 1281 esse
608 1225 941 1287 virtutibus,
974 1223 1244 1292 solvitur,
1288 1222 1404 1278 nisi
1432 1237 1541 1295 per
1569 1220 1873 1278 charitatis
1901 1219 2109 1276 vincu-

447 1313 578 1370 lum
599 1313 885 1386 patientia
896 1322 905 1385 ζ
926 1317 1333 1370 conservetur.
1379 1314 1499 1368 Sua
1524 1311 1686 1367 enim
1728 1309 1892 1367 bona
1917 1307 2111 1381 perdit

450 1417 636 1476 opera
664 1403 769 1477 qui
793 1402 991 1460 aliena
1041 1402 1204 1460 mala
1233 1404 1431 1458 renuit
1465 1399 1712 1473 perpeti.
1750 1398 1865 1456 Sed
1922 1396 2111 1454 sancti

450 1490 562 1546 viri
585 1492 874 1547 humerus
903 1506 940 1546 a
966 1491 1250 1562 junctura
1281 1504 1391 1545 sua
1416 1504 1539 1546 non
1572 1486 1750 1555 cadit,
1774 1486 1918 1559 quia
1947 1485 2110 1542 vide-

2226 327 2476 384 subruat
2491 332 2812 402 tempestas
2838 332 3202 385 animarum.
3235 333 3402 385 Nunc
3432 331 3589 387 enim
3621 330 3793 387 bellis
3827 339 3884 388 et

2223 417 2514 485 cladibus,
2531 419 2702 491 quasi
2727 419 3096 492 quibusdam
3115 420 3291 475 undis
3314 435 3427 475 sua
3445 420 3620 476 nobis
3636 421 3885 478 exordia

2222 506 2501 578 ostendit,
2529 512 2586 564 et
2616 514 2846 581 quanto
2878 508 2957 564 ad
2990 509 3171 565 finem
3199 508 3465 581 quotidie
3494 510 3885 583 propinquio-

2223 611 2316 651 res
2338 594 2652 668 efﬁcimur,
2681 600 2844 652 tanto
2876 597 3153 667 graviora
3179 596 3401 654 irruere
3431 596 3885 655 tribulationum

2222 683 2531 740 volumina
2558 683 2854 740 videmus.
2890 684 2979 739 Ad
3019 690 3352 740 extremum
3394 700 3536 742 vero
3562 687 3885 743 commotis

2222 771 2527 828 elementis
2550 773 2837 829 omnibus
2860 788 3157 845 supernus
3183 773 3372 846 judex
3397 774 3664 842 veniens,
3699 775 3885 831 ﬁnem

2222 861 2496 916 omnium
2548 866 2844 934 apportet,
2877 863 3021 934 quia
3075 862 3346 919 videlicet
3392 870 3532 918 tunc
3563 867 3889 937 tempestas

2218 950 2436 1007 ﬂuctus
2456 951 2518 1008 in
2547 950 2744 1007 lucem
2800 952 2974 1008 levat.
3011 940 3191 1008 Unde.
3228 957 3286 1008 et
3309 952 3557 1008 dicitur:
3596 974 3615 1004 ι
3660 953 3878 1010 Adhuc

2222 1039 2552 1108 modicum,
2588 1044 2645 1095 et
2675 1055 2789 1110 ego
2818 1040 3074 1095 movebo
3104 1056 3226 1097 non
3256 1041 3449 1096 solum
3504 1046 3744 1110 terram,
3779 1042 3889 1098 sed

2221 1128 2400 1184 etiam
2426 1128 2645 1184 coelum
2690 1130 2867 1201 (Agg.
2902 1146 2959 1196 ιι,
2984 1130 3056 1201 7).
3096 1153 3122 1179 ››
3171 1131 3366 1198 Quam
3402 1129 3622 1187 scilicet
3652 1137 3884 1204 tempe-

2220 1221 2433 1273 statem
2463 1217 2568 1290 qui
2602 1219 2793 1275 sancti
2826 1218 2933 1274 viri
2984 1218 3292 1289 vigilantes
3342 1218 3657 1291 aspiciunt,
3711 1221 3887 1293 quasi

2220 1310 2517 1364 tumentes
2545 1318 2725 1380 super
2743 1324 2803 1363 se
2827 1308 3094 1383 quotidie
3112 1308 3327 1364 ﬂuctus
3350 1313 3782 1389 expavescunt,
3808 1314 3890 1366 at-

2218 1411 2337 1468 que
2360 1412 2433 1453 ex
2462 1396 2557 1452 his
2604 1395 3094 1454 tribulationibus
3139 1414 3276 1471 quze
3306 1399 3604 1454 mundum
3647 1398 3887 1466 feriunt,

2219 1485 2551 1558 prtevident
2578 1501 2713 1559 quae
2758 1491 3105 1559 sequantur.
3166 1488 3478 1560 Sequitur:
3536 1488 3618 1543 Et
3643 1489 3883 1557 pondus

450 1580 586 1637 licet
608 1581 658 1651 ej
669 1597 738 1635 us
759 1579 994 1636 dilectio
1026 1595 1063 1635 a
1094 1577 1330 1635 socialis
1355 1579 1487 1635 vita:
1517 1576 1841 1633 concordia
1866 1590 1973 1649 per
1995 1576 2109 1632 im-
2137 1590 2182 1644 Β
2217 1576 2345 1645 ejus
2368 1575 2534 1645 ferre
2553 1590 2672 1632 non
2685 1578 2876 1646 potui.
2893 1609 2960 1616 —-
2979 1576 3128 1642 Quia
3154 1593 3292 1632 cum
3307 1575 3582 1650 superba:
3600 1578 3886 1648 majesta-

451 1669 803 1743 patientiam
832 1682 957 1725 non
981 1668 1223 1736 recedit,
1246 1669 1495 1740 ejusque
1526 1666 1841 1723 brachium
1862 1665 2109 1722 minime

453 1757 765 1831 frangitur,
784 1757 929 1831 quia
948 1758 1079 1830 ejus
1099 1757 1298 1814 omnis
1314 1756 1582 1829 operatio
1608 1757 1667 1812 in
1691 1756 2110 1828 conjunctione

452 1847 710 1915 humeri,
760 1845 823 1902 id
852 1850 963 1914 est,
994 1846 1057 1902 in
1101 1845 1405 1903 charitatis
1449 1844 1823 1902 connexione
1851 1845 2113 1902 custodi-

453 1940 568 1993 tur.
595 1935 870 2009 Sequitur
900 1954 913 1992 :

527 2028 697 2083 Vens.
728 2030 819 2082 23.
849 2027 1093 2095 Semper
1123 2025 1278 2082 enim
1300 2025 1477 2096 quasi
1504 2029 1791 2081 tumentes
1820 2038 2000 2094 super
2020 2040 2112 2081 me

452 2117 673 2185 ﬂuctus
704 2116 883 2171 timui
904 2116 1113 2172 Deum.
1144 2143 1217 2154 —
1256 2117 1303 2169 Α
1328 2128 1553 2187 pavore
1573 2117 1748 2170 tantae
1779 2111 2114 2169 similitudi—

451 2203 547 2260 nis
568 2217 912 2276 pensemus,
940 2202 989 2259 si
1012 2202 1339 2276 possimus,
1367 2206 1632 2275 quantus
1659 2201 1722 2257 in
1749 2205 1957 2258 sancto
1986 2201 2112 2258 viro

452 2292 630 2348 timor
654 2291 848 2351 fuerit.
910 2288 1146 2348 Fluctus
1196 2290 1358 2347 enim
1388 2306 1528 2346 cum
1576 2293 1824 2360 tument,
1852 2289 2114 2363 desuper

451 2381 802 2450 imminent;
833 2396 1097 2453 cumque
1127 2396 1263 2436 eam
1309 2395 1496 2451 quam
1528 2378 1804 2435 deferunt
1857 2382 2111 2435 mortem

453 2470 778 2536 minantur,
836 2470 1003 2524 nulla
1050 2472 1195 2524 tunc
1242 2467 1666 2537 navigantibus
1719 2482 1865 2522 cura
1910 2481 2113 2521 rerum

450 2557 895 2630 temporalium,
925 2556 1093 2613 nulla
1129 2556 1325 2612 carnis
1360 2555 1673 2612 delectatio
1722 2555 1799 2612 ad
1846 2559 2113 2612 mentem

454 2645 781 2702 reducitur.
816 2647 899 2701 Ea
943 2644 1076 2718 ipsa
1104 2659 1348 2718 quoque
1375 2659 1448 2700 ex
1474 2644 1614 2700 navi
1644 2644 1982 2717 projiciunt,
2002 2659 2111 2717 pro

454 2732 680 2806 quibus
705 2732 892 2803 longa
940 2732 1182 2804 navigia
1213 2737 1620 2805 sumpserunt,
1665 2737 1894 2790 cunctae
1931 2748 2026 2788 res
2050 2733 2112 2788 in

460 2821 813 2896 despectum
841 2820 1059 2878 manus
1091 2820 1357 2894 veniunt,
1410 2836 1613 2878 amore
1646 2821 1900 2879 vivendi.
1930 2821 2115 2890 Quasi

455 2926 600 2983 ergo
633 2918 921 2970 tumentes
949 2926 1132 2982 super
1181 2925 1241 2968 se
1262 2912 1486 2982 ﬂuctus
1516 2913 1706 2968 Deum
1763 2912 1984 2984 timuit,
2009 2910 2114 2985 qui

455 3000 606 3058 dum
652 3017 860 3061 veram
886 2992 1068 3058 vitam
1117 3000 1433 3069 desiderat,
1466 3001 1672 3057 omnia
1699 2999 1950 3072 despicit
1976 3015 2113 3072 quae

455 3089 553 3147 hic
580 3091 902 3163 possidens
931 3093 1148 3164 portat.
1178 3092 1278 3145 Est
1305 3104 1445 3146 vero
1475 3089 1659 3156 aliud,
1686 3088 1854 3161 quod
1877 3087 1952 3144 de
1981 3103 2112 3144 ma-

456 3177 541 3233 ris
595 3179 997 3237 concussione
1047 3177 1262 3237 debeat
1292 3177 1536 3233 solerter
1576 3176 1808 3233 intueri.
1835 3179 2114 3249 Tempes-

456 3269 549 3321 tas
568 3266 795 3338 quippe
819 3280 957 3321 cum
987 3266 1258 3332 moritur,
1289 3264 1457 3337 prius
1477 3264 1637 3321 leves
1667 3264 1931 3330 undm,ct
1957 3268 2115 3337 post-

455 3352 711 3413 modum
748 3351 1060 3411 volumina
1109 3352 1345 3424 majoru
1376 3352 1769 3410 concitantur.
1812 3352 1903 3408 Ad
1927 3356 2114 3408 extre-

457 3458 650 3510 mum,
680 3441 900 3498 ﬂuctus
926 3456 1060 3498 sese
1114 3441 1175 3497 in
1200 3440 1321 3498 alta
1372 3441 1626 3511 erigunt,
1655 3445 1713 3498 et
1764 3442 2113 3512 navigantes

454 3544 734 3604 quosque
761 3529 901 3602 ipsa
929 3544 1041 3587 sua
1064 3529 1375 3589 altitudine
1403 3530 1774 3587 subvertant.
1810 3531 1904 3588 Sic
1932 3530 2110 3588 nimi-

2216 1664 2289 1720 tis
2319 1663 2443 1720 vim
2460 1663 2539 1720 ad
2550 1664 2847 1736 judicium
2863 1665 3153 1721 venientis
3164 1669 3571 1738 terroremque
3590 1665 3744 1721 tanti
3753 1681 3887 1722 exa-

2215 1753 2397 1810 minis
2415 1753 2853 1811 considerando
2876 1754 3114 1811 animus
3136 1759 3388 1810 conatur
3402 1755 3886 1828 exquirere,mox

2218 1843 2297 1900 ad
2328 1843 2718 1916 semetipsum
2748 1844 3069 1914 refugiens,
3102 1859 3229 1899 sese
3256 1843 3599 1917 expavescit
3623 1844 3883 1901 invenis-

2218 1947 2301 1988 se.
2335 1931 2448 1988 Sed
2469 1932 2620 1988 inter
2649 1932 2777 1988 hinc
2806 1933 3188 2005 pensandum
3239 1937 3326 1989 est
3350 1932 3494 2006 quia
3521 1933 3735 1989 beatus
3763 1932 3877 1989 Job

2216 2019 2331 2077 ista
2359 2020 2435 2076 de
2466 2037 2530 2076 se
2548 2019 2832 2095 loquitur,
2864 2020 3147 2077 laudatus
3180 2025 3236 2077 et
3282 2020 3637 2091 ﬂagellatus.
3677 2021 3735 2079 Si
3765 2021 3876 2091 igi-

2217 2112 2313 2166 tur
2343 2110 2424 2166 ad
2452 2110 2804 2167 meritorum
2833 2109 3170 2184 profectum
3191 2113 3271 2167 ita
3302 2126 3623 2184 percussus
3650 2115 3740 2167 est
3768 2111 3870 2184 qui

2218 2198 2305 2254 sic
2334 2198 2532 2254 timuit
2559 2199 2871 2272 quomodo
2909 2198 3210 2255 feriendus
3237 2205 3327 2256 est
3372 2199 3476 2272 qui
3502 2199 3879 2256 contemnit?

2220 2288 2538 2353 Quomodo
2565 2288 2925 2363 depressura
2981 2292 3118 2344 sunt
3150 2289 3249 2344 Dei
3296 2289 3526 2361 judicia
3555 2304 3659 2344 eos
3688 2288 3796 2362 qui
3822 2304 3881 2344 se

2220 2375 2475 2445 elevant,
2506 2377 2554 2433 si
2583 2383 2642 2434 et
2671 2378 2804 2434 illos
2836 2378 2915 2434 ad
2964 2382 3201 2451 tempus
3246 2377 3592 2451 deprimunt
3619 2379 3725 2451 qui
3753 2378 3882 2434 haec

2221 2481 2459 2539 semper
2481 2466 2545 2522 in
2574 2466 2908 2523 humilitate
2966 2466 3338 2523 formidant?
3385 2468 3702 2533 Quomodo
3732 2483 3880 2540 pon-

2220 2555 2335 2611 dus
2366 2555 2467 2612 Dei
2497 2554 2711 2629 poterit
2734 2555 2906 2628 ferre,
2934 2556 3037 2630 qui
3067 2556 3337 2629 despicit,
3390 2557 3439 2612 si
3478 2557 3595 2613 hoc
3623 2560 3681 2612 et
3698 2556 3795 2612 ille
3821 2557 3881 2612 in

2218 2644 2465 2702 verbere
2492 2645 2748 2720 pertulit,
2782 2646 2885 2719 qui
2912 2662 3020 2719 per
3050 2646 3327 2702 timorem
3356 2644 3680 2719 praevidit?
3717 2645 3881 2704 Unde

2222 2750 2607 2808 summopere
2665 2734 3119 2792 formidandum
3173 2735 3349 2792 nobis
3401 2740 3488 2791 est
3516 2735 3667 2792 illud
3697 2739 3881 2792 tanta:

2222 2823 2607 2881 districtionis
2636 2840 2912 2882 examen.
2972 2826 3215 2882 Constat
3268 2828 3468 2881 autem
3505 2823 3649 2898 quia
3677 2827 3738 2880 in
3769 2824 3882 2881 hac

2222 2913 2364 2982 vita,
2393 2929 2534 2969 cum
2560 2913 2832 2986 percutit,
2874 2913 2923 2968 si
2982 2911 3428 2986 percussionem
3484 2913 3771 2969 correctio
3804 2929 3883 2970 se-

2223 3001 2447 3073 quitur,
2474 2999 2791 3074 disciplina
2821 3001 3006 3074 patris
3028 3004 3136 3073 est,
3162 3014 3287 3057 non
3312 3001 3399 3057 ira
3417 3000 3635 3074 judicis
3661 3019 3675 3070 ;
3708 3016 3881 3057 amor

2223 3089 2569 3159 corrigentis
2602 3095 2709 3162 est,
2766 3106 2888 3146 non
2919 3089 3202 3146 districtio
3249 3091 3569 3163 punientis.
3620 3092 3705 3146 Ex
3748 3091 3880 3164 ipso

2223 3192 2366 3246 ergo
2422 3177 2698 3249 praesenti
2734 3177 2976 3233 verbere
3019 3175 3249 3249 judicia
3296 3182 3514 3234 aeterna.
3569 3177 3884 3251 pensanda

2223 3271 2385 3323 sunt.
2407 3265 2553 3323 Hinc
2578 3265 2737 3323 enim
2758 3266 3127 3341 perpendere
3156 3280 3542 3340 summopere
3566 3267 3881 3335 debemus,

2222 3354 2533 3427 quomodo
2558 3354 2781 3412 feratur
2808 3355 2910 3413 illa
2940 3371 3076 3429 quas
3106 3355 3407 3429 reprobat,
3441 3356 3491 3411 si
3535 3355 3674 3413 ferri
3704 3356 3883 3413 modo

2229 3442 2325 3499 vix
2346 3442 2509 3500 valet
2538 3445 2669 3517 ejus
2691 3444 2781 3502 ira
2810 3461 2947 3519 quae
2974 3450 3213 3520 purgat.

3077 3702 3845 3726 M“W

1318 3848 1663 3939 LIBER
1748 3850 2342 3940 VICESIMUS
2418 3853 3020 3944 SECUNDUS.

537 4166 705 4221 Vnus.
737 4164 829 4219 24.
859 4165 924 4219 Si
943 4164 1164 4233 putavi
1191 4177 1409 4220 aurum
1438 4163 1627 4219 robur
1663 4178 1858 4220 meum
1889 4167 1943 4220 et
1973 4163 2124 4219 obri—
2154 4164 2201 4217 D
2230 4165 2358 4220 tum
2415 4179 2631 4222 aurum
2683 4167 3044 4241 supponitur
3082 4170 3148 4225 ut
3201 4182 3583 4243 gemmarum
3632 4166 3889 4243 desuper

466 4267 600 4308 sum
629 4252 764 4308 dixi
802 4252 1089 4321 ﬁduciam
1136 4266 1349 4307 meam.
1402 4281 1474 4291 —-—
1522 4250 1801 4307 Obrizum
1844 4251 2119 4319 dicimus,

464 4339 700 4396 obrude
728 4354 964 4397 aurum.
1013 4340 1266 4397 Sanctus
1292 4352 1436 4409 ergo
1490 4338 1582 4395 vir
1621 4353 1734 4396 nec
1785 4355 2003 4396 aurum
2033 4355 2125 4396 ro-

466 4427 586 4487 bur
611 4427 725 4486 sibi
754 4444 906 4497 esse,
937 4428 999 4484 id
1028 4432 1134 4495 est,
1162 4427 1376 4483 rudem
1411 4427 1541 4483 auri
1569 4427 1792 4484 molem
1835 4428 2123 4485 ﬁduciam

470 4517 738 4590 credidit,
769 4518 913 4591 quia
942 4532 1113 4591 spem
1141 4520 1321 4589 atque
1365 4515 1818 4574 delectationem
1858 4535 2034 4574 suam
2061 4518 2125 4574 in

470 4606 655 4664 solius
685 4607 876 4679 gratia
904 4604 1237 4662 Conditoris
1283 4605 1499 4677 figens,
1543 4620 1741 4679 neque
1770 4606 1846 4663 de
1893 4606 2127 4680 quanti-

469 4701 589 4754 tate
619 4697 769 4767 auri,
800 4712 998 4770 neque
1028 4694 1103 4752 de
1157 4694 1354 4768 specie
1403 4695 1689 4768 peccavit.
1726 4698 1805 4751 De
1854 4698 2126 4753 Creatore

469 4788 697 4860 quippe
719 4787 1069 4860 desperasse
1098 4784 1310 4858 fuerat,
1342 4785 1392 4841 si
1418 4800 1589 4859 spem
1632 4785 1693 4841 in
1722 4789 1996 4844 creatura
2022 4803 2128 4860 po-

471 4874 705 4932 suisset.
738 4878 1108 4933 ALLEGO’RICB.
1141 4873 1296 4942 Quid
1322 4874 1438 4931 hoc
1462 4875 1524 4930 in
1548 4873 1683 4931 loco
1714 4877 1948 4933 'aurum
1979 4877 2127 4934 acci-

471 4964 694 5039 pimus,
746 4964 867 5021 nisi
894 4963 1165 5039 preeclari
1206 4963 1539 5022 intellectus
1588 4964 1920 5037 ingenium.
1973 4966 2127 5033 Quid

471 5055 745 5112 obrizum
772 5053 885 5110 nisi
911 5055 1225 5112 mentem?
1265 5052 1370 5127 qui
1413 5052 1562 5110 dum
1605 5053 1744 5123 igne
1776 5055 1999 5112 amoris
2029 5072 2126 5113 ex-

473 5145 768 5219 coquitur,
798 5159 1040 5218 semper
1061 5143 1124 5200 in
1154 5159 1216 5199 se
1259 5147 1457 5199 servat
1503 5143 1830 5201 claritatem
1871 5144 2129 5218 pulchri-

476 5236 717 5309 tudinis,
774 5233 1128 5309 quotidiana
1190 5232 1572 5289 innovatione
1620 5232 1886 5291 fervoris.
1940 5235 2129 5291 Nescit

476 5327 635 5381 enim
668 5341 838 5382 mens
865 5340 974 5400 per
1003 5328 1304 5395 torporem
1347 5327 1730 5395 veterascere,
1762 5340 1897 5396 quae
1931 5323 2130 5379 studet

407 5404 417 5413 ’
475 5429 584 5487 per
608 5414 971 5470 desiderium
1026 5427 1265 5484 semper
1317 5412 1619 5468 inchoare.
1674 5413 1818 5467 Hinc
1864 5428 2127 5485 namque

475 5519 585 5577 per
609 5503 855 5559 Paulum
886 5502 1131 5559 dicitur:
1193 5524 1221 5553 «
1254 5500 1646 5558 Renovamini
1675 5501 1882 5575 spiritu
1913 5502 2126 5558 mentis

474 5596 686 5651 vestrae
709 5591 951 5665 (Ephes.
981 5606 1061 5665 iv,
1089 5591 1197 5663 23).
1251 5613 1279 5640 »
1315 5590 1475 5648 Sicut
1516 5589 1678 5646 enim
1715 5589 1776 5646 in
1808 5602 2125 5648 ornamen-

2230 4251 2380 4310 ordo
2403 4253 2778 4329 disponatur,
2830 4255 2913 4314 ita
2943 4256 3103 4313 clara
3150 4261 3499 4314 sanctorum
3527 4256 3777 4327 ingenia
3806 4254 3889 4313 di-

2229 4342 2384 4399 vinis
2412 4344 2769 4402 muneribus
2824 4345 3131 4402 humiliter
3161 4345 3645 4417 substernuntur,
3700 4350 3758 4402 et
3802 4345 3891 4402 di-

2233 4430 2449 4489 stincta
2475 4449 2655 4508 super
2684 4450 2745 4491 se
2767 4434 3095 4506 gratiarum
3121 4434 3285 4492 dona
3312 4435 3672 4510 percipiunt,
3697 4439 3755 4493 et
3779 4434 3892 4492 nisi

2232 4521 2380 4594 quid
2428 4522 2619 4580 simile
2649 4540 2866 4581 aurum
2916 4540 3055 4581 cum
3096 4525 3389 4601 sapientia
3443 4524 3714 4593 haberet,
3767 4526 3895 4600 qui-

2234 4610 2377 4667 dam
2438 4613 2678 4686 sapiens
2727 4614 2975 4672 minime
3004 4615 3289 4672 dixisset:
3347 4638 3374 4666 «
3411 4614 3713 4690 Sapientia
3762 4614 3897 4671 abs-

2235 4714 2420 4757 consa
2447 4704 2505 4757 et
2551 4702 2867 4759 thesaurus
2923 4703 3179 4772 invisus,
3229 4719 3367 4777 qum
3416 4703 3636 4761 utilitas
3668 4703 3734 4763 in
3756 4703 3899 4760 utri-

2236 4791 2432 4862 sque?
2458 4810 2477 4842 ι
2514 4791 2724 4859 (Eccli.
2752 4808 2847 4863 xx,
2880 4793 2989 4865 32).
3045 4795 3129 4849 Ac
3180 4793 3233 4849 si
3269 4797 3473 4868 aperte
3520 4792 3785 4850 fateatur
3811 4792 3900 4849 di-

2235 4893 2376 4935 cens
2399 4896 2412 4934 :
2437 4879 2557 4936 Nec
2584 4896 2721 4955 quae
2750 4882 3037 4941 veraciter
3062 4881 3343 4953 intellexi,
3366 4898 3504 4940 meo
3532 4883 3782 4954 ingenio
3810 4882 3904 4941 tri-

2234 4968 2359 5037 bui,
2389 4984 2501 5026 nec
2554 4971 2738 5028 menti
2766 4972 3026 5051 propriae
3082 4973 3129 5029 si
3158 4986 3283 5048 qua
3339 4988 3530 5044 egisse
3584 4988 3685 5031 me
3734 4972 3906 5031 bona

2237 5058 2499 5132 contigit,
2561 5075 2672 5117 nec
2720 5061 3117 5136 principalem
3175 5061 3481 5136 deputavi.
3548 5061 3659 5130 Qui
3697 5062 3907 5120 adhuc

2237 5147 2512 5205 subtilius
2568 5149 2965 5207 humilitatem
2996 5150 3172 5208 nobis
3221 5152 3313 5208 sui
3365 5151 3563 5208 cordis
3609 5151 3908 5222 insinuat,

2236 5236 2529 5311 adjungit,
2562 5238 2767 5294 dicens
2788 5239 3105 5314 :Sequitur.

2304 5329 2569 5384 Vsas.25.
2589 5328 2659 5384 Si
2680 5329 3061 5385 laetatussum
3074 5344 3255 5399 super
3270 5330 3475 5387 multis
3491 5330 3719 5386 divitiis
3731 5331 3909 5391 meis.

2235 5421 2289 5470 et
2305 5418 2445 5486 quia
2455 5416 2723 5485 plurima
2735 5419 2955 5486 reperit
2968 5433 3181 5475 manus
3207 5434 3355 5478 mea.
3378 5451 3444 5458 —
3460 5417 3657 5475 Sancti
3668 5417 3911 5491 quippe

2233 5502 2343 5558 viri
2385 5503 2445 5558 in
2481 5504 2612 5574 ejus
2655 5504 3152 5577 peregrinationis
3200 5523 3494 5579 (erumna,
3522 5506 3729 5564 omnia
3757 5522 3911 5580 qua:

2234 5595 2544 5664 appetunt,
2557 5591 2755 5650 adhuc
2776 5595 3068 5652 Creatoris
3092 5594 3185 5653 sui
3211 5595 3471 5671 speciem
3493 5593 3911 5667 contemplari
