4120 6156
200 144 290 197 305

992 141 1287 198 EPITOME
1328 137 1689 196 MORMJUM
1731 134 1785 189 S.
1828 132 2032 189 GREG.
2076 136 2142 191 IN
2182 139 2326 194 JOB.
2369 138 2435 181 —'
2478 144 2605 197 LIB.
2642 144 2809 199 XXII.

3498 151 3603 206 366

192 260 428 317 minime
464 261 763 330 sinuntur,
793 277 1034 317 omnem
1069 260 1375 334 praesentis
1424 261 1557 313 vitae
1589 257 1848 329 copiam,
1876 256 1922 307 A
1954 272 2139 328 quam
2172 276 2235 315 se
2263 262 2479 317 vidisse
2526 263 2815 335 perhibet,
2842 240 2914 322 ut
2959 284 3022 324 se
3060 269 3430 327 demonstret
3453 288 3608 344 prte-

193 349 455 421 inopiam
511 350 835 422 deputant;
918 350 1059 422 quia
1126 350 1397 405 videlicet
1466 347 1611 403 nihil
1676 351 1841 400 extra

193 439 373 495 Deum
407 437 620 495 sufﬁcit
670 439 853 495 menti
899 455 1034 511 qua!
1082 438 1365 494 veraciter
1391 439 1578 492 Deum
1608 434 1840 509 quaerit,

194 532 247 585 ct
276 526 626 600 plerumque
648 528 730 583 eis
754 526 886 601 ipsa
914 544 1023 583 sua
1046 527 1421 584 abundantia
1446 528 1511 581 ﬁt
1530 527 1842 579 vehemen-

195 621 278 674 ter
304 632 577 682 onerosa,
596 614 737 688 quia
756 616 871 672 hoc
896 616 1095 689 ipsum
1129 617 1385 684 graviter
1408 614 1655 670 tolerant
1677 609 1844 684 quod
1872 644 1887 649 -

197 702 530 763 festinantes
576 703 650 758 ad
696 703 974 776 patriam,
1008 704 1066 759 in
1118 704 1322 760 itinere
1367 703 1555 759 multa
1584 702 1841 774 portant.

198 791 340 859 Quid
384 791 601 848 multas
648 791 881 848 divitias
929 792 1257 866 appellatas
1312 808 1417 866 per
1472 788 1846 860 signiﬁcatio-

198 897 325 938 nem
353 879 673 949 credimus,
703 881 814 937 nisi
845 882 1218 939 abundantia
1260 883 1530 937 bumana
1575 877 1846 935 consilio-

198 970 362 1027 rum?
393 971 552 1036 Quas
581 970 900 1044 quaerentis
935 987 1150 1027 manus
1177 970 1576 1039 invenit,cum
1602 969 1723 1023 haec
1748 983 1844 1022 ρον

199 1058 393 1133 gitatio
450 1059 755 1116 tractantis
803 1059 1007 1129 gignit.
1048 1061 1161 1116 Has
1203 1060 1418 1116 etenim
1446 1059 1726 1115 Salomon
1759 1072 1847 1110 sa-

198 1149 421 1225 pientiae
447 1147 675 1203 divitias
698 1148 1135 1220 contemplatus
1164 1149 1243 1204 ait
1268 1167 1279 1204 :
1317 1150 1588 1203 «Corona
1609 1146 1851 1219 sapicn-‘

198 1239 338 1294 tium
368 1237 581 1293 divitiae
627 1254 835 1292 eorum
867 1240 1073 1305 (Prov.
1103 1256 1217 1303 xxv,
1252 1240 1400 1310 Et)»
1434 1237 1562 1305 Qui,
1596 1237 1739 1310 quia
1768 1234 1850 1289 di-

198 1327 363 1382 vitias
375 1342 495 1381 non
516 1325 753 1382 metalla
776 1327 1137 1390 terrena,sed
1162 1326 1540 1399 prudentiam
1557 1324 1847 1390 nominat,

196 1413 347 1470 illico
378 1429 483 1485 per
505 1414 981 1469 contrarietatem
1021 1413 1251 1468 subdit:
1307 1438 1331 1461 u
1354 1413 1609 1469 Fatuitas
1647 1412 1850 1466 stulto-

196 1520 324 1559 rum
348 1501 751 1575 imprudentia
775 1502 1197 1572 (lbitl.).nHinc
1226 1502 1439 1557 Paulus
1473 1505 1586 1557 ait:
1623 1499 1853 1556 «Habe-

1957 348 2138 402 sentis
2169 348 2315 406 lucis
2345 353 2605 422 speciem
2650 369 2773 408 non
2805 358 3125 429 appetisse,
3160 375 3228 415 ac
3259 359 3309 416 si
3339 364 3611 433 patenter

1953 435 2299 509 despectum
2328 444 2573 497 terrenze
2597 459 2719 497 suze
2746 442 3132 503 abundantiae
3152 446 3428 507 insinuet.
3455 451 3607 517 Quid

1952 524 2170 613 dicam,
2203 528 2346 600 quia
2371 546 2761 604 nequaquam
2792 532 2853 587 in
2886 548 3035 589 auro
3062 534 3292 593 laetatus
3325 554 3482 603 sum,
3504 539 3610 613 qui

1953 612 2013 668 in
2036 614 2167 686 ipsa
2191 632 2435 689 quoque
2463 618 2594 674 luce
2626 632 2916 692 corporea
2944 621 3268 680 delectatus
3288 642 3411 682 non
3433 612 3611 684 sum?

1957 704 2096 759 Hinc
2128 707 2422 777 prOpheta
2453 708 2559 764 ait:
2600 729 2628 760 «
2652 711 2718 765 Et
2746 710 2906 766 diem
2954 710 3216 768 hominis
3244 730 3365 770 non
3398 732 3613 774 concu-

1953 792 2092 863 pivi,
2125 797 2183 848 tu
2210 795 2322 849 scis
2355 795 2501 865 (Jer.
2535 813 2668 864 xm,
2708 800 2812 870 16).
2839 822 2868 849 ››
2899 801 3270 857 Αιιεσοιιισε.
3302 803 3400 858 Sol
3436 805 3611 878 quip-

1953 897 2029 952 pe
2056 882 2115 936 in
2146 882 2377 951 fulgore
2409 889 2517 953 est,
2548 885 2780 942 bonum
2808 905 2961 961 opus
3000 889 3059 945 in
3111 889 3610 949 manifestatione.

1957 970 2254 1043 Scriptum
2300 989 2564 1046 namque
2611 981 2739 1032 est:
2790 1000 2817 1026 ‹‹
2865 981 3078 1035 Luceat
3125 979 3231 1036 lux
3272 985 3467 1038 vestra
3521 996 3616 1038 co-

1954 1074 2083 1115 ram
2116 1061 2484 1133 hominibus,
2520 1069 2582 1119 ut
2614 1066 2855 1122 videant
2895 1084 3081 1140 opera
3122 1073 3317 1126 vestra
3345 1070 3527 1139 bona,
3559 1077 3617 1128 et

1958 1148 2287 1219 gloriﬁcent
2312 1155 2541 1209 Patrem
2563 1159 2847 1223 vestrum,
2868 1157 2970 1229 qui
2996 1156 3058 1212 in
3075 1157 3239 1213 caelis
3265 1162 3357 1215 est
3374 1160 3612 1226 (Matth.

1956 1253 2014 1309 v,
2044 1240 2189 1309 16).»
2223 1243 2286 1295 Et
2309 1256 2549 1298 rursum
2576 1260 2588 1297 :
2624 1266 2651 1293 «
2674 1245 2798 1300 Sint
2822 1245 3011 1301 lumbi
3038 1246 3211 1302 vestri
3236 1248 3539 1321 praecincti
3561 1254 3619 1306 et

1955 1326 2216 1383 lucernae
2264 1331 2539 1388 ardentes
2571 1334 2738 1400 (Luc.
2774 1350 2873 1404 x11,
2907 1339 3057 1403 35).»
3090 1335 3262 1402 Quod
3305 1340 3466 1393 enim
3501 1338 3617 1395 hoc

1957 1416 2018 1470 in
2049 1416 2181 1472 loco
2224 1418 2471 1489 fulgenti
2503 1421 2645 1492 sole,
2679 1422 2735 1477 id
2782 1424 2843 1478 in
2888 1424 3211 1494 Evangelio
3240 1425 3499 1484 lucernis
3528 1444 3617 1485 ar-

1958 1504 2238 1561 dentibus
2286 1508 2651 1578 designatur.
2680 1513 2913 1567 Bonum
2937 1514 3161 1587 quippe
3210 1528 3362 1587 opus
3389 1531 3528 1572 cum
3557 1514 3621 1571 in

198 1609 328 1649 mus
355 1591 698 1648 thesaurum
749 1591 928 1647 istum
976 1592 1036 1646 in
1086 1592 1241 1647 vasis
1289 1591 1568 1646 ﬁctilibus
1601 1592 1684 1660 (ΙΙ
1712 1590 1846 1646 Cur.
1894 1604 1933 1658 Β
1962 1595 2163 1650 medio
2192 1596 2561 1667 perﬁdorum
2610 1599 2787 1662 lucet,
2818 1599 3063 1656 lucerna
3108 1601 3277 1659 ardet
3316 1603 3378 1659 in
3407 1609 3617 1661 nocte:

197 1698 273 1750 IV,
305 1686 436 1748 7).»
483 1679 689 1737 Multas
734 1682 933 1753 itaque
990 1679 1153 1752 apud
1203 1697 1311 1736 nos
1360 1680 1591 1735 divitias
1639 1680 1854 1752 reperi-

196 1785 351 1835 mus,
385 1784 522 1824 cum
561 1767 723 1824 dona
761 1768 1124 1824 abundantis
1170 1768 1566 1835 intelligtmtim
1618 1767 1855 1839 eloquia

194 1856 610 1926 investigando
661 1856 1025 1929 percipimus
1075 1861 1255 1929 atque
1295 1857 1355 1912 in
1406 1857 1496 1911 bis
1536 1858 1710 1930 plura
1745 1871 1855 1910 nec

195 1951 396 2003 tamen
458 1943 694 2000 sibimet
764 1945 1001 2001 diversa
1063 1947 1373 2001 sentimus.
1440 1945 1575 1999 llam
1626 1949 1712 1999 est
1756 1961 1849 1999 au-

196 2040 315 2091 tem
372 2048 583 2089 secura
629 2033 826 2090 laetitia
883 2035 942 2089 in
999 2034 1214 2089 divinis
1258 2035 1493 2108 paginis
1549 2033 1639 2087 vel
1686 2031 1859 2087 fortia

196 2124 289 2181 vel
339 2124 524 2180 multa
601 2139 991 2194 cognOscere,
1049 2124 1156 2179 sed
1227 2124 1463 2191 cognita
1538 2122 1854 2178 custodire.

196 2220 277 2270 Ac
309 2213 356 2268 si
387 2229 527 2281 ergo
557 2220 758 2285 aperte
790 2213 1082 2269 diceretur
1108 2232 1119 2268 :
1156 2216 1545 2286 Nequaquam
1579 2214 1637 2267 in
1668 2228 1739 2267 eo
1764 2228 1859 2266 me

193 2301 555 2373 lacupletem
585 2317 657 2356 ex
676 2300 904 2372 justitia
934 2301 1176 2371 credidi,
1208 2317 1330 2374 quo
1363 2307 1512 2357 recte
1554 2317 1687 2373 quae
1719 2315 1859 2367 age-

190 2408 255 2448 re
281 2388 467 2447 debui
488 2390 667 2447 etiam
695 2390 885 2446 multa
917 2391 1185 2459 cognovi,
1210 2408 1318 2447 nec
1343 2390 1730 2459 intelligentia
1760 2405 1862 2444 cor

192 2480 423 2545 extulit,
456 2481 602 2553 quia
630 2480 778 2536 illud
818 2479 1212 2536 consideratio
1255 2480 1293 2536 d
1334 2480 1469 2536 bitas
1499 2478 1861 2552 operationis

193 2572 433 2646 pressit.
470 2571 775 2643 Sequitur:

264 2662 442 2714 Vens.
465 2664 556 2726 26,
575 2662 769 2723 27,28.
787 2660 858 2714 Si
886 2658 1011 2715 vidi
1034 2661 1212 2715 solem
1244 2675 1373 2714 cum
1391 2660 1675 2729 fulgeret,
1696 2666 1746 2714 et
1770 2659 1861 2713 lu-

192 2764 342 2805 nam
363 2749 729 2805 incedentem
757 2750 940 2819 ctare,
964 2755 1019 2805 et
1038 2749 1303 2804 laetatum
1334 2756 1415 2805 est
1436 2751 1494 2803 in
1517 2749 1862 2804 abscondito

193 2856 305 2896 cor
324 2855 541 2905 meum,
556 2844 611 2895 et
639 2839 942 2894 osculatus
963 2855 1088 2893 sum
1115 2855 1359 2895 manum
1382 2854 1569 2895 meam
1595 2854 1696 2894 ore
1714 2853 1859 2903 meo,

1963 1699 2101 1737 cum
2128 1700 2268 1739 vero
2300 1685 2357 1739 in
2407 1687 2665 1743 Ecclesia
2696 1688 3054 1761 resplendet,
3088 1689 3177 1745 sol
3200 1689 3385 1761 fulget
3412 1690 3473 1747 in
3503 1690 3618 1748 die.

1964 1773 2194 1828 Bonum
2221 1789 2375 1847 opus
2408 1775 2455 1830 si
2485 1775 2685 1831 adhuc
2714 1776 2829 1833 tale
2872 1782 2961 1832 est
3003 1777 3168 1850 quod
3200 1778 3312 1834 soli
3345 1778 3488 1835 mali
3519 1780 3626 1835 mi-

1963 1864 2191 1928 rantur,
2220 1861 2465 1919 lucerna
2484 1863 2754 1920 videlicet
2779 1865 2841 1920 in
2871 1871 3047 1923 nocte
3074 1871 3206 1935 est;
3241 1867 3291 1923 si
3316 1871 3519 1924 autem
3543 1867 3628 1925 ita

1963 1949 2218 2021 proiicit,
2252 1955 2319 2005 ut
2342 1951 2543 2009 mirari
2575 1969 2610 2008 a
2642 1952 2818 2009 bonis
2849 1970 2918 2009 ac
2939 1954 3393 2026 perfectioribus
3416 1957 3623 2029 possit,

1966 2036 2252 2093 nimirum
2300 2039 2388 2094 sol
2435 2045 2523 2095 est
2566 2041 2628 2096 in
2658 2040 2774 2097 die.
2804 2043 2955 2108 Quia
2988 2043 3170 2113 igitur
3194 2044 3387 2101 multa
3412 2045 3627 2101 beatus

1966 2125 2080 2181 Job
2106 2125 2522 2198 hospitalitatis
2553 2144 2624 2184 ac
2654 2129 3077 2187 misericordiae
3103 2132 3179 2188 de
3209 2147 3273 2188 se
3301 2132 3467 2189 bona
3495 2148 3630 2189 nar-

1966 2218 2221 2280 raverat,
2252 2231 2384 2287 quaa
2412 2215 2675 2287 profecto
2704 2221 2873 2273 tanto
2900 2217 3099 2275 adhuc
3120 2219 3371 2276 minima
3400 2224 3630 2293 quanto

1968 2308 2025 2359 et
2074 2304 2459 2375 corporaliter
2502 2311 2771 2376 noverat,
2820 2305 2900 2362 ad
2938 2306 3230 2364 virtutum
3277 2308 3630 2381 spiritalium

1970 2392 2206 2449 culmen
2238 2394 2453 2448 mentis
2479 2393 2723 2450 oculum
2752 2411 3076 2463 renovans,
3103 2396 3482 2469 perfectionis
3508 2413 3631 2453 suae

1970 2481 2242 2538 meminit
2287 2486 2344 2538 et
2371 2482 2564 2537 lucem
2596 2483 3033 2556 exemplorum,
3063 2500 3255 2557 quam
3296 2484 3372 2539 de
3404 2500 3469 2541 se
3503 2484 3633 2541 aliis

1970 2570 2194 2634 tribuit,
2229 2571 2417 2627 solem
2449 2572 2701 2628 vocavit.
2733 2575 2816 2628 Ae
2856 2573 2900 2628 si
2940 2577 3147 2645 aperte
3172 2572 3431 2630 diceret:
3472 2575 3636 2647 Opus

1970 2677 2178 2716 meum
2202 2660 2380 2716 etiam
2412 2677 2553 2717 cum
2594 2661 2725 2717 aliis
2753 2662 3171 2736 exemplorum
3200 2662 3400 2720 limem
3422 2663 3639 2720 tribue-

1971 2766 2119 2815 rem,
2171 2749 2250 2805 ad
2304 2751 2663 2823 sumptionis
2714 2767 2965 2820 gramen
3010 2768 3135 2809 non
3186 2752 3449 2810 attendi:
3492 2752 3638 2825 quia

1972 2838 2121 2893 dum
2170 2839 2245 2894 de
2285 2853 2358 2894 eo
2401 2838 2599 2894 extolli
2650 2839 2839 2904 timui,
2871 2840 2950 2895 ab
2989 2840 3280 2897 intuendo
3331 2857 3404 2898 eo
3430 2840 3638 2898 oculos

193 2945 334 3002 quae
363 2935 450 2986 est
472 2929 759 3000 iniquitas
790 2929 1055 2983 maxima
1087 2936 1138 2984 et
1168 2930 1403 2999 negatio
1437 2933 1646 2983 contra
1675 2928 1860 2983 Deum
1902 2949 1943 3005 ο
1976 2926 2182 2982 averti.
2216 2930 2349 2981 Post
2389 2927 2771 2999 praemissum
2798 2927 3008 2995 solem,
3046 2932 3185 3000 apte
3211 2945 3455 3002 quoque
3484 2929 3641 2986 ince-

194 3018 665 3075 altissimum.—
694 3016 986 3071 Incertum
1016 3031 1137 3071 non
1166 3020 1250 3071 est
1273 3015 1434 3088 quod
1467 3020 1714 3088 utraque
1735 3015 1863 3069 haec

194 3104 525 3162 luminaria
552 3105 833 3161 humanis
877 3105 1218 3161 ministeriis
1248 3105 1532 3177 deputata
1584 3104 1713 3159 cmli
1760 3103 1866 3159 mi-

193 3194 343 3252 litiae
364 3193 744 3261 vocantur,in
764 3210 1025 3267 quorum
1057 3194 1285 3250 cultum
1316 3194 1533 3250 multos
1566 3194 1863 3259 novimus,

198 3285 513 3358 Scriptura
536 3288 701 3354 teste,
716 3282 1019 3353 cecidisse,
1041 3283 1193 3339 sicut
1214 3284 1503 3357 scriptum
1524 3288 1613 3339 est
1635 3301 1648 3338 :
1676 3302 1704 3335 «
1720 3283 1869 3337 Ado-

195 3377 493 3431 raverunt
531 3371 870 3429 universam
904 3372 1176 3429 militiam
1208 3372 1340 3429 coeli
1369 3374 1558 3444 (Deut.
1588 3389 1725 3443 xvu,
1749 3372 1866 3444 3).»

199 3465 272 3519 Et
297 3462 447 3536 quia
485 3461 575 3519 sol
603 3466 660 3519 et
686 3462 832 3518 luna
864 3461 1031 3518 aliter
1060 3462 1335 3518 videntur
1361 3462 1441 3518 ad
1472 3478 1671 3532 usum,
1704 3461 1873 3517 aliter

200 3552 283 3609 ad
326 3551 791 3618 venerationem,
825 3567 896 3607 eo
939 3567 1105 3608 more
1161 3569 1282 3625 quo
1331 3567 1367 3608 a
1396 3551 1721 3607 cultoribus
1752 3550 1873 3606 suis

201 3640 483 3697 venerari
527 3640 734 3709 solent,
786 3640 970 3696 solem
1015 3646 1070 3697 et
1117 3640 1323 3697 lunam
1365 3640 1576 3697 beatus
1620 3640 1730 3696 Job
1777 3656 1875 3696 ne-

201 3745 529 3804 quaquam
574 3729 795 3785 vidisse
839 3746 900 3785 se
926 3730 1215 3802 perhibet,
1262 3746 1374 3786 nec
1401 3729 1666 3786 laetatum
1697 3729 1877 3784 fuisse

201 3835 316 3876 cor
350 3835 547 3887 suum,
581 3834 690 3874 nec
715 3817 1052 3873 osculatum
1080 3834 1180 3874 ore
1212 3836 1343 3875 suo.
1370 3822 1434 3874 In
1459 3835 1581 3892 qua
1612 3817 1882 3873 videlicet

200 3907 585 3966 osculatione
615 3905 764 3979 quid
793 3905 957 3962 aliud
982 3922 1170 3978 quam
1202 3908 1531 3977 gratiarum
1557 3907 1884 3964 veneratio-

199 4015 357 4056 nem
398 3995 719 4068 exprimit?
748 3995 916 4059 Quod
949 3995 997 4050 si
1022 3996 1255 4052 fecisset
1283 4013 1576 4069 unquam,
1609 3996 1886 4070 iniquita-

202 4093 333 4146 tem
392 4083 747 4146 maximam,
788 4090 843 4140 et
879 4083 979 4139 Dei
1024 4084 1405 4154 negationem
1452 4090 1714 4142 vocaret.
1772 4084 1884 4140 Sed

197 4180 545 4253 postquam
589 4176 755 4229 tanta
781 4173 853 4229 de
887 4189 948 4228 se
988 4172 1133 4229 locis
1165 4173 1572 4247 superioribus
1602 4174 1883 4230 virtutum

1976 3015 2217 3070 dentem
2265 3013 2421 3069 clare
2462 3014 2674 3069 lunam
2719 3014 3005 3083 subdidit,
3036 3015 3182 3088 quia
3211 3015 3483 3074 videlicet
3504 3019 3642 3089 post

1976 3120 2132 3177 opus
2159 3103 2415 3172 bonum,
2448 3104 2606 3159 fama
2637 3103 2960 3160 laudabilis
2989 3105 3281 3178 sequitur,
3306 3120 3412 3178 per
3451 3121 3642 3179 quam

1977 3191 2205 3249 celebre
2240 3206 2466 3248 nomen
2521 3190 2584 3247 in
2638 3192 2753 3247 hac
2795 3192 3113 3264 praesentis
3146 3192 3283 3250 vitae
3304 3197 3479 3250 nocte
3505 3209 3645 3267 poe-

1979 3281 2221 3338 sidetur.
2259 3281 2317 3338 Si
2345 3280 2508 3337 enim
2540 3296 2746 3337 verum
2774 3285 2882 3351 est,
2913 3282 3081 3355 quod
3123 3280 3379 3355 quidem
3403 3285 3641 3356 putant,

1980 3370 2435 3427 illustrationem
2454 3369 2613 3426 lunte
2643 3385 2750 3443 per
2778 3370 3082 3427 occultum
3104 3370 3390 3428 circulum
3415 3387 3452 3427 a
3472 3371 3643 3428 radio

1983 3461 2121 3517 solis
2152 3458 2439 3531 accipere,
2474 3462 2539 3514 ut
2563 3458 2755 3531 possit
2782 3458 2980 3515 lucem
3026 3459 3338 3517 nocturnis
3370 3459 3645 3517 cursibus

1984 3549 2285 3621 exhibere,
2307 3548 2385 3605 ab
2414 3548 2596 3621 hujus
2618 3548 3069 3619 signiﬁcationis
3100 3549 3309 3606 ordine
3334 3548 3461 3607 haec
3491 3566 3643 3623 quo-

1985 3656 2103 3714 que
2144 3638 2403 3711 suspicio
2432 3654 2557 3694 non
2604 3637 2903 3695 abhorret.
2936 3640 3125 3695 Fama
3161 3639 3386 3713 quippe
3418 3655 3456 3696 a
3480 3638 3645 3696 bono

1986 3745 2165 3803 opere
2195 3728 2349 3784 vires
2380 3727 2615 3799 accipit,
2644 3732 2700 3783 et
2729 3727 2945 3783 favoris
2976 3728 3231 3799 gratiam
3257 3727 3436 3802 quasi
3474 3728 3645 3786 clari—

1989 3823 2171 3876 tatem
2200 3817 2443 3873 luminis
2471 3815 2748 3888 aspergit.
2785 3818 2882 3871 Est
2910 3815 3076 3872 aliud
3101 3816 3164 3871 in
3193 3815 3337 3873 luna
3375 3818 3542 3890 quod
3570 3817 3647 3873 si-

1990 3907 2340 3964 militudinis
2370 3906 2547 3961 bonae
2578 3904 2949 3976 aspergentis
2971 3904 3145 3960 famae
3166 3906 3499 3962 conveniat.
3527 3909 3651 3963 Lux

1992 4011 2256 4067 namque
2286 3994 2415 4065 ejus
2465 3993 2645 4048 etiam
2691 3992 2752 4047 in
2799 3992 3183 4047 tenebrarum
3226 3996 3493 4066 tempore
3543 3994 3651 4050 iter

1994 4084 2445 4142 ambulantibus
2474 4081 2753 4145 ostendit,
2772 4082 2917 4154 quia
2946 4086 3002 4138 et
3028 4081 3175 4137 dum
3207 4082 3281 4138 de
3310 4081 3504 4139 aliena
3534 4083 3650 4140 vita

1993 4177 2098 4232 lux
2119 4175 2317 4232 laudis
2345 4174 2579 4241 emicat,
2611 4172 2763 4229 alios
2800 4172 2879 4228 ad
2907 4172 3254 4229 exercitium
3284 4172 3427 4229 boni
3456 4173 3652 4248 operis

202 4264 485 4323 culmina
513 4262 793 4331 narravit,
825 4262 973 4336 quid
1018 4277 1181 4319 nunc
1218 4263 1437 4319 mirum
1484 4268 1798 4334 memorat,
1833 4256 1883 4317 si
1920 4298 1971 4358 Ι)
1996 4267 2263 4333 illustrat,
2297 4278 2557 4336 cumque
2604 4261 2760 4317 illius
2813 4260 3018 4335 opinio
3059 4261 3222 4318 clara
3251 4264 3650 4335 cognoscitur,

207 4355 406 4412 solem
430 4368 500 4410 ac
520 4351 729 4408 lunam
746 4367 869 4407 non
893 4367 954 4407 se
980 4352 1273 4408 adorasse
1305 4352 1687 4409 manifestat?
1718 4353 1882 4411 Unde

207 4442 605 4519 pensandum
631 4445 738 4513 est,
769 4438 936 4514 quod
966 4446 1287 4514 postquam
1331 4441 1392 4497 in
1445 4458 1592 4499 auro
1622 4458 1747 4500 non
1773 4444 1883 4501 ha-

208 4533 427 4590 buisse
450 4531 758 4601 fiduciam,
791 4545 901 4586 nec
932 4530 993 4585 in
1023 4530 1223 4587 multis
1277 4530 1497 4587 divitiis
1526 4530 1793 4588 laetatum
1824 4548 1885 4588 se

210 4622 406 4680 fuisse
454 4623 723 4687 testatur,
771 4619 970 4676 adhuc
1011 4620 1087 4675 ad
1143 4618 1495 4677 sublimiora
1538 4620 1794 4685 ducitur,
1824 4625 1888 4677 ut

210 4715 389 4770 tanto
412 4727 524 4767 nos
553 4709 748 4781 magis
776 4707 1010 4765 erudiat
1035 4712 1264 4782 quanto
1312 4708 1387 4766 de
1419 4724 1480 4765 se
1511 4708 1714 4784 aliqua
1746 4709 1886 4766 sub-

213 4802 383 4860 tilius
413 4803 635 4857 narrat.
669 4798 763 4855 Ait
791 4798 990 4855 enim:
1037 4799 1107 4855 Si
1131 4798 1256 4855 vidi
1286 4799 1465 4855 solem
1510 4816 1644 4857 cum
1685 4801 1885 4871 fulge-

214 4898 343 4954 ret,
375 4896 430 4947 et
473 4891 680 4946 lunam
712 4888 1075 4944 incedentem
1106 4889 1291 4955 clare,
1323 4892 1379 4944 et
1423 4888 1684 4945 laetatum
1713 4888 1885 4945 estin

214 4978 574 5039 abscondito
596 4993 705 5036 eor
726 4976 1102 5042 meumﬂuid
1129 4976 1244 5033 hoc
1262 4976 1401 5034 loco
1423 4977 1620 5034 videre
1649 4977 1883 5042 dicitur,

215 5070 343 5129 nisi
384 5068 796 5127 desideranter
820 5065 1033 5124 Intueri
1053 5067 1081 5123 ?
1114 5066 1277 5123 Unde
1307 5071 1364 5123 et
1410 5067 1721 5124 Psalmista
1767 5070 1883 5125 ait:

220 5181 255 5212 α
304 5157 687 5231 lniquitatem
739 5156 789 5212 si
852 5156 1137 5229 conspexi
1191 5156 1255 5211 in
1310 5156 1487 5213 corde
1545 5172 1704 5228 meo,
1765 5174 1889 5214 non

220 5246 512 5305 exaudiet
542 5245 825 5303 Dominus
855 5245 1044 5313 (Psal.
1077 5261 1203 5314 ur,
1240 5246 1397 5318 18).»
1432 5247 1574 5312 Quae
1605 5245 1890 5303 nimirum

220 5336 519 5410 iniquitas
568 5334 631 5391 in
671 5350 776 5391 ore
814 5333 1070 5406 exprimi
1096 5349 1219 5389 non
1266 5339 1489 5407 posset,
1522 5334 1570 5390 si
1599 5351 1722 5392 non
1753 5352 1890 5392 con-

225 5427 561 5500 spieeretur
605 5425 664 5480 in
711 5423 908 5480 corde.
948 5422 1062 5479 Sed
1108 5422 1273 5478 aliud
1301 5429 1389 5480 est
1432 5424 1634 5480 videre
1664 5441 1771 5497 per
1796 5427 1891 5496 ju—

227 5517 485 5581 dicium,
517 5514 677 5571 aliud
711 5529 819 5586 per
847 5511 1202 5585 appetitum.
1234 5513 1447 5571 Beatus
1476 5532 1619 5585 ergo
1646 5516 1763 5571 Job
1789 5516 1896 5571 ful-

231 5611 481 5676 gentem
521 5604 732 5671 solem,
762 5606 822 5660 et
844 5600 1005 5659 clare
1028 5600 1403 5660 incedentem
1438 5605 1644 5662 lunam
1671 5622 1892 5679 nequa-

1994 4358 2133 4414 huic
2159 4354 2330 4429 quasi
2362 4354 2630 4427 pergenti
2656 4352 2717 4408 in
2748 4353 2953 4409 itinere
2978 4352 3239 4426 exempli
3264 4352 3471 4410 lumen
3498 4371 3653 4428 prte-

1995 4448 2185 4507 betur.
2218 4447 2455 4501 Lunam
2498 4442 2677 4514 igitur
2702 4444 2869 4500 clare
2913 4442 3279 4499 incedentem
3326 4443 3657 4517 respiciunt

1994 4534 2098 4607 qui
2128 4533 2279 4589 inter
2308 4532 2490 4602 hujus
2538 4530 2672 4585 vine
2715 4530 3016 4599 tenebras,
3048 4530 3199 4586 dum
3245 4529 3306 4585 in
3356 4531 3654 4604 opinionis

1995 4639 2120 4680 sua:
2148 4622 2410 4679 claritate
2428 4620 2700 4676 animum
2712 4619 3001 4688 deﬁgunt,
3019 4619 3372 4675 humilitatis
3398 4619 3654 4689 gratiam

1995 4711 2168 4785 quasi
2217 4727 2291 4766 ex
2337 4713 2632 4765 nocturno
2670 4706 2898 4762 lumine
2935 4706 3231 4776 amittunt,
3261 4710 3319 4763 et
3361 4707 3656 4765 intuentes

1994 4801 2204 4857 lunam
2231 4816 2293 4855 se
2323 4813 2446 4854 non
2475 4796 2858 4869 vident,quia
2878 4795 3235 4869 semetipsos
3263 4796 3490 4855 nescire
3512 4797 3657 4857 inci-

1995 4890 2189 4964 piunt,
2214 4887 2363 4945 dum
2393 4885 2607 4942 mentis
2635 4884 2842 4942 oculos
2866 4884 2927 4941 in
2953 4885 3363 4944 transitorium
3387 4887 3651 4945 favorem

1995 4978 2207 5050 ﬁgunt.
2243 4975 2354 5043 Qui
2377 4990 2521 5032 vero
2551 4974 2768 5031 auditis
2791 4974 2914 5029 suis
2939 4975 3254 5046 praeconiis
3274 4976 3657 5048 extolluntur,

1997 5067 2103 5125 sed
2128 5072 2331 5125 tamen
2360 5081 2550 5138 usque
2572 5064 2649 5120 ad
2674 5062 2945 5120 elationis
2966 5062 3163 5120 verba
3179 5080 3301 5122 non
3332 5070 3569 5130 exeunt,
3600 5066 3659 5118 et

1999 5157 2260 5231 gaudere
2292 5173 2354 5212 se
2384 5156 2444 5211 in
2473 5154 2692 5210 talibus
2730 5169 2854 5209 non
2892 5154 3236 5224 ostendunt,
3269 5154 3535 5227 profecto
3563 5165 3659 5205 eo-

1997 5265 2135 5305 rum
2166 5264 2269 5305 cor
2294 5250 2357 5303 in
2389 5244 2732 5302 abscondito
2779 5243 3029 5300 laetatur.
3062 5247 3168 5300 Per
3206 5257 3454 5305 manum
3486 5239 3658 5312 quip-

1998 5356 2073 5413 pe
2103 5337 2392 5412 operatio,
2407 5351 2513 5408 per
2531 5351 2598 5391 os
2628 5337 2830 5390 autem
2860 5333 3083 5389 locutio
3110 5332 3478 5399 designatur,
3504 5327 3659 5385 sicut

2001 5445 2108 5501 per
2152 5427 2535 5482 Salomonem
2587 5423 2836 5477 dicitur:
2893 5444 2921 5469 α
2948 5417 3277 5473 Abscondit
3323 5416 3493 5489 piger
3535 5435 3658 5477 ma-

2003 5533 2147 5574 num
2162 5532 2335 5573 suam
2352 5515 2466 5571 sub
2482 5512 2699 5570 ascella
2728 5526 2856 5576 sua,
2871 5512 2927 5563 et
2955 5506 3189 5562 laborat
3216 5506 3267 5563 si
3291 5508 3369 5564 ad
3394 5525 3463 5564 os
3479 5523 3656 5564 suum

2004 5607 2252 5679 porrigit
2279 5621 2412 5663 eam
2448 5605 2645 5673 (Prov.
2679 5614 2826 5664 xxvr,
2864 5595 2966 5668 15).
2986 5617 3013 5644 »
3046 5598 3284 5652 Manum
3310 5612 3451 5665 ergo
3483 5611 3656 5652 suam
