4120 6156
580 211 682 262 367

1647 191 1704 245 S.
1739 187 1998 245 ODONIS
2031 175 2331 237 ABBATIS
2366 177 2869 236 CLUNIACENSIS
2899 178 2964 234 lI.
3161 127 3164 130 I
3333 187 3337 192 '
3846 184 3931 237 368

582 329 883 386 osculatur
932 336 1034 378 ore
1083 336 1192 376 suo
1213 285 1322 391 qui
1365 316 1575 373 laudat
1623 313 1788 387 quod
1821 311 1978 378 facit,
2012 312 2068 364 et
2087 303 2246 362 testi—
2277 301 2325 354 A
2353 301 2578 359 invenit
2608 303 2769 371 foris,
2799 302 3090 376 patienter
3135 297 3504 356 adversarios
3543 296 3772 369 pertulit,
3805 299 3934 358 intus

581 415 783 473 monio
851 408 1107 483 propriae
1167 405 1484 462 locutionis
1544 402 1656 457 sibi
1711 401 1986 456 virtutem
2044 393 2247 451 tribuit
2353 391 2620 448 latentes.

585 501 801 576 operis.
834 501 962 565 Qua
987 497 1049 554 in
1088 513 1152 553 re
1177 496 1311 568 quis
1343 492 1690 565 despicitur,
1725 489 1836 544 nisi
1884 487 1932 542 is
1985 485 2084 558 qui
2113 484 2246 556 ipsa

578 588 870 665 operandi
913 602 1169 643 munera
1216 582 1512 654 largitur?
1561 579 1724 636 Unde
1753 578 1905 632 bene
1933 587 2243 665 peregre-

581 661 748 750 gium
775 676 1234 734 Praedicatorem
1283 672 1533 728 dicitur:
1585 667 1780 731 «Quid
1831 668 2030 722 autem
2055 661 2244 717 habes

583 769 750 843 quod
777 783 902 823 non
930 764 1255 838 accepisti?
1297 762 1353 820 Si
1385 765 1585 818 autem
1616 755 1914 829 accepisti,
1946 752 2092 826 quid
2123 750 2244 843 glo-

581 839 756 916 riaris
788 855 964 930 quasi
1006 870 1132 910 non
1175 851 1514 924 acceperis?
1546 851 1602 919 (Ι
1629 847 1762 903 Cor.
1795 862 1872 914 1v,
1901 847 1976 912 7).
2004 864 2030 892 ››
2081 839 2245 898 Unde

585 953 642 1005 et
666 948 941 1020 protinus
981 943 1218 1000 subdit:
1275 942 1412 1008 Quas
1442 945 1524 996 est
1562 937 1848 1008 iniquitas
1875 932 2246 1020 mawima,_et

586 1017 824 1108 neqatio
879 1039 1090 1090 contra
1143 1034 1332 1087 Deum
1387 1029 1762 1086 altissimum.
1817 1022 2023 1095 Liquet
2085 1017 2245 1074 enim

587 1107 730 1200 quia
754 1125 923 1180 illum
953 1125 1151 1193 negat,
1186 1121 1358 1191 cujus
1389 1119 1672 1190 despecta
1714 1112 1903 1184 gratia
1950 1109 2061 1164 sibi
2088 1107 2244 1200 vires

583 1197 732 1272 boni
771 1213 968 1287 operis
1015 1214 1274 1280 arrogat.
1319 1207 1488 1274 Quod
1535 1209 1690 1261 recte
1737 1217 1982 1275 quoque
2025 1202 2081 1255 et
2127 1197 2242 1253 ini-

589 1306 786 1378 quitas
850 1303 1116 1359 maxima
1179 1303 1448 1364 vocatur,
1507 1295 1652 1368 quia
1709 1307 1888 1348 omne
1931 1291 2246 1362 peccatum

589 1393 755 1467 quod
802 1409 876 1448 ex
920 1389 1268 1448 inﬁrmitate
1321 1391 1428 1456 est,
1463 1401 1634 1457 spem
1680 1394 2072 1452 nequaquam
2117 1391 2249 1449 per-

588 1483 690 1552 dit,
724 1482 868 1556 quia
898 1497 935 1537 a
964 1494 1225 1552 superno
1269 1475 1470 1530 Judice
1519 1472 1758 1529 veniam
1806 1467 2068 1539 requirit.
2103 1469 2247 1521 Prae-

590 1555 854 1644 sumptio
903 1573 1104 1625 autem
1135 1565 1365 1622 virtutis
1409 1562 1666 1636 propriae
1715 1561 1879 1616 tanto
1918 1556 2158 1628 gravius
2187 1555 2250 1610 in

591 1657 1013 1732 desperatione
1067 1659 1156 1712 est
1201 1657 1428 1726 quanto
1481 1650 1718 1720 longius
1765 1647 1843 1704 ab
1898 1644 2249 1702 humilitate.
2285 1655 2329 1708 Β

595 1749 870 1821 Sequitur
891 1765 905 1801 :

663 1858 830 1910 Vens.
855 1857 944 1910 29.
977 1852 1044 1908 Si
1065 1854 1308 1923 gavisus
1337 1866 1468 1905 sum
1497 1849 1577 1904 ad
1609 1847 1848 1902 ruinam
1879 1846 2006 1914 ejus
2037 1843 2140 1913 qui
2162 1857 2254 1896 me

594 1945 820 2010 oderat,
851 1949 908 1999 et
951 1943 1224 1999 exultavi
1262 1939 1419 2012 quod
1467 1939 1782 2006 invenisset
1825 1949 1957 1990 eum
1999 1933 2246 1988 malum.

593 2065 662 2074 --
693 2031 1124 2106 Omnipotentis
1153 2029 1254 2085 Dei
1283 2045 1394 2084 nos
1425 2043 1556 2082 esse
1601 2023 1927 2096 discipulos
1957 2020 2085 2076 sola
2111 2036 2247 2076 cus-

497 2135 510 2148 ’
593 2123 756 2180 todia
785 2121 1086 2178 charitatis
1114 2119 1350 2193 probat.
1387 2117 1529 2172 Hinc
1579 2118 1667 2170 est
1716 2113 1874 2169 enim
1925 2115 2090 2184 quod
2147 2124 2253 2182 per

593 2211 982 2284 semetipsum
1003 2209 1224 2265 Veritas
1255 2207 1429 2262 dicit:
1464 2206 1575 2260 «In
1597 2205 1710 2259 hoc
1730 2203 2095 2272 cognoscent
2121 2215 2252 2254 om-

590 2317 700 2358 nes
729 2301 873 2373 quia
901 2297 1021 2354 mei
1051 2295 1329 2369 discipuli
1358 2295 1514 2360 estis,
1548 2294 1597 2349 si
1628 2291 2006 2347 dilectionem
2027 2287 2251 2344 habue-

591 2391 716 2447 ritis
743 2390 822 2447 ad
845 2388 1106 2445 invicem
1137 2389 1333 2454 (Joan.
1363 2401 1486 2452 xui,
1511 2384 1658 2454 35).»
1691 2383 1836 2447 Quae
1862 2379 2148 2434 nimirum
2169 2375 2255 2432 di-

591 2479 766 2535 lectio
831 2477 882 2533 si
943 2493 1047 2532 cor
1095 2479 1370 2530 nostrum
1419 2471 1707 2528 veraciter
1761 2468 1966 2540 replet,
2012 2465 2252 2522 duobus

595 2567 792 2623 modis
839 2564 1079 2622 ostendi
1127 2563 1294 2630 solet,
1325 2561 1544 2618 scilicet
1574 2559 1622 2613 si
1663 2561 1718 2613 et
1760 2556 1987 2612 amicos
2017 2555 2078 2610 in
2109 2557 2248 2624 Deo,

595 2659 652 2712 et
701 2655 976 2710 inimicos
1023 2651 1327 2722 diligimus
1372 2654 1615 2722 propter
1659 2649 1867 2702 Deum.
1903 2644 2017 2701 Sed
2061 2643 2250 2699 scien-

597 2745 746 2800 dum
773 2742 950 2800 nobis
980 2741 1126 2814 quia
1154 2739 1396 2796 inimico
1417 2737 1702 2810 veraciter
1733 2733 2078 2796 custoditur,
2111 2749 2250 2788 cum

593 2849 704 2890 nec
763 2832 838 2889 de
885 2829 1158 2904 profectu
1201 2828 1556 2892 addicimur,
1587 2843 1697 2883 nec
1751 2825 1825 2880 de
1872 2823 2047 2879 ruina
2091 2821 2248 2878 illius

593 2922 881 2979 laetamur.
917 2919 976 2977 Si
1003 2919 1165 2975 enim
1192 2917 1268 2973 de
1317 2916 1704 2990 prosperitate
1745 2913 2060 2982 addicitur,
2091 2915 2147 2968 et
2175 2911 2249 2966 de

2429 497 2601 572 Vens.
2636 521 2722 574 32.
2757 517 2926 572 Foris
2975 531 3094 571 non
3141 513 3358 570 mansit
3387 511 3739 582 peregrinus,
3766 513 3936 569 ostium

2356 623 2546 663 meum
2580 607 2801 663 viatori
2819 606 3043 675 patuit.
3063 636 3129 643 —
3151 601 3319 674 Quia,
3342 605 3484 656 teste
3513 599 3702 670 Paulo,
3727 601 3937 658 charitas

2355 697 2589 770 patiens
2618 699 2672 751 et
2717 695 2981 766 benigna
3017 690 3367 749 describitur
3397 690 3451 762 (Ῑ
3474 690 3605 745 Cor.
3635 704 3744 757 xm,
3771 687 3834 762 4),
3860 705 3941 762 per

2356 787 2704 859 patientiam
2761 785 2957 841 aliena
3001 782 3161 839 mala
3205 779 3609 854 aequanimiter
3637 777 3838 844 tolerat,
3863 795 3944 850 per

2355 875 2784 948 benignitatem
2814 890 3058 948 quoque
3085 873 3249 928 bona
3295 867 3736 927 misericorditer
3760 867 3945 942 impen-

2357 966 2461 1021 dit.
2487 965 2651 1022 Unde
2680 965 2893 1021 beatus
2922 963 3031 1019 Job
3061 966 3118 1018 et
3163 960 3452 1034 patienter
3479 957 3807 1014 domesticos
3839 973 3945 1013 ma-

2357 1055 2676 1112 ledicentes
2734 1051 2992 1126 pertulit,
3025 1056 3081 1107 et
3133 1049 3388 1106 viatores
3440 1051 3614 1120 atque
3657 1045 3947 1119 peregrinos

2360 1143 2526 1217 apud
2563 1159 2625 1198 se
2673 1142 2931 1212 benigne
2963 1139 3252 1212 suscepit:
3305 1136 3420 1192 illis
3471 1149 3701 1192 morum
3723 1133 3948 1204 exempla

2357 1233 2649 1294 tribuens,
2670 1231 2784 1288 illis
2812 1247 2919 1303 per
2947 1228 3298 1286 exteriorem
3318 1242 3500 1299 opem
3516 1238 3860 1281 concurrens.
3879 1224 3948 1278 Se-

2358 1323 2560 1394 quitur
2588 1340 2601 1377 :

2435 1433 2596 1486 Vens.
2644 1432 2731 1485 33.
2781 1427 2852 1483 Si
2909 1425 3194 1483 abscondi
3246 1423 3420 1496 quasi
3479 1420 3644 1477 homo
3693 1425 3948 1489 peccatum

2359 1535 2572 1588 meum,
2600 1524 2655 1574 et
2684 1517 2876 1574 celavi
2901 1517 2966 1571 in
2991 1516 3130 1570 sinu
3161 1529 3284 1570 meo
3310 1513 3681 1584 iniquitatem
3702 1523 3884 1564 meam.
3902 1537 3950 1544 —

2363 1609 2499 1664 Haec
2531 1611 2668 1663 sunt
2703 1620 2969 1677 namque
2996 1619 3154 1660 verae
3190 1599 3540 1658 humilitatis
3573 1595 3890 1660 testimonia,
3911 1596 3953 1650 et

2360 1697 2733 1771 iniquitatem
2759 1711 2933 1752 suam
2979 1707 3282 1766 quemque
3317 1704 3695 1760 cognoscere,
3722 1691 3774 1742 et
3795 1685 3953 1755 cogni-

2363 1792 2486 1844 tam
2511 1803 2656 1843 voce
2686 1782 3080 1842 confessionis
3105 1781 3358 1855 aperire.
3392 1785 3464 1835 At
3491 1782 3690 1834 contra
3724 1774 3953 1830 usitatum

2361 1876 2614 1933 humani
2642 1873 2875 1947 generis
2907 1872 3114 1928 vitium
3157 1875 3264 1938 est,
3296 1874 3356 1926 et
3399 1865 3657 1925 labendo
3699 1867 3954 1938 peccatum

2360 1965 2748 2032 committere,
2775 1967 2833 2019 et
2859 1960 3254 2018 commissum
3296 1957 3578 2028 negando
3624 1952 3952 2018 abscondere,

2361 2059 2418 2111 et
2442 2054 2747 2125 cognitum
2773 2049 3152 2108 defendendo
3173 2047 3591 2120 multiplicare.
3625 2047 3702 2100 Ex
3717 2043 3810 2100 illo
3823 2039 3954 2113 quip-

2360 2160 2436 2216 pe
2463 2143 2639 2216 lapsu
2685 2141 2862 2214 primi
2891 2137 3154 2196 hominis
3199 2139 3330 2193 haec
3385 2138 3706 2206 augmenta
3731 2128 3952 2202 nequitia

2361 2231 2661 2298 ducimus,
2694 2248 2768 2287 ex
2795 2245 2918 2303 quo
2949 2229 3145 2302 ipsam
3174 2226 3444 2282 radicem
3489 2223 3762 2281 traximus
3788 2217 3951 2290 culpa.

2361 2323 2512 2389 Quia
2535 2321 2713 2392 igitur
2736 2321 2864 2376 hinc
2889 2316 3299 2376 occultationis
3333 2315 3518 2388 culpa
3541 2314 3600 2369 in
3628 2313 3866 2368 humano
3885 2321 3955 2360 ve-

2358 2411 2668 2468 hementer
2696 2408 2972 2472 excrevit,
3003 2407 3158 2463 bene
3187 2406 3406 2462 beatus
3435 2403 3548 2460 Job
3587 2401 3727 2458 dum
3764 2397 3954 2456 diceret.

2358 2504 2412 2558 si
2465 2501 2751 2558 abscondi
2785 2504 3102 2570 peccatum
3151 2511 3370 2564 meum,
3433 2489 3788 2565 interposuit,
3825 2484 3960 2558 quasi

2361 2591 2552 2646 homo.
2587 2569 2851 2644 Hominis
2893 2585 3116 2658 quippe
3168 2583 3488 2657 proprium
3518 2577 3806 2651 conspicit,
3832 2569 3958 2646 quod

2359 2695 2432 2736 ex
2457 2677 2722 2752 parentis
2752 2675 2965 2732 veteris
3013 2674 3341 2730 imitatione
3385 2668 3708 2731 descendit,
3734 2664 3825 2721 ubi
3857 2665 3958 2736 apte

2361 2767 2635 2825 subditur
2658 2785 2670 2821 :
2697 2767 2777 2821 Et
2799 2765 2994 2822 celavi
3011 2765 3074 2819 in
3096 2764 3232 2818 sinu
3257 2776 3388 2818 meo
3407 2760 3768 2832 iniquitatem
3791 2767 3955 2810 meam.

2362 2857 2663 2930 Scriptura
2703 2854 2924 2911 etenim
2951 2869 3122 2910 sacra
3149 2852 3512 2925 plerumque
3556 2849 3744 2904 sinum
3785 2856 3958 2917 ponere

2359 2965 2468 3022 pro
2497 2951 2695 3004 mente
2743 2943 3072 3012 consuevit,
3102 2943 3254 2998 sicut
3293 2957 3444 2998 voce
3485 2937 3742 2996 Ecclesiae
3769 2934 3834 2992 de
3859 2947 3958 3006 per-

593 3011 929 3106 calamitate
979 3027 1043 3066 se
1094 3009 1355 3106 odientis‘
1393 3007 1644 3074 laetatur,
1677 3007 1910 3106 constat
1954 3001 2098 3074 quia
2127 3017 2251 3057 non
2281 3009 2322 3063 C
2359 3001 2732 3094 ξὲέυῶέῶίιε
2761 3034 2999 3102 nostris,
3031 3001 3136 3106 q'ui
3165 3030 3339 3088 nobis
3361 3035 3584 3087 natura
3609 3026 3832 3104 quidem
3851 3001 3957 3077 con-

591 3105 758 3158 amat
821 3117 1005 3174 quem
1055 3113 1181 3155 non
1236 3097 1363 3154 vult
1413 3112 1546 3153 esse
1599 3094 1930 3157 meliorem,
1990 3107 2250 3164 eumque

591 3191 772 3246 etiam
821 3193 1076 3246 stantem
1121 3191 1264 3243 voto
1311 3185 1688 3259 persequitur
1734 3199 1918 3256 quem
1969 3180 2250 3236 cecidisse

591 3277 941 3348 gratulatur.
975 3279 1042 3331 Et
1065 3279 1131 3330 ut
1158 3275 1371 3331 beatus
1404 3273 1513 3330 Job
1555 3271 1896 3328 ostenderet
1921 3285 1981 3324 se
2012 3285 2048 3325 a
2072 3269 2250 3341 culpa

590 3366 772 3422 etiam
798 3363 1235 3421 maledictionis
1263 3362 1548 3430 alienum,
1581 3364 1818 3417 secutus
1844 3357 2155 3430 adjunxit:

661 3490 836 3547 Vens.
866 3495 952 3546 30.
985 3490 1120 3546 Non
1147 3490 1301 3546 enim
1350 3489 1489 3545 dedi
1533 3488 1614 3544 ad
1635 3485 2006 3556 peccandum
2037 3489 2250 3555 guttur

589 3595 804 3648 meum,
839 3584 904 3633 ut
924 3583 1329 3648 exspectarem
1352 3578 1711 3634 maledicens
1727 3575 1992 3631 animam
2014 3575 2160 3643 ejus.
2180 3603 2248 3612 ~—

588 3669 864 3724 Peccaret
889 3666 1117 3739 quippe
1172 3665 1220 3720 si
1261 3665 1376 3721 hoc
1418 3668 1649 3737 optaret
1691 3679 1726 3720 a
1757 3665 1875 3718 Deo
1905 3660 2051 3728 ﬁeri,
2082 3661 2248 3732 quod

587 3755 715 3828 ipse
747 3754 940 3810 facere
969 3753 1062 3811 vel
1092 3754 1341 3810 omnino
1375 3769 1500 3809 non
1549 3755 1769 3825 posset,
1801 3749 1915 3820 vel,
1945 3749 1992 3804 si
2023 3753 2243 3822 posset,

589 3844 836 3900 minime
864 3843 1103 3900 diceret.
1137 3847 1286 3900 Nam
1335 3842 1440 3916 qui
1485 3839 2006 3899 maledictionibus
2052 3839 2247 3894 inimi-

589 3950 728 3990 cum
757 3934 1074 4006 impetunt,
1107 3932 1254 4006 quid
1286 3931 1451 3988 aliud
1476 3931 1537 3987 in
1583 3931 1682 3987 illo
1711 3931 1906 3986 facere
1935 3930 2122 3984 Deum
2141 3945 2248 3984 vo-

585 4022 737 4091 lunt,
770 4021 883 4078 nisi
910 4022 1078 4096 quod
1105 4021 1219 4096 ipsi
1271 4021 1464 4078 facere
1496 4025 1599 4078 aut
1631 4023 1955 4093 nequeunt,
1984 4023 2088 4076 aut
2115 4034 2248 4074 eru-

584 4112 883 4168 bescunt?
908 4111 1212 4185 Sequitur:

657 4239 831 4294 Vens.
864 4242 950 4293 3t.
981 4238 1053 4293 Si
1081 4253 1199 4293 non
1231 4237 1518 4292 dixerunt
1541 4236 1658 4292 viri
1696 4233 2071 4292 tabernaculi
2095 4233 2244 4289 mei:

589 4326 729 4394 Quis
787 4325 1006 4414 dictae
1078 4323 1360 4414 carnibus
1423 4327 1552 4393 ejus
1619 4328 1686 4378 ut
1745 4323 2133 4379 saturemur?
2180 4355 2249 4364 —
2281 4360 2324 4414 Β

588 4415 730 4480 Quae
773 4412 1060 4469 nimirum
1103 4412 1395 4468 sententia
1445 4415 1642 4483 potest
1695 4427 1938 4484 quoque
1973 4427 2080 4483 per
2119 4429 2249 4484 my-

587 4501 834 4558 sterium
866 4517 939 4557 ex
987 4517 1136 4557 voce
1177 4499 1588 4574 Redemptoris
1631 4499 1894 4568 intelligi.
1929 4497 2049 4553 Viri
2079 4497 2250 4570 quip-

583 4606 660 4664 pe
713 4591 842 4662 ejus
893 4589 1288 4660 tabernaculi,
1347 4589 1422 4645 de
1464 4587 1745 4644 carnibus
1788 4587 1942 4642 illius
1996 4583 2250 4644 saturari

585 4681 922 4753 cupierunt,
983 4679 1074 4736 vel
1125 4678 1316 4735 Judaei
1368 4678 1588 4734 scilicet
1657 4679 2102 4750 persequentes,
2159 4677 2249 4734 vel

586 4769 834 4838 gentiles
879 4767 1208 4826 credentes.
1270 4766 1420 4834 Quia
1473 4771 1530 4823 et
1575 4765 1656 4822 illi
1705 4763 1892 4821 moliti
1937 4769 2077 4820 sunt
2117 4781 2246 4822 cor-

583 4874 699 4930 pus
757 4857 911 4912 illius
969 4857 1384 4913 consumendo
1439 4855 1835 4926 exstinguere,
1882 4858 1938 4910 et
1981 4853 2078 4910 isti
2121 4869 2250 4912 esu-

583 4945 835 5000 rientem
882 4951 1150 5002 mentem
1207 4963 1382 5002 suam
1461 4945 1805 5001 desiderant
1877 4959 1986 5016 per
2051 4945 2246 5016 quoti-

584 5033 835 5089 dianum
883 5032 1313 5089 immolationis
1392 5033 1751 5090 sacriﬁcium
1817 5033 1891 5088 de
1944 5033 2074 5104 ejus
2123 5049 2248 5090 car-

583 5122 764 5179 nibus
821 5120 1056 5177 satiare.
1116 5119 1231 5178 Sed
1295 5137 1456 5176 nunc
1515 5122 1697 5178 solius
1762 5121 2019 5178 historiae
2072 5121 2249 5178 virtu-

583 5217 703 5270 tem
779 5213 1124 5282 sequentes,
1203 5225 1529 5282 pensemus
1604 5214 1834 5283 quanta
1907 5209 2246 5267 fortitudine

584 5301 772 5358 sancti
821 5299 1060 5356 animus
1109 5301 1274 5356 extra
1319 5298 1594 5370 intraque
1621 5298 1903 5355 sollicitus
1933 5299 2012 5355 ad
2043 5300 2246 5356 omnia

583 5392 823 5462 patitur,
866 5389 970 5462 qui
1003 5389 1052 5444 si
1077 5388 1300 5459 injuste
1340 5387 1675 5458 agentibus,
1709 5393 1813 5444 aut
1839 5405 2108 5460 unquam
2139 5405 2246 5461 per

584 5478 882 5534 silentium
909 5478 1161 5550 cederet,
1186 5481 1290 5534 aut
1317 5493 1424 5550 per
1453 5476 1866 5532 reotitudinem
1899 5493 2020 5531 non
2053 5479 2242 5534 trahe-

581 5571 686 5632 ret,
730 5567 994 5637 profecto
1044 5565 1422 5623 adversarios
1473 5581 1596 5620 non
1643 5564 1972 5638 habuisset.
2019 5566 2130 5622 Sed
2179 5567 2239 5622 in

581 5671 652 5712 eo
678 5655 843 5728 quod
875 5655 970 5710 via
1015 5655 1150 5712 vitae
1199 5657 1402 5725 tenuit,
1433 5659 1810 5728 exoptatores
1859 5672 1983 5712 suae
2027 5657 2233 5715 mortis

2351 3127 2546 3201 juncti
2570 3129 2724 3190 sunt,
2756 3123 2863 3180 sed
2891 3123 3015 3180 vita
3051 3120 3356 3193 disjuncti,
3393 3136 3504 3194 per
3531 3109 3956 3201 Psalmistaqui-

2359 3199 2545 3274 citur:
2598 3239 2624 3265 ‹‹
2647 3213 2850 3270 Redde
2881 3211 3088 3268 vicinis
3131 3211 3348 3266 nostris
3401 3207 3736 3283 septuplum
3771 3204 3824 3258 in
3859 3199 3958 3255 sinu

2358 3321 2566 3362 eorum
2597 3304 2784 3376 (Psal.
2812 3317 3053 3372 Lxxvm,
3080 3299 3187 3372 12).
3213 3321 3243 3349 ››
3276 3297 3433 3364 Quia
3451 3296 3627 3367 igitur
3647 3294 3798 3348 sinus
3819 3297 3959 3342 secre-

2359 3399 2486 3452 tum
2517 3373 2731 3449 mentis
2777 3389 3082 3462 accipitur,
3114 3388 3174 3444 in
3225 3387 3360 3442 sinu
3405 3384 3771 3458 iniquitatem
3811 3373 3956 3432 celare

2359 3488 2465 3555 est,
2497 3483 2654 3538 hanc
2697 3483 2761 3536 in
2819 3477 3198 3536 conscientiae
3239 3473 3510 3532 latibulis
3555 3469 3844 3532 occultare,
3877 3473 3958 3517 nec

2357 3587 2464 3646 per
2489 3568 2932 3626 confessionem
2975 3567 3270 3635 detegere,
3303 3564 3412 3620 sed
3465 3578 3573 3636 per
3614 3555 3962 3645 defensionem

2357 3631 2576 3716 velare.
2618 3659 2748 3724 Qua
2797 3659 3004 3712 contra
3057 3631 3316 3710 Iacobus
3358 3631 3544 3706 dicit:
3595 3671 3623 3698 εί
3653 3631 3966 3704 Conﬁtemini

2357 3747 2706 3804 alterutrum
2733 3747 2981 3818 peccata
3006 3745 3220 3803 vestra,
3251 3744 3306 3796 et
3334 3743 3514 3795 orate
3547 3753 3650 3810 pro
3679 3727 3966 3818 invicem‘ut

2358 3835 2668 3894 salvemini
2719 3813 2870 3906 (Jac.
2931 3849 2984 3902 v,
3047 3831 3200 3902 16).»
3256 3828 3552 3886 Salomon
3608 3835 3827 3899 quoque
3873 3813 3962 3871 ait:

2359 3947 2386 3977 «
2417 3924 2528 3991 Qui
2549 3921 2862 3980 abscondit
2884 3920 3106 3976 scelera
3126 3935 3254 3986 sua,
3283 3931 3406 3973 non
3431 3916 3749 3986 dirigetur;
3777 3906 3866 3982 qui
3884 3918 3964 3959 all-

2357 4020 2477 4073 tem
2526 4012 2835 4070 confessus
2880 4010 3074 4074 fuerit,
3107 4013 3163 4066 et
3211 4007 3522 4080 reliquerit
3569 4021 3657 4072 ea,
3687 3996 3962 4058 misericor-

2357 4105 2520 4160 diam
2543 4103 2941 4174 consequetur
2961 4099 3163 4170 (Prov.
3192 4111 3388 4162 xxvm,
3417 4099 3570 4164 13).»
3595 4090 3706 4150 Sed
3717 4089 3850 4146 inter
3863 4083 3964 4174 haec

2357 4193 2669 4250 sciendum
2695 4171 2802 4262 est,
2833 4187 3000 4262 quod
3027 4187 3384 4260 plerumque
3414 4183 3695 4240 homines
3721 4182 3773 4234 et
3797 4171 3963 4262 culpas

2357 4282 2714 4339 conﬁtentur
2737 4253 2797 4336 et
2820 4253 3075 4334 humiles
3103 4290 3228 4332 non
3259 4253 3414 4330 sunt.
3445 4275 3660 4329 Beatus
3687 4267 3864 4338 itaque
3879 4253 3963 4314 Job

2357 4377 2598 4446 quantae
2626 4367 2976 4428 humilitatis
3019 4365 3195 4422 fuerit
3242 4361 3526 4434 ostendit,
3557 4361 3661 4434 qui
3691 4373 3749 4413 se
3777 4359 3825 4409 et
3847 4351 3965 4446 inter

2357 4460 2729 4519 adversarios
2753 4460 2999 4514 noverat
3023 4455 3239 4523 vivere,
3273 4457 3329 4509 et
3357 4455 3562 4508 tamen
3611 4462 3731 4505 non
3769 4435 3968 4498 vereba-

2357 4553 2453 4608 tur
2498 4549 2705 4623 culpas
2747 4562 2894 4604 voce
2937 4541 3328 4602 confessionis
3374 4540 3626 4613 aperire.
3665 4533 3772 4593 Sed
3797 4531 3965 4623 noten-

2357 4639 2504 4695 dum
2535 4613 2702 4712 quod
2727 4634 2999 4709 superius
3023 4632 3268 4688 virtutes
3298 4645 3438 4686 suas
3463 4627 3746 4701 loquitur,
3764 4613 3964 4712 inierint

2355 4699 2672 4803 peccatum
2713 4699 2948 4782 fatetur.
2979 4723 3122 4779 Hinc
3165 4721 3325 4778 enim
3363 4699 3597 4792 liquido
3645 4699 3966 4803 demonstrat

2356 4800 2542 4892 quam
2569 4831 2712 4873 vera
2740 4815 2814 4871 de
2837 4813 3016 4870 bonis
3049 4811 3171 4868 suis
3197 4810 3446 4878 dixerat,
3469 4805 3577 4880 qui
3607 4800 3788 4860 noluit
3809 4801 3962 4852 tacere

2354 4909 2428 4964 de
2457 4907 2657 4964 malis.
2688 4903 2998 4977 Sequitur:

2425 5035 2591 5088 Vens.
2621 5033 2710 5088 34.
2739 5030 2812 5086 Si
2825 5027 3046 5098 επραυί
3073 5026 3154 5084 ad
3180 5023 3628 5102 multitudinem
3657 5015 3900 5078 nimiam,
3923 5009 3962 5102 cf

2353 5121 2646 5191 despectio
2685 5093 3162 5190 propin-quorum
3194 5099 3410 5172 terruit
3437 5126 3548 5180 me,
3581 5115 3636 5166 et
3666 5123 3782 5164 non
3809 5093 3964 5191 mall?"

2354 5212 2534 5279 tacui,
2564 5217 2618 5266 et
2643 5225 2763 5266 non
2792 5185 3058 5279 egressus
3096 5221 3226 5260 sum
3261 5203 3494 5259 ostium.
3522 5231 3592 5240 --
3619 5200 3702 5253 Ac
3728 5194 3774 5250 si
3801 5185 3964 5281 aperte

2351 5301 2545 5358 dicat:
2576 5298 2846 5357 Turbatis
2873 5299 3081 5352 contra
3105 5311 3202 5350 me
3232 5293 3598 5350 extrinsecus
3625 5285 3772 5356 aliis,
3787 5282 3898 5352 ipse
3919 5283 3968 5326 1n

2350 5406 2447 5446 me
2477 5385 2982 5462 imperturbabilis
3010 5383 3230 5440 mansi.
3256 5381 3429 5451 Quid,
3450 5391 3716 5448 namque
3744 5372 3848 5428 hoc
3863 5363 3969 5462 loco

2349 5451 2589 5544 ostium,
2623 5476 2735 5532 nisi
2783 5491 2850 5530 os
2899 5473 3192 5528 debemus
3238 5466 3552 5542 accipere?
3599 5479 3706 5538 per
3733 5477 3798 5517 os
3824 5451 3968 5528 quip-

2349 5585 2424 5641 pe
2469 5567 2830 5638 egredimur,
2862 5563 3009 5619 dum
3058 5561 3253 5618 verbis
3293 5559 3516 5634 quibus
3562 5561 3872 5626 possumus
3898 5552 3970 5592 56‘

2352 5635 2534 5714 creta'
2573 5654 2758 5712 nostri
2823 5652 3019 5710 cordis
3075 5651 3416 5724 aperimus;
3473 5651 3532 5704 et
3581 5641 3788 5715 quales
3837 5635 3968 5689 intus
