4120 6156
223 167 321 221 369

923 188 926 192 '
1011 164 1304 219 ΕΡΙΤΟΜΕ
1343 163 1708 220 MORALIUM
1750 164 1804 220 S.
1847 165 2049 223 GREG.
2096 172 2166 225 IN
2202 173 2344 228 JOB.
2385 203 2455 213 —
2495 173 2621 229 LIB.
2663 175 2821 228 XXII.

3540 176 3644 239 37o

220 301 538 342 manemus
567 284 629 340 in
675 285 1058 356 conscientia,
1117 286 1264 342 tales
1314 285 1476 342 foras
1525 287 1729 356 egredi
1772 303 1878 360 per
1909 294 1955 345 A
1987 291 2142 348 rium
2173 294 2544 356 exaudiatur.
2573 295 2716 366 quia
2746 295 2860 349 nisi
2888 310 2998 366 pro
3029 294 3206 350 nobis
3252 293 3644 366 interpellatio

216 375 511 446 linguam.
549 375 696 432 Sunt
718 390 857 430 vero
887 374 1159 430 nonnulli
1207 375 1312 448 qui
1367 376 1614 432 omnino
1653 377 1878 449 despici

216 469 514 532 metuunt,
545 480 614 520 ac
642 480 715 520 ne
740 464 883 520 viles
924 464 1174 521 fortasse
1197 466 1542 537 judicentur
1579 467 1877 539 sapientes

216 553 407 610 videri
429 556 756 626 appetunt;
787 553 848 608 hi
870 558 1166 622 coguntur
1186 555 1406 610 ostium
1455 555 1677 625 egredi,
1737 554 1882 627 quia

216 642 441 717 pulsati
465 641 837 698 contumeliis
865 657 1052 714 quam
1082 643 1289 712 magni
1319 643 1484 715 apud
1525 659 1586 700 se
1635 643 1878 712 lateant,

217 733 530 805 loquentes
557 730 930 794 denuntiant,
977 731 1247 804 dumque
1291 749 1398 805 per
1444 733 1880 806 impatientiam

218 822 354 878 victi
383 819 661 894 quaedam
691 819 767 876 de
807 835 869 875 se
920 837 1054 893 quae
1106 821 1528 878 nesciebantur
1582 823 1878 895 aperiunt,

224 917 508 984 tanquam
537 925 644 982 per
673 909 792 965 oris
821 911 1040 966 ostium
1071 911 1476 981 egrediuntur.
1533 911 1693 968 Unde
1740 911 1879 966 bea-

222 1006 311 1058 tus
364 999 474 1056 Job
530 999 800 1055 dicturus
847 1000 1013 1072 quod
1059 1000 1178 1056 oris
1228 1000 1448 1056 ostium
1502 1016 1626 1056 non
1675 1001 1882 1056 fuisset

219 1106 514 1160 egressus,
571 1089 882 1162 prazmisit,
940 1091 1143 1161 tacui;
1192 1089 1337 1162 quia
1382 1089 1652 1145 videlicet
1689 1089 1879 1162 impa-

218 1180 422 1238 tientia
465 1178 763 1241 turbatus.
823 1195 858 1234 a
907 1179 1090 1235 domo
1139 1179 1513 1235 conscientiae
1559 1179 1796 1246 exisset,
1831 1178 1878 1234 si

217 1275 411 1328 tacere
453 1268 760 1324 nescisset.
822 1271 889 1325 Et
931 1268 1267 1325 notandum
1313 1268 1480 1342 quod
1527 1268 1740 1325 beatus
1767 1267 1878 1324 Job

215 1359 299 1417 ait
339 1377 352 1414 :
394 1361 466 1417 Si
505 1358 725 1428 expan
746 1357 828 1414 ad
845 1359 1287 1415 multitudinem
1317 1359 1586 1423 nimiam,
1618 1362 1684 1414 ut
1703 1358 1876 1428 cujus

216 1448 567 1506 constantia
597 1447 791 1514 fuerit,
824 1453 1221 1518 agnoscatur;
1283 1448 1426 1520 quia
1473 1447 1744 1503 videlicet
1777 1463 1878 1502 ne-

214 1554 530 1611 quaquam
587 1541 840 1592 exterret
883 1537 1138 1592 exterius
1196 1552 1484 1592 numerus
1537 1536 1874 1604 hominum,

1987 383 2316 439 Mediatoris
2345 384 2747 444 intercederet,
2777 384 2855 438 ab
2896 399 3038 438 aure
3093 384 3188 439 Dei
3219 384 3428 457 procul
3457 383 3644 438 dubio

1986 477 2330 529 nostrarum
2357 489 2603 546 precum
2645 489 2808 527 voces
2835 473 3091 528 silerent.
3121 473 3461 530 Notandum
3492 489 3644 545 quo-

1985 575 2103 631 que
2129 566 2235 630 est,
2268 563 2434 634 quod
2473 579 2860 636 nequaquam
2892 563 3106 618 dicitur
3135 579 3364 635 preces,
3398 563 3500 620 sed
3545 564 3644 618 de-

1986 649 2268 704 siderium
2299 666 2489 706 meum
2519 651 2901 718 Omnipotens
2940 651 3176 705 audiat.
3235 652 3382 706 Vera
3420 650 3645 722 quippe

1985 736 2306 810 postulatio
2328 755 2451 795 non
2481 740 2541 794 in
2572 740 2692 794 oris
2725 743 2812 794 est
2837 738 3110 806 vocibus,
3158 739 3263 795 sed
3310 739 3373 794 in
3421 740 3645 808 cogita-

1985 827 2247 883 tionibus
2303 829 2518 884 cordis.
2572 827 2931 883 Valcntiores
2963 826 3230 900 namque
3271 842 3449 882 voces
3482 828 3647 899 apud

1987 916 2421 972 sacratissimas
2451 933 2627 972 aures
2660 917 2756 971 Dei
2785 931 2909 971 non
2941 915 3167 972 faciunt
3204 914 3391 970 verba
3419 920 3646 984 nostra,

1986 1006 2089 1061 sed
2119 1005 2432 1061 desideria.
2469 1005 2612 1061 Hinc
2645 1006 2705 1060 in
2739 1005 3058 1076 Evangelio
3112 1005 3405 1062 Dominus
3451 1004 3590 1060 dicit
3634 1022 3646 1058 :

1986 1116 2014 1142 «
2047 1097 2204 1150 Intra
2233 1095 2291 1149 in
2323 1093 2669 1149 cubiculum
2695 1099 2886 1161 tuum,
2903 1100 2978 1166 et,
2994 1094 3200 1150 clauso
3221 1093 3374 1150 ostio
3390 1098 3517 1160 tuo,
3542 1109 3649 1148 ora

1986 1186 2219 1239 Patrem
2252 1189 2421 1239 tuum
2449 1183 2506 1238 in
2540 1185 2860 1252 absconso,
2888 1189 2944 1238 et
2971 1187 3138 1238 Pater
3161 1188 3324 1251 tuus,
3357 1183 3462 1256 qui
3490 1183 3651 1237 videt

1985 1272 2044 1328 in
2075 1273 2450 1342 abscondito,
2483 1273 2689 1328 reddet
2721 1273 2825 1327 tibi
2855 1274 3099 1343 (Matth.
3135 1273 3296 1343 vr,6).
3327 1272 3603 1344 Sequitur
3633 1290 3646 1326 :

1985 1364 2065 1418 Et
2091 1364 2310 1418 librum
2338 1364 2562 1417 scribat
2594 1364 2718 1432 ipse
2747 1363 2852 1432 qui
2869 1363 3133 1432 judicat.
3187 1393 3255 1401 —
3301 1361 3452 1426 Quia
3491 1361 3650 1415 enim

1987 1451 2212 1507 timenti
2244 1451 2442 1505 adhuc
2470 1450 2695 1522 populo
2726 1450 2819 1505 lex
2852 1455 2948 1504 est
2983 1450 3337 1504 transmissa
3380 1464 3487 1521 per
3530 1463 3650 1502 ser-

1987 1557 2132 1595 vum
2179 1539 2563 1609 diligentibus
2607 1555 2749 1593 vero
2797 1538 2932 1593 ﬁliis
2983 1537 3283 1608 Evangelii
3329 1537 3520 1607 gratia
3567 1541 3654 1591 est

213 1643 398 1699 quem
454 1640 576 1680 non
632 1625 909 1680 devastat
950 1625 1196 1681 interius
1243 1625 1420 1682 turba
1471 1625 1769 1682 vitiorum.
1814 1628 1877 1680 In
1906 1642 1950 1694 Β
1988 1627 2204 1683 collata
2230 1644 2337 1701 per
2367 1628 2712 1694 Dominum,
2745 1626 2848 1698 qui
2893 1625 2970 1682 ad
3019 1624 3494 1696 redemptionem
3543 1639 3652 1678 no-

211 1716 328 1770 hac
361 1713 581 1770 etenim
613 1713 735 1768 vita
759 1713 863 1786 qui
893 1714 1061 1770 nulla
1090 1730 1380 1787 prospera
1405 1715 1648 1787 appetit,
1666 1713 1880 1787 procul

211 1803 403 1860 dubio
434 1803 686 1859 adversa
714 1803 1093 1875 pertimescit.
1129 1805 1268 1868 Quae
1308 1803 1527 1859 scilicet
1570 1803 1772 1870 verba,
1829 1803 1878 1858 si

211 1895 290 1950 ad
322 1893 687 1948 intellectum
720 1893 1040 1964 mysticum
1072 1893 1383 1955 trahimus,
1416 1893 1476 1948 in
1526 1893 1660 1964 ejus
1710 1893 1880 1949 citius

211 1983 562 2057 operatione
616 1981 802 2037 nostri
855 1982 1265 2056 Redemptoris
1316 1983 1471 2039 facta
1516 1983 1875 2039 invenimus.

213 2074 350 2145 Ipse
380 2071 605 2144 quippe
637 2086 673 2126 a
703 2069 1081 2125 multitudine
1107 2071 1292 2126 nimia
1333 2087 1455 2126 non
1485 2071 1743 2144 expavit,
1777 2071 1880 2144 qui

215 2165 633 2234 persecutores
667 2175 806 2215 suos
834 2180 861 2208 ‹‹
896 2175 1035 2214 cum
1083 2160 1296 2228 gladiis
1327 2164 1384 2216 et
1429 2159 1686 2216 fustibus
1711 2161 1877 2231 (Luc.

213 2267 365 2318 xxn,
397 2251 480 2321 52)
509 2272 537 2298 ››
565 2248 863 2304 venientes
893 2264 1013 2304 una
1043 2253 1274 2304 tantum
1319 2250 1710 2321 responsione
1753 2265 1882 2322 per-

215 2339 384 2409 cutit,
416 2339 621 2394 dicens
654 2355 666 2392 :
703 2361 730 2384 «
765 2341 886 2407 Ego
917 2354 1051 2393 sum
1079 2339 1277 2408 (Joan.
1311 2354 1471 2408 LVlll,
1503 2340 1578 2409 5).
1615 2362 1642 2388 »
1678 2343 1880 2411 Ipsum

214 2429 528 2502 despectio
559 2427 1038 2500 prOpinquorum
1070 2443 1193 2483 non
1225 2428 1446 2494 terruit,
1497 2428 1603 2500 qui
1649 2444 1759 2484 nos
1805 2428 1882 2483 ab

216 2517 455 2574 aeternis
487 2515 796 2589 suppliciis
828 2515 1110 2583 liberans,
1135 2515 1370 2589 palmas
1400 2516 1459 2572 in
1491 2515 1638 2572 facie
1678 2533 1880 2589 aequa-

215 2603 461 2659 nimiter
507 2600 753 2672 accepit.
816 2605 945 2673 Ipse
993 2601 1196 2661 tacuit.
1245 2605 1303 2656 et
1342 2601 1566 2656 ostium
1606 2617 1883 2671 egressus

215 2707 342 2748 non
394 2695 505 2759 est,
550 2690 693 2763 quia
744 2689 857 2745 sub
886 2690 1020 2762 ipsa
1054 2690 1183 2760 jam
1212 2689 1511 2762 passionis
1542 2691 1713 2753 hora,
1745 2706 1884 2745 cum

216 2779 620 2836 humanitatis
661 2779 899 2835 inﬁrma
941 2783 1262 2850 pateretur,
1307 2777 1630 2834 divinitatis
1680 2783 1886 2850 poten-

218 2869 371 2925 tiam
407 2884 681 2924 exercere
708 2867 914 2924 noluit.
948 2866 1249 2923 Mediatori
1273 2866 1497 2940 quippe
1553 2867 1651 2922 Dei
1700 2871 1758 2921 et
1784 2867 1888 2922 ho-

1987 1722 2170 1773 stram
2204 1717 2470 1783 veniens,
2506 1720 2738 1772 Novum
2780 1714 2956 1769 nobis
3005 1715 3456 1768 Testamentum
3510 1728 3652 1766 con-

1985 1805 2180 1872 didit;
2230 1805 2334 1860 sed
2381 1805 2455 1859 de
2499 1803 2771 1875 ejusdem
2801 1819 2932 1869 nos,
2981 1799 3340 1856 Testamenti
3366 1799 3656 1855 mandato

1985 1895 2330 1965 discutiens,
2359 1894 2729 1967 quandoque
2755 1893 2935 1948 etiam
2958 1892 3148 1962 judex
3173 1891 3353 1960 venit,
3382 1906 3656 1945 necessa-

1987 1985 2141 2039 rium
2174 1999 2295 2038 non
2327 1988 2415 2038 est
2443 1987 2504 2036 ut
2553 1999 2660 2054 per
2707 1980 3144 2053 expositionem
3189 1979 3478 2035 clarescat
3506 1978 3653 2050 quid

1988 2077 2075 2127 est
2109 2090 2121 2126 :
2157 2073 2405 2126 Librum
2433 2071 2658 2126 scribat
2692 2073 2816 2140 ipse
2845 2071 2951 2140 qui
2963 2070 3465 2140 judicat—Ipsa
3496 2067 3656 2122 enim

1987 2176 2095 2234 per
2123 2176 2186 2215 se
2219 2159 2447 2215 Veritas
2472 2159 2631 2214 dicat
2665 2177 2677 2213 :
2711 2181 2738 2208 «
2774 2159 2945 2213 Pater
2989 2173 3112 2212 non
3160 2156 3393 2227 judicat
3440 2171 3655 2228 quem-

1989 2265 2198 2322 quam,
2255 2248 2359 2304 sed
2417 2263 2596 2302 omne
2635 2246 2930 2318 judicium
2980 2245 3146 2300 dedit
3197 2244 3335 2300 Filio
3368 2245 3564 2315 (Joan.
3600 2260 3655 2310 v,

1988 2340 2099 2408 22).
2137 2360 2165 2387 ››
2220 2337 2337 2392 Erit
2383 2352 2526 2406 ergo
2575 2341 2715 2391 tunc
2757 2339 2965 2390 auctor
2990 2333 3199 2404 judicii
3247 2333 3350 2405 qui
3380 2348 3540 2387 nunc
3572 2337 3660 2386 est

1991 2427 2265 2484 conditor
2320 2426 2479 2492 libri,
2537 2431 2600 2480 ut
2665 2430 2804 2480 tunc
2858 2423 3162 2478 districtus
3215 2421 3433 2492 exigat,
3491 2420 3658 2493 quod

1992 2516 2178 2571 modo
2210 2519 2562 2570 mansuetus
2583 2513 2772 2583 jubet.
2808 2514 2994 2576 Quem
3026 2509 3246 2565 scilicet
3269 2509 3490 2564 librum
3515 2507 3652 2563 Novi

1992 2604 2372 2672 Tcstamenti,
2405 2603 2549 2674 quia
2589 2603 2713 2674 ipse
2744 2617 2850 2673 per
2879 2616 2941 2653 se
2969 2599 3221 2654 humani
3273 2598 3506 2667 generis
3554 2601 3659 2652 He-

1994 2693 2273 2764 demptor
2325 2691 2382 2745 in
2435 2697 2701 2745 extremo
2754 2688 3082 2754 conderet,
3170 2687 3324 2742 bene
3400 2684 3662 2740 Ezechiel

1994 2781 2288 2853 propheta
2319 2779 2635 2834 denuntiat
2657 2778 2863 2833 dicens
2897 2795 2909 2831 :
2945 2800 2970 2824 ‹‹
3009 2780 3152 2832 Ecce
3183 2791 3290 2831 sex
3313 2775 3422 2830 viri
3463 2774 3662 2830 venie-

1997 2871 2146 2926 bant
2173 2869 2247 2924 de
2275 2869 2371 2924 via
2401 2872 2585 2939 portae
2619 2867 2962 2939 superioris,
3011 2865 3252 2937 respicit
3305 2864 3384 2920 ad
3429 2863 3662 2936 aquilo-

216 2958 483 3022 minum,
512 2955 686 3029 quasi
711 2955 914 3026 egredi
943 2955 1164 3011 ostium
1197 2954 1425 3022 fuisset,
1477 2954 1525 3009 si
1556 2971 1695 3010 cum
1726 2958 1889 3010 tene-
1919 2996 1959 3050 Ο
1996 2975 2161 3025 nem,
2221 2963 2276 3012 et
2326 2957 2804 3028 uniuscujusque
2859 2972 2967 3010 vas
3023 2953 3288 3010 interitus
3345 2953 3406 3008 in
3477 2968 3666 3008 manu

213 3052 386 3104 retur
416 3050 481 3102 ut
508 3046 690 3101 homo
721 3044 1054 3116 majestatis
1083 3061 1205 3100 suae
1230 3043 1562 3116 potentiam
1605 3043 1891 3099 voluisset
1925 3043 1959 3050 “
2000 3049 2150 3119 ejus.
2181 3066 2210 3099 ›
2256 3048 2359 3101 Vir
2382 3062 2613 3118 quoque
2644 3061 2799 3100 unus
2844 3045 2906 3099 in
2937 3044 3128 3099 medio
3171 3059 3372 3098 eorum
3422 3043 3664 3098 vestitus

215 3136 562 3203 ostendere,
593 3139 651 3191 et
673 3150 782 3208 per
811 3133 1136 3190 divinitatis
1167 3132 1648 3202 magnitudinem
1689 3149 1890 3188 susce-

214 3230 337 3299 ptae
365 3225 566 3282 carnis
598 3223 837 3280 inﬁrma
863 3222 1136 3279 transire.
1160 3224 1229 3278 Ut
1253 3221 1411 3277 enim
1437 3226 1677 3295 apertus
1705 3221 1892 3276 homo

218 3315 382 3370 mori
411 3317 635 3387 posset,
661 3315 815 3368 Deus
854 3311 1079 3367 mansit
1122 3310 1410 3374 occultus,
1465 3333 1492 3358 ‹‹
1544 3311 1688 3383 quia
1719 3310 1765 3364 si
1797 3325 1894 3364 co-

221 3403 602 3476 gnovissent,
633 3417 951 3474 nunquam
978 3400 1301 3456 Dominum
1330 3399 1530 3469 gloriae
1562 3399 1892 3454 crucifixis-

225 3499 364 3549 sent
389 3494 451 3563 (Ι
473 3493 610 3547 Cor.
636 3507 697 3554 ιι,
721 3493 796 3560 8).
829 3513 856 3539 ››
897 3494 1023 3546 Non
1053 3495 1143 3545 est
1177 3504 1320 3559 ergo
1344 3504 1620 3570 egressus
1649 3489 1890 3555 ostium,

222 3583 333 3656 qui
363 3588 421 3638 et
453 3581 770 3654 requisitus
799 3596 836 3636 a
861 3580 1041 3635 Pilato
1067 3579 1248 3637 tacuit
1296 3579 1538 3650 (Matth.
1571 3595 1726 3646 xxvr,
1777 3582 1891 3646 63),

225 3678 413 3745 atque
443 3671 590 3727 inter
615 3674 1070 3743 persecutorum
1102 3685 1340 3735 manus,
1389 3674 1446 3724 et
1489 3685 1709 3740 corpus
1760 3683 1896 3740 pas-

226 3762 390 3817 sioni
439 3759 650 3816 obtulit
701 3758 866 3830 quod
923 3774 1034 3830 pro
1091 3757 1291 3814 electis
1351 3762 1780 3829 assumpserat,
1841 3760 1898 3812 et

224 3849 645 3907 resistentibus
671 3846 1110 3902 demonstravit
1133 3846 1301 3918 quod
1327 3851 1470 3902 erat.
1521 3846 1684 3902 Unde
1716 3846 1896 3901 etiam

226 3955 339 4012 per
370 3937 754 3992 Psalmistam
785 3935 1002 3989 dicitur
1035 3951 1046 3986 :
1087 3954 1105 3984 ι
1147 3933 1482 3989 Posuerunt
1512 3950 1607 3989 me
1651 3934 1712 3988 in
1755 3933 1901 3988 abo-

228 4026 630 4084 minationem
674 4023 808 4090 sibi,
848 4022 1100 4077 traditus
1143 4038 1279 4076 sum
1309 4027 1364 4076 et
1391 4037 1515 4077 non
1547 4022 1900 4090 egrediebar

231 4116 432 4185 (Psat.
462 4127 722 4173 Lxxxvu,
754 4114 924 4176 9-10).
963 4133 990 4158 ››
1031 4110 1306 4181 Sequitur
1337 4128 1350 4164 :

302 4205 487 4258 Vens.
517 4205 606 4257 35.
641 4201 782 4267 Quis
811 4200 961 4255 mihi
987 4199 1214 4253 tribuat
1244 4199 1605 4268 adjutorem,
1647 4205 1710 4254 ut
1747 4201 1898 4255 desi-

231 4295 470 4351 derium
492 4305 683 4346 meum
716 4289 1098 4358 Omnipotens
1124 4288 1335 4344 audiat
1361 4292 1389 4342 ?
1416 4319 1484 4327 —
1531 4289 1782 4343 Sanctus
1811 4287 1901 4342 vir

230 4385 563 4456 postquam
623 4383 704 4433 tot
755 4377 1041 4432 virtutum
1092 4392 1340 4432 suarum
1401 4375 1682 4432 sublimia
1735 4379 1902 4446 gesta

233 4468 536 4533 narravit;
562 4467 754 4522 sciens
778 4464 945 4538 quod
977 4465 1099 4519 suis
1126 4465 1349 4520 meritis
1379 4465 1456 4520 ad
1484 4482 1724 4521 summa
1771 4480 1901 4537 per-

232 4557 440 4615 venire
485 4559 791 4627 nequeat,
874 4552 1214 4623 adjutorem
1263 4554 1516 4626 quaerit,
1597 4558 1654 4608 et
1717 4569 1901 4625 quem

237 4647 550 4711 nimirum,
608 4644 722 4700 nisi
781 4642 1157 4712 unigenitum
1225 4645 1326 4700 Dei
1376 4643 1578 4700 Filium
1635 4648 1903 4698 contem-

239 4735 486 4810 platur?
542 4733 653 4799 Qui
700 4734 1036 4788 humanam
1091 4737 1369 4788 naturam
1428 4734 1487 4787 in
1532 4733 1645 4788 hac
1688 4737 1908 4788 morta-

242 4826 403 4881 litate
455 4821 856 4888 laborantem,
913 4820 1062 4875 dum
1115 4822 1394 4893 suscepit,
1455 4821 1702 4892 adjuvit.
1774 4823 1904 4894 Ipse

240 4912 471 4986 quippe
530 4909 755 4981 adjuvit
811 4909 1116 4965 hominem
1172 4909 1362 4965 factus
1409 4910 1614 4980 homo,
1660 4915 1723 4965 ut
1751 4926 1904 4982 puro

239 5002 477 5059 homini
528 5001 628 5057 via
667 4999 958 5056 redeundi
1005 4999 1170 5055 ﬁeret
1212 5015 1318 5072 per
1354 5001 1662 5056 hominem
1695 5005 1902 5056 Deum.

246 5090 487 5148 Sciebat
539 5089 764 5161 quippe
820 5087 986 5160 quod
1044 5087 1120 5143 ad
1197 5088 1466 5160 requiem
1538 5088 1905 5145 liberationis

247 5184 507 5246 aeterne,
555 5192 760 5250 preces
815 5175 929 5232 nisi
974 5191 1080 5248 per
1132 5176 1494 5233 advocatum
1566 5195 1743 5234 suum
1799 5195 1905 5235 au-

245 5267 363 5324 diri
416 5282 539 5322 non
598 5270 860 5338 possent,
933 5264 1008 5320 de
1065 5281 1190 5337 quo
1249 5281 1352 5337 per
1407 5267 1703 5322 Joannem
1759 5284 1907 5340 apo-

251 5357 478 5413 stolum
532 5355 745 5412 dicitur
795 5372 807 5409 :
862 5377 889 5402 ‹‹
952 5355 1008 5410 Si
1064 5355 1198 5426 quis
1245 5358 1599 5426 peccaverit,
1647 5357 1908 5413 advoca-

253 5451 382 5504 tum
438 5444 737 5500 habemus
811 5441 976 5515 apud
1052 5445 1282 5497 Patrem
1355 5447 1554 5500 Jesum
1616 5447 1910 5502 Christum

250 5537 507 5607 justum,
537 5537 594 5588 et
619 5532 748 5604 ipse
774 5534 864 5585 est
891 5529 1228 5602 propitiatio
1259 5548 1368 5603 pro
1399 5534 1655 5605 peccatis
1697 5535 1913 5589 nostris

255 5622 319 5700 (Ι
334 5623 517 5680 Joan.
540 5636 602 5689 ιι,
640 5620 710 5691 1).
743 5640 774 5670 ιο
804 5617 1058 5690 Adjutor
1082 5632 1224 5688 ergo
1250 5620 1554 5696 quaeritur,
1587 5625 1652 5677 ut
1679 5621 1912 5680 deside-

2005 3137 2196 3202 tineis,
2240 3142 2293 3192 et
2325 3137 2831 3190 atramentarium
2865 3134 3173 3201 scriptoris
3203 3133 3266 3186 in
3307 3146 3492 3186 manu
3538 3133 3666 3199 ejus

2004 3226 2243 3294 (Ezech.
2273 3241 2352 3293 ix,
2384 3226 2460 3293 2).
2495 3223 2771 3296 Sequitur
2804 3242 2816 3278 :

2073 3371 2241 3423 Vens.
2288 3370 2376 3423 36.
2430 3367 2500 3423 Ut
2551 3367 2614 3420 in
2669 3366 2915 3420 humero
2961 3379 3085 3418 meo
3111 3367 3343 3432 portem
3383 3362 3580 3426 illum,
3612 3366 3667 3415 et

2004 3457 2364 3514 circumdem
2388 3457 2562 3510 illum
2595 3455 2768 3526 quasi
2796 3469 3078 3509 coronam
3107 3451 3275 3507 mihi.
3309 3482 3376 3490 —
3425 3449 3668 3505 Librum

2003 3548 2226 3620 quippe
2257 3545 2319 3600 in
2349 3546 2601 3600 humero
2626 3549 2862 3616 portare
2893 3547 3002 3611 est,
3036 3541 3401 3612 Scripturam
3433 3556 3668 3594 sacram

2005 3635 2313 3708 operando
2344 3633 2648 3707 perﬁcere.
2687 3636 2750 3687 Et
2774 3631 3108 3687 notandum
3160 3645 3346 3702 quam
3396 3628 3669 3682 ordinate

2005 3724 2381 3792 describitur,
2413 3728 2470 3778 et
2500 3722 2664 3794 prius
2696 3723 2758 3776 in
2791 3722 3036 3776 humero
3064 3718 3381 3791 portari,et
3410 3721 3674 3788 postmo-

2006 3815 2154 3870 dum
2187 3812 2336 3867 sicut
2365 3827 2584 3867 corona
2617 3808 2995 3864 circumdari.
3033 3807 3183 3872 Quia
3213 3805 3485 3861 videlicet
3515 3803 3668 3859 sacri

2008 3901 2230 3974 eloquii
2256 3900 2564 3963 mandata,
2595 3899 2640 3952 si
2671 3897 2854 3952 modo
2875 3897 3028 3951 bene
3052 3899 3367 3967 portantur
3387 3894 3444 3949 in
3469 3910 3670 3964 opere,

2007 3995 2148 4063 post
2175 3988 2351 4043 nobis
2381 3987 2639 4041 victoriae
2671 4001 2958 4040 coronam
2988 3983 3272 4038 exhibent
3323 3983 3382 4036 in
3421 3981 3670 4035 retribu-

2011 4078 2190 4134 tione.
2219 4075 2493 4146 Sequitur
2519 4093 2531 4129 :

2084 4207 2256 4260 Vnus.
2291 4206 2380 4258 37.
2404 4204 2526 4258 Per
2553 4201 2822 4270 singulos
2851 4200 3079 4269 gradus
3096 4213 3251 4252 meos
3269 4197 3676 4266 pronuntiabo

2014 4295 2210 4349 illum.
2245 4323 2310 4330 —
2337 4291 2416 4345 De
2450 4289 2541 4345 his
2571 4288 2794 4362 quippe
2839 4288 3188 4342 meritorum
3237 4284 3524 4355 gradibus
3572 4300 3678 4356 per

2013 4382 2386 4438 Psalmistam
2435 4379 2652 4435 dicitur
2708 4396 2720 4434 :
2771 4401 2797 4426 «
2839 4376 3245 4432 Ambulabant
3274 4375 3348 4430 de
3378 4373 3590 4428 virtute
3617 4372 3677 4427 in

2009 4472 2285 4528 virtutem
2315 4471 2501 4537 (Psat.
2536 4484 2730 4533 XLVIII,
2761 4471 2840 4534 8).
2860 4489 2888 4516 »
2922 4469 3000 4522 De
3030 4466 3122 4521 his
3153 4465 3368 4520 iterum
3407 4467 3679 4518 sanctam

2012 4560 2335 4617 Ecclesiam
2366 4557 2805 4630 contemplatus
2833 4556 2913 4612 ait
2956 4573 2967 4610 :
3022 4578 3048 4604 ‹‹
3104 4558 3258 4609 Deus
3289 4554 3350 4608 in
3387 4552 3676 4621 gradibus

2010 4652 2143 4723 ejus
2169 4650 2573 4720 dignoscetur,
2605 4647 2754 4702 dum
2781 4645 3065 4717 suscipiet
3103 4660 3238 4699 eam
3281 4644 3466 4714 (Psat.
3499 4657 3676 4706 XLVII,

2011 4740 2087 4812 4).
2122 4758 2152 4791 ›
2200 4742 2398 4810 Neque
2434 4736 2618 4803 enim,
2679 4735 2828 4788 sicut
2884 4732 3112 4787 dictum
3166 4736 3276 4797 est,
3326 4732 3566 4800 repente
3600 4727 3678 4782 ad

2014 4842 2255 4882 summa
2285 4823 2646 4897 pervenitur,
2678 4821 2784 4878 sed
2815 4821 2893 4878 ad
2938 4821 3226 4875 virtutum
3266 4817 3677 4874 celsitudinem

2014 4931 2121 4988 per
2158 4915 2528 4970 incrementa
2553 4925 2723 4965 mens
2755 4909 3010 4964 ducitur.
3064 4907 3160 4963 llic
3219 4907 3297 4963 ad
3343 4906 3677 4962 doctrinam

2015 5004 2118 5060 Dei
2144 5003 2432 5059 veraciter
2462 4998 2753 5068 ascendit,
2805 4999 2908 5071 qui
2955 4998 3032 5054 ad
3081 4997 3472 5053 obtinendam
3520 4997 3678 5052 hanc

2015 5092 2304 5164 gradibus
2358 5093 2577 5146 sanctze
2637 5088 2996 5162 operationis
3046 5087 3305 5161 eruperit
3346 5104 3358 5142 :
3401 5091 3456 5142 et
3507 5085 3680 5158 quasi

2013 5198 2122 5254 per
2153 5180 2419 5250 singulos
2457 5179 2681 5250 gradus
2713 5195 2854 5234 suos
2885 5177 3106 5234 librum
3155 5176 3524 5250 pronuntiat,
3574 5172 3680 5242 qui

2015 5271 2354 5344 percepisse
2430 5286 2492 5324 se
2553 5269 2683 5340 ejus
2745 5268 3052 5324 scientiam
3121 5283 3244 5322 non
3320 5278 3425 5336 per
3492 5258 3679 5314 verba

2017 5358 2460 5428 tantummodo,
2519 5357 2625 5412 sed
2679 5357 2857 5412 etiam
2913 5373 3018 5428 per
3067 5369 3252 5426 opera
3280 5350 3674 5405 demonstrat.

2017 5447 2184 5504 Unde
2240 5447 2439 5504 adhuc
2494 5446 2766 5501 subditur
2824 5463 2835 5498 :
2888 5445 2966 5498 Et
3007 5443 3180 5512 quasi
3225 5436 3500 5506 principi
3541 5437 3679 5505 θίγε-

2018 5553 2150 5593 ram
2200 5538 2396 5592 illum.
2449 5567 2516 5575 —-
2568 5537 2754 5591 Omne
2811 5533 2970 5585 enim
3030 5527 3195 5599 quod
3250 5525 3558 5582 offerimus
3613 5525 3676 5579 in

2021 5625 2308 5684 manibus
2365 5629 2654 5681 tenemus.
2715 5619 2976 5675 Venienti
3046 5632 3188 5686 ergo
3247 5616 3324 5674 ad
3381 5614 3673 5685 judicium
