4120 6156
495 143 592 197 371

1555 138 1610 195 S.
1653 139 1912 194 ODONIS
1951 137 2242 194 ABBATIS
2280 133 2782 201 CLUNIACENSIS
2822 133 2865 187 ll

3771 142 3862 194 372

492 263 748 336 principi
800 259 1020 318 librum
1075 259 1288 314 offerre
1331 262 1436 326 est,
1490 258 1670 316 verba
1706 265 2146 334 praeceptorum
2174 263 2223 314 Α
2258 275 2337 313 rae
2367 263 2524 328 sunt,
2558 257 2616 312 hi
2649 257 2751 329 qui
2786 255 3002 311 minori
3031 255 3164 310 loco
3192 259 3336 310 sunt
3356 270 3468 328 pos
3493 255 3548 318 ti.
3571 257 3670 328 qui
3692 259 3872 318 volunt

493 353 650 410 illius
679 352 739 410 in
767 349 998 407 actione
1031 349 1316 406 tenuisse.
1349 349 1624 421 Sequitur
1656 366 1669 404 :

565 445 733 499 Vens.
765 443 854 498 38.
884 439 955 496 Si
982 439 1304 498 adversum
1342 453 1434 494 me
1472 443 1637 496 terra
1663 455 1791 496 mea
1820 439 2062 506 clamat,
2095 445 2150 496 et

491 545 624 586 cum
655 529 788 599 ipsa
812 527 968 584 sulci
999 529 1128 598 ejus
1168 527 1406 597 deﬂent.
1462 557 1532 566 —
1592 527 1745 592 Quid
1775 531 1862 582 est
1891 525 2152 584 clamare

491 623 730 690 terram,
763 615 982 674 deﬂere
997 615 1232 686 sulcos,
1259 618 1316 672 et
1339 615 1568 672 fructus
1597 615 1872 688 proprios
1893 615 2152 672 emendo

491 705 826 774 comedere,
860 703 958 762 cui
983 719 1301 776 nunquam
1331 719 1574 760 necesse
1605 708 1692 759 est
1741 719 1852 760 sua
1901 719 2098 761 emere
2125 705 2152 760 ?

492 793 634 860 Quis
658 792 1022 851 clamantem
1051 791 1274 848 audivit
1302 795 1520 848 terram
1538 791 1565 847 ?
1619 791 1758 846 aevis
1810 791 2008 847 sulcos
2053 791 2153 848 de-

491 883 699 940 ﬂentes
727 882 920 938 vidit?
951 887 1168 938 etcum
1198 881 1345 938 sulci
1376 885 1543 937 terrre
1596 897 1830 952 semper
1875 896 1948 936 ex
2000 885 2155 936 terra

495 971 636 1040 sint,
667 969 816 1044 quid
855 975 944 1028 est
991 969 1158 1043 quod
1199 969 1680 1042 pronuntiatione
1708 970 1988 1026 distincta
2034 969 2153 1026 cla-

492 1075 692 1118 masse
722 1064 898 1131 terra,
931 1063 988 1116 et
1013 1058 1159 1114 sulci
1189 1060 1318 1130 ejus
1347 1075 1485 1115 cum
1515 1075 1586 1114 ea
1611 1057 1924 1114 deﬂevisse
1971 1059 2152 1114 dene-

493 1149 752 1220 gantur?
807 1147 922 1204 Sed
975 1148 1266 1222 quoniam
1307 1147 1552 1206 historia
1599 1147 1817 1218 deﬁcit,
1860 1149 2152 1218 mysticus

491 1237 888 1312 requirendus
940 1242 1030 1294 est
1075 1237 1425 1294 intellectus.
1487 1237 1691 1294 Omnis
1723 1237 1883 1292 enim
1927 1237 2032 1308 qui
2064 1236 2155 1292 vel

491 1327 726 1402 privato
752 1327 884 1398 jure
917 1327 1315 1384 domesticam
1364 1326 1657 1382 familiam
1703 1327 1874 1396 regit,
1923 1327 2015 1382 vel
2041 1343 2156 1399 pro

491 1417 736 1476 utilitate
777 1417 1088 1474 communi
1137 1415 1419 1472 ﬁdelibus
1479 1416 1756 1488 plebibus
1808 1421 2042 1488 praeest,
2094 1416 2152 1472 in

489 1505 607 1564 hoc
637 1504 804 1578 quod
827 1505 968 1578 jura
993 1505 1300 1574 regiminis
1326 1505 1387 1560 in
1415 1505 1756 1562 commissis
1807 1505 1916 1560 sibi
1965 1504 2154 1560 ﬁdeli-

2259 348 2383 404 zelo
2413 353 2639 419 quanto
2672 347 2901 419 possint
2929 361 3108 417 opere
3135 343 3214 400 ad
3245 343 3633 401 eruditionem
3679 355 3866 407 sancta

2261 437 2534 493 Ecclesia:
2562 436 2622 492 in
2655 434 3093 508 praedicationis
3143 433 3338 504 gratia
3379 435 3692 506 cooperari.
3733 439 3870 502 Quos

2260 525 2528 583 videlicet
2579 525 2760 596 hujus
2815 530 2983 580 terrae
3032 521 3326 592 agricolas
3364 521 3476 579 hoc
3503 527 3588 579 est
3613 539 3726 582 non
3750 525 3872 583 ami-

2261 630 2419 684 gere,
2472 629 2683 670 eorum
2739 613 3051 670 laboribus
3101 628 3225 668 non
3269 611 3572 668 invidere:
3601 628 3674 668 ne
3710 617 3872 672 rector

2261 703 2553 772 Ecclesiae,
2586 703 2734 758 dum
2767 702 2876 758 soli
2909 701 3023 758 sibi
3045 702 3146 772 jus
3175 699 3609 774 praedicationis
3630 701 3872 774 vindicat,
3905 727 3912 730 ·

2262 794 2436 848 etiam
2461 793 2589 848 aliis
2621 798 2774 848 recte
2801 791 3268 863 praedicantibus
3297 789 3522 846 invidia
3541 791 3874 850 remordente

2263 882 2648 938 contradicat.
2681 881 2778 937 Pia
2803 881 3024 937 etenim
3055 886 3366 954 pastorum
3407 895 3601 950 mens,
3623 881 3754 952 quia
3771 897 3878 939 non

2262 972 2568 1045 propriam
2598 971 2848 1041 gloriam
2880 970 3112 1043 (interit,
3146 970 3251 1025 sed
3278 969 3570 1040 Auctoris,
3613 968 3685 1025 ab
3708 970 3876 1026 homi-

2263 1061 2442 1118 nibus
2469 1061 2591 1117 vult
2617 1060 2895 1131 adjuvari
2916 1060 3086 1133 quod
3104 1059 3187 1115 ait
3217 1077 3230 1116 :
3265 1058 3476 1115 Fidelis
3492 1075 3741 1132 namque
3757 1075 3880 1132 pue-

2263 1151 2492 1207 dicator
2515 1155 2702 1222 optat,
2737 1151 2785 1205 si
2816 1149 2944 1206 fieri
2976 1149 3152 1216 valet,
3184 1153 3249 1204 ut
3275 1148 3584 1204 veritatem
3610 1163 3782 1220 quam
3805 1164 3882 1206 so-

2263 1239 2356 1296 lus
2386 1239 2551 1311 loqui
2585 1255 2706 1312 non
2735 1237 2966 1302 sufﬁcit,
3000 1253 3107 1293 ora
3136 1242 3491 1294 cunctorum
3505 1241 3724 1294 sonent.
3745 1237 3882 1294 Unde

2265 1346 2403 1384 cum
2431 1332 2606 1386 Josue
2637 1329 2879 1384 duobus
2905 1328 2964 1384 in
2996 1327 3209 1384 castris
3248 1325 3692 1384 remanentihus
3732 1331 3883 1398 atque

2265 1417 2763 1490 prophetautibus
2793 1417 2968 1472 vellet
2993 1416 3300 1485 obsistere,
3333 1419 3490 1470 recte
3533 1429 3636 1486 per
3680 1417 3883 1486 Moysen

2266 1507 2479 1562 dicitur
2507 1525 2518 1562 :
2557 1529 2584 1556 «
2621 1507 2772 1572 Quid
2803 1505 3106 1561 zemalaris
3137 1521 3245 1576 pro
3273 1506 3417 1561 me?
3445 1505 3582 1576 quis
3615 1503 3811 1559 tribuat
3833 1507 3886 1558 ut

489 1594 615 1652 bus
644 1592 1094 1668 possidet,quid
1115 1593 1280 1648 aliud
1309 1609 1497 1665 quam
1527 1597 1745 1650 terram
1774 1593 2154 1650 incolendam
2183 1605 2230 1658 Β
2268 1595 2464 1653 omnis
2490 1596 2748 1668 populus
2779 1595 3112 1668 prophetat,
3143 1599 3200 1650 et
3228 1593 3330 1650 det
3357 1593 3442 1650 eis
3483 1593 3754 1649 Dominus
3780 1592 3884 1664 Spi-

491 1682 698 1740 tenet?
727 1681 817 1738 Ad
845 1682 960 1738 hoc
988 1681 1214 1754 quippe
1256 1681 1461 1738 divina
1499 1681 1942 1754 dispensatione
1990 1686 2158 1738 caete-

491 1770 576 1828 ris
605 1769 1022 1842 unusquisque
1049 1768 1438 1842 prmponitur,
1471 1774 1538 1825 ut
1577 1771 1984 1841 subjectorum
2033 1769 2160 1828 ani-

495 1874 633 1915 mus
660 1856 842 1930 quasi
863 1857 1183 1914 subtractus
1207 1861 1378 1916 terras
1404 1857 1846 1931 praedicationis
1877 1859 2034 1916 illius
2067 1875 2156 1915 se-

495 1945 658 2002 mine
706 1944 1076 2003 fecundetur.
1137 1945 1253 2002 Sed
1306 1950 1462 2004 terra
1507 1952 1714 2003 contra
1745 1962 2158 2019 possessorem

497 2033 736 2104 clamat,
761 2033 810 2091 si
835 2039 1042 2092 contra
1071 2049 1209 2092 eum
1241 2035 1343 2106 qui
1375 2034 1487 2090 sibi
1519 2041 1751 2108 priecst,
1800 2036 2028 2108 aliquid
2067 2037 2163 2107 ju-

499 2128 684 2191 stum,
712 2121 808 2179 vel
838 2122 1072 2194 privata
1095 2121 1450 2192 domus,vel
1479 2129 1688 2180 saneta
1709 2124 1970 2181 Ecclesia
1996 2140 2166 2180 mur-

497 2215 714 2268 murat.
781 2213 930 2268 Sunt
979 2211 1253 2268 nonnulli
1306 2211 1410 2284 qui
1457 2211 1624 2270 nullo
1669 2213 1959 2284 lectionis,
1994 2213 2162 2270 nullo

497 2301 926 2358 exhortationis
986 2317 1227 2358 vomere
1285 2302 1592 2374 proscissi,
1650 2303 1933 2374 quaedam
1996 2303 2156 2358 bona

497 2389 778 2464 quamvis
808 2389 1082 2459 minima,
1115 2395 1317 2446 tamen
1345 2406 1418 2446 ex
1448 2391 1782 2462 semetipsis
1829 2391 2157 2463 proferunt,

497 2479 673 2552 quasi
702 2483 860 2536 terra
888 2479 1149 2536 necdum
1179 2483 1442 2536 exarata.
1492 2479 1641 2536 Sunt
1690 2496 1830 2535 vero
1889 2480 2162 2536 nonnulli

499 2567 604 2639 qui
634 2567 711 2622 ad
741 2566 1113 2623 audiendum
1140 2583 1377 2640 semper
1405 2573 1583 2640 atque
1613 2567 2164 2631 retinendum,san-

504 2655 612 2712 etis
659 2659 800 2711 sunt
851 2655 1378 2728 praedicationibus
1436 2671 1506 2712 ac
1561 2657 2050 2715 meditationibus
2079 2658 2166 2714 in-

505 2743 650 2801 tenti
683 2761 697 2800 :
730 2759 767 2800 a
796 2743 1010 2816 prioris
1038 2745 1254 2800 mentis
1281 2744 1520 2816 duritia,
1552 2745 1728 2817 quasi
1755 2745 2027 2818 quodam
2055 2746 2167 2804 lin-

505 2848 640 2904 gum
663 2848 906 2889 vomere
928 2832 1118 2903 scissi,
1135 2833 1367 2890 semina
1391 2835 1818 2890 exhortationis
1839 2835 2162 2908 accipiunt,

501 2938 574 2980 ac
602 2922 803 2992 fruges
819 2921 964 2980 boni
979 2923 1176 2996 operis
1193 2937 1300 2996 pcr
1320 2923 1517 2980 sulcos
1537 2923 1887 2980 voluntaria:
1904 2923 2172 2980 afﬂictio-
2198 2961 2237 3016 Ο

501 3011 596 3068 nis
623 3009 905 3080 reddunt,
933 3027 1074 3068 eum
1104 3026 1340 3084 semper
1369 3011 1445 3068 de
1473 3011 1837 3084 spiritalibus
1887 3028 2170 3070 monean-

501 3104 598 3157 tur
621 3116 693 3156 ac
715 3099 1142 3173 corporalibus.
1159 3099 1523 3158 Conclaman
1533 3106 1585 3158 te
1616 3117 1760 3172 ergo
1782 3105 1940 3158 terra
1968 3101 2169 3158 sulcos

500 3189 786 3263 plangere
817 3193 924 3257 est,
961 3205 1066 3262 per
1095 3189 1210 3245 hoc
1240 3190 1402 3246 unde
1431 3190 1682 3247 altitudo
1715 3190 1986 3246 ﬁdelium
2004 3193 2172 3260 juste

503 3283 712 3336 contra
738 3282 1030 3334 rectorem
1062 3278 1370 3350 quaeritur,
1396 3279 1693 3334 uberioris
1731 3279 1868 3334 vitae
1894 3279 2172 3335 homines

398 3381 402 3386 ·
504 3367 583 3425 ad
611 3367 879 3424 lamenta
901 3365 1236 3440 pervenire.
1271 3365 1427 3422 Sulci
1449 3366 1652 3440 itaque
1680 3383 1753 3423 ex
1804 3372 1959 3424 terra
2011 3373 2168 3446 sunt,

506 3460 564 3514 et
595 3460 794 3513 tamen
823 3469 860 3511 a
888 3459 1046 3511 terra
1071 3453 1369 3510 vocabulo
1399 3455 1864 3526 distinguuntur,
1894 3456 2036 3528 quia
2065 3473 2148 3530 qu

505 3545 568 3602 in
626 3547 834 3600 sancta
888 3541 1148 3598 Ecclesia
1189 3547 1456 3599 mentem
1508 3559 1682 3600 suam
1733 3543 1938 3600 labore
1987 3561 2172 3600 sacrm

507 3631 912 3688 meditationis
973 3631 1271 3699 excolunt,
1356 3632 1580 3688 caeteris
1655 3631 1935 3689 fidelibus
2007 3638 2172 3690 tanto

509 3719 790 3777 meliores
850 3723 1010 3790 sunt,
1077 3723 1305 3792 quanto
1367 3735 1476 3793 per
1523 3725 1769 3794 accepta
1813 3722 2046 3778 semina
2086 3723 2171 3778 fe-

511 3809 741 3867 cundas
765 3824 1017 3882 operum
1047 3808 1250 3882 fruges
1274 3809 1554 3866 reddunt.
1614 3810 1820 3867 Omnis
1871 3827 2014 3881 ergo
2067 3811 2174 3884 qui

509 3903 744 3974 praeest,
759 3899 808 3956 si
837 3914 1119 3973 perversa
1149 3900 1210 3956 in
1235 3899 1489 3956 subditis
1511 3905 1762 3969 exercet,
1787 3905 1996 3957 contra
2009 3901 2172 3956 hunc

513 3995 679 4048 terra
727 3991 971 4062 clamat,
1019 3995 1077 4047 et
1122 3991 1280 4046 sulci
1317 3991 1533 4060 deﬂent
1558 4003 1580 4060 ,'
1616 3989 1762 4063 quia
1804 3996 2013 4047 contra
2043 3991 2175 4062 ejus

511 4079 862 4152 injustitiam
891 4079 1073 4136 rudes
1101 4079 1347 4154 quidem
1380 4079 1589 4153 populi
1636 4079 1697 4134 in
1744 4080 2170 4136 murmuratio-

510 4168 606 4228 nis
659 4168 910 4226 vocibus
961 4174 1307 4244 erumpunt,
1365 4169 1473 4225 sed
1514 4168 1757 4242 perfecti
1799 4169 2024 4242 quique
2061 4185 2172 4242 pro

513 4275 704 4332 pravo
733 4259 865 4330 ejus
890 4274 1072 4330 opere
1101 4273 1166 4314 se
1193 4258 1256 4314 in
1285 4257 1524 4314 ﬂetibus
1555 4256 1852 4328 afﬂigunt,
1883 4257 2172 4330 quodque

513 4347 773 4420 imperiti
826 4345 1090 4404 clamant
1141 4351 1199 4404 et
1247 4362 1372 4404 non
1409 4345 1634 4416 dolent,
1665 4346 1781 4402 hoc
1809 4346 2172 4420 probatioris

515 4435 651 4495 vitm
671 4435 923 4506 subjecti
945 4435 1170 4492 deﬂent
1193 4440 1251 4494 et
1279 4439 1496 4492 tacent.
1531 4435 1806 4508 Sequitur
1836 4453 1850 4492 :

586 4527 760 4582 Vnus.
809 4529 899 4584 39.
947 4524 1018 4584 Si
1041 4525 1208 4596 fruct
1223 4540 1292 4580 us
1321 4527 1450 4596 ejus
1479 4525 1707 4582 comedi
1735 4525 1954 4596 absque
2001 4541 2176 4596 pecu-

515 4615 642 4672 m'a.
673 4645 742 4656 ——
771 4615 1018 4672 Fructus
1045 4613 1208 4670 enim
1243 4617 1410 4669 terrae
1439 4612 1670 4686 absque
1701 4612 1957 4684 pecunia
1978 4629 2174 4670 come-

513 4701 656 4762 dere
679 4708 788 4771 est,
825 4705 884 4758 et
923 4700 1196 4759 Ecclesiae
1251 4701 1498 4774 quidem
1551 4705 1830 4774 sumptus
1879 4701 2170 4772 accipere,

515 4793 623 4850 sed
649 4792 844 4850 eidem
871 4791 1142 4850 Ecclesiae
1171 4791 1612 4865 prrdicationis
1635 4790 1894 4848 auctoris
1914 4791 2170 4864 pretium

513 4897 637 4941 non
664 4882 954 4956 praebere,
970 4882 1047 4938 de
1075 4897 1198 4955 qua
1225 4881 1496 4939 videlicet
1513 4880 1935 4954 praedicatione
1960 4885 2176 4938 Aucto-

511 4971 594 5030 ris
621 4987 771 5029 voce
797 4971 1014 5030 dicitur
1071 4987 1086 5026 :
1143 4990 1173 5024 ‹
1225 4969 1494 5042 Oportuit
1524 4973 1579 5026 te
1598 4970 1970 5028 committere
2000 4983 2192 5042 pecu-'

511 5061 680 5120 niam
735 5075 934 5118 meam
972 5057 1417 5126 nummulariis,
1469 5062 1528 5116 et
1573 5059 1817 5116 veniens
1859 5074 1971 5128 ego
2018 5074 2176 5116 rece-

509 5150 736 5225 pissem
761 5148 967 5222 utique
992 5147 1162 5222 quod
1177 5163 1382 5204 meum
1397 5151 1525 5204 erat
1549 5164 1690 5204 cum
1714 5163 1902 5204 usura
1931 5148 2171 5221 (Matth.

511 5254 654 5310 xxv,
683 5238 794 5310 27).
827 5255 859 5291 ›
913 5235 1110 5292 Terrae
1147 5235 1326 5306 igitur
1357 5234 1585 5292 fructus
1637 5234 1872 5308 absque
1914 5235 2173 5308 pecunia

513 5327 790 5394 comedit,
813 5325 918 5399 qui
947 5324 1346 5382 ecclesiastica
1373 5324 1698 5382 commoda
1729 5325 1807 5382 ad
1836 5340 2016 5380 usum
2047 5338 2174 5379 cor-

511 5415 674 5492 poris
698 5415 981 5488 percepit,
1017 5414 1122 5470 sed
1151 5415 1579 5472 exhortationis
1617 5413 2014 5470 ministerium
2066 5427 2172 5484 po-

509 5504 656 5582 pulo
685 5520 808 5562 non
827 5504 1138 5578 impendit.
1170 5505 1446 5579 Sequitur
1475 5523 1487 5562 :
1521 5505 1602 5560 Et
1626 5504 1893 5560 animam
1935 5501 2169 5572 agrico-

513 5597 716 5668 larum
739 5595 870 5666 ejus
897 5594 1146 5667 afﬂuit.
1177 5625 1248 5636 —-
1276 5592 1561 5668 Agricolae
1592 5590 1818 5668 quippe
1847 5590 2030 5665 hujus
2057 5594 2171 5648 ter-

2265 1686 2443 1742 ritum
2474 1703 2650 1741 suum
2675 1687 2702 1742 ‘2
2733 1709 2760 1736 »
2797 1687 2999 1756 (Num.
3029 1700 3108 1740 χι.
3137 1686 3247 1754 29).
3283 1682 3560 1756 Sequitur
3590 1701 3604 1738 :

2339 1779 2504 1830 Vrsas.
2533 1775 2620 1830 40.
2655 1776 2772 1830 Pro
2801 1775 3108 1844 frumento
3135 1773 3337 1828 oritur
3363 1773 3518 1828 mihi
3545 1771 3806 1827 tributus.
3831 1800 3883 1810 ~—

2267 1871 2347 1921 Ac
2377 1865 2421 1920 si
2455 1870 2656 1936 aperte
2695 1864 2856 1920 dicat
2877 1881 2890 1918 :
2910 1864 2965 1920 Si
2997 1863 3289 1934 injustum
3309 1861 3459 1934 quid
3487 1876 3627 1930 erga
3654 1859 3885 1916 subditos

2268 1954 2422 2026 gessi
2446 1971 2459 2018 ;
2490 1954 2536 2008 si
2564 1953 2732 2021 exegi
2762 1953 2984 2020 debita,
3011 1956 3068 2006 et
3095 1951 3226 2022 ipse
3254 1950 3425 2022 quod
3454 1949 3631 2006 debui
3657 1963 3772 2005 non
3789 1947 3882 2004 im-

2266 2042 2476 2116 pendi;
2517 2043 2561 2098 si
2619 2041 3102 2098 exercitationem
3155 2039 3300 2094 boni
3354 2037 3554 2110 operis
3603 2037 3725 2093 aliis
3768 2035 3887 2091 invi-

2268 2129 2349 2196 di,
2368 2146 2476 2202 pro
2507 2129 2682 2186 bonis
2699 2146 2834 2202 quae
2866 2129 2926 2184 iu
2959 2129 3191 2184 aeternis
3213 2128 3508 2195 reﬁciunt,
3531 2127 3889 2183 retribuantur

2270 2217 2416 2272 mihi
2445 2218 2503 2274 in
2531 2219 2757 2288 judicio
2788 2218 2948 2274 mala
2978 2235 3112 2290 quae
3144 2221 3448 2290 pungunt.
3483 2219 3596 2274 Pro
3623 2217 3886 2286 frumento

2269 2307 2418 2362 mihi
2446 2308 2729 2377 tributus,
2771 2313 2824 2364 et
2853 2323 2965 2375 pro
3020 2307 3240 2364 hordeo
3276 2308 3457 2376 spina
3495 2307 3737 2370 oriatur,
3775 2319 3886 2360 cum

2271 2395 2330 2450 in
2359 2395 2746 2452 retributione
2777 2395 2983 2452 ultima
3027 2397 3100 2451 de
3127 2411 3250 2468 qua
3277 2394 3677 2452 remuneratio
3703 2391 3888 2448 laboris

2271 2485 2574 2556 quaeritur,
2610 2485 2856 2558 punctio
2886 2484 3110 2540 doloris
3139 2484 3458 2540 invenitur.
3509 2487 3574 2540 Et
3600 2481 3889 2538 notandum

2273 2573 2438 2646 quod
2464 2573 2614 2630 sicut
2662 2591 2696 2630 a
2741 2575 3041 2630 frumento
3080 2573 3376 2630 hordeum
3430 2573 3626 2637 distat,
3651 2571 3888 2644 quamvis

2275 2667 2595 2735 utrumque
2627 2662 2879 2718 reﬁciat:
2910 2663 2991 2718 sic
3023 2679 3058 2718 a
3083 2661 3302 2718 tribulo
3329 2662 3530 2734 spina,
3562 2657 3814 2734 quamvis
3833 2655 3892 2712 sit

2275 2757 2597 2823 utrumque
2627 2752 2792 2824 quod
2822 2757 3072 2823 pungat,
3102 2751 3246 2822 quia
3278 2750 3536 2807 tribulus
3586 2747 3813 2811 mollior,
3845 2747 3888 2800 et

2275 2840 2352 2896 ad
2384 2840 2779 2912 pungendum
2809 2856 3044 2912 semper
3073 2846 3164 2896 est
3189 2838 3401 2895 durior
3427 2839 3617 2911 spina.
3648 2842 3721 2892 Ac
3747 2835 3789 2890 si
3807 2848 3892 2906 pa-

2277 2929 2653 2985 tenterdicat
2679 2947 2692 2984 :
2723 2929 2923 2998 Egisse
2951 2929 3197 3002 quidem
3230 2932 3286 2985 et
3313 2944 3545 2998 magna
3567 2942 3660 2983 me
3689 2925 3826 2980 bona
3845 2926 3892 2976 et

2279 3019 2531 3075 minima
2561 3019 2702 3084 scio,
2737 3019 2840 3074 sed
2874 3019 2925 3073 si
2957 3034 3080 3074 non
3107 3017 3189 3074 ita
3217 3023 3324 3088 est,
3353 3033 3474 3090 pro
3499 3015 3670 3072 bonis
3699 3007 3894 3081 magnis

2278 3108 2548 3173 minima,
2604 3111 2661 3163 et
2713 3123 2824 3180 pro
2869 3107 3045 3162 bonis
3069 3106 3334 3162 minimis
3364 3099 3896 3176 mihirespendeant

2283 3196 2442 3252 mala
2468 3197 2724 3267 majora.
2755 3197 3040 3262 Quamvis
3076 3197 3190 3252 hoc
3243 3194 3499 3265 intelligi
3545 3197 3602 3250 et
3644 3191 3894 3260 aliterpo-

2281 3285 2410 3337 test.
2430 3285 2490 3337 ln
2521 3281 2822 3336 frumento
2837 3280 3063 3352 quippe
3095 3279 3355 3352 spiritale
3383 3295 3570 3352 opus,
3586 3275 3738 3350 quod
3761 3285 3895 3330 men-

2280 3374 2398 3426 tem
2420 3370 2626 3438 reticit,
2655 3369 2714 3425 in
2745 3369 2973 3426 hordeo
2999 3373 3200 3425 autem
3229 3374 3608 3426 terrenarum
3635 3378 3812 3422 rerum
3827 3359 3895 3416 di-

2281 3459 2585 3530 spensatio
2609 3458 2921 3528 ﬁguratur,
2951 3459 3010 3513 in
3037 3473 3159 3530 qua
3189 3473 3348 3529 saepe
3376 3456 3536 3514 dum
3563 3451 3790 3515 inﬁrmis
3822 3453 3892 3504 ata-

2280 3563 2398 3620 que
2420 3541 2760 3605 carnalibus
2783 3547 3000 3602 servire
3019 3546 3309 3616 cogimur,
3333 3545 3516 3618 quasi
3533 3541 3796 3616 jumentis
3813 3536 3892 3594 ali-

2280 3641 2486 3694 menta
2532 3651 2968 3708 praeparamus,
3012 3641 3192 3708 atque
3229 3635 3358 3709 ipse
3400 3640 3734 3691 nostrorum
3776 3640 3892 3684 usus

2281 3742 2532 3800 operum
2563 3725 2748 3782 habet
2768 3725 2993 3798 aliquid
3023 3725 3098 3781 de
3128 3723 3493 3781 admistione
3519 3722 3822 3798 palearum.
3841 3716 3894 3770 Et

2279 3815 2635 3888 plerumque
2663 3814 2970 3883 contingit,
2989 3819 3049 3870 ut
3069 3818 3260 3870 rector
3283 3813 3389 3886 qui
3408 3817 3642 3884 praeest,
3669 3809 3801 3865 dum
3822 3803 3890 3858 in-

2275 3905 2437 3976 justa
2467 3907 2676 3960 contra
2701 3903 2972 3959 subditos
3003 3907 3254 3970 exercet,
3283 3903 3431 3959 dum
3463 3903 3523 3960 in
3549 3899 3704 3958 nullo
3729 3895 3890 3952 bonos

2280 3992 2692 4050 blandimento
2722 3991 2966 4058 refovet,
2997 3992 3166 4059 dum,
3189 3990 3357 4064 quod
3380 3996 3476 4048 est
3499 3987 3746 4062 gravius,
3766 3982 3892 4038 bene

2281 4086 2598 4155 operantes
2629 4097 2904 4154 quosque
2933 4096 3006 4136 ex
3021 4079 3250 4138 invidia
3269 4079 3504 4149 affligit,
3522 4078 3694 4136 etiam
3711 4073 3894 4143 sique-

2281 4171 2424 4228 dam
2455 4171 2616 4228 bona
2637 4170 2965 4243 aliquando
2986 4170 3183 4236 faciat,
3198 4185 3270 4225 ac
3295 4170 3342 4226 si
3367 4169 3726 4226 frumentum
3745 4160 3890 4219 serat.

2282 4277 2410 4318 sese
2435 4276 2680 4332 quoque
2703 4259 2760 4314 in
2793 4259 2974 4330 hujus
3004 4257 3475 4330 dispensationis
3493 4255 3725 4315 terrenis
3747 4247 3892 4308 rebus

2281 4359 2746 4416 nonnunquam,
2768 4359 2888 4399 non
2903 4343 3161 4400 avaritias
3183 4341 3402 4410 studio,
3421 4342 3532 4400 sed
3559 4355 3664 4414 pro
3687 4332 3893 4394 utilitate

2282 4433 2614 4490 carnalium
2641 4433 2906 4498 misceat,
2929 4437 2986 4487 et
3013 4432 3096 4487 sic
3126 4431 3398 4503 ejusdem
3412 4430 3634 4488 laboris
3652 4427 3890 4486 fructum,

2281 4523 2445 4581 velut
2470 4537 2732 4581 messem
2758 4520 2962 4578 hordei
3003 4525 3322 4593 exspectet.
3371 4521 3487 4578 Sed
3512 4513 3748 4588 subjecti
3773 4521 3893 4582 quo-

2282 4629 2400 4685 que
2428 4628 2538 4685 pro
2559 4627 2630 4667 eo
2658 4615 2824 4684 quod
2853 4609 2915 4666 in
2941 4609 3222 4666 maximis
3251 4614 3578 4680 gravantur
3619 4601 3806 4663 audire
3843 4595 3892 4650 in

2282 4704 2412 4774 ejus
2441 4702 2616 4758 bonis
2644 4699 2908 4756 minimis
2929 4705 3272 4773 nequeunt;
3303 4699 3448 4772 quia
3472 4714 3581 4755 nec
3619 4697 3725 4752 hoe
3767 4697 3892 4780 ορᾳξ

2282 4767 2497 4861 placet,
2527 4787 2692 4859 quod
2722 4787 2963 4843 alterius
2991 4767 3188 4859 operis
3216 4767 3504 4859 injtistitia
3533 4781 3751 4859 polluit,

2281 4857 2654 4934 terrenarum
2684 4890 2883 4930 rerum
2913 4857 3291 4946 dispensatio
3311 4889 3422 4948 pro
3451 4857 3689 4930 utilitate
3725 4857 3892 4924 subdi-

2282 4968 2480 5020 torum
2510 4963 2729 5036 suscipi
2762 4962 3038 5030 creditur,
3067 4963 3316 5036 quando
3344 4962 3396 5018 is
3422 4962 3528 5035 qui
3551 4959 3772 5035 praaest,
3809 4961 3894 5006 an‘

2281 5051 2482 5109 halare
2501 5067 2610 5124 per
2637 5051 2950 5110 avaritiam
2978 5051 3232 5110 videtur.
3269 5051 3436 5109 Unde
3480 5051 3547 5108 ﬁt
3593 5053 3654 5104 ut
3692 5039 3892 5111 αάίρεδ

2283 5139 2462 5196 etiam
2489 5154 2686 5212 pauca
2717 5138 2877 5196 bona
2907 5155 3044 5212 quas
3073 5138 3199 5196 ﬁeri
3229 5141 3380 5196 inter
3409 5139 3596 5198 multa
3616 5131 3764 5192 mala
3780 5136 3894 5222 αξη·

2283 5229 2565 5298 siderant,
2595 5245 2720 5286 non
2742 5229 2971 5298 laudes,
2989 5229 3096 5286 sed
3123 5233 3318 5286 metus
3342 5229 3616 5293 reddant,
3641 5226 3801 5294 atque

2280 5317 2588 5374 ﬁrmantes
2610 5321 3005 5387 murmurent,
3019 5316 3163 5372 dum
3189 5316 3566 5390 perpendunt
3586 5309 3712 5386 puri
3727 5313 3894 5394 operit

2279 5423 2403 5464 non
2425 5424 2558 5464 esse
2587 5407 2750 5479 quod
2776 5407 2995 5464 vident.
3026 5408 3106 5464 Ac
3137 5407 3184 5462 si
3223 5422 3367 5476 ergo
3409 5409 3606 5480 aperte
3635 5399 3780 5457 dicat
3806 5408 3819 5446 :
3846 5389 3892 5444 Si

2279 5513 2503 5570 magna
2547 5513 2684 5570 quae
2741 5496 2923 5553 debui
2971 5496 3214 5554 sollicite
3259 5513 3382 5553 non
3413 5496 3544 5561 feci,
3579 5484 3892 5570 punctiones

2278 5561 2606 5646 murmuris
2629 5603 2666 5644 a
2685 5584 2972 5660 subjectis
2992 5585 3278 5660 recipiam
3283 5587 3486 5660 ,etiam
3500 5561 3741 5644 debono
3752 5561 3892 5646 quod

2559 5853 2648 5884 ip“
2665 5843 2819 5883 .ﬁ’k‘o

2837 5884 2851 5904 \
