4130 6146
215 138 303 190 373
1034 131 1325 187 EPITOME
1354 132 1717 189 MORALIUM
1748 132 1803 189 S.
1836 133 2048 191 GREG.
2086 138 2158 192 IN
2187 139 2324 195 JOB.
2358 172 2426 181 -
2459 143 2586 198 LIB.
2619 144 2828 201 XXIII.

3537 148 3642 202 374

210 257 329 322 feci,
366 257 415 311 si
446 237 689 325 neglexi
724 254 1000 312 exhibere
1029 255 1190 327 quod
1216 255 1388 315 fovet.
1411 256 1566 328 juste
1613 256 1673 312 in
1722 272 1865 329 que-
1910 262 1958 315 Λ
1992 262 2566 335 tatisexstinguant;
2595 272 2700 323 aut
2722 268 2783 324 hi
2812 269 2915 341 qui
2941 232 3136 326 alieno
3163 270 3437 341 regimini
3504 270 3643 326 sub-

209 345 389 402 relam
424 343 752 418 prosiliens
779 360 986 399 eorum
1007 342 1211 415 lingua
1240 361 1333 400 mc
1365 350 1611 417 pungat.
1648 347 1778 410 Qua
1807 345 1870 400 in

206 452 264 493 re
291 451 540 508 semper
572 432 823 489 sollicita
853 433 1323 490 consideratione
1344 434 1729 509 pensandum
1757 438 1870 503 est,

207 542 276 583 ne
300 528 406 582 aut
435 524 501 581 hi
526 523 633 597 qui
654 524 927 598 praesunt
946 522 1220 596 exempla
1247 523 1389 581 mali
1418 524 1614 598 operis
1627 523 1870 596 subjec-

206 615 274 672 tis
299 612 638 690 praebeant,
680 626 1014 684 eorumque
1051 606 1234 669 vitam
1265 629 1386 671 suae
1425 612 1625 684 gladio
1672 612 1876 686 pravi-

1978 350 2202 420 jacent,
2233 353 2401 410 facile
2420 354 2692 425 judicare
2716 357 2977 415 audeant
3005 358 3161 416 facta
3181 364 3500 428 rectorum,
3556 364 3640 417 at-

1985 454 2105 511 que
2148 456 2254 512 per
2289 442 2405 498 hoc
2447 443 2614 514 quod
2655 443 2730 499 de
2772 443 2864 501 his
2906 448 3011 518 qui
3059 447 3175 504 sibi
3220 447 3448 520 praelati
3496 451 3640 505 sunt

1984 533 2385 596 murmurant,
2408 546 2532 587 non
2552 532 2843 600 humano,
2877 533 2985 590 sed
3015 535 3137 606 Dei,
3155 535 3260 608 qui
3278 539 3494 593 cuncta
3519 534 3637 592 dis-

1984 616 2173 688 ponit,
2206 616 2407 675 divino
2447 620 2642 677 ordini
2667 621 3099 680 contradicant.

1140 982 1469 1065 LIBER
1523 979 2125 1063 VICESIMUS
2192 984 2680 1068 TERTIUS.

791 1334 1023 1397 CAPUT
1061 1335 1259 1390 XXXII.

271 1424 439 1482 Vsus.
469 1424 514 1476 l.
549 1423 892 1479 Omiserunt
918 1428 1124 1480 autem
1153 1431 1270 1481 tres
1302 1426 1421 1482 viri
1465 1425 1572 1483 isti
1626 1438 1869 1493 respon-

208 1514 337 1571 dere
354 1512 484 1576 Job,
514 1528 578 1568 eo
605 1511 765 1585 quod
778 1514 995 1581 justus
1019 1513 1138 1568 sibi
1168 1513 1499 1570 videretur.
1530 1514 1657 1569 Hoc
1697 1510 1870 1583 quod

206 1594 273 1659 de
297 1618 364 1658 eo
392 1600 598 1657 dicitur
628 1619 640 1656 :
672 1616 737 1656 eo
762 1601 923 1672 quod
939 1602 1154 1679 justus
1180 1601 1294 1656 sibi
1322 1602 1656 1670 videretur,
1679 1615 1870 1656 sacrm

204 1689 376 1763 hujus
407 1689 647 1762 scriptor
674 1687 937 1744 historiae
964 1688 1047 1744 ad
1079 1689 1414 1747 amicorum
1437 1688 1742 1761 judicium
1775 1704 1870 1744 re-

203 1778 344 1847 tulit,
372 1794 488 1834 non
517 1789 716 1834 autem
744 1774 965 1833 beatus
1017 1776 1133 1832 Job
1174 1776 1249 1833 de
1298 1777 1568 1835 elatione
1614 1776 1873 1833 tumoris

202 1864 546 1940 reprobavit.
574 1860 848 1937 Sequitur
873 1880 886 1919 :

271 1958 437 2011 Vens.
458 1958 510 2009 2.
539 1950 611 2008 Et
642 1953 835 2008 iratus
866 1952 1341 2024 indignatusque
1367 1951 1516 2011 Eliu
1552 1950 1731 2020 ﬁlius
1755 1949 1876 2004 Ba-

202 2044 408 2101 rachel
430 2044 662 2117 Buzites
688 2041 760 2099 de
817 2041 1183 2112 cognatione
1231 2042 1401 2098 Ram.
1436 2072 1505 2080 —
1539 2042 1705 2095 Bene
1743 2038 1873 2094 haec

204 2134 341 2209 ipsa
364 2130 454 2187 vel
473 2131 619 2201 ejus,
651 2130 751 2188 vel
772 2129 1050 2204 parentis
1081 2128 1166 2185 vel
1191 2129 1327 2199 loci,
1352 2128 1447 2185 vel
1485 2125 1874 2198 cognationis

199 2222 445 2278 nomina
474 2222 676 2287 notam
720 2218 1079 2292 exprimunt
1117 2218 1372 2292 propriae
1415 2216 1695 2275 actionis.
1746 2215 1875 2272 Eliu

196 2310 421 2386 quippe
442 2308 896 2382 interpretatum
922 2311 1140 2388 sonat:
1172 2309 1328 2363 Deus
1373 2322 1534 2364 meus
1579 2307 1717 2375 iste,
1776 2303 1873 2362 vel

192 2401 347 2457 Deus
378 2416 561 2468 meus,
592 2414 697 2473 per
727 2414 927 2471 quem
952 2397 1300 2466 designatur
1324 2400 1485 2452 recta
1512 2395 1871 2468 ﬁdesparro-

193 2490 466 2561 gantiam
490 2490 643 2545 intra
666 2487 999 2547 Ecclesiam
1019 2486 1373 2560 positorum.
1407 2488 1556 2543 Nam
1583 2485 1873 2557 quamvis

185 2582 356 2651 juxta
388 2578 701 2635 Dominica
722 2568 1041 2657 praecepta
1067 2591 1187 2632 non
1210 2577 1433 2644 vivunt,
1455 2577 1640 2630 Deum
1660 2578 1874 2630 tamen

1897 1336 1937 1388 Β
1977 1330 2125 1388 alios
2146 1339 2394 1391 censent
2422 1335 2571 1392 nihil
2597 1337 2769 1405 scire,
2821 1338 2970 1396 alios
3030 1351 3154 1394 non
3201 1336 3357 1393 bene
3411 1336 3628 1394 vivere.

1975 1422 2043 1477 Et
2093 1422 2369 1493 quamvis
2410 1425 2568 1495 juste
2625 1441 2836 1483 omnes
2879 1430 3048 1483 extra
3095 1425 3418 1481 Ecclesium
3474 1425 3638 1498 posic

1976 1514 2068 1566 tos
2132 1525 2322 1582 prava
2366 1513 2581 1571 sentire
2636 1515 3019 1586 redarguunt,
3072 1518 3274 1571 tamen
3302 1514 3481 1572 etiam
3528 1530 3636 1571 eos

1978 1597 2082 1671 qui
2110 1598 2271 1655 intus
2298 1605 2436 1658 sunt
2487 1617 2594 1675 per
2622 1604 2756 1660 vitae
2810 1604 3165 1677 despectum
3216 1608 3632 1661 contemnunt.

1982 1688 2257 1760 Sequitur
2282 1707 2295 1745 z

2053 1775 2221 1832 Vens.
2252 1780 2306 1846 4,
2419 1780 2619 1849 Igitur
2646 1781 2795 1838 Eliu
2817 1782 3182 1851 exspectavit
3231 1782 3369 1838 Job
3399 1783 3642 1854 loquen-

1983 1869 2095 1921 tem
2121 1881 2185 1923 eo
2213 1868 2372 1938 quod
2400 1870 2665 1927 seniores
2689 1876 2878 1928 essent
2908 1872 3013 1942 qui
3039 1870 3450 1942 loquebantur.
3483 1872 3641 1929 Cum

1983 1959 2179 2011 autem
2198 1956 2437 2015 vidisset
2467 1960 2627 2030 quod
2659 1964 2779 2017 tres
2809 1961 3169 2030 respondere
3202 1976 3323 2018 non
3376 1967 3640 2034 possent,

1984 2042 2176 2100 iratus
2205 2050 2289 2102 est
2326 2048 2723 2106 vehementer.
2754 2081 2825 2090 —
2845 2049 3129 2114 Quamvis
3156 2055 3363 2108 sancta
3383 2051 3647 2110 Ecclesia

1985 2130 2060 2188 sit
2081 2133 2291 2205 procul
2319 2134 2506 2192 dubio
2550 2136 2913 2194 adversariis
2952 2139 3078 2195 suis
3125 2139 3443 2214 antiquior,
3496 2142 3646 2214 quia

1984 2217 2061 2275 de
2087 2219 2189 2276 illa
2207 2221 2339 2294 ipsi,
2361 2238 2486 2278 non
2515 2227 2725 2281 autem
2749 2225 2891 2281 exiit
2918 2225 3052 2299 ipsa
3076 2227 3153 2283 de
3182 2228 3314 2295 illis,
3360 2228 3512 2285 sicut
3564 2229 3646 2286 de

1985 2307 2068 2364 eis
2096 2324 2203 2381 per
2224 2312 2517 2367 Joannem
2539 2311 2761 2368 dicitur
2791 2330 2862 2369 :s
2895 2317 2980 2371 Ex
3002 2315 3177 2373 nobis
3204 2316 3494 2388 exierunt,
3533 2318 3647 2375 sed

1983 2412 2107 2454 non
2137 2401 2398 2455 erantex
2432 2398 2608 2455 nobis
2637 2401 2699 2472 (Ι
2712 2403 2892 2460 Joan.
2924 2419 2987 2476 n,
3022 2404 3127 2477 £9),
3163 2426 3191 2456 »
3231 2408 3388 2462 recte
3436 2409 3646 2464 tamen

1983 2487 2210 2544 eisdem
2235 2487 2593 2546 adversariis
2618 2490 2751 2547 Eliu
2767 2492 2976 2563 junior
3026 2494 3210 2551 fuisse
3265 2495 3641 2567 describitur,

1982 2576 2127 2651 quia
2164 2576 2449 2635 nimirum
2471 2582 2610 2652 post
2630 2585 2840 2638 exorta
2866 2582 3282 2641 haereticorum
3310 2585 3467 2643 bella
3512 2602 3646 2644 esse

190 2686 315 2725 esse
340 2667 670 2724 Dominum
703 2669 1170 2749 recognoscunt,
1202 2664 1344 2738 quia
1368 2664 1429 2720 in
1461 2664 1705 2721 veritate
1737 2679 1871 2721 car-
1906 2681 1951 2737 ο
1980 2664 2043 2722 in
2070 2671 2284 2723 sancta
2307 2666 2570 2727 Ecclesia
2597 2668 2757 2726 fastu
2782 2670 3041 2729 scientias
3068 2673 3259 2730 inﬂati
3289 2681 3643 2746 arrogantes

186 2752 275 2814 nis
303 2752 495 2814 etiam
512 2756 774 2813 formam
799 2751 1040 2810 deitatis
1071 2752 1585 2823 intelligunt,sicut
1600 2768 1707 2824 per
1729 2755 1870 2809 Pro-

185 2848 442 2920 phetam
468 2845 691 2901 dicitur
724 2861 737 2899 :
765 2866 794 2893 «
822 2843 1040 2900 Scitote
1069 2841 1361 2914 quoniam
1400 2840 1688 2897 Dominus
1738 2841 1870 2913 ipse

187 2942 274 2992 est
306 2939 471 2992 Deus
505 2932 698 3009 (Psal.
730 2948 885 3003 mx,
916 2932 1029 3004 3).»
1060 2930 1365 2987 Barachiel
1402 2945 1542 2986 vero
1586 2928 1872 3002 interpre-

185 3029 383 3082 tatum
406 3024 631 3080 dicitur
653 3020 986 3079 benedictio
1014 3021 1124 3077 Dei
1156 3039 1169 3088 ;
1200 3020 1427 3076 Buzites
1458 3023 1680 3088 autem,
1729 3034 1870 3075 con-

185 3113 561 3185 temptibilis.
595 3111 772 3185 Quod
806 3113 1159 3185 arroganter
1200 3106 1671 3182 praedicantibus
1712 3105 1870 3163 bene

182 3184 517 3276 utrumque
549 3184 906 3267 concordat,
932 3184 1076 3271 quia
1104 3197 1165 3253 in
1193 3195 1634 3269 praedicationis
1664 3194 1872 3251 facun-

182 3290 282 3348 dia
301 3288 805 3347 benedictionem
852 3280 1100 3359 quidem
1152 3285 1358 3357 gratiee
1415 3284 1634 3340 divinae
1680 3285 1868 3356 perci-

181 3380 377 3453 piunt,
402 3376 513 3436 sed
541 3377 607 3434 in
638 3377 811 3434 elatis
844 3374 969 3431 suis
990 3372 1262 3431 moribus
1289 3364 1418 3430 esse
1440 3389 1574 3429 eam
1607 3377 1871 3430 contem-

183 3468 457 3541 ptibilem
482 3466 837 3523 ostendunt.
873 3466 1021 3520 Flam
1061 3462 1290 3536 quippe
1321 3461 1741 3535 interpretatur
1770 3476 1869 3518 ex-

186 3556 401 3614 celsus.
436 3555 730 3612 Excelsus
757 3567 1025 3625 namque
1047 3546 1145 3608 est
1157 3549 1429 3607 ﬁdelium
1455 3548 1740 3624 populus,
1761 3550 1868 3623 qui

184 3647 370 3719 hujus
399 3646 538 3703 vitae
570 3642 784 3700 inﬁma
814 3646 871 3698 et
900 3640 1136 3712 abjecta
1157 3639 1507 3707 contemnit,
1539 3636 1613 3695 de
1644 3638 1867 3711 quibus

185 3734 405 3792 dicitur
439 3753 453 3792 :
483 3755 513 3787 ει
546 3736 761 3790 Nostra
782 3730 1161 3789 conversatio
1184 3730 1246 3785 in
1273 3728 1436 3785 caelis
1465 3732 1554 3785 est
1573 3727 1758 3801 (Phil.
1782 3745 1863 3799 ιιι,

185 3826 297 3897 20).
324 3849 354 3875 ›)
387 3825 537 3881 Eliu
558 3822 766 3895 itaque
787 3820 862 3877 de
890 3818 1245 3891 cognatione
1281 3817 1433 3874 Ram
1465 3815 1701 3887 dicitur,
1723 3816 1869 3889 quia

185 3915 614 3988 unusquisque
648 3909 1007 3984 praedicator
1038 3924 1332 3978 arrogans
1364 3906 1518 3967 intra
1566 3906 1868 3965 universa-

1981 2761 2308 2828 coeperunt.
2343 2759 2493 2815 Cum
2512 2774 2657 2817 vero
2677 2760 2894 2818 dicitur
2913 2763 3058 2835 quia
3086 2763 3231 2819 Elia
3277 2768 3647 2836 exspectavit

1977 2846 2090 2901 Job
2120 2847 2475 2916 loquentem,
2507 2852 2567 2904 et
2590 2848 2845 2921 reliqua,
2872 2855 3076 2922 aperte
3100 2851 3313 2909 beatus
3359 2855 3469 2911 Job
3515 2871 3643 2913 non

1978 2948 2088 3005 pro
2115 2949 2246 3005 sua,
2278 2933 2384 2990 sed
2413 2948 2524 3006 pro
2545 2936 2880 2993 amicorum
2907 2940 3240 2996 reverentia
3260 2956 3325 2997 se
3346 2957 3645 3001 reservas-

1978 3036 2042 3077 se
2067 3025 2435 3078 monstratur
2462 3039 2475 3078 :
2501 3023 2645 3096 quia
2664 3024 2942 3082 videlicet
2969 3031 3318 3098 arrogantes
3343 3030 3499 3087 intra
3527 3048 3639 3104 po-

1978 3109 2072 3165 siti
2100 3110 2382 3168 eamdem
2409 3117 2686 3169 san'etam
2716 3113 3038 3171 Ecclesium
3075 3130 3266 3188 quam
3306 3118 3641 3179 defendunt

1975 3197 2332 3270 despiciunt,
2360 3204 2417 3256 et
2439 3200 2797 3274 plerumque
2826 3202 3117 3274 contingit
3141 3206 3205 3260 ut
3221 3196 3369 3277 plus
3397 3205 3641 3278 ingenia

1975 3285 2134 3343 male
2165 3288 2529 3360 sapientium
2547 3305 2739 3364 quam
2765 3290 3100 3364 simplicem
3129 3292 3316 3349 vitam
3355 3294 3639 3352 innocen-

1977 3375 2125 3432 tium
2155 3383 2535 3436 venerentur.
2564 3380 2881 3452 Sequitur:

2048 3466 2217 3521 Vsus.
2251 3470 2304 3534 ϐ,
2328 3472 2381 3523 7.
2408 3468 2907 3542 Respondensque
2935 3471 3081 3526 Elin
3113 3471 3277 3539 ﬁlius
3337 3474 3641 3532 Barachel

1976 3554 2217 3611 Buzites
2245 3556 2404 3613 dixit
2436 3574 2449 3612 :
2479 3560 2696 3615 Iunior
2719 3575 2849 3616 sum
2881 3564 3160 3630 tempore,
3189 3576 3290 3619 vos
3318 3568 3518 3621 autem
3534 3578 3640 3622 an-

1978 3643 2282 3714 tiquiores,
2312 3644 2538 3702 idcirco
2561 3646 2804 3703 dimisso
2829 3650 3027 3718 capite
3052 3650 3279 3707 veritus
3309 3666 3443 3709 sum
3467 3654 3640 3710 inda-

1974 3745 2123 3801 gare
2141 3747 2331 3790 meam
2361 3736 2738 3791 sententiam.
2770 3737 3103 3806 Sperabam
3135 3741 3289 3797 enim
3317 3743 3478 3813 quod
3494 3748 3638 3800 aetas

1969 3820 2276 3889 prolixior
2290 3822 2656 3893 loqueretur,
2683 3829 2741 3880 et
2761 3838 3062 3883 annorum
3102 3831 3430 3887 multitudo
3476 3833 3639 3889 doce-

1977 3912 2067 3963 ret
2094 3908 2472 3978 sapientiam.
2505 3940 2575 3953 -
2605 3909 2734 3967 Eliu
2761 3912 2987 3986 quippe
3009 3916 3285 3986 quandiu
3307 3930 3419 3989 pro
3448 3920 3637 3977 aetatis

184 4004 305 4060 lem
330 4002 666 4061 Ecclesiam
689 3999 939 4073 positus,
965 3998 1183 4065 sanctis
1205 3995 1447 4071 populis
1465 3995 1606 4051 ﬁdei
1624 3994 1866 4053 veritate
1897 4030 1942 4083 Ι)
1977 4011 2101 4057 suae
2128 4002 2405 4070 respectu
2423 3998 2692 4063 tacuerit,
2712 4000 3039 4072 sapientior
3065 4003 3207 4073 fuit;
3237 4018 3376 4062 cum
3402 4020 3546 4064 vero
3572 4009 3636 4065 in

189 4093 478 4163 sociatur,
504 4089 790 4164 quamvis
807 4088 887 4144 ab
904 4103 1115 4143 eorum
1135 4086 1258 4161 vita
1285 4083 1561 4141 elationis
1577 4083 1865 4157 pravitate

189 4181 299 4254 disj
310 4181 581 4253 ungitur.
619 4173 900 4252 Sequitur
936 4193 949 4231 :
1844 4234 1845 4239 η

258 4288 434 4344 Vens.
468 4291 522 4344 3.
555 4287 764 4342 Iratus
785 4288 986 4343 autem
1016 4281 1304 4338 adversus
1330 4278 1443 4336 Job
1466 4293 1531 4336 eo
1560 4277 1720 4349 quod
1763 4279 1865 4348 ju-

191 4383 347 4434 stum
379 4391 442 4434 se
468 4375 697 4432 diceret
726 4386 934 4429 coram
963 4370 1241 4426 Domino.
1300 4370 1494 4425 Porro
1547 4366 1864 4426 adversum

192 4467 417 4523 amicos
448 4468 584 4535 ejus
616 4462 971 4533 indignatus
1000 4465 1105 4523 est,
1140 4473 1204 4515 eo
1232 4457 1393 4531 quod
1447 4472 1568 4513 non
1613 4457 1868 4513 invenis-

190 4563 318 4612 sent
344 4554 796 4625 responsionem
824 4547 1273 4618 rationabilem,
1312 4545 1416 4605 sed
1452 4546 1864 4603 tantummodo

192 4644 694 4701 condemnassent
743 4637 874 4694 Job.
925 4668 994 4678 —
1045 4635 1298 4695 Solerter
1338 4633 1697 4697 intuendum
1754 4639 1861 4702 est,

188 4733 365 4806 quod
394 4730 611 4789 beatus
654 4726 765 4786 Job
823 4726 960 4783 ideo
1000 4723 1403 4798 reprehendit,
1452 4723 1619 4797 quod
1658 4738 1864 4780 coram

190 4822 315 4878 Deo
371 4821 606 4892 justum
646 4834 782 4875 esse
827 4832 889 4872 se
943 4813 1194 4882 dixerit;
1243 4812 1470 4869 amicos
1516 4826 1656 4867 vero
1735 4810 1866 4881 ejus

184 4903 293 4969 ido
372 4908 700 4979 redarguit,
770 4904 938 4981 quod
1003 4903 1478 4960 condemnantes
1528 4916 1689 4971 eum,
1740 4915 1863 4956 res-

185 4998 561 5075 ponsionem
589 5002 799 5054 contra
836 4994 1006 5051 illum
1031 4991 1449 5050 rationabilem
1499 5004 1626 5046 non
1682 4988 1863 5060 dede-

178 5095 360 5153 runt.
384 5088 513 5147 Istis
535 5102 803 5161 namque
830 5083 1065 5142 indiciis
1095 5085 1297 5155 aperte
1338 5078 1654 5151 colligitur,
1698 5079 1865 5153 quod

181 5198 302 5255 per
334 5197 481 5238 eum
503 5178 734 5254 species
765 5179 1110 5234 amatorum
1141 5186 1312 5229 vanae
1345 5167 1545 5238 glorise
1591 5167 1867 5239 designa-

178 5275 307 5328 tur.
349 5263 464 5327 Job
492 5269 721 5343 quippe
760 5265 836 5321 de
876 5264 1253 5339 praesumpta
1300 5258 1593 5331 justititia,
1639 5257 1865 5314 amicos

176 5379 338 5419 vero
363 5362 498 5436 ejus
529 5358 605 5415 de
636 5356 815 5413 stulta
839 5351 1231 5436 responsione
1280 5347 1599 5421 redarguit.
1659 5346 1867 5404 Cuncti

173 5455 361 5512 enim
391 5433 567 5509 vanae
613 5448 813 5519 glorise
843 5433 1163 5503 sectatores
1195 5439 1342 5495 dum
1369 5454 1430 5495 se
1463 5438 1527 5495 in
1582 5436 1864 5495 omnibus

171 5540 551 5619 praeferunt,
581 5538 732 5601 alios
761 5533 1010 5609 quidem
1040 5530 1114 5588 de
1142 5528 1321 5619 fatuis
1367 5527 1665 5619 sensibus,
1687 5526 1865 5619 alios

171 5615 404 5697 autem
434 5630 513 5693 de
552 5625 816 5703 indignis
849 5621 1074 5693 meritis
1122 5616 1587 5693 reprehendunt,
1645 5615 1709 5681 id
1756 5619 1865 5690 est,

1976 4083 2108 4141 aliis
2141 4100 2445 4143 annorum
2496 4086 2945 4149 multitudinem
2989 4094 3379 4167 semetipsum
3421 4097 3633 4168 praefe-

1974 4189 2112 4231 rens
2143 4173 2417 4248 despicit,
2447 4191 2637 4248 quam
2685 4177 2987 4248 pueriliter
3041 4180 3299 4256 desipiat
3352 4185 3627 4242 ostendit.

1974 4266 2124 4321 Nam
2145 4267 2355 4321 contra
2379 4264 2513 4336 ejus
2539 4266 2897 4324 senteutiam
2926 4272 2984 4325 et
3013 4274 3157 4326 ustas
3214 4272 3500 4345 prolixior
3547 4274 3632 4330 1ος-

1975 4352 2199 4425 quitur,
2230 4357 2290 4413 et
2336 4369 2442 4427 per
2488 4370 2791 4413 annorum
2840 4358 3285 4419 multitudinem
3342 4363 3634 4436 sapientia
3706 4418 3721 4425 -

1974 4442 2243 4512 docetur,
2275 4444 2423 4517 quia
2441 4444 2550 4505 etsi
2575 4444 2929 4516 longevitas
2955 4464 3202 4507 sensum
3225 4464 3350 4509 non
3394 4453 3626 4526 probet,

1975 4548 2122 4591 usus
2144 4537 2349 4593 tamen
2373 4534 2761 4593 vehementer
2783 4543 3038 4595 exorem.
3066 4542 3348 4614 Sequitur
3378 4558 3395 4600 ξ

2048 4643 2212 4696 Vens.
2241 4644 2294 4696 8.
2326 4642 2464 4709 Sed,
2504 4648 2574 4698 ut
2620 4642 2808 4711 video,
2864 4644 3129 4715 Spiritus
3158 4653 3244 4703 est
3280 4650 3343 4705 in
3375 4646 3629 4707 homini-

1978 4729 2104 4793 bus,
2133 4734 2189 4785 et
2212 4730 2531 4798 inspiratio
2557 4731 2987 4800 Omnipotentis
3006 4734 3115 4790 dat
3141 4737 3625 4809 intelligentiam.

1974 4847 2044 4858 —-
2068 4819 2200 4873 Haec
2226 4821 2385 4873 recte
2406 4817 2647 4889 diceret,
2667 4817 2715 4873 si
2743 4821 3023 4878 eamdem
3042 4821 3490 4895 intelligentiam
3514 4827 3629 4886 sibi

1974 4920 2098 4977 pra
2126 4904 2352 4963 caeteris
2374 4920 2501 4961 non
2542 4911 2868 4977 arrogaret.
2908 4910 3178 4976 Quatuor
3221 4912 3447 4988 quippe
3491 4920 3633 4976 sunt

1975 4994 2207 5067 species
2235 4992 2465 5065 quibus
2493 4994 2766 5051 omnium
2823 5000 3024 5056 tumor
3067 5003 3478 5074 arrOgantium
3524 5007 3629 5064 de-

1974 5086 2364 5151 monstratur.
2394 5087 2510 5141 Aut
2530 5100 2672 5141 cum
2708 5084 2941 5145 bonum
2972 5100 3009 5147 ο,
3033 5089 3370 5166 semetipsis
3408 5093 3631 5153 habere

1976 5187 2038 5228 se
2060 5171 2381 5240 aestimant,
2410 5171 2634 5244 quibus
2659 5176 3084 5236 contradicitur
3113 5197 3128 5236 :
3177 5198 3207 5235 α
3242 5181 3395 5248 Quid
3439 5182 3628 5240 habes

1975 5258 2142 5333 quod
2161 5274 2286 5315 non
2351 5260 2684 5334 accepisti?
2713 5281 2747 5315 ›
2788 5267 2846 5321 et
2895 5265 3127 5339 reliqua
3173 5269 3237 5337 (Ι
3270 5269 3405 5324 Cor.
3435 5282 3516 5324 IV.
3549 5270 3625 5342 7).

1974 5352 2090 5404 Aut
2118 5348 2168 5403 si
2192 5347 2306 5404 sibi
2345 5348 2555 5409 datum
2598 5350 2862 5426 desuper
2903 5355 3173 5422 credunt,
3229 5368 3338 5428 pro
3392 5354 3516 5412 suis
3566 5374 3628 5415 se

1975 5436 2275 5510 accepisse
2303 5438 2528 5495 meritis
2551 5444 2781 5513 putant.
2815 5441 3033 5499 Contra
3078 5452 3234 5515 quos
3278 5444 3500 5503 Paulus
3541 5449 3628 5506 di-

1975 5526 2052 5583 cit
2082 5545 2096 5584 :
2126 5548 2155 5575 ‹‹
2188 5527 2388 5585 Gratia
2415 5529 2554 5589 estis
2582 5530 2791 5587 salvati
2816 5544 2929 5604 per
2973 5530 3182 5600 ﬁdem,
3237 5536 3294 5591 et
3337 5530 3453 5593 hoc
3501 5554 3625 5595 non

1977 5632 2052 5674 ex
2077 5615 2277 5690 vobis,
2315 5619 2421 5677 Dei
2460 5618 2623 5679 enim
2666 5619 2897 5678 donum
2949 5623 3039 5680 est
3063 5637 3190 5683 non
3220 5639 3294 5684 ex
3317 5626 3621 5704 operibus,
