4130 6146
501 151 605 207 375
748 130 751 135 ”
1079 170 1083 175 -
1562 146 1618 201 s.
1661 142 1918 201 ODONIS
1957 137 2132 195 ABBA

2288 137 2789 199 CLUNIACENSIS
2829 141 2872 197 ΙΙ
3053 169 3061 177 ·
3780 154 3872 208 επ
3901 168 3914 183 ⁸

503 280 571 332 ut
598 291 671 332 ne
696 274 832 347 quis
863 272 1145 343 glorietur
1173 270 1348 343 ,Eph.
1376 287 1442 337 ιι,
1462 272 1601 341 8-9).
1633 272 1794 325 »Aut
1822 271 1996 332 certe,
2017 278 2155 319 cum
2185 266 2231 317 Α
2265 264 2536 333 audiunt,
2597 267 2701 324 sed
2764 266 2876 324 sibi
2922 282 3025 323 eas
3082 265 3200 323 dici
3227 265 3617 338 dissimulant,
3655 276 3877 345 quando

501 366 729 437 jactant
757 377 820 417 se
849 361 1071 417 habere
1102 361 1268 434 quod
1297 374 1420 415 non
1447 360 1691 423 habent,
1749 357 1899 412 sicut
1944 352 2158 422 angelo
2265 353 2539 410 elationis
2567 356 2778 413 vitium
2807 356 3131 413 emendare
3151 360 3555 425 contemnunt,
3604 375 3675 416 ne
3712 379 3769 419 se
3813 365 3879 422 de

509 450 795 509 Laodiciae
826 449 1043 506 dicitur
1075 468 1088 506 :
1123 472 1151 499 ‹‹
1184 449 1332 516 Quia
1360 448 1507 504 dicis
1528 447 1690 520 quod
1723 446 1886 501 dives
1917 458 2049 498 sum
2105 443 2163 495 et
2269 442 2552 508 superbia
2578 444 2854 517 redargui
2876 444 3192 512 aestiment,
3222 444 3363 518 quia
3393 460 3520 501 esse
3547 463 3605 503 se
3649 448 3880 508 humiles

433 523 440 535 ’
506 539 920 613 locupletatus,
954 543 1012 595 et
1053 537 1275 595 nullius
1332 553 1502 608 egeo,
1552 537 1747 593 nescis
1795 533 1937 607 quia
1991 535 2049 587 tu
2098 545 2161 584 es
2268 535 2502 604 putant,
2529 533 2672 605 quia
2700 534 2880 591 etiam
2904 533 3186 604 redargui
3237 532 3583 607 despiciunt,
3629 535 3768 595 dum
3806 557 3885 598 εδ.

508 628 690 685 miser
708 632 766 684 et
783 627 1161 695 miserabilis,
1183 631 1241 683 et
1269 642 1523 700 pauper,
1553 629 1610 681 et
1639 639 1833 681 caecus
1863 627 1918 678 et
1963 618 2164 676 nudus
2270 619 2591 691 pientiores
2630 637 2691 677 se
2735 625 2793 678 et
2845 621 2958 694 ipsi
3001 620 3498 692 redarguentibus
3537 623 3885 684 arbitrantur.

510 717 718 789 (Apoc.
752 733 833 786 Ill,
869 718 970 787 t7).
1002 739 1031 767 α
1062 718 1178 773 Aut
1201 714 1497 789 despectis
1526 713 1752 770 Creteris
1791 708 2167 781 singulariter
2276 708 2551 780 Sequitur
2582 727 2594 765 :
2628 710 2708 766 Et
2739 726 2845 782 ego
2870 725 2991 766 non
3021 711 3346 766 secundum
3372 725 3657 769 sermones
3693 721 3891 773 vestros

510 805 700 861 videri
729 809 1025 879 appetunt
1049 804 1275 861 habere
1307 803 1473 877 quod
1511 803 1757 871 habent,
1791 800 1941 856 sicut
1966 797 2164 854 Phari-
2274 797 2636 867 respondebo
2664 798 3219 869 illi.—.\rrogantes
3244 798 3405 855 enim
3450 797 3602 857 intra
3651 808 3892 862 sanetam

515 910 672 950 smus
700 894 781 951 ait
812 911 824 949 :
860 917 888 944 ››
920 897 1093 962 Deus,
1119 892 1338 964 gratias
1365 907 1481 961 ago
1536 890 1640 946 tibi
1686 889 1831 962 quia
1861 903 1981 943 non
2033 902 2165 941 sum
2279 885 2602 942 Ecclesium
2633 887 2812 961 positi
2844 886 3211 961 respondent
3255 892 3462 944 contra
3508 904 3597 957 ea,
3652 891 3747 948 sed
3786 907 3896 950 non

516 982 669 1038 sicut
687 982 882 1039 caeteri
910 981 1228 1039 hominum
1252 982 1416 1053 (Luc.
1444 995 1610 1047 XVIII,
1646 980 1754 1051 11).
1791 1001 1818 1028 ››
1850 975 1975 1032 Eliu
2027 990 2170 1043 ergo
2279 974 2431 1030 sicut
2454 975 2710 1032 haeretici
2731 976 2987 1033 exterius
3018 976 3342 1034 constituti.
3378 980 3575 1050 Neque
3604 979 3754 1037 enim
3776 997 3913 1038 con-'

516 1071 794 1145 quamvis
824 1071 952 1127 dari
991 1070 1305 1128 aDomino
1331 1068 1688 1142 sapientiam
1728 1066 2060 1131 confitetur,
2110 1064 2169 1119 in
2281 1063 2578 1120 tradicunt
2600 1065 2652 1121 ei
2678 1081 2868 1138 prava
2906 1064 3314 1138 praedicando,
3374 1065 3478 1122 sed
3526 1081 3783 1140 perverse
3825 1071 3900 1126 vi-

516 1160 631 1216 hac
664 1164 864 1216 tamen
884 1158 1154 1216 elationis
1176 1156 1372 1232 specie
1396 1156 1638 1227 labitur,
1660 1161 1723 1211 ut
1752 1153 2174 1228 sapientiorem
2280 1152 2499 1221 vendo,
2531 1153 2676 1226 quia
2704 1169 2813 1210 nec
2835 1153 2910 1209 de
2942 1156 3060 1210 Deo
3086 1159 3150 1209 ut
3195 1154 3454 1211 haeretici
3511 1155 3749 1226 indigna
3791 1174 3903 1214 sen-

520 1266 582 1305 se
610 1250 833 1306 cteteris
865 1246 1144 1318 gaudeat.
1180 1247 1458 1320 Sequitur
1485 1264 1497 1301 :
2284 1241 2454 1308 tiunt,
2489 1242 2595 1298 sed
2626 1242 2702 1299 de
2736 1259 2818 1310 se,
2855 1241 3180 1315 plusquam
3213 1258 3458 1299 necesse
3488 1248 3595 1312 est,
3626 1243 3798 1316 digna
3823 1262 3903 1302 su-

589 1341 766 1395 Vnns.
799 1343 853 1405 9,
888 1338 971 1407 10,
1001 1337 1085 1402 ll,
1113 1337 1196 1393 l2.
1223 1338 1357 1393 Non
1382 1341 1521 1392 sunt
1553 1336 1813 1406 longtevi
1863 1334 2175 1403 sapientes,
2285 1330 2612 1404 spicantur.
2645 1332 2922 1405 Sequitur
2951 1349 2965 1386 :

519 1440 628 1483 nec
653 1440 817 1481 senes
846 1425 1198 1496 intelligunt
1217 1424 1541 1494 judicium.
1586 1423 1727 1478 Ideo
1767 1422 1962 1477 dicam
1989 1438 2002 1475 :
2051 1422 2178 1475 Au-
2358 1421 2531 1478 Vens.
2570 1427 2648 1479 15.
2680 1422 3129 1489 Extimuerunt,
3160 1437 3269 1498 nec
3293 1421 3721 1493 responderunt
3742 1425 3905 1491 ultra,

522 1515 644 1571 dite
671 1530 781 1583 me,
808 1515 1115 1571 ostendam
1142 1514 1303 1570 vobis
1334 1514 1511 1569 etiam
1542 1527 1647 1582 ego
1704 1526 1892 1567 meam
1947 1516 2178 1566 senten-
2289 1511 2785 1583 abstuleruntque
2811 1526 2848 1568 a
2874 1526 2933 1567 se
2958 1512 3212 1583 eloquia.
3244 1542 3313 1552 —-
3341 1512 3492 1567 Bene
3512 1511 3590 1568 ab
3616 1511 3734 1569 Elin
3752 1512 3910 1571 verba

524 1603 692 1659 tiam.
739 1603 1079 1673 Expectavi
1130 1602 1285 1658 enim
1328 1614 1623 1656 sermones
1658 1604 1902 1661 vestros,
1977 1597 2185 1654 audivi
2220 1618 2260 1672 Β
2292 1599 2468 1655 amici
2488 1600 2599 1656 Job
2659 1600 3007 1656 extimuisse
3064 1599 3419 1672 referuntur,
3481 1600 3623 1673 quia
3670 1615 3915 1658 nonnun-

520 1691 909 1761 prudentiam
943 1694 1224 1761 vestram,
1254 1690 1438 1745 donec
1466 1688 1950 1757 disceptaremini
1970 1702 2185 1743 sermo-
2292 1702 2477 1760 quam
2521 1695 2868 1759 arrogantes
2926 1687 3196 1745 Ecclesia:
3256 1688 3619 1760 defensores,
3666 1690 3911 1763 quamvis

528 1779 723 1850 nibus,
755 1784 807 1834 et
839 1778 1024 1834 donec
1051 1778 1340 1848 putabam
1373 1792 1471 1832 vos
1492 1775 1728 1846 aliquid
1758 1775 1974 1842 dicere,
1998 1776 2184 1830 consi—
2293 1776 2565 1832 ordinem
2596 1777 2831 1833 dicendi
2858 1792 2982 1833 non
3013 1781 3268 1844 taceant,
3324 1781 3526 1834 tamen
3575 1776 3912 1834 adversarios

530 1868 835 1924 derabam.
869 1899 938 1908 --
969 1868 1273 1932 Quantum
1304 1866 1381 1921 ad
1413 1865 1807 1921 intent‘onem
1852 1865 2058 1920 litteras
2093 1880 2189 1919 ex—
2294 1865 2426 1938 ipsa
2455 1865 2749 1921 dictorum
2771 1866 2985 1921 virtute
3008 1865 3380 1937 perturbant.
3415 1865 3685 1940 Sequitur
3713 1881 3726 1923 :

532 1962 762 2029 spectat
789 1955 1082 2028 [spectat],
1109 1954 1366 2027 loquens
1401 1954 1527 2009 Eliu
1571 1952 1796 2009 indicat
1844 1968 2030 2026 quam
2088 1969 2187 2007 su-
2370 1955 2534 2010 Vens.
2572 1957 2655 2010 16.
2715 1955 3008 2023 Quoniam
3063 1956 3252 2026 igitur
3305 1957 3665 2026 exspectavi,
3717 1962 3766 2012 et
3814 1969 3912 2011 non

531 2045 716 2119 perbe
744 2044 1013 2101 tacuerit.
1045 2043 1197 2099 Cum
1225 2042 1386 2099 enim
1412 2042 1554 2098 dicit
1587 2060 1599 2098 :
1657 2042 2022 2112 Exspectavi
2075 2057 2194 2098 ser-
2298 2048 2439 2099 sunt
2469 2045 2672 2114 locuti,
2705 2050 2994 2101 steterunt
3025 2059 3131 2100 nec
3174 2045 3342 2101 ultra
3400 2045 3831 2116 responderunt.
3859 2072 3913 2084 -

532 2149 732 2191 mones
785 2138 1029 2195 vestros,
1078 2136 1156 2203 et,
1204 2131 1493 2202 putabam
1540 2146 1640 2187 vos
1692 2131 1926 2202 aliquid
1975 2131 2190 2198 dicere,
2305 2133 2459 2191 Finis
2483 2149 2611 2190 esse
2641 2132 2956 2190 locutionis
2981 2133 3341 2207 sapientium
3374 2134 3540 2203 solet,
3573 2138 3637 2191 ut
3662 2150 3730 2191 eo
3753 2148 3914 2207 usque

536 2228 737 2296 aperte
783 2221 1051 2278 declarat
1098 2237 1164 2277 se
1212 2219 1293 2278 ad
1337 2221 1525 2277 verba
1582 2237 1820 2288 senum,
1870 2220 2194 2292 judicantis
2304 2223 2555 2291 dicatur,
2584 2239 2709 2296 quo
2736 2222 3092 2280 adversariis
3136 2222 3438 2279 silentium
3468 2224 3782 2298 imponant.
3809 2226 3912 2279 Non

534 2311 735 2385 potius
763 2309 962 2366 studio
990 2325 1179 2382 quam
1204 2309 1454 2366 dicentis
1481 2313 1623 2365 voto
1646 2308 1920 2365 tacuisse.
1974 2311 2196 2375 Quam-
2306 2312 2464 2369 enim
2496 2328 2557 2368 se
2589 2311 2925 2383 ostendere,
2949 2312 3052 2368 sed
3069 2327 3258 2387 prava
3271 2312 3555 2369 docentes
3579 2324 3916 2385 compescere

533 2400 627 2456 vis
650 2399 777 2456 haec
822 2398 1036 2455 melius
1081 2397 1269 2454 vitam
1318 2398 1732 2468 arrogantium
1776 2399 2037 2467 signant,
2096 2399 2200 2470 qui
2309 2402 2575 2475 cupiunt.
2612 2400 2726 2459 Sed
2747 2401 3037 2475 quoniam
3069 2401 3276 2457 amicis
3295 2401 3626 2459 tacentibus
3674 2398 3788 2458 Eliu
3835 2399 3918 2457 ad-

538 2487 871 2559 aliquando
900 2487 1056 2543 intra
1109 2492 1381 2544 sanetam
1438 2486 1761 2543 Ecclesium
1812 2487 2008 2559 positi,
2061 2504 2197 2543 cum
2310 2489 2427 2545 huc
2457 2486 2643 2546 verba
2671 2489 3047 2563 multiplicat,
3076 2495 3240 2564 patet
3269 2490 3417 2564 quia
3443 2490 3530 2547 vir
3571 2504 3837 2560 arrogans
3875 2491 3922 2544 et

539 2575 816 2646 ejusdem
847 2580 1068 2630 sanctae
1099 2574 1369 2630 Ecclesiae
1398 2574 1774 2631 adversarios
1802 2575 2199 2647 conspiciunt,
2312 2577 2570 2634 formam
2601 2578 2661 2634 in
2693 2596 2755 2635 se
2786 2580 3195 2651 arrogantium
3223 2579 3553 2649 intentans,
3581 2594 3700 2635 non
3747 2577 3923 2635 adver-

540 2678 666 2719 non
696 2663 756 2718 in
788 2662 873 2718 eis
899 2668 1243 2734 temporum
1272 2678 1488 2734 annos,
1520 2662 1628 2719 sed
1673 2662 2064 2719 intentionem
2112 2678 2204 2719 so-
2313 2670 2609 2726 sariorum
2630 2670 2787 2727 dicta
2814 2685 3116 2746 superare,
3145 2669 3250 2726 sed
3281 2668 3644 2747 sapientiam
3671 2672 3924 2727 esteatm‘e

539 2750 664 2807 lent
684 2765 938 2823 pensare
963 2750 1308 2807 verborum.
1335 2755 1482 2808 Nam
1521 2751 1897 2825 quantolibet
1924 2752 2043 2808 sint
2096 2751 2205 2809 eis~
2312 2758 2567 2816 festinat.
2605 2761 2919 2834 Sequitur:

540 2840 684 2896 dem
714 2840 1140 2911 arrogantibus
1195 2840 1565 2914 antiquiores
1602 2841 1883 2908 haeretici,
1934 2858 2038 2899 eos
2099 2858 2203 2899 au-
2383 2851 2551 2907 Vens.
2594 2855 2673 2907 l7.
2697 2852 3075 2922 Respondebo
3105 2858 3160 2911 et
3217 2863 3323 2927 ego
3365 2854 3615 2926 partem
3666 2865 3853 2921 meam,
3884 2850 3927 2909 et

543 2930 750 2987 dacter
778 2930 1206 3022 comprimunt,
1238 2930 1299 2987 in
1352 2947 1614 3022 quorum
1668 2932 1865 3022 verbis
1916 2932 2206 3004 dogmata
2238 2969 2278 3022 ο
2317 2938 2626 2996 ostendam
2658 2939 2966 2998 scientiam
2992 2957 3202 2999 meam.
3230 2974 3301 2985 —
3330 2945 3507 3001 lianc
3536 2944 3690 3001 enim
3735 2945 3928 3017 partem

541 3034 827 3092 perversa
850 3019 1315 3091 reprehendunt.
1356 3021 1676 3093 Sequitur:
1723 3021 1860 3088 Sed,
1915 3027 1982 3077 ut
2012 3022 2201 3091 video,
2249 3019 2269 3022 ⁷
2314 3042 2487 3084 suam
2512 3030 2709 3087 omnis
2741 3044 3033 3102 arrogans
3060 3030 3337 3104 aestimat,
3385 3032 3451 3089 si
3502 3031 3791 3090 scientiam
3832 3043 3930 3087 non

543 3123 665 3165 non
689 3112 774 3164 est
803 3109 1181 3179 quiarguere
1204 3110 1393 3179 possit
1414 3110 1548 3178 Job,
1602 3115 1661 3166 et
1714 3111 2075 3181 respondere
2130 3127 2206 3169 ea:
2313 3121 2437 3173 tam
2464 3118 2685 3176 habeat
2714 3130 2901 3193 quam
2920 3120 3196 3178 ostendit.
3223 3123 3352 3188 Quo
3369 3125 3589 3179 contra
3605 3124 3815 3195 Moyses
3837 3118 3926 3175 ait:

544 3197 711 3257 vobis
737 3199 1108 3255 sermonibus
1138 3202 1286 3269 eius.
2315 3228 2342 3256 ‹‹
2377 3210 2489 3264 Vas
2519 3208 2685 3281 quod
2716 3225 2840 3265 non
2863 3209 3140 3266 habuerit
3168 3210 3532 3283 operculum
3558 3216 3614 3268 et
3656 3211 3930 3282 ligaturam

617 3285 793 3341 Vens.
831 3291 916 3342 13.
945 3287 1039 3342 Νε
1062 3287 1227 3357 forte
1255 3288 1524 3345 dicatis:
1571 3291 1914 3346 Invenimus
1970 3295 2204 3363 sapien-
2314 3294 2697 3354 immundum
2748 3298 2855 3355 erit
2905 3296 3106 3368 (Num.
3153 3315 3274 3369 xIx,
3327 3298 3451 3374 15).
3485 3325 3512 3352 ››
3567 3297 3932 3359 Praedicator-es

545 3373 713 3461 tiam,
749 3375 901 3429 Deus
923 3375 1178 3444 projecit
1201 3389 1354 3443 eum,
1387 3392 1508 3432 non
1530 3378 1797 3434 homo.-—-
1831 3380 1997 3453 Step0
2026 3379 2208 3437 haere-
2315 3389 2515 3441 autem
2542 3387 2727 3443 sancti
2759 3391 2992 3460 partem
3022 3403 3194 3445 suam
3225 3373 3536 3461 reputant,
3571 3385 3616 3445 si
3669 3388 3810 3445 intus
3833 3381 3934 3459 qui-

546 3460 642 3551 tici
672 3476 781 3534 per
795 3462 909 3519 hoc
930 3462 1095 3535 quod
1128 3478 1259 3519 esse
1296 3469 1355 3520 et
1395 3465 1745 3522 hominibus
1805 3467 2203 3541 despicabiles
2314 3472 2452 3529 dem
2484 3474 2599 3547 ipsi
2625 3475 2699 3531 de
2730 3475 3022 3549 sapientia
3051 3460 3372 3547 gaudeant,
3400 3474 3554 3536 foris
3572 3473 3694 3551 jam
3718 3472 3846 3534 alias
3870 3468 3932 3529 ab

548 3549 762 3644 solent,
792 3566 932 3606 cum
962 3566 999 3606 a
1028 3552 1257 3644 cunctis
1285 3551 1405 3644 fere
1453 3555 1729 3644 gentibus
1779 3563 2050 3614 sanctam
2108 3561 2207 3615 Ec-
2314 3573 2510 3620 errore
2536 3570 2956 3639 compescant;
2986 3584 3182 3641 neque
3226 3584 3262 3624 a
3293 3584 3354 3624 se
3396 3568 3488 3627 ita
3535 3549 3818 3644 loquendo
3852 3579 3932 3621 ex-

546 3635 792 3732 elesiam
818 3638 1086 3732 venerari
1106 3640 1514 3732 conspiciunt,
1536 3643 1884 3716 opinionem
1906 3646 2035 3719 ejus
2081 3648 2209 3721 qui-
2314 3658 2475 3716 eunt,
2501 3657 2565 3710 ut
2590 3635 2880 3724 gaudium
2915 3635 3128 3712 mentis
3150 3655 3208 3712 in
3240 3658 3588 3715 ostensione
3611 3635 3843 3732 -ponant
3864 3650 3931 3707 di-

545 3724 663 3816 bus
684 3724 898 3816 valent
914 3727 1447 3816 obtrectationibus
1501 3731 1766 3790 lacerare
1814 3736 2203 3806 contendunt,
2316 3748 2487 3799 sertae
2518 3742 2854 3816 locutionis,
2889 3745 2991 3801 sed
3022 3745 3184 3803 bona
3219 3746 3483 3804 scientia:
3515 3748 3573 3805 in
3627 3724 3813 3804 cordis
3858 3756 3927 3798 se-

546 3811 811 3914 dicentes
843 3830 856 3870 :
887 3814 1209 3917 Idcircoilli
1228 3824 1445 3876 cuncta
1469 3822 1827 3895 temporalia
1855 3830 2203 3917 suppetunt,
2315 3834 2475 3888 creto
2504 3811 2889 3903 meditantur,
2921 3839 2978 3890 et
3009 3835 3090 3891 ibi
3148 3837 3417 3906 gaudent
3464 3837 3566 3894 ubi
3620 3837 3729 3893 hoc
3780 3829 3929 3907 pmi-

545 3912 772 4000 quia-ei
801 3912 1051 3977 praemia
1079 3912 1442 4000 internarum
1468 3927 1791 3969 munerum
1841 3914 2207 3973 subtrahun-
2315 3919 2506 3995 piunt,
2530 3938 2652 3980 non
2676 3921 2779 3980 ubi
2809 3922 2870 3980 in
2903 3923 3294 3981 tentationum
3324 3923 3579 4000 laqueos
3609 3927 3929 3983 innotescere

686 3993 955 4088 Quorum
981 3996 1111 4088 voci
1136 3996 1271 4088 ΔΕιὶιι
1321 3997 1546 4068 obviat,
1601 4000 1849 4059 dicens:
1906 4006 1996 4062 Ne
2048 4006 2210 4076 forte
2315 3993 2777 4086 compelluntur.
2807 4014 3128 4088 Sequitur:

546 4079 763 4178 dicatis
781 4098 805 4178 ,ς
831 4084 1569 4178 Invenimussapientiam,
1595 4092 1750 4148 Deus
1767 4095 2028 4164 projecit
2047 4105 2202 4166 eum,
2389 4079 2552 4159 νέης.
2582 4101 2666 4159 18.
2712 4079 2938 4161 Plenus
2986 4115 3113 4161 sum
3167 4106 3563 4178 sermonibus,
3600 4113 3654 4164 et
3706 4102 3930 4163 coarctat

546 4175 604 4271 et
627 4186 747 4271 non
778 4171 971 4271 homo.
1001 4179 1085 4271 ac
1109 4176 1158 4232 si
1186 4182 1536 4271 arrogantes
1560 4179 1717 4237 intra
1770 4187 2036 4240 sanctam
2100 4186 2204 4271 Ece
2314 4206 2407 4248 me
2429 4192 2683 4262 spiritus
2711 4194 2833 4249 oris
2862 4195 2994 4251 mei.
3029 4226 3097 4235 —
3128 4171 3580 4271 Nonnunquam
3630 4193 3934 4264 arrogantes

546 4259 1198 4381 ciefiamqutha-me:
1232 4266 1712 4381 ﬁdeles-eant?
1741 4273 2067 4381 “haereticos
2094 4270 2209 4330 'dis
2237 4328 2280 4381 D
2315 4279 2425 4335 viri
2451 4259 2603 4381 :dum
2620 4280 3053 4380 praedicatores
3103 4288 3342 4381 sanctos
3387 4259 3610 4357 magna
3668 4259 3933 4381 [equinac

548 4351 723 4448 eant:
756 4351 861 4405 Per
891 4350 1006 4448 hoc
1034 4353 1203 4448 quod
1232 4360 1504 4448 sanctam
1535 4358 1857 4418 Ecclesiam
1885 4357 1945 4418 in
1974 4362 2206 4419 honore
2237 4350 2280 4381 υ
2314 4384 2425 4441 pro
2453 4350 2751 4426 locutione
2796 4386 2906 4428 sua
2957 4373 3225 4430 venerari
3272 4350 3673 4448 conspiciunt,
3723 4350 3934 4428 locutio-

547 4434 867 4540 hominum
889 4438 1100 4540 ﬂorere
1130 4446 1535 4540 temporaliter
1558 4450 1813 4540 cernitis,
1872 4453 2205 4526 projectam
2314 4434 2410 4514 nis
2438 4473 2649 4515 eorum
2680 4458 3117 4531 celsitudinem,
3159 4477 3283 4519 non
3343 4434 3672 4520 utilitatem,
3704 4453 3937 4516 intentio-

548 4539 686 4624 eam
715 4527 1181 4627 aPominonon
1200 4535 1473 4627 credatis.
1510 4539 1627 4597 Scit
1657 4542 1819 4599 enim
1849 4542 2211 4619 Redemptor
2315 4547 2430 4619 nis,
2460 4546 2791 4604 imitantur.
2821 4550 2969 4606 Nam
3001 4527 3161 4626 saepe
3215 4552 3511 4624 contingit
3560 4556 3627 4608 nt
3675 4547 3940 4622 sapientes

548 4617 680 4685 ejus
704 4619 762 4671 et
779 4617 852 4716 in
880 4617 1013 4719 hoc.
1025 4619 1232 4719 itinere
1263 4624 1477 4686 solatia
1504 4629 1768 4689 venienti
1821 4617 2100 4707 tribuere,
2152 4640 2210 4694 et
2315 4617 2440 4710 viri,
2474 4656 2615 4698 cum
2646 4657 2707 4698 se
2734 4655 2855 4699 non
2887 4617 3513 4711 audiri-considerant,
3540 4641 3627 4698 ori
3667 4617 3769 4694 suo
3796 4632 3939 4690 silen-

546 4710 1017 4806 pervenientiad
1046 4715 1331 4806 aeternam
1352 4719 1611 4791 patriam
1641 4737 1908 4798 superna
1960 4724 2211 4800 praemia
2317 4728 2466 4787 tium
2492 4727 2781 4803 indicant,
2810 4731 2913 4788 sed
2965 4731 3342 4806 plerumque,
3400 4730 3552 4787 dum
3605 4720 3939 4800 conspiciatlt

547 4806 878 4894 reservare.
915 4802 1226 4894 Incassum
1249 4805 1432 4878 igitur
1455 4809 1674 4882 dicitis,
1697 4812 1853 4886 quia-
1874 4814 2030 4872 Deus
2069 4831 2208 4873 eum
2316 4818 2483 4892 quod
2513 4802 2856 4894 iniquorum
2880 4802 3147 4878 facinora
3176 4802 3321 4893 ipsis
3376 4817 3711 4877 tacentibus
3755 4816 3807 4868 et
3837 4817 3937 4894 nol!

627 4898 750 4987 qun
781 4884 965 4987 homo
987 4892 1326 4987 projecerit,
1340 4913 1494 4987 cum
1526 4883 1793 4958 venerari
1816 4900 1979 4962 illam
2000 4919 2037 4963 a
2061 4917 2210 4965 cun-
2318 4883 2777 4983 corripientibus
2799 4916 3091 4977 crescunt,
3116 4883 3240 4967 vim
3261 4908 3602 4984 quamdam
3624 4901 3848 4987 spiritus
3868 4890 3940 4987 Sili

580 4981 1140 5082 ξὶῐξξθέῗξιῖἱξξξδιιξ
1172 4981 1405 5082 videtis,
1429 4988 1572 5060 quia
1604 4991 1689 5049 sic
1715 4992 1767 5049 ei
1798 4997 2050 5052 ten-enm
2080 4996 2208 5065 glo—
2319 4981 2671 5067 sustineant,
2728 5005 2793 5058 ut
2844 5001 2907 5059 in
2962 4981 3528 5073 locutione—aperta
3593 4981 3941 5082 correptionis

510 5102 513 5105 »
668 5056 1083 5167 ξξνςιιξιιιξξ
1114 5067 1413 5167 tribuitur,
1434 5056 1500 5134 ut
1518 5094 1626 5152 per
1651 5082 1767 5139 hoc
1825 5056 2211 5163 multiplicius
2318 5056 2670 5167 erumpant:
2694 5056 3149 5149 Hine—J—eremias
3188 5056 3273 5147 ait
3300 5103 3316 5145 :
3356 5056 3397 5136 ἀ
3434 5089 3567 5144 Non
3619 5056 3941 5167 recordatio!

545 5144 841 5256 “3‘31”,
861 5150 1125 5256 ῗωξῗξίξεξ
1153 5144 1545 5256 βώνώαἲυιί
1580 5171 1885 5246 Sequitur:
1999 5144 2019 5163 ⁸
2317 5144 3395 5256 ultra—innoinine
3429 5175 3564 5246 ejus
3586 5172 3725 5240 (Jer.
3745 5160 3949 5253 xx,9)-f

620 5234 788 5343 Ῠεξῗεο
823 5240 906 5343 ‘4;
934 5242 1376 5343 Niﬁitfogutus
1404 5261 1489 5343 est
1519 5234 1994 5338 mihi:011idest,
2048 5272 2210 5330 nihil
2318 5234 2397 5326 Et
2432 5234 2845 5343 άάξιὶέιὲῖιῖ-Ῑξ
2887 5234 3218 5327 gigas;
3236 5234 3249 5235 ί
3272 5234 3362 5325 est
3411 5234 3603 5320 caras
3638 5270 3771 5316 meo
3796 5241 3945 5343 quisi

547 5322 782 5434 {ciiiilius
811 5334 895 5434 est
949 5333 1104 5434 mihi
1125 5339 1156 5393 ?
1205 5340 1489 5414 Nunquid
1537 5354 1747 5408 sancta
1799 5322 2055 5416 Ecclesia
2098 5376 2208 5434 per
2315 5358 2472 5432 ignis
2509 5322 2879 5428 exaestuans,
2938 5358 3303 5432 claususque
3360 5354 3421 5411 in
3485 5347 3727 5408 ossibus
3781 5336 3942 5434 meis:

540 5412 963 5519 Ρξξξξίθδῑονῗξ
983 5422 1179 5493 iustos
1209 5412 1528 5519 cumintra
1558 5454 1620 5493 se
1666 5412 2203 5515 arrogantesmcon:
2654 5412 3029 5506 Rigas;
3044 5412 3365 5504 “sustinens
3399 5439 3663 5516 (Ibid.).»
3694 5429 3802 5491 Sed

780 5507 1013 5615 ῗξῗξίξτθ
1047 5528 1132 5615 nae
1178 5516 1541 5615 ιθάινευφιςο
1591 5504 2038 5599 praetermittit?
2070 5504 2204 5596 Sed
2314 5504 2825 5615 saepe—nonnulla
2860 5504 3001 5594 vitia
3070 5536 3317 5594 virtutes
3368 5504 3435 5590 se
3488 5504 3649 5615 esse,
3680 5515 3945 5615 meum“:

539 5601 751 5649 omnes
781 5605 1129 5669 αποεαιιιθε
1157 5619 1338 5666 Voces
1364 5596 1611 5684 quidem
1645 5626 1865 5678 sanctas
1920 5625 2200 5690 Ecclesia
2314 5596 2432 5703 tur:
2483 5625 2637 5690 sicut
2689 5625 2902 5683 effusio
2948 5638 3393 5701 nonnunquam
3448 5604 3864 5677 ωίεθτίθοτάίδν
3899 5596 3947 5651 ﬂ
