4120 6156
180 209 275 276 377

889 203 892 208 ’
970 199 1264 256 EPITOME
1302 197 1670 254 MORALIUM
1710 197 1765 252 S.
1807 196 2012 253 GBEG.
2056 199 2122 254 IN
2159 197 2306 254 JOB.
2347 226 2416 238 -
2455 197 2583 253 LIB.
2623 193 2800 252 XXIII.

3494 179 3600 236 373

180 326 405 386 tenacia
457 337 900 395 nonnunquam
955 321 1346 395 parcimonia,
1394 325 1450 377 et
1512 319 1830 376 crudelitas
1863 332 1908 384 Α
1947 336 2082 392 quae
2115 320 2375 394 sapiunt,
2398 323 2554 376 recte
2584 317 2917 373 ministrare
2967 326 3091 368 non
3119 308 3394 381 possunt.
3427 305 3600 358 Recte

179 413 503 490 aliquando
523 411 751 484 justitia
772 411 898 467 vult
921 411 1106 467 videri
1136 428 1149 466 :
1181 410 1262 467 ita
1292 409 1646 483 plerumque
1673 424 1834 464 men-

1947 412 2145 465 autem
2157 409 2250 464 his
2278 425 2385 482 per
2415 407 2770 481 prophetam
2792 402 3004 458 dicitur
3035 404 3096 454 :'«
3117 398 3230 452 Vos
3243 397 3445 450 autem
3461 404 3600 482 cum

179 476 297 564 teni
322 503 399 560 ad
446 476 733 576 loquendi
791 501 1102 574 impetum,
1140 476 1314 557 vana;
1345 476 1835 570 gloriae-anxietas
1941 476 2696 570 austeritate-imperabatis
2727 493 2909 561 eis,et
2933 505 3070 544 cum
3091 483 3355 558 potentia
3372 476 3595 552 (Ezech.

179 607 568 668 nequaquam
601 607 663 647 se
693 590 846 646 intra
878 589 1176 646 silentium
1203 589 1470 662 capiens,
1494 586 1668 660 quasi
1699 586 1836 642 cha-

177 681 363 740 ritatis
387 680 726 737 inﬂammat
749 684 928 752 atque
956 678 1232 752 appetita:
1258 675 1612 734 ostensionis
1641 674 1731 730 vis
1760 673 1836 731 ad

181 768 649 830 etfrienationem
669 767 985 824 locutionis
1018 766 1286 841 impellit,
1320 771 1374 823 et
1399 765 1577 840 quasi
1606 763 1840 820 substu-

181 862 281 919 dio
329 856 704 928 consulendi,
760 857 948 914 libido
1002 857 1263 930 erumpit
1313 855 1643 930 apparendi
1671 871 1684 909 :
1717 867 1839 910 non

183 949 342 1007 enim
371 949 540 1004 curat
569 945 875 1020 loquendo
902 944 1066 1018 quod
1096 946 1304 1019 prosit,
1338 944 1443 1000 sed
1469 942 1632 1018 quod
1661 957 1842 1014 appa-

182 1043 325 1096 reat.
361 1037 640 1111 Sequitur
667 1053 681 1092 :

251 1131 423 1184 Vnus.
462 1127 544 1182 19.
566 1125 661 1181 En
688 1130 892 1181 venter
919 1139 1082 1180 meus
1127 1124 1305 1195 quasi
1330 1128 1591 1178 mustum
1625 1119 1846 1191 absque

179 1217 511 1289 spiracula,
569 1214 730 1286 quod
779 1215 1139 1282 layunculas
1190 1228 1374 1269 novas
1405 1210 1743 1280 disrumpit.
1775 1238 1844 1249 —

185 1304 359 1372 Quod
391 1303 440 1360 si
469 1301 809 1377 spiritaliter
855 1301 1181 1372 intelligere
1211 1301 1525 1372 debemus,
1558 1300 1673 1355 hoc
1711 1296 1844 1352 loco

184 1392 461 1450 videlicet
489 1394 752 1446 ventrem
781 1406 961 1446 suum
991 1389 1187 1445 cordis
1220 1388 1420 1444 sinum
1451 1385 1752 1460 appellat;
1783 1383 1844 1439 in

184 1483 390 1538 musto
441 1495 601 1550 vero,
633 1475 821 1534 sancti
874 1477 1123 1550 Spiritus
1179 1475 1377 1532 fervor
1425 1475 1730 1548 accipitur.
1765 1475 1845 1528 De

185 1586 313 1644 quo
340 1569 402 1626 in
429 1565 750 1638 Evangelio
782 1566 1070 1623 Dominus
1099 1565 1244 1622 dicit
1273 1584 1286 1622 :
1321 1587 1349 1615 «
1373 1565 1586 1620 Vinum
1618 1577 1846 1619 novum

185 1637 245 1716 in
275 1663 436 1715 utres
464 1637 654 1713 novos
677 1655 917 1727 (Matth.
949 1671 1026 1722 ix,
1060 1657 1166 1728 i7).
1204 1677 1232 1704 »
1279 1651 1653 1726 Lagunculas
1702 1665 1846 1706 vero

183 1745 460 1804 inﬁrmas
489 1745 623 1818 ipsa
669 1744 1040 1800 humanitate
1085 1742 1503 1812 conscientias,
1561 1739 1654 1796 vel
1691 1741 1846 1794 certe

183 1837 317 1892 haec
358 1839 589 1890 terrena
616 1848 938 1905 corporum
970 1831 1217 1887 vascula
1248 1845 1371 1886 non
1423 1826 1846 1884 inconvenien-

185 1930 274 1980 ter
306 1921 660 1996 accipimus.
695 1923 774 1978 De
803 1921 1028 1994 quibus
1071 1920 1289 1976 Paulus
1330 1917 1638 1992 apostolus
1667 1915 1843 1972 dicit:

186 2036 212 2064 ιι
247 2011 558 2069 Habemus
611 2010 960 2067 thesaurum
1016 2010 1197 2066 istum
1250 2010 1311 2064 in
1369 2007 1529 2064 vasis
1570 2005 1849 2062 ﬁctilibus

185 2104 279 2175 (ΙΙ
303 2102 440 2158 Cor.
486 2117 570 2170 1v,
609 2104 684 2168 '7).
720 2122 748 2149 ››
809 2099 938 2155 Eliu
980 2105 1181 2156 autem
1231 2096 1534 2154 inﬂatione
1580 2093 1850 2152 elationis

187 2196 495 2260 extensus,
519 2205 589 2246 ac
621 2188 669 2244 si
722 2188 800 2244 ad
825 2187 1201 2262 loquendum
1230 2203 1338 2260 per
1381 2182 1683 2241 charitatis
1712 2197 1849 2253 gra-

186 2281 338 2337 tiam
365 2278 580 2336 ardore
611 2277 800 2334 sancti
827 2277 1076 2350 Spiritus
1109 2274 1493 2342 accendatur,
1521 2288 1732 2328 sensus
1761 2270 1850 2326 sui

186 2369 470 2443 spiritum
523 2367 584 2423 in
614 2383 685 2423 eo
735 2365 902 2438 quod
930 2365 1132 2436 tacuit,
1197 2363 1376 2437 quasi
1405 2367 1608 2418 musto
1633 2361 1854 2431 absque

185 2457 500 2529 spiracula
550 2455 940 2529 comparavit.
987 2457 1241 2512 Mustum
1297 2468 1440 2524 ergo
1495 2449 1854 2520 lagunculas

186 2562 387 2606 novas
415 2543 754 2617 disrumpit,
785 2545 930 2617 quia
948 2542 1194 2600 fervoris
1219 2543 1348 2614 ejus
1379 2539 1644 2614 potentia
1673 2537 1853 2594 etiam

187 2635 484 2712 spiritalia
515 2634 699 2690 corda
731 2631 1111 2690 transcendit.
1141 2630 1336 2687 Sancti
1397 2629 1557 2686 enim
1606 2627 1856 2701 Spiritus

186 2729 394 2786 fervor
423 2741 546 2782 non
577 2724 773 2782 solum
803 2723 1004 2792 veteri,
1039 2724 1145 2779 sed
1200 2722 1379 2779 etiam
1408 2736 1570 2777 nova
1614 2719 1732 2775 vita
1757 2717 1856 2774 vix

185 2817 454 2891 capitur.
491 2814 769 2888 Sequitur
792 2831 805 2869 :

262 2908 447 2962 Vens.
496 2909 587 2961 20.
634 2905 876 2976 Loquar
924 2908 981 2959 et
1019 2901 1327 2974 respirabo
1351 2899 1698 2971 paululum,
1726 2911 1860 2966 ape-

183 2996 354 3054 riam
387 2994 549 3051 labia
577 3009 708 3051 mea
737 2999 791 3050 et
813 2991 1200 3062 respondebo.
1230 3022 1298 3031 --
1329 2991 1486 3045 Bene
1516 2987 1616 3055 ait,
1673 2986 1859 3055 respi-

1942 603 2138 656 xxxrv,
2167 588 2242 660 4).
2271 609 2298 636 ››
2346 567 2418 643 At
2445 590 2654 642 contra
2707 597 2851 637 vera
2905 576 3177 634 doctrina
3223 575 3388 628 tanto
3417 567 3601 660 vehe-

1946 653 2351 731 mentius'haec
2383 673 2654 731 elationis
2679 670 2890 728 vitium
2911 681 3018 740 per
3047 660 3471 733 cogitationem
3508 653 3601 709 fu-

1947 764 2049 836 git,
2099 763 2345 838 quando
2395 762 2698 820 ardentius
2751 757 3070 815 verborum
3117 763 3364 806 suorum
3388 742 3604 818 jacul's

1947 834 2148 925 ipsum
2164 853 2518 924 magistrum
2531 849 2801 908 elationis
2822 842 3174 918 insequitur.
3195 834 3604 925 Humilitatem

1949 959 2212 1016 namque
2230 943 2576 1014 magistram
2605 939 3000 1010 omniumque
3019 935 3273 990 matrem
3295 924 3603 1016 virtutum,

1950 1035 2007 1087 et
2032 1008 2579 1104 loquendo'dicere.
2598 1034 2654 1086 et
2669 1008 2928 1084 vivendo
2953 1023 3247 1079 conantur
3262 1008 3604 1104 ostendere;

1951 1126 2016 1178 ut
2043 1097 2178 1178 eam
2230 1122 2392 1195 apud
2452 1119 2777 1193 discipulos
2833 1111 3093 1171 veritatis
3148 1107 3285 1181 plus
3334 1097 3607 1195 moribus

1950 1227 2138 1289 quam
2171 1185 2551 1267 sermonibus
2603 1185 2983 1280 iloquantur.
3040 1199 3184 1255 Hinc
3223 1185 3602 1289 Paulus-ait:

1953 1278 1992 1352 «-
2014 1279 2174 1356 Facti
2197 1317 2406 1356 sumus
2435 1298 2670 1374 parvuli
2695 1278 2756 1352 in
2785 1292 2984 1351 medio
3013 1293 3280 1344 vestrum
3311 1281 3371 1350 (Ι
3405 1278 3607 1374 Thess.

1952 1407 2011 1462 ll,
2036 1391 2112 1461 7).
2145 1412 2172 1440 η
2207 1394 2267 1446 In
2294 1367 2567 1446 faucibus
2593 1403 2733 1444 vero
2780 1382 2942 1456 loqui
2975 1383 3062 1437 est
3101 1375 3339 1431 silenter
3363 1367 3606 1462 Adicere,

1953 1483 2010 1535 et
2033 1494 2156 1534 non
2185 1477 2550 1534 clamoribus
2588 1475 2919 1531 vociferari.
2953 1467 3181 1535 Quibus
3210 1457 3412 1517 verbis
3449 1467 3611 1510 arro-

1953 1573 2162 1638 gantes
2192 1567 2345 1624 intra
2371 1571 2644 1622 sanctam
2674 1561 2996 1619 Ecclesiam
3025 1555 3256 1630 positos
3279 1548 3496 1618 signat.
3541 1541 3608 1638 ili

1952 1631 2114 1713 enim
2162 1656 2322 1713 velut
2373 1656 2434 1712 in
2492 1653 2768 1711 faucibus
2826 1649 3106 1705 dicuntur
3139 1639 3325 1714 loqui,
3359 1631 3610 1710 quando

1954 1761 2076 1802 non
2103 1750 2308 1801 contra
2360 1742 2735 1800 adversarios
2780 1743 2947 1796 extra
2995 1733 3262 1790 viventes
3321 1723 3609 1786 clamant,

1956 1836 2060 1891 sed
2079 1835 2378 1908 quosdam
2418 1833 2573 1888 intra
2604 1831 2803 1887 sinum
2830 1830 3050 1883 sanctas
3106 1815 3381 1876 Ecclesiae
3434 1807 3610 1884 quasi

1953 1925 2182 1981 vicinos
2211 1939 2282 1980 ac
2303 1924 2475 1995 juxta
2500 1921 2728 1995 positos
2751 1917 3079 1988 increpant.
3115 1911 3283 1980 Saepe
3326 1916 3470 1995 vero
3518 1913 3613 1954 ar-

1954 2017 2235 2082 rogantes
2284 1990 2562 2068 eamdem
2605 2025 2794 2082 quam
2832 2006 3036 2062 tenent
3092 1990 3502 2082 arrogantiam

1956 2071 2159 2172 fugere
2181 2100 2522 2167 ostendunt,
2553 2071 2784 2154 etdum
2813 2094 2896 2150 sic
2921 2092 3138 2147 cuncta
3163 2084 3350 2172 agunt
3366 2079 3459 2172 -ut
3483 2071 3616 2172 nul-

1958 2166 2083 2247 1an
2109 2191 2348 2257 lateant,
2381 2190 2509 2245 haec
2531 2184 2839 2262 pravitatis
2869 2177 3118 2251 singulis
3154 2170 3330 2262 quasi
3362 2166 3618 2262 latenter

1959 2283 2225 2351 narrant,
2253 2253 2552 2352 quatenus
2576 2291 2698 2332 non
2730 2273 2925 2329 solum
2973 2268 3049 2324 de
3079 2277 3260 2320 sensu
3290 2253 3618 2352 intelligen-

1962 2369 2073 2435 tize,
2107 2339 2308 2424 sedtde
2336 2367 2468 2439 ipso
2499 2364 2664 2438 apud
2721 2360 2998 2418 homines
3051 2353 3230 2410 etiam
3263 2339 3618 2413 arrogantiae

1963 2461 2310 2530 contemptu
2342 2456 2688 2526 glorientur.
2724 2449 3003 2524 Sequitur
3031 2465 3044 2501 :

2035 2524 2281 2600 Vens-3.
2309 2524 2587 2612 Simplici
2596 2540 2773 2596 corde
2791 2552 2916 2593 meo
2939 2542 3234 2590 sermones
3253 2524 3390 2588 mei,
3420 2525 3474 2576 et
3497 2530 3624 2612 sen-

1966 2636 2210 2692 tentiam
2243 2633 2404 2689 labia
2431 2606 2562 2687 mea
2577 2644 2738 2700 pura
2771 2629 3112 2698 loquentur.
3145 2649 3213 2658 —
3243 2617 3469 2700 Magnae
3505 2606 3622 2662 vir-

1966 2725 2103 2780 tutis
2129 2723 2262 2779 laus
2290 2725 2378 2778 est
2401 2697 2748 2792 simplicitas
2775 2697 3111 2776 locutionis,
3143 2717 3332 2779 quam
3362 2697 3626 2792 quiact-

1966 2816 2247 2884 rogantes
2276 2826 2399 2866 non
2454 2785 2700 2870 habent,
2764 2803 2988 2860 habere
3028 2813 3090 2853 se
3115 2795 3274 2851 hanc
3315 2785 3625 2884 sollicitius

1967 2904 2260 2970 asserunt,
2294 2903 2358 2955 ut
2386 2896 2652 2954 securius
2681 2893 3024 2960 audiantur,
3051 2889 3108 2942 et
3135 2897 3284 2956 pure
3308 2894 3375 2936 se
3397 2876 3630 2970 locutu-

1966 3007 2066 3047 ros
2091 2964 2467 3057 denuntiant,
2524 2982 2669 3058 quia
2721 2975 3085 3053 duplicitatis
3145 2985 3300 3058 suae,
3336 2964 3630 3058 malitiam

184 3087 368 3157 rabo,
398 3085 544 3158 quia
569 3083 742 3141 labor
763 3041 1199 3156 justd-runivest
1249 3041 1480 3135 videi-ev
1510 3041 1720 3150 prava,
1751 3041 1862 3130 nec
1901 3041 1941 3097 Ο
1967 3041 2713 3152 ἆξῇιῖέὶῑθῖάὶἰοιίωίᾶαηι.
2741 3041 2912 3142 εεὲρθ
2939 3067 3142 3120 autem
3194 3065 3252 3115 et
3267 3055 3447 3157 .falsis
3489 3065 3632 3158 vqra

185 3175 542 3246 corrigere:
576 3174 657 3230 ita
711 3172 907 3244 gravis
961 3175 1050 3227 est
1098 3169 1271 3227 labor
1329 3165 1761 3239 arrogantium,
1812 3163 1863 3220 si

183 3263 369 3340 quod
399 3261 660 3336 sapiunt,
693 3276 817 3317 non
851 3259 1195 3317 ostendunt.
1239 3256 1368 3312 Vim
1403 3256 1629 3328 quippe
1663 3252 1865 3308 intrin-

185 3339 378 3410 secus
410 3353 768 3406 aastuantem
800 3348 951 3404 ferre
981 3347 1076 3402 vix
1100 3349 1376 3419 possunt,
1410 3343 1460 3398 si
1485 3357 1664 3398 omne
1699 3339 1865 3414 quod

185 3442 467 3500 sentiunt
494 3439 676 3512 paulo
708 3437 933 3495 tardius
971 3437 1370 3493 innotescunt.
1404 3433 1569 3489 Unde
1623 3445 1866 3488 necesse

189 3536 304 3596 est,
331 3532 400 3585 ut
427 3544 568 3584 cum
591 3543 687 3584 res
743 3526 909 3583 bona
966 3527 1184 3597 agitur,
1237 3523 1404 3597 prius
1436 3522 1568 3592 ejus
1605 3520 1780 3576 elatio
1805 3519 1866 3574 in

189 3619 388 3680 corde
430 3619 722 3686 vincatur,
754 3633 829 3673 ne
859 3617 910 3673 si
967 3632 1003 3672 a
1032 3614 1232 3672 radice
1265 3613 1496 3669 miserae
1526 3609 1867 3668 intentionis

188 3710 476 3787 prodeat,
523 3723 764 3764 amaros
813 3705 1094 3780 nequitiae
1151 3705 1377 3760 fructus
1434 3701 1750 3775 producat.
1801 3699 1869 3754 Hi

187 3802 387 3872 igitur
415 3796 519 3870 qui
546 3796 745 3852 adhuc
779 3795 1061 3851 vitiorum
1087 3792 1244 3849 bello
1279 3792 1612 3862 subjacent,
1649 3804 1871 3860 nequa-

191 3905 400 3966 quam
454 3903 562 3961 per
611 3885 1058 3960 pradicationis
1117 3899 1294 3938 usum
1351 3897 1608 3954 praeesse
1645 3879 1868 3950 magis-

190 3965 358 4038 terio
416 3980 770 4032 cae-terarum
835 3972 1078 4029 debent.
1150 3971 1298 4027 Hinc
1351 3975 1441 4025 est
1489 3969 1652 4025 enim
1707 3965 1870 4041 quod

185 4071 381 4141 juxta
425 4063 645 4118 divina:
674 4061 1138 4133 dispensationis
1176 4075 1384 4114 vocem
1423 4057 1500 4114 ab
1531 4073 1692 4113 anno
1723 4057 1874 4110 vice-

193 4159 368 4215 simo
421 4156 479 4208 et
524 4150 735 4224 quinto
777 4149 966 4206 levitas
1017 4147 1406 4204 tabernaculo
1453 4147 1736 4215 serviunt,
1770 4145 1874 4200 sed

193 4240 738 4321 quinquagenario
763 4238 1043 4296 custodes
1067 4251 1353 4293 vasorum
1365 4235 1535 4290 ﬁunt.
1561 4235 1834 4305 Sequitur
1859 4251 1871 4287 :

273 4335 453 4388 Vens.
486 4334 577 4397 2t,
623 4332 712 4384 22.
764 4329 900 4384 Non
953 4327 1246 4397 accipiam
1294 4337 1552 4394 persona
1576 4346 1607 4375 αι
1655 4323 1788 4388 viri,
1823 4327 1874 4376 et

1969 3139 2351 3244 permiscent,
2383 3167 2448 3218 ut
2484 3161 2621 3217 inde
2645 3139 2856 3215 eorum
2884 3149 3202 3211 mendacio
3228 3145 3402 3204 citius
3425 3139 3627 3240 creda-

1972 3229 2086 3324 tur,
2123 3254 2280 3310 unde
2309 3253 2503 3308 inesse
2533 3250 2618 3306 eis
2668 3245 2918 3304 assertio
2971 3237 3228 3297 veritatis
3266 3229 3632 3305 agnoscitur.

1976 3345 2252 3418 Sequitur
2281 3360 2294 3396 :

2046 3404 2219 3488 Vens.
2248 3433 2300 3485 4.
2333 3423 2871 3498 SpiritusDei/‘ecit
2893 3436 3002 3486 me,
3025 3424 3078 3474 et
3099 3411 3471 3486 spiraculum
3499 3404 3639 3498 0m-

1976 3525 2141 3592 nipot
2148 3526 2242 3576 ent
2249 3521 2294 3574 is
2319 3492 2640 3585 viviﬁcavit
2672 3492 2859 3569 mre.—-
2870 3506 3230 3565 Subditurus
3245 3515 3389 3557 vera
3402 3492 3643 3592 praemi-

1978 3613 2052 3668 sit
2079 3611 2253 3666 elata.
2282 3606 2373 3663 Sic
2404 3604 2712 3670 nimirum,
2742 3601 2825 3656 sic
2855 3593 3267 3668 arrogantium
3298 3590 3526 3645 mentes
3555 3583 3644 3670 in-

1981 3699 2246 3763 saniunt,
2289 3699 2357 3750 ut
2385 3697 2442 3749 et
2483 3692 2543 3747 in
2575 3691 2659 3746 eis
2700 3705 2835 3762 quae
2867 3691 3021 3743 recte
3053 3681 3336 3746 sentiunt,
3368 3669 3641 3731 elationis

1979 3805 2102 3843 suae
2130 3781 2471 3841 fortitudine
2503 3779 2923 3852 depravantur.
2958 3771 3123 3829 Unde
3151 3767 3217 3824 ﬁt
3246 3771 3310 3822 ut
3339 3763 3517 3820 etiam
3547 3774 3645 3852 eo-

1979 3893 2114 3932 rum
2145 3875 2305 3929 recta
2351 3846 2654 3926 auditores
2705 3876 3096 3936 nequaquam
3147 3855 3462 3918 instruant,
3499 3846 3646 3936 quia

1980 3963 2243 4038 profecto
2255 3959 2386 4015 illos
2411 3971 2518 4030 per
2544 3969 2682 4010 eam
2699 3932 2836 4024 quae
2863 3932 3090 4005 tumide
3113 3942 3393 4005 sentiunt,
3420 3932 3649 4038 nonad

1984 4023 2075 4108 sui
2088 4047 2502 4112 reverentiam,
2523 4043 2628 4099 sed
2646 4023 3247 4097 adicontemnendum
3256 4023 3647 4084 vocant.Hinc

1986 4141 2146 4197 enim
2162 4155 2271 4212 per
2291 4140 2553 4208 Moysem
2575 4131 2822 4188 dicitur:
2846 4151 2874 4177 «
2899 4129 2969 4182 Ut
2997 4123 3101 4198 qui
3144 4122 3376 4212 ﬂuxum
3401 4112 3646 4212 seminis

1987 4205 2236 4286 sustinet
2263 4205 2618 4281 immundus
2649 4219 2757 4276 erit
2774 4219 2934 4286 (Lev.
2954 4230 3053 4284 xv,
3072 4212 3148 4284 2).
3182 4232 3207 4259 ››
3244 4209 3410 4262 Bono
3446 4205 3650 4258 autem

1989 4319 2196 4376 ordine
2220 4321 2276 4372 et
2291 4315 2515 4370 factum
2546 4326 2608 4365 se
2634 4307 2844 4365 astruit
2864 4309 2922 4360 et
2950 4303 3305 4360 animatum.
3341 4297 3451 4350 Per
3477 4290 3650 4364 spiri-

199 4426 402 4481 Deum
453 4419 683 4476 homini
711 4433 831 4474 non
880 4416 1146 4488 aequabo,
1200 4415 1395 4470 nescio
1443 4412 1714 4484 quandiu
1747 4410 1878 4466 sub-
1909 4387 1950 4440 θ
1993 4416 2118 4466 tum
2145 4408 2577 4476 factum,etper
2598 4397 2965 4474 spiraculum
2987 4409 3050 4449 se
3070 4393 3276 4448 narrat
3291 4385 3648 4486 animatum.

202 4516 425 4571 sistam
468 4515 524 4567 et
564 4516 700 4579 post
756 4506 1052 4564 modicum
1096 4505 1271 4561 tollat
1323 4517 1415 4558 me
1440 4503 1666 4557 Factor
1692 4514 1874 4555 meus.

206 4633 283 4645 -—
319 4603 496 4656 Recta
527 4596 924 4654 consideratio
953 4593 1122 4668 quod
1165 4595 1354 4648 Deum
1383 4589 1614 4646 homini
1661 4588 1880 4643 idcirco

206 4705 347 4748 non
420 4693 637 4761 aequat,
711 4687 856 4760 quia
927 4683 1204 4759 quandiu
1257 4682 1356 4738 hic
1427 4679 1732 4747 subsistat,
1791 4677 1884 4731 vel

211 4777 472 4854 quando
503 4794 538 4833 a
565 4779 683 4832 Deo
712 4777 772 4831 in
797 4775 1024 4846 judicio
1057 4772 1314 4843 tollatur,
1345 4770 1599 4841 ignorat.
1636 4770 1700 4822 Et
1730 4765 1883 4822 bene

215 4853 306 4926 ait
345 4868 528 4922 :Post
555 4867 852 4922 modicum
881 4865 1057 4920 tollat
1111 4876 1204 4918 me
1257 4861 1480 4916 Factor
1525 4871 1707 4922 mcus,
1741 4853 1885 4927 quia

214 4955 559 5032 quamlibet
606 4953 858 5025 longum
908 4950 1086 5008 fuerit
1140 4955 1376 5021 tempus
1432 4946 1566 5004 vitze
1623 4959 1882 5017 praesen-

218 5049 319 5117 tis,
351 5062 422 5102 eo
452 5045 584 5119 ipso
621 5043 802 5101 breve
860 5046 973 5111 est,
1014 5055 1137 5113 quo
1180 5053 1541 5112 permanens
1599 5051 1722 5091 non
1775 5038 1881 5089 est.

223 5135 506 5210 Sequitur
529 5151 542 5190 :

815 5224 1038 5281 CAPUT
1075 5219 1296 5278 XXXIII.

300 5317 473 5372 Vens.
503 5319 552 5382 ί,
574 5319 629 5371 2.
651 5314 817 5370 Audi
835 5315 1042 5384 igitur,
1068 5310 1199 5380 Job,
1240 5307 1476 5379 eloquia
1505 5320 1656 5370 mea,
1690 5308 1742 5358 et
1769 5319 1887 5358 om-

225 5420 332 5461 nes
358 5419 654 5461 sermones
683 5418 838 5460 meos
860 5401 1157 5457 ausculta.
1179 5399 1332 5453 Ecce
1345 5395 1559 5466 aperui
1583 5408 1644 5449 os
1673 5408 1886 5454 meum,

230 5496 522 5567 loquatur
575 5495 785 5566 lingua
848 5505 979 5546 mea
1032 5490 1095 5544 in
1141 5487 1430 5558 faucibus
1474 5483 1636 5539 meis.
1672 5512 1739 5520 —-
1772 5483 1890 5535 Hoc

232 5585 397 5641 enim
445 5584 626 5640 habet
679 5579 994 5656 proprium
1039 5575 1312 5634 doctrina
1364 5569 1795 5644 arrogantium,
1829 5573 1894 5624 ut

232 5673 539 5736 humiliter
565 5672 838 5731 nesciant
865 5669 1080 5727 inferre
1133 5664 1301 5739 quod
1346 5664 1583 5729 docent,
1633 5664 1692 5715 et
1730 5660 1893 5714 recta

1995 4501 2168 4554 Facto
2190 4470 2414 4568 quippe
2440 4470 2650 4548 Adam—
2684 4489 2973 4561 scriptum
3013 4486 3106 4538 est
3139 4497 3203 4534 ;‹‹
3232 4471 3543 4568 Inspiravit
3589 4470 3654 4568 in

1991 4560 2367 4656 faciem-ejus
2393 4578 2760 4654 spiraculum
2784 4560 2940 4643 vitaz,
2973 4575 3030 4628 et
3055 4570 3248 4656 factus
3278 4568 3366 4620 est
3380 4563 3564 4618 homo
3590 4560 3654 4615 in

1992 4653 2584 4732 animam'viventem
2613 4667 2781 4739 (Gen.
2814 4679 2875 4732 11,
2906 4661 2982 4732 ‘7).
3016 4682 3043 4709 »
3075 4653 3352 4727 Sequitur
3385 4667 3398 4706 :

2065 4769 2229 4818 Vens.
2272 4767 2323 4816 5.
2352 4761 2421 4816 Si
2440 4736 2632 4828 potes,
2655 4750 2947 4824 responde
2966 4747 3136 4812 mihi,
3170 4749 3224 4800 et
3251 4741 3538 4828 adversus
3559 4736 3657 4806 fa-

1994 4856 2139 4911 ciem
2160 4866 2348 4906 meam
2376 4826 2648 4905 consiste.
2676 4873 2745 4884 —
2775 4844 2920 4896 Ecce
2952 4838 3100 4894 dum
3130 4833 3336 4890 narrat
3383 4826 3656 4884 ordinem

1994 4955 2149 4996 verte
2182 4934 2562 5003 conditionis,
2600 4933 2660 4987 in
2701 4930 2922 4986 fastum
2955 4923 3152 4980 subito
3193 4916 3489 4991 superbiai
3533 4913 3656 4969 ela-

1998 5029 2170 5086 tionis
2201 5024 2477 5097 erumpit.
2514 5020 2788 5094 Sequitur
2811 5036 2825 5073 :

2068 5121 2234 5173 Vens.
2264 5119 2318 5173 6.
2345 5096 2398 5168 7.
2430 5113 2605 5182 Ecce,
2631 5115 2684 5167 et
2715 5123 2806 5164 me
2853 5107 3006 5163 sicut
3038 5108 3093 5159 et
3141 5107 3195 5157 te
3223 5099 3364 5171 fecit
3396 5099 3572 5164 Deus,
3601 5096 3659 5148 et

1997 5210 2069 5264 de
2097 5207 2294 5263 eodem
2328 5203 2453 5257 luto
2475 5216 2580 5271 ego
2609 5212 2841 5270 quoque
2883 5196 3185 5266 formatus
3224 5205 3375 5245 sum.
3422 5185 3660 5240 Verum-

1997 5304 2196 5352 tamen
2220 5289 2587 5349 miraculum
2602 5302 2792 5342 meum
2821 5299 2942 5339 non
2966 5289 3021 5337 te
3042 5283 3287 5342 terreat,
3310 5279 3362 5329 et
3387 5271 3660 5338 eloquen-

2000 5389 2085 5442 tia
2113 5398 2244 5440 mea
2272 5397 2392 5436 non
2423 5379 2498 5434 sit
2530 5377 2639 5432 tibi
2664 5377 2890 5446 gravis.
2918 5403 2986 5411 -—
3015 5367 3168 5434 Quid
3219 5368 3308 5417 est
3335 5361 3450 5414 hoc
3493 5352 3662 5446 quod

2000 5475 2128 5530 Eliu
2158 5471 2431 5527 ordinem
2456 5482 2612 5522 verae
2638 5443 2995 5520 conditionis
3021 5450 3312 5522 agnoscit,
3335 5451 3393 5502 et
3408 5443 3662 5500 modum

1999 5569 2173 5620 rectae
2201 5557 2521 5616 locutionis
2550 5547 2939 5624 ignorat,nisi
2970 5545 3085 5598 hoc
3115 5538 3279 5612 quod
3310 5537 3663 5603 arrogantes

2004 5669 2216 5711 omnes
2271 5647 2499 5707 cunctis
2543 5643 2790 5717 quidem
2846 5630 3196 5692 hominibus
3243 5625 3551 5699 aequaliter
3599 5635 3662 5674 se
