4120 6156
497 78 603 134 379

1542 69 1597 125 S.
1641 65 1898 126 ODONlS
1937 59 2232 118 ABBATIS
2270 59 2779 117 CLUNIACENSIS
2817 62 2860 114 ll

3767 66 3858 120 380

494 197 766 256 conditos
792 194 1210 265 meminerunt,
1241 193 1346 249 sed
1376 193 1532 249 fastu
1559 191 1818 248 scientiae
1845 187 2146 245 auditores
2179 190 2224 242 Α
2258 182 2478 255 patitur
2507 183 2636 254 ejus
2667 182 2725 238 in
2747 181 2976 253 judicio
3008 197 3070 236 se
3123 183 3462 254 postponat,
3491 182 3581 250 cui
3617 199 3673 239 se
3700 185 3858 244 mino-

497 303 638 342 suos
665 283 922 356 aequales
945 282 1054 338 sibi
1074 282 1162 338 vel
1189 299 1320 339 esse
1347 283 1432 338 vel
1449 283 1687 340 credere
1705 275 2148 349 dedignantur?
2255 287 2382 326 rem
2413 287 2544 327 esse
2570 287 2694 342 non
2725 270 2980 326 dubitat.
3017 272 3294 344 Sequitur
3323 289 3336 326 ε

499 375 729 435 Habent
757 371 941 431 etiam
977 377 1328 443 arrogantes
1377 371 1711 445 proprium,
1757 366 1924 442 quod
1963 365 2151 440 prius-

495 479 681 537 quam
697 462 918 533 dicant,
944 462 1098 520 mira
1123 479 1187 519 se
1217 461 1412 519 dicere
1446 477 1683 534 semper
1711 455 2074 522 existimant,
2095 457 2152 510 et

491 551 855 609 locutionem
879 569 1053 610 suam
1079 551 1436 608 admirando
1461 549 1855 624 praeveniunt,
1885 545 2029 618 quia
2057 542 2148 599 vel

491 641 557 698 in
585 641 776 700 acutis
833 641 1114 700 sensibus
1145 641 1278 716 ipsa
1325 640 1498 698 elatio
1529 642 1758 714 quanta
1800 636 1873 693 sit
1910 633 2150 691 fatuitas

489 729 790 807 ignorant.
815 729 1154 787 Notandum
1175 744 1418 804 quoque
1435 731 1523 785 est
1537 726 1704 802 quod
1731 724 1968 791 Paulus,
1999 721 2149 777 dum

493 819 643 876 mire
672 819 950 876 Hebraeos
981 819 1286 890 admonet,
1319 817 1595 890 adjunxit
1626 834 1638 872 :
1668 839 1696 866 »
1729 817 1894 885 Rogo
1925 816 2146 878 autem,

494 909 703 968 fratres
728 909 866 976 mei,
899 914 962 968 ut
1000 908 1294 966 sufferatis
1341 907 1591 964 verbum
1649 904 1860 962 solatii.
1924 901 2148 959 Etenim

493 999 812 1074 perpaucis
843 997 1050 1072 scripsi
1107 995 1274 1055 vobis
1303 997 1472 1070 (Heb.
1507 1013 1631 1066 XIII,
1659 997 1772 1063 22).
1812 1016 1838 1044 »
1892 991 2018 1050 Eliu
2045 1005 2150 1047 au-

494 1092 617 1146 tem
645 1088 850 1146 inania
874 1087 1138 1162 protulit,
1170 1091 1227 1145 et
1273 1087 1448 1161 quasi
1492 1084 1866 1143 consolando
1899 1081 2150 1153 subjun-

495 1178 578 1248 git
609 1195 623 1234 :
654 1179 1019 1236 Miraculum
1048 1193 1242 1235 meum
1271 1194 1391 1234 non
1421 1183 1475 1234 te
1506 1182 1750 1245 terreat,
1788 1180 1842 1230 et
1872 1173 2148 1246 eloquen-

495 1266 579 1324 tia
627 1281 757 1324 mea
799 1282 918 1323 non
966 1266 1042 1322 sit
1095 1266 1206 1322 tibi
1232 1265 1456 1338 gravis.
1491 1265 1637 1320 Hinc
1689 1263 1974 1320 Salomon
2021 1259 2146 1315 ait:

494 1375 522 1404 «
554 1359 700 1410 Ante
729 1353 967 1412 ruinam
1001 1353 1293 1411 exaltatur
1323 1369 1444 1422 eor,
1479 1357 1536 1409 et
1577 1355 1713 1409 ante
1754 1349 2006 1422 gloriam
2035 1347 2149 1402 hu-

493 1441 752 1498 miliatur
776 1443 977 1512 (Prov.
1005 1461 1124 1510 XVI,
1163 1444 1268 1513 18).
1301 1461 1330 1494 >
1365 1441 1640 1514 Sequitur
1670 1460 1682 1496 :

2329 361 2507 417 Vsus.
2540 365 2622 427 l3,
2657 365 2740 417 14.
2773 363 3075 418 Adversus
3101 375 3234 416 eum
3257 358 3554 417 contendis
3584 361 3730 432 quod
3762 376 3861 418 non

2258 449 2338 504 ad
2376 449 2576 505 omnia
2615 449 2986 518 responderit
3037 447 3165 504 tibi.
3195 447 3390 504 Semel
3419 450 3680 522 loquetur
3713 451 3862 521 Deus,

2257 541 2313 593 et
2339 538 2599 593 secundo
2623 539 2881 607 idipsum
2913 552 3032 592 non
3077 537 3310 606 repetit.
3337 569 3406 578 ——
3446 541 3522 593 Ac
3553 538 3599 594 si
3642 537 3861 616 diceret:

2257 629 2412 682 Deus
2461 625 2837 698 singulorum
2885 621 3168 682 cordibus
3227 623 3471 699 privatis
3506 627 3738 684 vocibus
3765 640 3865 685 non

2255 712 2596 786 respondet,
2627 712 2732 769 sed
2763 713 2876 770 tale
2909 711 3216 788 eloquium
3247 712 3564 784 constituit,
3597 727 3698 788 per
3729 713 3866 788 quod

2256 807 2611 860 cunctorum
2663 801 3098 877 quaestionibus
3147 802 3447 860 satisfecit.
3479 805 3544 859 In
3591 797 3869 878 Scriptum

2255 892 2482 966 quippe
2509 893 2640 966 ejus
2669 892 2908 966 eloquio
2937 907 3153 950 causas
3181 897 3418 949 nostras
3455 891 3661 964 singuli
3708 893 3751 948 si
3789 905 3868 948 re-

2256 980 2554 1054 quirimus
2586 981 2946 1049 invenimus,
3006 997 3117 1038 nec
3147 997 3300 1058 opus
3329 986 3418 1038 est
3444 985 3507 1037 ut
3533 981 3594 1037 in
3643 995 3707 1038 eo
3730 978 3872 1056 quod

2258 1069 2588 1144 specialiter
2613 1069 2869 1144 quisque
2917 1069 3148 1134 tolerat,
3179 1065 3528 1144 responderi
3557 1067 3663 1124 sibi
3698 1065 3872 1126 divina

2258 1173 2400 1214 voce
2429 1159 2762 1231 specialiter
2789 1155 3040 1232 quierat.
3081 1157 3168 1216 lbi
3212 1173 3372 1215 enim
3429 1157 3600 1214 nobis
3626 1155 3873 1214 omnibus

2257 1247 2317 1303 in
2347 1263 2418 1304 eo
2443 1247 2610 1320 quod
2643 1245 2978 1321 specialiter
3034 1245 3316 1320 patimur,
3350 1245 3734 1304 communiter
3776 1254 3874 1302 res-

2256 1337 2575 1410 pondetur.
2631 1335 2714 1392 lbi
2771 1337 2892 1392 vita
2947 1335 3418 1409 praecedentium
3466 1335 3540 1392 sit
3586 1331 3766 1391 forma
3800 1349 3874 1390 se-

2257 1427 2592 1498 quentium,
2625 1425 2688 1480 id
2718 1429 2806 1481 est
2836 1424 3300 1496 cOgitationibus
3341 1423 3439 1480 vel
3491 1420 3876 1480 tentationibus

564 1533 732 1588 Vsus.
762 1511 815 1598 8,
838 1537 890 1599 9,
929 1535 1014 1600 lO,
1050 1533 1134 1586 li.
1167 1511 1392 1587 Dixisti
1419 1511 1560 1601 ergo
1600 1531 1664 1584 in
1695 1527 1940 1584 auribus
1983 1523 2146 1592 meis,
2183 1537 2230 1592 Β
2259 1511 2628 1585 Singulorum
2662 1527 2786 1569 non
2811 1514 2942 1585 jam
2972 1513 3199 1587 passim
3226 1529 3335 1587 per
3359 1512 3772 1601 prophetarum
3797 1525 3878 1601 vo-

493 1625 549 1675 et
575 1632 774 1676 vocem
801 1619 1113 1676 verborum
1143 1625 1379 1675 tuorum
1415 1617 1640 1674 audivi.
1671 1649 1738 1657 -—
1769 1619 1957 1689 Atque
1987 1631 2148 1670 eam-

493 1706 631 1762 dem
663 1723 874 1762 vocem
904 1707 1280 1779 subjungens
1307 1705 1387 1764 ait
1415 1724 1427 1762 :
1457 1705 1718 1762 Mundus
1757 1721 1884 1761 sum
1938 1719 2062 1775 ego,
2094 1708 2147 1758 et

494 1793 714 1866 absque
751 1791 966 1851 delicto
1025 1797 1465 1864 immaculatus,
1517 1801 1572 1850 et
1601 1809 1722 1850 non
1754 1799 1836 1850 est
1863 1791 2148 1862 iniquitas

494 1883 560 1940 in
587 1899 696 1942 me.
733 1885 882 1953 Quia
907 1886 1177 1956 querelas
1207 1887 1270 1940 in
1295 1901 1384 1942 me
1408 1885 1646 1956 reperit,
1667 1884 1795 1939 ideo
1816 1881 2148 1939 arbitratus

494 1978 580 2028 est
609 1989 700 2030 me
735 1973 1040 2031 inimicum
1069 1975 1196 2030 sibi.
1225 1975 1432 2031 Posuit
1463 1975 1524 2031 in
1556 1989 1736 2030 nervo
1761 1973 1940 2043 pedes
1969 1987 2146 2041 meos,

494 2063 808 2120 custodivit
840 2079 1036 2120 omnes
1065 2066 1302 2121 semitas
1332 2080 1510 2120 meas.
1542 2095 1612 2104 —-
1665 2065 1913 2136 Moxque
1941 2065 2150 2116 contra

493 2152 642 2222 haec,
673 2169 808 2226 quae
839 2152 1081 2210 beatum
1105 2153 1213 2210 Job
1241 2154 1459 2210 dixisse
1482 2149 1762 2220 narravit,
1792 2151 2145 2208 sententiam

493 2257 665 2296 suam
699 2241 1003 2314 proferens
1033 2244 1114 2300 ait
1141 2261 1154 2299 :

561 2331 729 2385 Vnus.
756 2329 837 2384 l2.
865 2329 995 2386 Hoc
1013 2337 1098 2388 est
1129 2347 1270 2402 ergo
1296 2331 1357 2386 in
1387 2347 1502 2402 quo
1531 2343 1651 2386 non
1678 2345 1734 2386 es
1753 2329 2143 2403 justi/iratus.

489 2447 560 2457 —-
584 2416 848 2474 Profecto
873 2418 1087 2474 beatus
1114 2417 1224 2473 Job
1247 2418 1532 2474 veraciter
1557 2418 1806 2486 dixerat,
1828 2416 1994 2488 quod
2015 2416 2146 2472 abs-

491 2519 607 2574 que
634 2503 812 2576 culpa
844 2503 1032 2562 fuerat
1060 2501 1415 2574 ﬂagellatus.
1448 2507 1568 2561 Hoc
1594 2505 1750 2560 enim
1785 2504 1909 2578 ipse
1958 2504 2032 2559 de
2062 2519 2144 2570 se,

491 2591 654 2663 quod
685 2591 760 2647 de
785 2591 885 2648 illo
913 2593 990 2648 ad
1020 2593 1332 2650 diabolum
1360 2594 1646 2652 Dominus
1676 2591 1858 2649 dixit:
1885 2593 2148 2649 Commo-

491 2681 628 2735 visti
658 2695 749 2736 me
777 2680 1064 2737 adversus
1091 2697 1242 2749 eum,
1275 2687 1340 2738 ut
1378 2683 1710 2754 afﬂigerem
1737 2697 1866 2739 eum
1904 2681 2144 2753 frustra

490 2765 642 2838 (Job.
671 2785 730 2836 ιι,
761 2769 834 2842 3).
872 2767 985 2826 Sed
1041 2769 1168 2826 Eliu
1195 2787 1318 2826 non
1349 2769 1598 2827 credidit
1649 2775 1918 2827 cessante
1967 2770 2145 2843 culpa

489 2856 756 2928 potuisse
785 2874 924 2914 eum
965 2859 1145 2916 etiam
1195 2875 1304 2934 pro
1344 2861 1532 2930 gratia
1578 2857 1883 2930 flagellari.
1918 2859 2144 2915 Nescie-

487 2944 592 3002 bat
621 2943 780 3002 enim
804 2945 1054 3019 ﬂagellis
1083 2946 1212 3020 ejus
1241 2965 1363 3004 non
1391 2945 1592 3006 dolere
1624 2947 1854 3019 vitium,
1887 2947 1991 3005 sed
2024 2963 2142 3004 me-

485 3033 667 3092 ritum
697 3052 936 3107 augere,
964 3041 1022 3095 et
1046 3054 1156 3114 pro
1187 3055 1258 3095 eo
1283 3039 1450 3114 quod
1495 3037 1622 3096 sine
1651 3037 1865 3095 delicto
1897 3055 1958 3094 se
1981 3037 2141 3093 dixe-

485 3127 579 3180 rat
605 3121 992 3196 ﬂagellatum,
1026 3125 1138 3183 hac
1178 3144 1318 3184 eum
1365 3127 1656 3184 sententia
1685 3127 1954 3199 increpat
1985 3127 2142 3181 :Hoe

487 3219 569 3268 est
600 3228 739 3284 ergo
775 3213 834 3268 in
866 3230 982 3284 quo
1011 3231 1132 3270 non
1173 3231 1230 3272 es
1251 3217 1646 3286 justi/iratus.
1699 3215 1926 3271 Habent
1979 3215 2140 3270 enim

484 3301 600 3357 hoc
620 3308 968 3371 arrogantes
989 3305 1320 3380 proprium,
1343 3311 1409 3362 ut
1427 3305 1564 3380 plus
1588 3321 1836 3376 arguere
1858 3308 2144 3378 appetant

487 3405 676 3462 quam
691 3389 1012 3460 consolari,
1040 3397 1370 3468 etquaeque
1401 3391 1750 3452 hominibus
1777 3395 2012 3450 evenire
2039 3411 2140 3450 co-

487 3484 806 3550 gnoscunt,
832 3481 1102 3538 evenisse
1135 3499 1207 3537 ex
1237 3483 1376 3538 solis
1406 3481 1816 3557 iniquitatibus
1847 3482 2143 3539 arbitran-

487 3571 600 3624 tur.
628 3569 906 3626 Nesciunt
925 3571 1149 3646 quippe
1177 3572 1411 3628 occulta
1421 3571 1650 3643 judicia
1667 3571 1954 3628 subtiliter
1973 3589 2140 3646 quas-

485 3673 635 3728 rere,
667 3663 846 3732 atque
870 3657 929 3716 id
956 3661 1121 3734 quod
1150 3676 1274 3716 non
1298 3659 1636 3731 intelligunt
1666 3661 1964 3720 humili:er
1977 3678 2140 3734 pers-

487 3745 726 3818 crutari,
753 3747 898 3822 quia
935 3765 1038 3806 eos
1073 3766 1288 3826 seepea
1309 3751 1546 3808 secretis
1586 3750 2138 3836 inve§ﬁgaﬁonibus

479 3833 842 3905 judiciorum
871 3831 970 3894 Dei
994 3837 1128 3912 ipsa
1155 3837 1414 3896 scientias
1445 3855 1568 3896 suae
1601 3831 1778 3896 elatio
1794 3837 1969 3911 ejicit,
1990 3839 2138 3894 dum

485 3923 726 3980 extollit.
755 3927 1095 3984 Notandum
1124 3944 1369 4002 quoque
1394 3925 1671 4002 estquod
1701 3927 1912 3985 beatus
1941 3927 2050 3984 Job
2076 3929 2140 3984 in

483 4028 664 4071 nervo
693 4014 912 4088 pedem
943 4033 1121 4074 suum
1149 4018 1412 4091 positum
1429 4015 1592 4086 dixit,
1617 4015 1723 4074 sed
1751 4033 2139 4092 nequaquam

483 4101 782 4160 mundum
803 4105 918 4160 hoc
947 4101 1176 4162 mundo
1205 4107 1374 4178 quod
1393 4107 1446 4164 ei
1465 4105 1744 4178 objicitur
1759 4103 1989 4178 absque
2008 4122 2140 4178 pec-

481 4198 614 4266 cato
642 4193 735 4248 vel
761 4193 1237 4267 immaculatum,
1297 4201 1354 4252 et
1409 4196 1536 4252 sine
1588 4193 1899 4269 iniquitate
1955 4195 2138 4252 fuisse

483 4280 983 4339 memoravit.Sed
1001 4281 1128 4338 Eliu
1142 4280 1290 4339 dum
1308 4301 1444 4338 cum
1464 4281 1802 4340 austeritate
1820 4284 2140 4342 studuitin-

483 4383 726 4438 crepare
745 4383 882 4441 quse
903 4367 1062 4426 dicta
1083 4373 1242 4436 sunt,
1264 4371 1560 4426 mentiens
1582 4369 1812 4430 addidit
1830 4389 1965 4444 quae
1983 4371 2142 4428 dicta

482 4470 606 4510 non
631 4461 787 4512 sunt.
823 4457 934 4524 Qui
963 4457 1125 4514 enim
1155 4471 1394 4532 semper
1417 4459 1726 4532 increpare
1748 4465 2060 4532 appetunt,
2085 4465 2142 4517 et

482 4560 799 4616 nunquam
853 4541 1076 4613 fovere,
1136 4547 1326 4604 multa
1365 4541 1722 4622 plerumque
1771 4549 2138 4622 increpando

481 4635 886 4702 mentiuntur;
919 4649 1064 4692 nam
1089 4641 1153 4692 ut
1183 4652 1432 4708 arguere
1463 4631 1634 4694 docte
1667 4635 2002 4708 videantur,
2025 4637 2138 4693 lin-

483 4728 633 4792 gunt
674 4739 1118 4800 nonnunquam
1172 4742 1310 4800 quae
1367 4724 1751 4796 redarguant.
1815 4727 2136 4800 Sequitur:

482 4813 864 4881 Respondebo
895 4809 1006 4870 tibi
1030 4813 1191 4886 quod
1228 4815 1427 4888 major
1481 4817 1558 4872 sit
1586 4815 1742 4872 Deus
1773 4817 2027 4872 homine.
2071 4849 2138 4856 —

482 4899 722 4957 Dicatur
750 4899 1000 4958 fortasse
1027 4900 1106 4959 ab
1131 4903 1354 4976 aliquo,
1383 4904 1519 4977 quis
1550 4904 1633 4960 ita
1679 4902 1774 4960 vel
1821 4921 1959 4960 cum
2017 4921 2141 4962 non

483 4987 653 5046 audit
674 4988 958 5062 ignorat?
988 4991 1104 5048 Sed
1129 4991 1414 5048 nimirum
1440 4991 1570 5047 haec
1591 4993 1835 5050 scientia
1861 4993 1988 5049 vilis
2019 5009 2140 5049 cre-

481 5077 661 5148 ditur,
691 5077 740 5135 si
767 5094 891 5135 non
922 5093 995 5136 ex
1030 5079 1165 5153 ipsa
1200 5079 1542 5138 intentionis
1594 5098 1718 5137 suae
1761 5073 1962 5138 radice
1990 5097 2138 5156 pen-

482 5171 661 5226 setur.
697 5165 1014 5240 Flagellato
1046 5167 1317 5227 videlicet
1342 5167 1722 5244 loquebatur,
1773 5171 1878 5244 qui
1908 5175 1965 5227 et
2013 5187 2139 5246 per-

481 5255 772 5314 cussionis
801 5255 1053 5314 verbera
1095 5263 1424 5332 acceperat,
1483 5265 1540 5316 et
1569 5277 1786 5317 causas
1813 5257 2134 5316 verberum

482 5343 801 5402 nesciebat.
864 5347 1087 5405 Idcirco
1131 5364 1272 5419 ergo
1325 5349 1518 5406 intulit
1552 5368 1564 5406 :
1596 5349 1976 5419 RespondeJO
2035 5351 2142 5406 tibi

481 5434 642 5507 quod
664 5439 862 5505 major
887 5439 962 5494 sit
992 5441 1148 5496 Deus
1181 5439 1454 5513 homine;
1491 5443 1557 5496 ut
1585 5439 1920 5509 ﬂagellatus
1953 5439 2138 5496 homo

481 5523 870 5584 considerans
897 5527 1040 5601 quia
1062 5529 1163 5588 illo
1193 5530 1388 5604 major
1415 5533 1503 5588 est
1523 5531 1677 5586 Deus
1699 5527 1759 5586 in
1785 5529 1952 5586 omni
1971 5530 2138 5604 quod

2181 2890 2220 2945 C

2176 4239 2220 4293 Ι)

2257 1618 2355 1658 ees
2408 1619 2532 1659 non
2587 1618 2694 1676 per
2749 1601 3021 1674 angelica
3071 1601 3270 1658 ofﬁcia
3325 1599 3629 1658 satisfacit.
3673 1597 3876 1666 Quiain

2259 1691 2560 1765 Scriptura
2591 1707 2764 1748 sacra
2795 1690 3092 1772 quidquid
3122 1695 3317 1766 potest
3355 1689 3604 1763 singulis
3655 1689 3875 1757 evenire,

2255 1780 2730 1854 comprehendit,
2764 1781 2942 1854 atque
2974 1795 3080 1853 per
3108 1779 3386 1856 exempla
3429 1776 3874 1854 prtecedentium,

2255 1869 2434 1926 etiam
2464 1869 2649 1926 vitam
2688 1870 3070 1942 sequentium
3116 1867 3445 1924 informare
3471 1865 3708 1924 curavit.
3731 1863 3875 1922 Intel-

2253 1958 2356 2028 ligi
2385 1959 2499 2014 hoc
2529 1959 2710 2015 etiam
2743 1957 3015 2014 subtilius
3045 1959 3260 2034 potest,
3294 1955 3464 2031 quod
3506 1958 3674 2012 Pater
3702 1954 3875 2024 unige-

2253 2046 2446 2102 nitum
2477 2046 3058 2103 consubstantialem
3091 2045 3204 2102 sibi
3234 2045 3448 2103 Filium
3478 2037 3693 2118 genuit.
3724 2035 3878 2115 Loqul

2253 2135 2415 2192 enim
2448 2135 2549 2192 Dei
2579 2141 2670 2192 est
2699 2135 2955 2191 Verbum
2986 2133 3282 2206 genuisse.
3311 2132 3510 2192 Semel
3525 2139 3714 2192 autem
3740 2131 3879 2205 loqui

2254 2229 2360 2292 est,
2396 2225 2652 2280 Verbum
2685 2223 2851 2280 aliud
2876 2227 3091 2298 praeter
3120 2223 3504 2294 unigenitum
3525 2236 3642 2278 non
3666 2219 3876 2277 habere.

2253 2311 2529 2368 Secundo
2583 2318 2784 2370 autem
2827 2327 2952 2369 non
3005 2313 3237 2386 repetit,
3287 2313 3440 2387 quia
3485 2309 3743 2368 videlicet
3785 2307 3878 2364 hoc

2253 2403 2455 2475 ipsum
2483 2401 2764 2476 Verbum,
2795 2401 2857 2457 id
2901 2407 2991 2459 est
3039 2399 3276 2470 Filium,
3329 2414 3465 2458 non
3512 2398 3625 2457 nisi
3674 2399 3883 2455 unicum

2255 2487 2477 2560 genuit.
2513 2491 2682 2557 Quod
2714 2495 2917 2547 autem
2937 2505 3060 2548 non
3089 2491 3494 2574 praeteritum,
3529 2490 3632 2546 sed
3657 2489 3884 2546 futurum

2254 2586 2493 2654 tempus
2525 2581 2744 2653 posuit,
2770 2580 2958 2652 liquet
3003 2579 3308 2648 omnibus,
3339 2581 3500 2654 quia
3544 2583 3658 2636 Deo
3687 2581 3885 2649 tempus

2251 2683 2362 2724 nec
2392 2671 2757 2741 praeteritum
2787 2667 3082 2739 congruit,
3107 2683 3219 2724 nec
3239 2667 3544 2725 futurum.
3572 2670 3744 2724 Tanto
3763 2677 3882 2734 ergo

2250 2757 2313 2813 in
2333 2774 2405 2813 eo
2437 2757 2750 2830 quodlibet
2775 2762 3012 2831 tempus
3060 2757 3304 2833 ponitur
3351 2757 3568 2828 libere,
3620 2759 3881 2832 quantum

2251 2843 2486 2902 nullum
2509 2859 2666 2902 vere.
2703 2843 2962 2901 Verbum
2988 2859 3254 2918 namque
3285 2843 3469 2902 Pater
3495 2845 3617 2902 sine
3647 2850 3879 2916 tempore

2251 2935 2472 3004 genuit.
2505 2937 2571 2990 Et
2599 2934 2736 3007 quis
2767 2930 2956 3005 digne
2977 2932 3089 2990 fari
3117 2934 3302 3008 queat
3348 2929 3525 2992 illam
3553 2927 3878 2992 ineffabilem

2248 3021 2636 3092 nativitatem,
2668 3023 2835 3096 quod
2865 3023 2940 3079 de
2968 3025 3190 3080 aeterno
3234 3029 3412 3081 natus
3475 3028 3562 3080 est
3589 3025 3880 3080 coaeternus

2249 3112 2421 3177 Quod
2451 3112 2708 3167 existens
2737 3116 2874 3166 ante
2904 3111 3124 3168 saecula
3149 3113 3355 3182 genuit
3378 3111 3698 3186 aequalem.
3733 3101 3876 3176 Quod

2249 3201 2528 3270 gignente
2557 3203 2732 3256 natus
2749 3201 3040 3273 pasterior
3063 3215 3186 3257 non
3198 3207 3305 3258 est.
3325 3202 3478 3268 Quae
3503 3199 3760 3259 videlicet
3791 3209 3884 3255 nos

2249 3283 2450 3344 mirari
2479 3302 2834 3360 possumus,
2887 3289 2994 3346 sed
3049 3287 3263 3346 intueri
3315 3287 3574 3350 minime
3621 3287 3881 3347 valemus.

2252 3377 2532 3450 Sequitur
2556 3395 2569 3433 :

2327 3469 2492 3522 Vsus.
2531 3469 2614 3522 l5.
2649 3466 2772 3522 Per
2812 3463 3128 3522 somnium.
3159 3498 3226 3507 —
3258 3467 3412 3534 Quid
3473 3473 3566 3525 est
3618 3465 3772 3543 quod
3795 3478 3885 3538 per

2251 3555 2560 3611 somnium
2589 3553 2764 3610 nobis
2815 3554 3035 3611 locutio
3065 3553 3390 3612 divinitatis
3429 3555 3758 3623 innotescit,
3786 3551 3882 3608 nisi

2247 3643 2416 3718 quod
2445 3645 2542 3700 Dei
2564 3649 2790 3700 secreta
2812 3659 2937 3700 non
2962 3645 3403 3716 cognoscimus,
3441 3648 3498 3704 si
3521 3661 3643 3704 non
3673 3643 3884 3702 interius

2247 3732 2556 3789 desideriis
2593 3732 2907 3802 vigilemus
2935 3733 2964 3790 ‘1’
3010 3733 3074 3789 in
3101 3746 3316 3790 somno
3371 3736 3541 3794 enim
3597 3734 3882 3792 exteriores

2250 3837 2463 3878 sensus
2495 3821 2823 3892 dormiunt,
2856 3837 2913 3878 et
2939 3821 3222 3880 interiora
3275 3830 3626 3882 cernuntur.
3659 3825 3714 3882 Si
3763 3835 3886 3892 ergo

2247 3912 2482 3968 interna
2533 3909 2928 3984 contemplari
2979 3911 3288 3984 volumus,
3323 3913 3402 3970 ab
3430 3919 3678 3972 externa
3713 3909 3883 3985 impli-

2248 3999 2480 4056 catione
2545 3999 2945 4055 dormiamus.
3016 4001 3139 4056 Vox
3207 3999 3489 4060 videlicet
3572 4003 3671 4060 Dei
3737 3995 3885 4074 quasi

2248 4103 2356 4161 per
2402 4087 2707 4144 somnium
2736 4087 2997 4158 auditur,
3055 4088 3304 4160 quando
3333 4091 3663 4164 tranquilla
3714 4087 3884 4143 mente

2250 4177 2329 4234 ab
2379 4177 2562 4248 hujus
2619 4176 2822 4232 saeculi
2868 4177 3102 4234 actione
3162 4178 3514 4252 quiescitur,
3558 4181 3616 4238 et
3661 4181 3722 4236 in
3771 4177 3888 4248 ipso

2249 4265 2466 4321 mentis
2497 4265 2732 4320 silentio
2762 4264 2966 4322 divina
3022 4271 3324 4341 pracepta
3376 4275 3729 4341 pensantur.
3755 4267 3884 4320 Cum

2249 4355 2410 4410 enim
2459 4353 2538 4410 ab
2573 4353 2830 4410 externis
2882 4353 3221 4411 actionibus
3259 4369 3434 4413 mens
3488 4359 3734 4434 sopitur,
3775 4361 3887 4412 tum

2247 4443 2482 4517 plenius
2510 4442 2938 4500 mandatorum
2968 4445 3071 4500 Dei
3099 4445 3341 4518 pondus
3367 4450 3734 4520 agnoscitur,
3764 4449 3886 4502 tunc

2248 4533 2432 4590 verba
2476 4533 2576 4589 Dei
2633 4531 2902 4589 vivacius
2957 4547 3130 4590 mens
3181 4539 3474 4609 penetrat,
3531 4553 3673 4596 cum
3721 4533 3796 4594 ad
3833 4548 3886 4590 se

2247 4623 2558 4680 admittere
2589 4637 2872 4679 curarum
2903 4625 3284 4683 saecularium
3317 4629 3612 4687 tumultus
3651 4630 3886 4686 recusat.

2247 4711 2391 4771 Male
2443 4718 2647 4770 autem
2703 4713 2886 4769 homo
2931 4713 3160 4784 vigilat,
3212 4718 3461 4789 quando
3492 4735 3636 4776 eum
3667 4715 3888 4776 saecula

2246 4801 2402 4859 rium
2455 4802 2840 4874 negotiorum
2871 4807 3054 4860 aestus
3098 4803 3422 4864 insolenter
3453 4808 3761 4883 inquietat.
3792 4809 3890 4860 Au-

2245 4908 2374 4948 rem
2399 4894 2623 4964 quippe
2643 4891 2860 4962 cordis,
2887 4898 3261 4952 terrenarum
3281 4898 3711 4968 cogitationum
3731 4893 3889 4954 turba

2247 4981 2396 5037 dum
2425 4979 2762 5054 perstrepit,
2795 4979 3038 5040 claudit.
3078 4986 3354 5059 Sequitur
3387 4987 3498 5045 :In
3524 4987 3748 5045 visione
3771 4996 3888 5042 noc-

2248 5077 2455 5128 turna.
2480 5103 2548 5112 —
2571 5071 2636 5126 In
2665 5070 2884 5129 diurna
2913 5078 3116 5131 autem
3145 5075 3278 5133 luce
3338 5078 3552 5136 certius
3584 5075 3887 5139 cernimus,

2246 5159 2309 5216 in
2338 5164 2633 5217 nocturna
2661 5177 2803 5218 vero
2824 5161 3053 5219 visione
3075 5163 3189 5220 sub
3217 5165 3590 5239 quibusdam
3610 5164 3888 5236 imagina-

2251 5251 2512 5308 tionibus
2569 5251 2862 5308 videmus.
2926 5257 3048 5310 Nox
3081 5255 3307 5330 quippe
3360 5263 3449 5315 est
3472 5259 3593 5314 vita
3621 5267 3886 5332 praesens.

2253 5344 2448 5400 Sancti
2479 5349 2680 5400 autem
2701 5359 2936 5417 omnes,
2967 5347 3244 5420 quandiu
3271 5347 3332 5404 in
3361 5348 3476 5406 hac
3504 5347 3621 5404 vita
3642 5349 3795 5411 sunt,
3817 5341 3890 5398 di-

2247 5433 2401 5490 vinae
2413 5441 2640 5492 natura?
2654 5438 2876 5490 secreta
2887 5437 3060 5510 quasi
3072 5437 3185 5493 sub
3195 5439 3465 5513 quadam
3477 5435 3889 5508 imaginatione

2251 5524 2648 5608 conspiciunt,
2704 5523 2976 5582 videlicet
3025 5525 3170 5600 quia
3197 5525 3459 5589 necdum
3488 5529 3640 5588 sicut
3669 5529 3804 5590 sunt
3828 5536 3892 5580 ea
