4112 6152
207 155 300 214 381
920 155 925 160 ’
988 159 1285 216 EPITOME
1323 158 1691 217 MORALIUM
1731 160 1787 215 S.
1831 159 2036 217 GBEG.
2079 162 2146 218 ΙΝ
2184 165 2331 221 JOB.
2371 190 2442 207 --
2482 166 2611 223 LIB.
2652 167 2835 223 XXIII.

90 326 93 331 .
201 278 575 336 manifestius
629 281 1127 353 contemplantur.
1175 282 1321 339 Hinc
1377 283 1672 354 propheta
1726 274 1848 339 ait:
1883 285 1932 338 Α
1965 308 1991 333 ‹‹
2016 289 2217 356 Enea,
2264 293 2440 345 sanat
2471 292 2524 344 te
2556 289 2842 345 Dominus
2878 292 3051 348 Jesus
3080 290 3377 359 Christus;
3421 306 3621 361 surge.

1954 378 2021 430 et
2048 380 2240 432 sterne
2269 377 2373 432 tibi
2399 377 2551 447 (Act.
2580 394 2655 447 1x,
2686 380 2834 449 34).»
2870 381 3122 449 Surgere
3159 379 3321 436 enim
3349 384 3437 436 est
3462 379 3624 439 mala.

203 367 456 424 «Anima
474 385 612 425 mea
642 370 999 427 desideravit
1026 376 1080 427 te
1108 371 1170 426 in
1194 376 1369 427 nocte
1395 372 1534 438 (Isa.
1563 373 1852 442 xxv1,9).»

198 457 478 531 Sequitur
508 477 523 515 :
553 459 802 526 Quando
841 461 1019 516 irruit
1047 468 1225 530 sopor”
1254 476 1435 529 super
1462 460 1761 531 homines;
1783 491 1853 502 __.

195 545 279 602 ab
307 545 582 603 exteriori
610 547 833 620 quippe
885 548 1119 605 actione
1149 565 1405 613 cessare,
1450 548 1712 606 dormire
1740 554 1849 606 est.

193 634 506 707 Sequitur:
530 636 606 690 Et
635 636 941 693 dormiunt
970 639 1035 694 in
1067 639 1305 695 lectulo.
1336 669 1406 680 --
1438 639 1666 701 Sanctis
1691 639 1853 696 enim

192 723 337 780 viris
363 723 627 779 dormire
655 724 717 781 in
763 724 1003 795 lectulo,
1031 732 1122 784 est
1174 728 1331 784 intra
1364 728 1583 785 mentis
1613 744 1736 784 suae
1756 744 1857 785 cu-

192 812 315 870 bile
342 813 669 885 quiescere.
706 814 868 871 Unde
897 817 1187 890 scriptum
1236 822 1361 874 est:
1403 839 1421 868 ι
1460 818 1858 874 Exsultabunt

196 901 384 959 sancti
410 902 475 958 in
503 902 1155 973 gloria,lsetabunturin
1181 907 1479 963 cubilibus
1508 907 1632 964 suis
1667 909 1853 979 (Psat.

196 1007 382 1060 CXLII,
415 992 493 1063 5).
518 1009 549 1045 ›
580 992 890 1065 Sequitur:

264 1081 438 1137 Vsus.
473 1085 559 1151 t6,
594 1083 758 1139 Tunc
789 1084 984 1152 aperit
1014 1098 1189 1140 aures
1246 1086 1534 1142 virorum.
1583 1114 1653 1127 -ι
1704 1087 1856 1142 Cum

192 1168 335 1225 enin
366 1169 445 1225 ab
468 1170 859 1228 exterioribus
906 1171 1244 1228 actionibus
1283 1173 1615 1246 sopiuntur,
1650 1179 1859 1248 aperta

196 1272 346 1313 aure
372 1256 590 1314 interni
632 1258 928 1315 examinis
984 1276 1198 1316 causas
1249 1262 1505 1318 audiunt
1558 1263 1666 1334 qui
1708 1263 1856 1319 dum

199 1347 492 1402 subtiliter
520 1347 616 1403 vel
656 1347 895 1417 ﬂagella
935 1349 1198 1422 publica,
1250 1352 1342 1406 vel
1368 1351 1595 1423 judicia
1625 1353 1859 1410 occulta

197 1435 605 1505 cuneiderant,
640 1438 993 1509 semetipsos
1021 1437 1283 1509 afﬂigere
1314 1439 1515 1496 ﬂendo
1563 1458 1683 1497 non
1728 1458 1857 1497 ces-

192 1530 347 1581 sant.
366 1525 675 1597 Sequitur:
708 1527 789 1582 Et
816 1528 1093 1585 erudiens
1120 1544 1213 1585 eos
1241 1531 1852 1600 instmitdisciplina.

3519 170 3624 225 382

1964 468 2300 536 perpetrata
2337 466 2710 539 relinquere;
2764 471 3026 524 sternere
3078 474 3282 527 autem
3328 469 3624 527 memedis

1964 568 2204 623 causas,
2227 555 2288 611 in
2315 554 2537 628 quibus
2566 555 2936 628 requiescere
2966 557 3202 623 debeat,
3233 558 3488 631 operari.
3518 557 3628 615 ΑΗ.

1963 643 2211 712 quando
2251 661 2392 702 vero
2440 646 2678 718 requies
2728 647 3074 719 temporalis
3119 648 3428 721 accipitur,
3475 649 3628 707 sicut

1964 731 2249 804 scriptum
2270 739 2387 792 est:
2413 754 2445 789 ‹
2468 736 2820 793 Universum
2841 739 3095 794 stratum
3123 736 3255 807 ejus
3285 738 3536 795 versasti
3560 738 3626 797 in

1962 819 2304 879 inﬁrmitate
2351 824 2482 895 ejus
2535 826 2729 892 (Psal.
2788 841 2875 891 ιι,
2930 826 3060 898 4).»
3108 827 3194 882 Ac
3257 825 3308 881 si
3366 826 3615 883 diceret:

1964 909 2152 965 Omne
2192 911 2362 983 quod
2417 912 2513 968 hic
2562 912 2674 969 sibi
2701 912 2932 985 paravit
2983 913 3061 970 ad
3107 913 3400 985 requiem,
3427 914 3544 970 hoc
3570 913 3625 971 ei

1961 999 2204 1056 mutasti
2254 1001 2488 1058 occulto
2535 1002 2760 1074 judicio
2809 1002 2887 1059 ad
2912 1002 3443 1075 perturbationem,
3479 1002 3625 1075 quia

1962 1097 2075 1138 nos
2095 1083 2158 1140 in
2189 1086 2498 1157 prtesezitis
2527 1086 2661 1144 vitae
2691 1087 2914 1160 requie,
2933 1087 3025 1143 vel
3052 1086 3390 1145 tentationis
3417 1086 3625 1143 stimu-

1962 1169 2056 1238 lis,
2091 1172 2184 1227 vel
2213 1172 2433 1244 ﬂagelli
2462 1173 2784 1233 afﬂictione
2814 1175 3237 1232 conturbauit
3260 1176 3462 1233 omnia
3491 1190 3625 1232 ossa

1966 1257 2093 1324 ejus
2118 1272 2476 1316 marcessere
2500 1260 2674 1330 facit.
2704 1291 2774 1301 —-
2811 1262 2961 1317 Ossa
2991 1259 3053 1317 in
3106 1259 3407 1333 Scriptura
3453 1274 3625 1321 sacra

1970 1344 2208 1401 virtutes
2237 1348 2590 1421 accipimus,
2622 1349 2775 1407 sicut
2822 1349 3110 1422 scriptum
3141 1353 3262 1407 est:
3288 1371 3317 1400 «
3336 1349 3623 1406 Dominus

1966 1435 2222 1492 custodit
2279 1438 2484 1494 omnia
2530 1454 2672 1495 ossa
2723 1454 2955 1501 eorum,
2998 1455 3186 1495 unum
3234 1454 3309 1494 ex
3352 1437 3447 1497 his
3500 1454 3625 1495 non
3674 1428 3686 1438 ’

1965 1530 2300 1582 conteretur
2323 1528 2513 1597 (Psal.
2542 1544 2735 1596 XXXIII,
2764 1530 2874 1597 2t).
2902 1551 2932 1578 κ
2972 1531 3039 1585 Et
3064 1529 3211 1600 quia
3237 1528 3301 1584 in
3320 1544 3393 1584 ea
3420 1525 3624 1600 requie

190 1613 430 1679 —Quia
450 1614 857 1672 consideranti
875 1617 1060 1672 menti
1074 1622 1276 1674 etsese
1305 1633 1411 1690 per
1438 1619 1851 1692 paenitentiam
1882 1636 1945 1691 Β,
1965 1618 2171 1670 Sancta
2201 1615 2373 1672 nobis
2402 1616 2483 1673 ab
2521 1617 2635 1673 hoc
2664 1617 2883 1675 saeculo
2920 1632 3355 1690 praeparatum.
3385 1615 3624 1686 ﬂagello

191 1702 502 1767 laceranti,
534 1704 710 1775 quasi
738 1705 1024 1776 quaedam
1053 1706 1247 1778 plagas
1280 1708 1680 1778 percussionis
1710 1715 1854 1764 sunt

184 1789 454 1846 lamenta
528 1792 1025 1864 compunctionis.
1090 1794 1255 1850 Unde
1308 1795 1490 1851 etiam
1563 1796 1849 1852 Salomon

186 1884 348 1934 recte
370 1879 492 1934 vim
510 1880 913 1952 percussionis
936 1882 1247 1954 utriusque
1263 1884 1636 1953 conjungens
1662 1884 1805 1941 dicit
1833 1904 1848 1940 :

192 1991 224 2018 ‹‹
254 1967 427 2024 Livor
453 1968 718 2024 vulneris
752 1969 1036 2039 abstergit
1064 1971 1245 2037 mala,
1278 1976 1333 2027 et
1361 1972 1556 2042 plagis
1584 1973 1645 2028 in
1668 1988 1858 2028 secre-

192 2056 452 2113 tioribus
492 2057 713 2112 ventris
760 2058 964 2127 (Prov.
992 2076 1089 2126 xx,
1121 2061 1231 2130 30).
1267 2083 1294 2109 »
1325 2060 1478 2124 Quia
1506 2061 1662 2116 enim
1720 2062 1857 2133 ipsa

188 2144 585 2215 compunctio
615 2150 879 2201 mentem
930 2146 1173 2215 lacerat,
1205 2148 1483 2204 eamdem
1535 2165 1860 2221 compunc-

186 2234 424 2289 tionem
451 2249 575 2289 non
600 2233 930 2305 incongrue
960 2235 1339 2307 disciplinam
1366 2242 1562 2292 vocat.
1594 2240 1858 2301 Quatuor

186 2319 423 2393 quippe
451 2327 593 2378 sunt
627 2322 964 2395 qualitates,
996 2324 1219 2397 quibus
1250 2326 1356 2381 viri
1381 2326 1527 2396 justi
1558 2328 1763 2384 anima
1791 2329 1853 2385 in

192 2409 661 2481 compunctione
692 2412 1074 2468 vehementer
1097 2413 1351 2469 afﬁcitur
1383 2433 1395 2469 :
1426 2431 1567 2470 cum
1597 2422 1701 2472 aut
1728 2434 1850 2473 ma-

184 2497 389 2553 lorum
421 2515 670 2555 suorum
695 2501 1119 2570 reminiscitur,
1152 2502 1542 2559 considerans
1576 2504 1678 2560 ubi
1708 2505 1847 2573 fuit;

198 2592 309 2643 aut
354 2587 719 2659 judiciorum
776 2590 1130 2647 sententiam
1181 2597 1471 2663 metuens,
1530 2598 1588 2649 et
1643 2611 1849 2651 secum

199 2691 482 2748 quarens
532 2678 753 2747 cogitat
808 2679 914 2734 ubi
973 2679 1118 2738 erit:
1164 2684 1269 2736 aut
1323 2698 1463 2737 cum
1522 2682 1683 2739 mala
1710 2684 1848 2739 vitae

184 2765 506 2836 praesentis
537 2766 781 2822 solerter
824 2768 1156 2836 attendens,
1198 2785 1457 2824 maerens
1512 2771 1853 2827 considerat

182 2853 295 2910 ubi
322 2859 449 2922 est;
478 2859 601 2923 aut,
651 2872 793 2911 cum
822 2856 985 2913 bona
1012 2874 1287 2930 supernae
1330 2859 1537 2930 patriae
1585 2864 1850 2915 contem-

1963 1702 2302 1758 tentationis
2335 1703 2662 1761 aﬂicimur:
2715 1704 2818 1777 qui
2873 1705 3124 1761 fortasse
3179 1705 3254 1761 de
3305 1704 3621 1760 virtutibus

1964 1792 2182 1849 nostris
2232 1792 2427 1850 inﬂari
2476 1794 2801 1866 potuimus,
2835 1794 3090 1864 cognitae
3131 1794 3493 1851 inﬁrmitatis
3521 1798 3622 1851 to-

1963 1880 2063 1935 dio
2121 1886 2537 1939 extenuamur.
2597 1885 2747 1940 Cum
2794 1885 2954 1940 enim
3008 1884 3160 1941 sicut
3208 1883 3489 1955 cupimus
3542 1882 3623 1939 ad

1966 1968 2287 2024 Dominum
2316 1970 2686 2042 proficimus,
2718 1971 2769 2027 si
2813 1970 3143 2042 profectum
3186 1976 3463 2028 nostrum
3491 1975 3620 2028 ten-

1969 2054 2108 2110 tatio
2164 2056 2328 2112 nulla
2398 2058 2680 2129 pulsaret,
2739 2059 2993 2130 alicujus
3073 2075 3188 2115 nos
3261 2058 3623 2116 fortitudinis

1966 2158 2094 2197 esse
2126 2144 2522 2201 crederemus.
2556 2146 2666 2201 Sed
2692 2147 2837 2218 quia
2864 2146 3181 2202 nobiscum
3207 2162 3468 2219 superna
3507 2147 3618 2204 dis-

1966 2232 2315 2304 pensatione
2341 2234 2555 2303 agitur,
2572 2238 2658 2303 ut,
2688 2234 3048 2291 infirmitatis
3072 2234 3216 2307 quia
3243 2235 3622 2307 proﬁcientes

1966 2320 2397 2393 obliviscimur,
2454 2325 2657 2379 tentati
2704 2323 3088 2391 recolamus;
3144 2329 3203 2381 et
3250 2323 3310 2379 in
3354 2323 3624 2395 profectu

1965 2414 2170 2467 nostro
2194 2411 2341 2482 quid
2372 2412 2448 2467 de
2473 2412 2679 2469 divino
2710 2428 2983 2482 munere,
3014 2416 3069 2468 et
3094 2413 3155 2468 in
3180 2411 3502 2468 tentatione
3523 2428 3623 2469 co-

1964 2500 2311 2567 gnoscimus
2366 2502 2515 2573 quid
2563 2502 2638 2558 de
2679 2502 2937 2575 propriis
2962 2501 3190 2558 viribus
3240 2518 3472 2557 sumus.
3510 2500 3624 2559 Sio~

1960 2603 2078 2660 que
2120 2588 2223 2646 illa
2279 2589 2484 2647 omnia
2536 2595 2878 2647 nostrarum
2931 2590 3145 2647 virium
3191 2589 3356 2646 velut
3381 2589 3622 2664 pinguis

1961 2675 2286 2748 viridisque
2339 2677 2678 2747 gratulatio,
2705 2678 3020 2736 anxietatis
3059 2694 3316 2736 mcerore
3342 2679 3617 2736 siccatur.

1963 2765 2239 2835 Sequitur
2266 2783 2277 2819 :

2033 2856 2198 2909 Vsus.
2227 2854 2315 2908 20.
2346 2854 2781 2910 Abominabilis
2806 2856 2859 2911 ei
2878 2857 2953 2911 sit
2984 2856 3048 2910 in
3070 2858 3195 2911 vita
3214 2871 3324 2912 sua
3348 2857 3622 2925 panis.—

188 2943 416 3017 platur,
465 2960 623 3016 quae,
677 2945 822 3017 quia
878 2946 1137 3001 necdum
1209 2946 1578 3020 adispicitur,
1646 2949 1851 3004 lucens
1888 2986 1934 3046 ϐ
1964 2941 2116 3039 Qua-1
2151 2955 2258 3039 per
2286 2957 2508 3046 agitem
2525 2941 2723 3046 “aliud
2739 2958 2931 3040 fluam
2962 2944 3429 3046 ξξδεξθηξὶἱγὶξεθ
3462 2943 3621 2998 dele-

187 3032 487 3105 conspicit
514 3033 619 3088 ubi
649 3050 774 3089 non
805 3040 910 3090 est.
934 3036 1246 3107 Sequitur:

257 3125 436 3177 Vens.
474 3122 558 3177 17.
599 3124 671 3180 Ut
698 3130 933 3180 avertat
965 3126 1261 3181 hominem
1291 3126 1367 3181 ab
1398 3126 1490 3181 his
1520 3142 1648 3196 quae
1683 3127 1851 3195 fecit,

182 3219 237 3268 et
275 3211 484 3267 liberet
513 3227 645 3268 eum
674 3213 746 3269 de
774 3214 1075 3283 superbia.
1101 3246 1170 3255 —
1200 3214 1353 3279 Quid
1384 3214 1545 3270 enim
1575 3215 1761 3270 homo
1779 3214 1854 3270 de

181 3301 433 3375 proprio
490 3301 607 3359 nisi
658 3307 976 3377 peccatum
1035 3303 1207 3360 fecit?
1262 3307 1327 3360 Et
1383 3304 1672 3377 scriptum
1727 3309 1849 3361 est:

182 3414 209 3439 ιι
232 3390 476 3447 Initium
508 3390 706 3447 omnis
748 3392 979 3464 peccati
1027 3392 1311 3466 superbia
1360 3394 1571 3464 (Eccli.
1604 3411 1658 3460 Χ,
1696 3394 1800 3464 15).
1825 3416 1853 3443 ››

184 3482 344 3534 Bene
372 3495 515 3551 ergo
543 3480 778 3547 dicitur,
809 3498 953 3554 quia
980 3482 1166 3538 homo
1207 3498 1348 3539 cum
1376 3482 1455 3540 ab
1486 3483 1577 3539 his
1608 3499 1746 3557 quae
1778 3482 1856 3539 fe—

181 3569 263 3626 cit
307 3570 517 3626 avertit
549 3570 902 3642 [avertitur],
933 3570 1008 3627 de
1055 3572 1340 3644 superbia
1367 3572 1671 3629 liberatur.
1706 3575 1854 3630 Con-

182 3662 277 3715 tra
330 3658 707 3723 Conditorem
759 3660 983 3735 quippe
1035 3661 1345 3735 superbire
1384 3666 1497 3727 est,
1554 3666 1856 3735 praecepta

178 3746 318 3817 ejus
364 3747 675 3819 peccando
729 3749 1167 3807 transcendere.
1199 3755 1271 3806 At
1317 3754 1546 3815 contra,
1598 3750 1745 3823 quid
1792 3749 1855 3805 id

175 3834 355 3906 quod
386 3833 521 3893 fecit
548 3835 736 3893 vitare
762 3837 1008 3910 appetit,
1038 3837 1099 3892 id
1127 3837 1293 3910 quod
1327 3854 1364 3893 a
1387 3840 1507 3895 Deo
1545 3838 1738 3895 factus
1764 3843 1857 3895 est

175 3924 580 3995 recognoscit,
605 3928 663 3979 et
690 3924 767 3981 ad
796 3925 1159 3983 conditionis
1188 3942 1311 3983 suae
1356 3926 1629 3982 ordinem
1656 3927 1854 3982 humi-

172 4011 317 4069 liter
343 4011 517 4083 redit,
550 4012 700 4069 dum
730 4027 840 4067 sua
891 4029 1076 4086 opera
1117 4013 1371 4083 fugiens,
1406 4014 1583 4071 talem
1614 4031 1676 4069 se
1705 4031 1851 4086 qua-

172 4098 248 4156 lis
287 4114 327 4154 a
355 4101 473 4157 Deo
495 4098 690 4165 factus
716 4103 809 4157 est
836 4099 1041 4171 diligit.
1074 4101 1385 4173 Sequitur:

250 4187 434 4245 Vsus.
469 4191 551 4246 l8.
581 4188 821 4247 Eruens
848 4190 1112 4247 animam
1142 4192 1271 4260 ejus
1297 4205 1335 4246 a
1364 4191 1767 4261 corruptione,
1796 4198 1851 4248 et

176 4279 367 4337 vitam
406 4277 594 4343 illius,
630 4283 696 4334 ut
727 4293 848 4333 non
899 4284 1168 4336 transeat
1200 4280 1261 4336 z'n
1288 4280 1582 4350 gladium.
1617 4312 1683 4320 —
1716 4282 1850 4337 Om-

176 4366 280 4423 nis
320 4365 544 4439 quippe
573 4371 852 4441 peccator
881 4366 957 4423 ab
987 4367 1101 4423 hac
1149 4367 1528 4440 corruptione
1569 4368 1848 4427 vitiorum

176 4455 327 4511 illuc
373 4455 451 4513 ad
488 4454 758 4526 gladium
794 4456 1169 4529 compellitur
1213 4457 1462 4514 transire
1505 4474 1848 4530 poenarum,

177 4549 237 4603 et
272 4543 432 4601 unde
461 4544 558 4605 hic
586 4544 790 4619 inique
841 4545 1170 4603 delectatus
1215 4551 1321 4615 est,
1352 4546 1494 4602 inde
1523 4547 1661 4603 illuc
1690 4549 1851 4618 juste

182 4632 508 4693 cruciatur.
542 4634 884 4693 Notandum
931 4639 1023 4693 est
1069 4650 1213 4707 ergo
1261 4634 1428 4707 quod
1476 4636 1631 4692 Deus
1679 4635 1853 4691 nobis

177 4738 299 4791 per
325 4724 619 4779 somnium
644 4722 919 4797 loquens,
951 4725 1120 4795 prius
1146 4739 1260 4780 nos
1287 4740 1323 4780 a
1362 4724 1764 4796 corruptione,
1800 4728 1857 4779 et

179 4811 581 4884 postmodum
626 4827 664 4869 a
709 4811 911 4885 gladio
938 4812 1170 4871 liberat.
1207 4813 1356 4879 Quia
1384 4813 1669 4869 nimirum
1698 4812 1855 4868 illius

178 4900 376 4957 vitam
425 4899 540 4959 illic
588 4899 762 4974 eripit
804 4900 885 4956 ab
931 4900 1155 4959 ultione
1206 4900 1502 4976 supplicii,
1534 4902 1709 4973 cujus
1758 4901 1854 4958 hic

179 4993 453 5049 mentem
517 4989 812 5049 subtrahit
874 5006 913 5047 a
973 4990 1365 5049 delectatione
1429 4992 1677 5065 peccati.
1752 4993 1852 5048 Se-

178 5078 393 5151 quitur
412 5096 427 5137 :

258 5169 426 5225 Vens.
455 5168 537 5227 19.
557 5170 836 5239 Increpat
858 5184 1211 5244 quoqueper
1232 5170 1499 5226 dolorem
1520 5170 1583 5226 in
1605 5160 1848 5251 lectulo.

180 5286 255 5295 —
285 5259 346 5313 tu
382 5255 677 5332 scriptura
723 5274 898 5316 sacra
938 5258 1146 5327 lectus,
1180 5258 1303 5313 sive
1348 5256 1694 5329 grabatum,
1730 5257 1849 5313 sive

181 5348 461 5414 stratum,
500 5345 828 5419 aliquando
878 5346 1153 5419 voluptas
1195 5346 1396 5404 carnis
1445 5346 1753 5417 accipitur,
1786 5350 1851 5400 ut

179 5432 331 5489 illud
358 5452 371 5489 :
403 5456 431 5483 «
456 5437 661 5505 Surge,
682 5435 819 5491 tolle
850 5435 1170 5506 grabatum
1200 5441 1393 5505 tuum,
1414 5440 1470 5491 et
1490 5434 1643 5489 vade
1665 5434 1725 5490 in
1747 5434 1851 5490 do-

180 5538 359 5583 mum
386 5527 553 5586 tuam
583 5527 783 5594 (Joan.
816 5540 873 5589 v,
905 5524 1029 5595 8).»
1055 5523 1397 5597 Aliquando
1426 5524 1769 5597 repausatio
1786 5522 1848 5578 in

180 5609 368 5673 bonis
403 5613 706 5687 operibus,
740 5616 805 5673 ut
842 5611 990 5673 illud
1032 5612 1095 5671 in
1123 5611 1367 5669 Actibus
1396 5612 1845 5685 apostolorum:

1964 3030 2139 3087 ctatio
2170 3029 2552 3099 intelligitur?
2585 3034 2663 3085 Ac
2706 3030 2755 3085 si
2785 3046 2926 3100 ergo
2964 3030 3160 3085 dicat:
3193 3030 3425 3086 Aﬂlicta
3453 3047 3623 3086 mens

1965 3118 2075 3173 sibi
2107 3119 2167 3173 in
2198 3118 2662 3174 amaritudinem
2693 3118 2841 3173 verti
2870 3118 3227 3185 considerat,
3245 3117 3542 3190 quidquid
3564 3108 3625 3173 se

1965 3211 2102 3262 ante
2155 3206 2376 3263 blande
2429 3206 2799 3279 libenterque
2852 3206 3144 3278 sapiebat.
3206 3210 3265 3260 In
3327 3205 3628 3277 Scriptura

1966 3296 2127 3352 enim
2158 3312 2329 3352 sacra
2358 3296 2533 3368 panis
2557 3296 2800 3351 nomine
2828 3295 3157 3369 aliquando
3184 3295 3311 3368 ipse
3338 3294 3626 3351 Dominus

1966 3386 2336 3458 designatur,
2370 3387 2524 3442 sicut
2551 3386 2682 3459 ipse
2714 3386 2831 3442 ait:
2868 3406 2898 3440 ‹
2926 3389 3045 3456 Ego
3075 3402 3211 3441 sum
3230 3386 3406 3459 panis
3432 3385 3623 3457 vivus,

1964 3476 2069 3548 qui
2099 3475 2173 3532 de
2206 3476 2357 3531 ccelo
2387 3475 2671 3532 descendi
2729 3476 2921 3547 (Joan.
2947 3492 3021 3540 v1,
3056 3476 3169 3556 tit).
3204 3497 3233 3525 ››
3286 3474 3626 3547 Aliquando

1962 3580 2102 3619 vero
2130 3564 2407 3638 spiritalis
2436 3564 2581 3620 doni
2610 3564 2819 3634 gratia,
2849 3568 2913 3620 ut
2934 3564 3081 3620 illud
3105 3564 3442 3637 prophetae:
3468 3563 3627 3629 «Qui

1965 3654 2204 3711 obturat
2230 3671 2405 3710 aures
2436 3671 2576 3711 suas
2604 3670 2677 3709 ne
2702 3654 2909 3711 audiat
2938 3657 3300 3724 sanguinem
3329 3673 3343 3721 ;
3374 3677 3402 3704 »
3431 3653 3496 3710 id
3515 3657 3621 3720 est,

1963 3743 2222 3815 peccatis
2290 3743 2685 3799 suadentibus
2744 3759 2866 3799 non
2938 3743 3165 3816 praebet
3237 3758 3622 3811 consensum,

1966 3854 1993 3882 «
2023 3837 2080 3889 et
2110 3832 2336 3888 claudit
2382 3832 2589 3887 oculos
2636 3848 2777 3887 suos
2828 3848 2902 3887 ne
2951 3832 3151 3888 videat
3193 3832 3422 3887 malum
3481 3833 3622 3897 (Isa.

1965 3939 2165 3991 χχχιιι,
2200 3922 2307 3993 15),
2342 3944 2370 3972 »
2400 3920 2462 3975 id
2493 3925 2579 3975 est
2608 3936 2787 3975 omne
2836 3920 3003 3992 quod
3052 3920 3389 3975 rectitudini
3418 3919 3626 3975 adver-

1967 4028 2100 4066 sum
2131 4015 2237 4079 est,
2269 4026 2392 4065 non
2412 4008 2768 4082 approbare.
2797 4009 2943 4063 «Iste
2973 4007 3033 4062 in
3056 4007 3303 4063 excelsis
3336 4006 3625 4069 habitat,»

1964 4098 2027 4155 id
2076 4103 2184 4169 est,
2215 4102 2478 4154 mentem
2507 4097 2569 4151 in
2622 4086 3169 4151 sublimibus‘ﬁxit.
3203 4116 3232 4143 ιι
3266 4090 3629 4153 Munimenta

1969 4203 2255 4243 saxorum
2311 4185 2648 4243 sublimitas
2707 4184 2856 4256 ejus,
2894 4206 2922 4235 ››
2967 4183 3030 4240 id
3049 4188 3154 4250 est,
3187 4182 3265 4240 ad
3300 4196 3627 4254 supernam

1965 4276 2224 4351 patriam
2257 4292 2363 4349 per
2418 4274 2888 4349 praecedentium
2945 4276 3184 4330 Patrum
3221 4270 3500 4344 exempla
3534 4286 3627 4327 su-

1893 4338 1938 4392 D
1964 4338 2320 4421 blevatur..«
2357 4338 2532 4421 Panis
2561 4364 2614 4419 ei
2663 4364 2840 4420 datus
2887 4366 2980 4418 est
3000 4362 3200 4432 (16:21.,
3241 4365 3348 4432 t6),
3374 4338 3491 4416 {id
3516 4364 3623 4430 est,

1963 4455 2202 4511 refectio
2234 4454 2513 4527 spiritalis
2561 4453 2784 4524 gratiae.
2813 4452 3155 4525 Aliquando
3186 4452 3361 4525 panis
3412 4450 3627 4507 dicitur

1962 4543 2181 4600 divinae
2238 4542 2522 4598 doctrinm
2572 4542 2848 4609 eruditio,
2904 4542 3057 4597 sicut
3098 4556 3205 4613 per
3264 4540 3627 4612 prophetam

1962 4632 2205 4689 dicitur:
2243 4652 2273 4684 α
2305 4631 2415 4697 Qui
2442 4630 2724 4688 habitatis
2756 4630 2818 4685 in
2850 4635 3003 4686 terra
3032 4629 3250 4698 Austri,
3286 4652 3313 4678 »
3340 4627 3401 4682 id
3425 4631 3534 4698 est,
3564 4627 3626 4683 in

1962 4719 2220 4776 Ecclesia
2276 4719 2493 4793 Spiritu
2543 4722 2751 4773 sancto
2808 4717 3070 4790 repleta:
3103 4738 3132 4765 ‹‹
3185 4732 3325 4771 cum
3362 4714 3626 4787 panibus

1962 4809 2250 4865 occurrite
2281 4808 2528 4878 fugienti
2559 4808 2700 4879 (Isa.
2734 4823 2853 4874 xxr,
2892 4810 3017 4877 t4);
3048 4828 3076 4857 »
3108 4805 3169 4862 id
3189 4809 3294 4867 est,
3319 4819 3459 4860 cum
3490 4803 3626 4877 quis

1961 4896 2124 4953 mala
2179 4912 2288 4953 sua
2318 4897 2570 4953 evadere
2592 4896 2816 4965 nititur,
2848 4894 3196 4953 eruditionis
3220 4892 3460 4967 eloquio
3487 4908 3626 4949 con-

1963 4985 2156 5042 sulite.
2185 4986 2527 5060 Aliquando
2585 5001 2831 5058 quoque
2878 4984 3296 5042 haereticorum
3333 4981 3623 5056 praedica-

1962 5074 2063 5143 tio,
2091 5074 2244 5131 sicut
2274 5074 2560 5132 Salomon
2589 5090 2663 5132 ex
2708 5090 2855 5131 voce
2895 5074 3166 5132 Ecclesiae
3207 5074 3623 5131 hmreticorum

1960 5164 2139 5220 dicit:
2178 5185 2204 5216 ‹
2230 5166 2416 5220 Panes
2465 5164 2729 5220 occultos
2765 5163 3016 5221 libenter
3040 5164 3215 5221 edite.
3255 5187 3282 5213 »
3330 5165 3398 5218 Et
3420 5160 3619 5217 illud:

1960 5276 1988 5304 α
2013 5258 2197 5326 Aquae
2219 5252 2449 5308 furtivae
2475 5252 2773 5310 dulciores
2807 5259 2963 5322 sunt,
2996 5258 3055 5310 et
3094 5252 3270 5325 panis
3299 5244 3621 5313 abscondi-

1959 5348 2053 5399 tus
2081 5342 2325 5397 suavior
2346 5343 2548 5407 (Prov.
2577 5359 2656 5411 ix,
2685 5347 2793 5411 l7).
2819 5342 3155 5414 Aliquando
3186 5349 3455 5405 namque
3484 5332 3625 5393 θιὼ*

1960 5432 2184 5489 sidiam
2214 5430 2346 5486 vitae
2388 5432 2721 5506 praesentis.
2757 5431 2923 5488 Unde
2951 5427 3135 5486 Jacob
3163 5425 3282 5481 ait:
3317 5447 3343 5473 «ι
3371 5423 3619 5481 Domine

1961 5521 2191 5590 Deus,si
2210 5520 2447 5577 dederis
2465 5521 2611 5577 mihi
2627 5536 2848 5594 panem
2866 5518 2943 5573 ad
2956 5514 3621 5588 edendum,»etreliqua

1957 5610 2105 5684 (Gen
2148 5626 2352 5681 xxvm,
2386 5614 2498 5682 20).
2534 5614 2601 5667 Et
2630 5607 2955 5668 Dominus:
3011 5604 3340 5670 «.Qumritis
3369 5620 3467 5662 me
3494 5615 3620 5660 non
