4130 6146
526 127 628 182 383

1554 124 1610 180 S.
1653 123 1910 180 ODONIS
1947 121 2240 179 ABBATIS
2282 119 2785 179 CLUNIACENSIS
2824 121 2892 178 Ιῐ.
3809 138 3902 194 au

525 251 769 322 propter
803 263 923 315 me,
956 245 1063 302 sed
1086 245 1232 318 quia
1273 245 1686 303 manducastis
1711 262 1784 303 ex
1808 246 2092 319 panibus,
2123 249 2182 300 et
2215 251 2264 306 Α
2291 259 2436 315 ergo
2467 249 2696 316 caro,et
2713 261 2854 302 ossa
2871 245 3199 313 nudantur,
3225 243 3392 317 quia,
3412 243 3554 303 dum
3575 248 3806 320 ﬂagellis
3829 273 3906 314 ar-

526 338 774 396 saturati
824 336 964 392 estis
1015 336 1210 407 (Joan.
1255 353 1333 405 v1,
1378 339 1492 403 26).
1535 355 1564 388 ›
1619 339 1799 392 Porro
1852 334 2180 408 aliquando

520 425 866 498 jucunditas
904 427 1190 482 humanae
1238 425 1648 484 delectationis
1689 426 1995 500 accipitur.
2037 425 2182 481 Hinc

521 513 806 571 Ieremias
837 514 956 571 ait:
1006 533 1036 568 ‹
1067 515 1273 571 Omnis
1327 513 1590 588 populus
1652 514 1784 586 ejus
1834 528 2083 584 gemens
2125 515 2184 568 et

522 617 801 677 quaerens
849 619 1093 678 panem,
1135 603 1430 660 dederunt
1470 603 1732 677 pretiosa
1776 618 2034 676 quaeque
2071 617 2182 675 pro

523 692 679 755 cibo,
711 691 791 749 ad
843 691 1298 750 refocillandam
1349 692 1618 748 animam
1659 691 1902 764 (Thren.
1943 707 1985 759 ι,
2015 691 2122 762 Η).
2151 713 2180 740 ››

523 780 716 837 Gemit
743 781 905 836 enim
931 781 1192 854 populus
1222 785 1278 837 et
1305 781 1520 853 quaerit
1538 795 1786 854 panem,
1816 795 1953 836 cum
1991 795 2184 853 prava

522 869 844 925 multitudo
873 868 1176 941 affligitur,
1198 869 1342 943 quia
1373 884 1498 925 non
1528 869 1607 926 ad
1632 873 1840 925 votum
1869 868 2182 942 praesentis

521 957 652 1012 vitai
679 957 1052 1028 jucunditate
1097 957 1366 1014 satiatur.
1404 957 1519 1014 Sed
1547 977 1578 1011 ‹
1619 957 1883 1030 pretiosa
1923 973 2182 1031 quaeque

524 1061 636 1118 pro
666 1045 802 1101 cibo
826 1068 854 1096 »
884 1047 1006 1116 dat,
1046 1046 1191 1119 quia
1240 1045 1487 1102 virtutes
1535 1046 1752 1102 mentis
1811 1046 1872 1102 in
1917 1045 2185 1120 appetitu

524 1133 878 1190 transitoria;
907 1133 1320 1190 delectationis
1342 1133 1609 1205 inclinat,
1628 1137 1685 1191 et
1704 1133 2034 1192 refocillare
2060 1134 2182 1190 ani-

527 1237 694 1277 mam
721 1221 945 1291 nititur,
977 1221 1122 1294 quia
1148 1223 1446 1296 perversis
1479 1222 1606 1279 suis
1653 1223 1964 1280 desideriis
2017 1224 2185 1280 satis-

526 1309 722 1366 facere
777 1315 1046 1368 conatur.
1074 1313 1390 1385 Sequitur:
1423 1314 1504 1368 Et
1555 1314 1771 1370 animae
1812 1314 1979 1369 illius
2021 1313 2185 1369 cibus

527 1405 668 1455 ante
696 1399 1126 1457 desiderabilis.
1151 1433 1220 1442 —
1243 1402 1666 1475 Unusquisque
1695 1402 1876 1473 enim,
1905 1419 2044 1458 cum
2073 1401 2186 1457 sibi

526 1484 681 1542 bene
709 1487 950 1543 vivendi
990 1488 1360 1561 prosperitas
1393 1489 1630 1556 arridet,
1659 1489 1975 1561 hilarescit,
2007 1494 2186 1563 atque

527 1575 664 1646 ipsa
691 1574 960 1632 hilaritas
1018 1576 1292 1632 animum
1343 1577 1504 1633 velut
1558 1577 1972 1634 desiderabilis
2017 1578 2186 1634 cibus

527 1663 733 1718 reﬁcit.
766 1663 880 1720 Sed
919 1681 1058 1720 cum
1096 1665 1418 1722 tentatione
1471 1666 1654 1738 paulo
1687 1667 1950 1740 amplius
1996 1667 2189 1724 immi-

529 1755 707 1805 nente
753 1751 1047 1822 pulsatur,
1080 1767 1116 1806 a
1147 1756 1345 1808 mente
1391 1753 1522 1824 ejus
1569 1769 1678 1826 per
1721 1755 1991 1810 maeroris
2021 1755 2187 1810 fasti-

529 1834 721 1902 dium,
745 1837 1038 1906 gaudium
1059 1853 1238 1894 omne
1263 1840 1593 1911 respuitur;
1627 1857 1764 1914 quas
1785 1841 1954 1914 prius
1973 1842 2188 1898 eodem

531 1925 754 1994 gaudio
784 1926 959 1998 quasi
1011 1927 1223 1983 satiata
1261 1927 1598 1999 laetabatur,
1628 1930 1898 2004 nihilque
1929 1931 1981 1986 ei
2027 1930 2192 1986 aliud

529 2027 718 2085 quam
763 2015 1154 2088 semetipsum
1186 2020 1244 2072 et
1281 2031 1610 2086 agnoscere
1633 2021 1692 2074 et
1736 2018 1877 2075 ﬂere
1915 2018 2189 2076 delectat.

534 2103 812 2174 Sequitur
839 2121 853 2158 :

603 2193 772 2248 Vens.
803 2197 890 2248 2t.
917 2195 1184 2250 Tabescit
1225 2209 1366 2252 caro
1391 2197 1581 2264 illius,
1613 2203 1668 2255 et
1698 2213 1848 2266 ossa,
1880 2213 2013 2269 qua
2039 2203 2194 2256 tecta

525 2280 802 2352 fuerant,
832 2283 1249 2340 nudabunlur.
1273 2317 1342 2326 —-
1371 2287 1521 2342 Cum
1579 2286 1740 2342 enim
1781 2287 2032 2357 ﬂagellis
2057 2303 2192 2360 pre-

531 2369 838 2425 mentibus
877 2372 1076 2427 omnis
1113 2374 1366 2429 exterior
1395 2373 1674 2447 voluptas
1704 2377 1990 2439 atteritur,
2021 2375 2196 2432 inter-

530 2471 625 2512 na:
677 2457 1037 2515 fortitudinis
1067 2475 1207 2516 ossa
1232 2462 1558 2518 nudantur.
1602 2463 1809 2519 Carnis
1842 2470 2044 2520 autem
2083 2481 2192 2521 no-

531 2543 714 2612 mine,
746 2545 884 2617 ipsa
913 2546 1224 2604 delectatio
1262 2550 1520 2606 carnalis
1551 2551 1859 2623 accipitur.
1893 2552 2012 2620 Vel,
2046 2553 2194 2625 quid

532 2648 641 2705 per
666 2649 829 2700 ossa,
846 2635 960 2690 nisi
974 2635 1230 2706 ,virtutes
1254 2638 1441 2694 animi
1467 2638 1859 2710 designantur
1873 2643 1901 2697 ?
1924 2641 2196 2699 Tabescit

1193 2837 1294 2850 ...Α

1395 2965 1736 3055 LIBER

2289 334 2612 406 guentihus
2641 336 2899 392 carnalis
2950 335 3262 392 delectatio
3307 339 3668 408 extenuatur,
3697 358 3764 399 ea
3788 361 3906 418 quea

2287 425 2524 482 dudum
2552 426 2728 498 quasi
2758 425 2872 482 sub
2903 441 3083 482 carne
3106 425 3405 482 latuerant
3443 427 3716 486 virtutum
3754 433 3906 494 fortia

2287 512 2601 586 pateﬁunt.
2649 517 2834 570 Nemo
2859 513 3106 586 quippe,
3143 519 3440 586 quantum
3473 517 3786 593 profecerit,
3809 523 3912 580 nisi

2286 601 2442 658 inter
2475 602 2732 660 adversa
2757 601 3164 674 cognoscitur.
3201 602 3476 675 Sequitur
3507 621 3519 659 :
3889 623 3892 626 ‘

2363 693 2530 746 Vnus.
2586 695 2678 748 22.
2733 691 3263 762 Appropinquabit
3321 695 3683 763 corruptioni
3732 700 3914 758 anima

2288 779 2480 847 illius,
2535 785 2588 835 et
2630 781 2755 836 vita
2811 782 2940 850 ejus
2987 780 3336 850 mortiferis.
3393 811 3460 820 ——
3511 784 3726 839 Tentati
3774 787 3915 843 enim

2287 867 2762 940 uniuscujusque
2785 869 2933 940 justi
2961 868 3169 924 anima
3198 869 3564 942 corruptioni
3613 875 3912 948 appropin-

2290 971 2478 1030 quare
2507 955 2739 1025 dicitur,
2763 957 3011 1029 quando
3030 973 3106 1013 ne
3126 973 3262 1014 eam
3273 958 3459 1014 virtus
3474 959 3659 1032 possit
3671 963 3920 1021 extollere

2289 1061 2398 1119 per
2425 1043 2663 1116 ﬂagella
2683 1045 3059 1117 compellitur
3083 1045 3252 1118 quod
3277 1062 3338 1102 se
3357 1062 3432 1102 ex
3450 1049 3690 1120 propria
3703 1050 3920 1108 inﬁrmi-

2290 1137 2408 1190 tate
2433 1133 2613 1190 debet
2636 1133 2870 1190 sentire.
2903 1134 3297 1207 Corruptione
3327 1134 3605 1192 videlicet
3625 1139 3923 1212 appropin-

2291 1226 2458 1296 quat,
2491 1223 2636 1296 quia
2659 1238 2732 1278 ex
2763 1223 2888 1278 suis
2921 1239 2982 1278 se
3012 1223 3242 1280 viribus
3267 1223 3586 1297 perditioni
3607 1227 3923 1298 proximum

2291 1326 2415 1367 non
2441 1311 2696 1380 ignorat,
2725 1315 2792 1367 ut
2831 1312 2946 1368 hoc
2976 1311 3146 1385 quod
3199 1329 3238 1368 a
3273 1311 3609 1385 perditione
3637 1313 3807 1384 longe
3832 1321 3924 1384 est,

2291 1415 2418 1455 non
2461 1399 2596 1466 sibi,
2631 1399 2737 1456 sed
2761 1401 3016 1456 Domino
3039 1400 3281 1458 tribuat.
3313 1401 3774 1474 Appropinquat
3797 1420 3926 1461 vero

2295 1487 2632 1554 mortiferis,
2653 1488 2799 1561 quia
2823 1504 2895 1544 ex
2921 1488 3261 1546 inﬁrmitate
3289 1489 3490 1546 carnis
3521 1491 3856 1564 proximum
3871 1505 3928 1546 se

2225 1606 2267 1660 Β
2291 1577 2553 1650 peccatis
2577 1581 2832 1634 mortem
2861 1577 3186 1634 ferentibus
3211 1578 3474 1651 respicit,
3499 1593 3536 1634 a
3564 1579 3782 1651 quibus
3807 1577 3931 1634 divi-

2295 1681 2374 1722 no
2412 1681 2660 1721 munere
2709 1671 2874 1722 tanto
2921 1666 3118 1737 magis
3145 1667 3324 1737 longe
3369 1665 3456 1733 ﬁt,
3489 1673 3714 1740 quanto
3759 1683 3818 1723 se
3859 1667 3931 1722 eis

2295 1753 2642 1826 proximum
2681 1770 2754 1810 ex
2785 1755 2908 1810 suis
2939 1755 3162 1812 meritis
3217 1755 3634 1829 deprehendit.
3667 1759 3770 1812 Per
3807 1772 3932 1812 con-

2299 1843 2751 1916 templationem
2799 1844 3158 1901 conditionis
3207 1861 3334 1901 suae
3367 1845 3562 1901 David
3593 1846 3934 1918 corruptioni

2298 1933 2911 2006 appropinquaverat,
2945 1949 3085 1989 cum
3111 1933 3387 1990 dicebat:
3437 1955 3466 1984 «
3499 1937 3806 2004 Memento,
3837 1937 3934 1990 Do-

2298 2021 2482 2091 mine,
2513 2021 2680 2094 quod
2699 2021 2896 2096 pulvis
2917 2037 3163 2091 sumus;
3191 2022 3398 2091 homo,
3430 2022 3586 2078 sicut
3607 2021 3808 2078 fenum
3827 2022 3936 2078 dies

2300 2112 2430 2182 ejus
2459 2111 2650 2182 (Psal.
2683 2127 2774 2180 cu,
2805 2111 2908 2183 15).
2931 2135 2958 2160 ››
2989 2115 3095 2167 Per
3124 2111 3702 2184 contemplationem
3721 2127 3939 2184 quoque

2300 2199 2662 2256 inﬁrmitatis
2690 2199 2948 2273 propriis
2999 2199 3216 2257 Paulus
3270 2200 3596 2256 mortiferis
3641 2199 3940 2273 appropin-

2302 2294 2612 2362 quaverat,
2663 2307 2802 2346 cum
2855 2289 3129 2347 dicebat:
3195 2291 3369 2346 Video
3423 2291 3614 2347 aliam
3671 2291 3844 2361 legem
3889 2291 3942 2345 in

2299 2379 2576 2434 membris
2591 2380 3196 2450 meis,repugnantem
3214 2380 3334 2450 legi
3347 2381 3570 2436 mentis
3588 2383 3806 2446 meae,et
3821 2393 3941 2447 cap-

2303 2468 2489 2522 tivum
2519 2483 2612 2523 me
2663 2468 2972 2524 ducentem
3029 2469 3092 2522 in
3128 2468 3256 2538 lege
3303 2468 3571 2537 peccati,
3603 2483 3732 2538 quae
3781 2471 3856 2522 est
3891 2467 3945 2520 in

2302 2556 2580 2612 membris
2611 2558 2775 2614 meis!
2815 2557 3048 2627 Infelix
3068 2571 3171 2627 ego
3203 2556 3397 2627 homo,
3419 2559 3561 2629 quis
3581 2571 3673 2612 me
3703 2555 3948 2611 liberabit

2303 2645 2376 2701 de
2400 2661 2649 2716 corpore
2675 2647 2883 2703 mortis
2910 2647 3092 2716 hujus
3111 2650 3140 2701 ?
3167 2667 3194 2696 »
3225 2646 3414 2718 (Rom.
3461 2663 3563 2718 vn,
3595 2650 3687 2714 23,
3707 2645 3813 2716 24).

1864 2971 2443 3059 VICESIMUS
2555 2973 3096 3077 QUARTUS.

2035 3160 2433 3173 Ἦ

606 3268 735 3325 Elin
763 3268 964 3365 itaque
1020 3271 1194 3365 dum_
1227 3275 1519 3331 tentatum
1569 3279 1845 3352 superius
1883 3281 2194 3341 hominem
2226 3292 2266 3347 C
2302 3285 2488 3358 ﬁeret,
2508 3304 2720 3362 aequus
2735 3289 2922 3346 homo
2941 3294 3078 3348 ante
3101 3291 3290 3346 Deum
3319 3306 3459 3348 non
3478 3293 3814 3365 appareret.
3841 3285 3962 3343 Inde

535 3358 924 3427 demonstrat,
961 3375 1150 3416 unum
1179 3361 1243 3417 in
1289 3379 1413 3436 qua
1455 3368 1780 3426 tentatione
1812 3371 1885 3426 sit
1928 3372 2194 3444 positum

535 3447 876 3503 humanum
933 3463 1123 3518 genus
1178 3452 1453 3509 ostendit.
1497 3457 1662 3512 Unde
1719 3473 1861 3515 mox
1917 3462 2194 3532 generale

538 3535 850 3592 subintulit
873 3537 1230 3607 remedium,
1264 3539 1470 3597 dicens
1499 3560 1511 3598 :

607 3626 774 3681 Vens.
804 3625 895 3682 23.
926 3626 998 3682 Si
1042 3628 1232 3697 fuerit
1257 3645 1370 3699 pro
1411 3647 1474 3688 eo
1511 3633 1780 3706 Angelus
1828 3639 2090 3709 loquens.
2125 3673 2194 3683 —

537 3713 682 3778 Quis
702 3713 870 3803 enim
899 3714 1009 3771 iste
1040 3717 1246 3788 agelus
1277 3725 1364 3776 est
1392 3721 1509 3778 nisi
1537 3723 1634 3780 ille
1668 3727 1772 3798 qui
1796 3743 1904 3800 per
1931 3731 2196 3803 prophe-

537 3806 660 3857 tam
681 3801 896 3859 dicitur
919 3822 931 3860 :
953 3827 980 3853 «
999 3807 1206 3877 magni
1236 3809 1467 3866 consilii
1488 3813 1748 3883 Angelus
1765 3816 1792 3871 ?
1817 3839 1843 3866 »
1867 3818 2016 3884 Quia
2033 3801 2196 3875 enim

537 3891 741 3948 Graeca
789 3891 998 3964 lingua
1062 3897 1474 3968 evangelizare
1539 3903 1902 3962 denuntiare
1958 3907 2192 3977 dicitur,

538 3979 926 4054 semetipsum
976 3985 1346 4042 annuntians
1379 3988 1556 4044 nobis
1588 3993 1902 4062 Dominus,
1934 3996 2197 4066 Angelus

533 4073 803 4136 vocatur,
837 4075 894 4126 et
929 4070 1084 4128 bene
1133 4073 1249 4129 ait:
1309 4076 1382 4132 Si
1420 4078 1610 4146 fuerit
1655 4096 1772 4150 pro
1817 4097 1882 4139 eo
1925 4085 2198 4155 Angelus

540 4157 804 4228 loquens,
851 4159 1016 4230 quia,
1050 4159 1203 4217 sicut
1261 4163 1343 4219 ait
1369 4167 1712 4239 Apostolus,
1741 4191 1768 4220 «ε
1799 4171 1978 4227 etiam
2017 4173 2196 4230 inter-

535 4243 715 4314 pellat
731 4261 844 4317 pro
869 4246 1044 4302 nobis
1074 4248 1264 4318 (Rom.
1299 4265 1416 4320 VIII,
1447 4254 1556 4316 34).
1591 4273 1622 4307 ›
1655 4258 1960 4330 Sequitur:
2001 4263 2197 4318 Unum

537 4331 611 4422 de
637 4333 949 4422 similibus.
990 4365 1058 4376 —
1101 4339 1222 4392 Mos
1272 4339 1585 4397 medicinae
1623 4349 1733 4418 est,
1763 4350 1828 4402 ut
1865 4347 2196 4422 aliquando

540 4418 758 4476 similia
805 4421 1122 4494 similibus,
1159 4424 1489 4498 aliquando
1541 4435 1839 4492 contraria
1886 4418 2197 4497 contrariis

537 4512 720 4565 curet.
741 4510 991 4566 Veniens
1009 4528 1153 4583 ergo
1175 4513 1254 4570 ad
1275 4531 1386 4572 nos
1407 4517 1668 4593 desuper
1689 4523 1957 4582 medicus
1973 4533 2193 4602 noster,

2301 3375 2529 3448 quippe
2561 3379 2884 3435 annuntiat
2911 3380 3256 3453 aequitatem
3285 3385 3601 3449 nostram,
3625 3380 3786 3437 unde
3805 3374 3965 3432 susci-

2301 3479 2442 3538 pere
2471 3466 2756 3538 dignatus
2779 3471 2870 3524 est
2895 3468 3301 3526 inﬁrmitatem
3329 3475 3642 3527 nostram.
3680 3467 3962 3542 Sequitur:

2371 3557 2539 3611 Vens.
2589 3559 2678 3612 24.
2735 3557 3119 3614 Miserebitur
3180 3561 3329 3628 ejus,
3380 3565 3453 3616 et
3527 3561 3718 3617 dicet:
3777 3557 3967 3612 Libera

2303 3656 2455 3698 eum.
2487 3674 2557 3683 —
2586 3643 2868 3700 Mediator
2897 3646 2998 3702 Dei
3035 3651 3092 3702 et
3119 3646 3454 3704 hominum
3504 3649 3697 3705 homo
3729 3645 3970 3702 Christus

2302 3733 2468 3786 Jesus
2496 3731 2558 3787 in
2603 3749 2674 3789 eo
2717 3733 3033 3790 miseretur
3085 3735 3368 3806 hominis,
3417 3754 3549 3810 quo
3583 3737 3839 3793 formam
3879 3733 3969 3788 ho-

2307 3819 2489 3875 minis
2521 3823 2810 3895 sumpsit;
2840 3839 2963 3896 qua
2983 3823 3406 3881 misericordia
3438 3827 3698 3883 homine
3727 3824 3974 3892 redemp-

2305 3913 2365 3965 to
2395 3909 2540 3966 dicit
2589 3911 2770 3967 Patri:
2803 3913 3020 3970 Libera
3063 3929 3216 3982 eum,
3246 3917 3312 3970 ut
3357 3929 3503 3972 non
3554 3913 3877 3972 descendat
3921 3911 3970 3963 in

2304 3999 2773 4072 corruptionem.
2807 4002 2965 4058 Sicut
3013 4003 3142 4074 jam
3194 4019 3388 4078 supra.
3443 4006 3745 4078 diximus,
3802 4001 3977 4058 dicere

2305 4089 2434 4159 ejus
2464 4093 2584 4145 est:
2639 4089 2825 4147 libera
2853 4091 3184 4158 hominem,
3206 4097 3507 4151 naturam
3541 4094 3808 4151 hominis
3829 4104 3972 4147 assu-

2303 4177 2527 4234 mendo
2560 4177 2814 4236 liberam
2852 4180 3289 4238 demonstrare.
3327 4186 3416 4239 Ex
3451 4201 3528 4242 ea
3557 4185 3793 4258 quippe
3819 4191 3974 4238 carne

2303 4283 2490 4340 quam
2562 4269 2846 4342 sumpsit,
2915 4270 3094 4326 etiam
3171 4271 3330 4328 hanc
3401 4273 3687 4330 ostendit
3745 4272 3973 4328 liberam

2303 4371 2490 4428 quam
2513 4356 2785 4426 redemit,
2821 4357 2972 4414 sicut
2991 4357 3118 4431 ipse
3150 4359 3232 4414 ait
3250 4378 3261 4415 :
3279 4379 3310 4413 ‹
3327 4359 3386 4417 Si
3415 4377 3539 4418 vos
3563 4361 3754 4419 Filius
3786 4358 3980 4415 libera-

2302 4445 2402 4510 vit,
2431 4461 2568 4502 vere
2597 4445 2767 4502 liberi
2795 4445 2956 4502 eritis
2987 4447 3317 4518 (Joan.vm.
3340 4453 3505 4518 36).»
3525 4451 3820 4524 Superius
3835 4446 3978 4502 enim

2301 4533 2530 4590 dictum
2544 4534 2771 4590 fuerat:
2799 4535 3332 4607 Appropinquavit
3358 4539 3770 4610 corruptioni
3797 4535 3980 4594 αηίτηα

537 4599 814 4697 totosque
839 4615 959 4697 nos
981 4601 1292 4697 inveniens
1319 4605 1716 4697 languoribus
1745 4629 2003 4688 pressos,
2026 4599 2199 4691 quid-
2233 4645 2270 4697 υ
2301 4625 2450 4692 ejus,
2477 4599 2868 4695 postmodum
2885 4599 3266 4693 (licitum-non
3291 4599 3642 4686 descendat
3674 4631 3740 4683 in
3758 4637 3984 4690 corrup-

536 4685 682 4780 darn
710 4686 884 4780 nobis
913 4688 1124 4780 simile,
1154 4695 1214 4780 et
1253 4693 1548 4766 quiddam
1586 4685 1952 4760 contrarium
1987 4685 2194 4780 appo-

537 4761 672 4862 suit.
703 4776 854 4840 Quia
883 4778 1045 4834 enim
1094 4779 1174 4836 ad
1203 4781 1482 4840 homines
1521 4786 1708 4845 homo
1735 4792 1917 4862 venit,
1949 4761 2194 4853 corioror-

537 4860 700 4956 davit
723 4877 760 4956 a
783 4865 960 4956 nobis
987 4867 1231 4956 veritate
1267 4874 1520 4943 naturae,
1554 4875 1659 4931 sed
1707 4879 1852 4950 quia
1879 4860 1958 4938 ad
1989 4899 2196 4956 pecca-

536 4952 694 5042 tores
732 4949 955 5042 justus,
986 4953 1350 5028 discrepavit
1387 4975 1424 5016 a
1454 4961 1632 5018 nobis
1682 4949 1879 5037 vigore
1930 4949 2192 5042 justitiae.

538 5035 690 5102 Quia
727 5037 906 5109 igitur
959 5042 1252 5100 Dominus
1296 5061 1437 5104 vere
1485 5055 1683 5125 natus,
1715 5035 1852 5113 vvere
1896 5035 2193 5131 mortuus,

535 5139 676 5182 vere
702 5130 1104 5194 resuscitatus,
1129 5132 1192 5189 in
1211 5137 1496 5194 omnibus
1523 5144 1724 5198 tamen
1749 5143 1927 5202 distat
1956 5163 1993 5204 a
2021 5130 2198 5206 nobis

535 5216 951 5287 magnitudine
994 5223 1292 5295 potentiae,
1327 5227 1434 5283 sed
1478 5230 1606 5286 sola
1661 5232 1836 5288 nobis
1875 5239 2201 5296 concordat

533 5306 774 5400 veritate
785 5313 1148 5400 naturm.Per
1161 5313 1277 5369 hoc
1297 5329 1408 5386 pro
1433 5318 1608 5374 nobis
1623 5322 1774 5377 Patri
1793 5322 2077 5397 loquitur,
2093 5343 2200 5400 per

533 5393 703 5465 quod
729 5397 1116 5472 semetipsum
1135 5415 1247 5473 pro
1276 5404 1558 5462 omnibus
1585 5393 1897 5468 hominem
1924 5393 2200 5472 demons-

537 5485 691 5540 trare
720 5485 998 5556 dignatus
1013 5493 1122 5545 est.
1145 5490 1464 5564 Sequitur:
1501 5496 1576 5551 Ut
1605 5503 1925 5558 annuntiet
1951 5503 2200 5564 homini-

539 5569 648 5628 bus
675 5574 1035 5645 aequitatem.
1064 5599 1140 5619 —-
1166 5578 1318 5642 Quia
1343 5579 1458 5638 nisi
1485 5581 1583 5642 ille
1611 5585 1959 5648 hominibus
1989 5591 2198 5652 similis

2301 4711 2540 4766 tionem.
2573 4743 2642 4751 —
2670 4715 2751 4767 Ac
2785 4711 2836 4766 si
2857 4711 3106 4768 diceret:
3148 4713 3298 4778 Quia
3331 4715 3794 4786 cognoscendo
3835 4709 3982 4769 inﬁr-

2301 4799 2570 4855 mitatem
2597 4815 2770 4856 suam
2786 4843 2799 4869 ,
2833 4816 2962 4857 esse
2990 4817 3052 4858 se
3079 4803 3461 4875 corruptioni
3483 4807 3851 4878 proximum
3879 4813 3985 4858 non

2300 4889 2556 4957 ignorat,
2576 4888 2798 4946 idcirco
2819 4891 2897 4947 ad
2927 4891 3325 4964 corruptionis
3353 4893 3696 4952 interitum
3715 4910 3840 4951 non
3869 4889 3984 4946 des-

2303 4976 2536 5032 cendat.
2565 4977 2655 5032 Ad
2684 4979 3130 5053 corruptionem
3151 4981 3315 5036 enim
3340 4979 3796 5050 descenderet,
3815 4982 3864 5036 si
3884 4977 3991 5034 suis

2303 5063 2530 5120 viribus
2557 5065 2736 5136 longe
2762 5083 2824 5124 se
2854 5083 2892 5124 a
2917 5067 3300 5141 corruptione
3330 5085 3478 5127 esse
3521 5073 3860 5144 judicaret.
3891 5062 3992 5122 Sed

2305 5151 2448 5226 quia
2473 5155 2839 5228 corruptioni
2881 5157 3406 5230 appropinquavit
3453 5161 3807 5230 humiliter,
3835 5157 3994 5214 debet
4054 5199 4064 5206 .

2307 5241 2386 5298 ab
2425 5259 2498 5299 ea
2527 5243 2990 5301 misericorditer
3033 5245 3295 5316 liberari,
3323 5251 3397 5303 ut
3429 5265 3511 5306 eo
3545 5256 3774 5307 contra
3818 5249 3996 5318 impu-

2307 5331 2620 5402 gnandum
2649 5333 2790 5390 vitia
2819 5333 2983 5390 fortis
3009 5335 3103 5407 sit,
3121 5351 3246 5407 quo
3263 5350 3324 5390 se
3349 5338 3496 5394 suis
3525 5341 3772 5396 meritis
3795 5349 4000 5406 cogno-

2309 5419 2419 5476 scit
2435 5420 2768 5478 inﬁrmum.
2793 5421 3105 5495 Sequitur:
3139 5423 3359 5480 Inveni
3377 5425 3451 5482 in
3473 5445 3604 5499 quo
3623 5430 3682 5484 ei
3695 5425 3996 5499 prcpitier.

2306 5539 2375 5550 --—
2398 5511 2484 5565 Ac
2527 5510 2576 5565 si
2627 5515 2828 5582 aperte
2858 5510 3139 5568 Mediator
3169 5513 3270 5569 Dei
3312 5517 3374 5569 et
3405 5513 3766 5574 hominum
3797 5515 3954 5572 dicat
3981 5525 3993 5562 :

2309 5599 2459 5666 Quia
2487 5598 2692 5657 nullus
2719 5600 3039 5657 hominum
3068 5599 3201 5674 fuit,
3252 5601 3360 5675 qui
3405 5619 3642 5664 coram
3675 5611 3807 5666 Deo
3833 5604 4004 5666 intets
