4120 6156
241 189 342 243 385

900 191 904 194 ν
1010 156 1306 240 EPITOME
1345 173 1730 240 MORALIUM.
1775 181 1832 238 s.
1874 169 2077 237 cura.
2120 183 2188 238 1N
2226 171 2367 239 1'03.
2409 216 2476 225 _
2517 188 2644 242 LIB.
2683 187 2867 244 XXIV.

3541 183 3649 248 386

239 323 434 366 cessor
459 306 656 379 justus
681 321 791 378 pro
821 305 1104 361 omnibus
1153 311 1423 379 apparet,
1467 304 1887 377 memetipsum
1923 307 1974 364 Α
2073 307 2256 363 Suam
2285 308 2511 382 quippe
2533 309 2826 380 justitiam
2854 311 3084 368 homini
3108 312 3397 369 Dominus
3435 314 3648 385 reddit,

238 397 316 455 ad
339 393 788 469 propitiandum
810 394 1158 450 hominibus
1177 395 1486 450 hominem
1506 393 1638 463 feci,
1662 397 1720 450 et
1740 393 1888 448 dum

238 503 333 543 me
354 484 664 541 hominem
681 482 946 553 exhibui,
965 483 1026 539 in
1046 500 1169 556 quo
1192 485 1356 555 justo
1377 483 1620 539 homine
1637 482 1891 538 homini-

237 575 351 632 bus
378 571 736 646 propitiarer
764 571 984 627 inveni.
1015 575 1080 628 Et
1106 573 1250 645 quia
1279 572 1685 628 infirmitatem
1712 570 1892 626 susci-

239 665 404 738 piens
437 661 745 726 Dominus,
777 660 923 716 dum
965 677 1212 734 poenam
1263 667 1530 718 nostram
1578 660 1890 717 moriendo

237 751 523 820 toleravit,
571 750 1014 822 corruptionem
1045 756 1316 808 nostram
1353 749 1724 821 resurgendo
1762 766 1891 804 mu-

238 841 377 898 tavit
403 859 416 906 ;
444 840 599 896 bene
626 838 734 894 iste
764 839 1025 908 Angelus
1047 839 1422 896 mortalitatis
1442 844 1660 895 nostrae
1693 837 1890 909 ﬂagel-

237 930 294 986 la
320 927 652 1000 subjungit,
685 943 1015 1000 eorumque
1045 928 1377 995 miseretur,
1408 928 1613 984 dicens
1647 944 1660 982 :

306 1017 476 1072 Vens.
509 1021 600 1072 22.
634 1017 1002 1086 Consumpta
1048 1023 1132 1073 est
1177 1033 1319 1073 caro
1348 1033 1383 1073 α
1432 1016 1764 1086 suppliciis,
1797 1029 1888 1071 re-

239 1111 510 1162 vertatur
526 1105 608 1161 ad
632 1105 756 1160 dies
777 1105 1190 1162 adolescentia:
1209 1121 1350 1161 suae.
1370 1138 1437 1146 -—
1461 1108 1543 1160 Ac
1565 1104 1613 1160 si
1639 1104 1885 1160 diceret:

234 1193 595 1252 Mortalitatis
627 1210 751 1248 suae
776 1209 957 1266 paena
987 1195 1047 1249 in
1068 1194 1402 1267 quamdam
1429 1194 1736 1250 vetustatis
1766 1208 1889 1248 sum

234 1287 601 1339 senectutem
630 1281 898 1352 dejectus
929 1287 1036 1349 est,
1068 1289 1413 1339 revertatur
1459 1283 1540 1338 ad
1583 1283 1706 1338 dies
1753 1281 1890 1337 ado-

234 1373 527 1430 lescentia
556 1387 700 1438 suae,
726 1369 786 1426 id
811 1375 920 1437 est,
951 1371 1135 1444 priori
1165 1373 1500 1442 integritate
1548 1375 1886 1437 renovetur,

230 1467 296 1518 ut
323 1477 450 1518 non
471 1477 543 1518 eo
575 1464 820 1516 maneat
845 1461 1012 1532 quod
1040 1460 1250 1534 lapsus
1279 1465 1386 1527 est,
1420 1460 1527 1516 sed
1559 1459 1634 1517 ad
1657 1460 1771 1515 hoc
1796 1474 1888 1515 re-

230 1551 516 1624 demptus
539 1550 764 1616 redeat,
797 1549 877 1606 ad
906 1550 1073 1622 quod
1125 1549 1582 1623 percipiendum
1614 1548 1890 1604 conditus

1999 409 2122 450 non
2169 412 2357 468 quam
2387 414 2461 454 ex
2491 397 2809 472 semetipso
2839 399 3069 456 habuit.
3115 401 3284 458 Illam
3314 419 3455 473 ergo
3480 404 3651 474 justi-

1999 485 2143 540 tiam
2170 485 2377 542 reddet
2407 488 2560 542 Deus
2591 487 2842 558 homini,
2876 489 2953 545 ad
2993 505 3179 562 quam
3212 490 3489 546 conditus
3519 491 3648 559 fuit,

1999 577 2065 628 ut
2101 573 2389 630 inhaerere
2430 577 2548 630 Deo
2594 574 2795 646 libeat,
2829 581 2892 632 ut
2921 578 3221 634 minacem
3261 580 3391 650 ejus
3422 584 3652 636 senten-

1999 661 2143 717 tiam
2172 662 2574 734 pertimescat,
2605 669 2669 719 ut
2712 665 3002 738 serpentis
3033 666 3232 722 callidi
3261 667 3500 724 blandis
3520 669 3649 739 jam

1998 751 2500 823 promissionibus
2529 769 2652 809 non
2680 755 2900 811 credat.
2933 755 3209 827 Sequitur
3236 773 3248 811 :

2071 840 2247 898 Vens.
2288 845 2376 898 27.
2417 844 2707 912 Respiciet
2738 844 3021 907 homines,
3055 850 3109 900 et
3148 845 3347 901 dicet:
3378 847 3646 903 Peccavi.

1999 961 2067 969 —
2098 929 2212 986 Sed
2251 936 2624 1003 peccatorem
2660 948 2722 988 se
2766 933 2926 988 unde
2957 938 3360 1004 cognosceret,
3395 934 3442 989 si
3485 934 3652 1005 justi-

1998 1017 2143 1073 tiam
2195 1033 2317 1074 non
2384 1018 2679 1075 haberet?
2729 1023 2913 1076 Nemo
2962 1021 3188 1094 quippe
3244 1021 3652 1078 fortitudinem

1999 1122 2197 1173 suam,
2227 1107 2340 1162 nisi
2371 1123 2510 1163 cum
2543 1113 2736 1164 rectus
2785 1126 2918 1166 esse
2947 1110 3210 1182 cmperit,
3237 1109 3648 1182 deprehendit.

1998 1197 2147 1250 Nam
2177 1195 2280 1268 qui
2307 1196 2556 1252 omnino
2584 1213 2902 1269 perversus
2932 1203 3041 1265 est,
3075 1214 3272 1271 neque
3315 1201 3430 1255 hoc
3459 1203 3656 1271 potest

2000 1283 2198 1338 videre
2243 1283 2410 1356 quod
2453 1289 2572 1352 est;
2623 1286 2728 1358 qui
2785 1302 2924 1342 vero
2971 1292 3351 1358 peccatorem
3406 1303 3468 1342 se
3524 1302 3652 1342 esse

1997 1371 2287 1444 intelligit,
2315 1374 2442 1444 jam
2482 1390 2554 1430 ex
2584 1380 2754 1448 parte
2783 1375 2986 1449 aliqua
3024 1392 3153 1432 esse
3179 1376 3376 1448 justus
3404 1377 3652 1432 inchoa-

1998 1462 2096 1530 vit,
2129 1467 2309 1535 atque
2338 1463 2400 1518 id
2429 1464 2595 1536 quod
2627 1480 2750 1520 non
2773 1466 2975 1536 justus
3003 1465 3240 1534 fecerat,
3269 1482 3337 1522 ex
3373 1482 3444 1522 eo
3485 1465 3654 1538 quod

2001 1558 2092 1608 cst
2141 1553 2339 1624 justus
2385 1559 2650 1610 accusat.
2709 1556 3010 1626 Scriptura
3057 1557 3274 1611 etenim
3328 1571 3501 1612 sacra
3551 1555 3688 1615 ali»

229 1639 358 1695 fuit.
378 1639 682 1712 Scriptura
707 1639 868 1695 enim
893 1655 1066 1695 sacra
1095 1655 1257 1712 srepe
1283 1638 1750 1695 adolescentiam
1779 1653 1890 1710 pro
1931 1665 1970 1718 Β
1998 1640 2248 1714 quando
2279 1641 2554 1697 homines
2584 1657 2806 1714 ponere
2840 1642 2988 1699 solet
3035 1643 3304 1700 humana
3333 1643 3650 1715 sapientes,

228 1729 492 1785 novitate
546 1727 678 1784 vita:
737 1743 961 1800 ponere
1019 1728 1349 1784 consuevit.
1408 1727 1576 1784 Unde
1635 1727 1891 1784 venienti

230 1834 466 1891 sponso
522 1817 787 1873 dicitur:
840 1839 868 1867 «
917 1817 1386 1874 Adolescentulte
1441 1817 1777 1873 dilexerunt
1835 1821 1890 1872 te

235 1909 441 1980 (Cant.
477 1924 516 1978 1,
548 1907 621 1978 3).
657 1929 684 1956 ››
717 1909 1089 1963 Senectutem
1119 1908 1345 1980 quippe
1375 1906 1589 1962 veteris
1625 1905 1887 1962 hominis

226 1998 382 2054 inter
413 1997 556 2052 vitia
579 1996 985 2053 tabescentem
1020 1997 1280 2052 deﬂebat
1322 1995 1417 2052 ille
1443 1995 1548 2069 qui
1579 1996 1696 2052 ait:
1732 2017 1760 2046 ‹‹
1793 1997 1887 2050 In-

227 2086 513 2143 veteravit
535 2086 688 2142 inter
715 2101 926 2142 omnes
942 2085 1216 2142 inimicos
1243 2101 1411 2141 meos
1443 2086 1632 2156 (Psal.
1652 2101 1728 2150 vr,
1757 2085 1831 2156 8).
1861 2105 1887 2132 »

231 2178 486 2231 Econtra
515 2173 668 2230 alius
689 2173 953 2246 gaudere
983 2175 1044 2229 in
1084 2173 1402 2230 virtutibus
1433 2173 1769 2229 admonens
1797 2171 1888 2227 di-

225 2265 300 2321 cit
331 2283 343 2320 :
378 2286 406 2314 ‹‹
436 2267 677 2330 Laetare,
706 2264 964 2334 juvenis,
993 2264 1054 2319 in
1084 2262 1486 2320 adolescentia
1512 2266 1616 2318 tua
1662 2263 1884 2332 (Eccle,

223 2372 304 2423 x1,
344 2355 418 2428 9).
458 2377 485 2405 »
515 2354 797 2427 Sequitur
828 2373 841 2410 :

290 2447 474 2501 Vens.
515 2447 605 2500 26.
646 2443 1083 2514 Deprecabitur
1108 2445 1451 2513 Dominum,
1483 2449 1537 2500 et
1562 2442 1887 2512 placabilis

223 2537 276 2592 ei
309 2536 448 2592 erit.
479 2565 548 2574 —
575 2532 746 2589 Prius
773 2533 935 2588 enim
967 2532 1267 2606 postulare
1297 2531 1614 2603 Angelum,
1645 2537 1702 2587 et
1731 2536 1890 2603 post-

224 2624 486 2681 modum
516 2623 827 2679 hominem
858 2622 1019 2692 dicit,
1050 2622 1192 2695 quia
1226 2622 1340 2677 nisi
1366 2627 1503 2678 ante
1528 2623 1655 2694 ipse
1687 2621 1886 2676 Domi-

221 2729 337 2769 nus
372 2727 484 2784 per
511 2710 986 2767 incarnationem
1021 2726 1199 2766 suam
1240 2709 1626 2782 interpellans
1654 2711 1887 2764 Patrem

221 2801 413 2857 vitam
443 2803 713 2856 nostram
743 2803 986 2871 peteret,
1016 2813 1332 2870 nunquam
1366 2813 1428 2852 se
1465 2801 1670 2853 nostra
1694 2795 1889 2851 insen-

223 2889 484 2947 sibilitas
518 2887 596 2944 ad
638 2886 1004 2960 postulanda
1033 2903 1106 2942 ea
1147 2903 1284 2958 quae
1324 2890 1545 2942 aeterna
1570 2888 1710 2940 sunt
1737 2884 1888 2940 exci-

2001 1729 2151 1784 sicut
2176 1729 2256 1784 ait
2281 1728 2496 1784 Paulus
2529 1748 2542 1785 :
2575 1752 2600 1779 ‹‹
2636 1730 2784 1785 Cum
2813 1730 2974 1786 enim
3005 1730 3053 1785 si
3081 1731 3232 1786 inter
3260 1747 3369 1786 vos
3407 1730 3568 1786 zelus
3597 1735 3655 1785 et

1998 1817 2243 1886 invidia,
2301 1834 2503 1874 nonne
2565 1819 2838 1875 carnales
2890 1819 3072 1875 estis?
3122 1833 3322 1875 nonne
3378 1819 3654 1874 homines

1997 1908 2136 1963 estis
2156 1909 2184 1965 ?
2215 1927 2242 1961 ›
2271 1909 2330 1980 (Ι
2355 1907 2490 1964 Cor.
2513 1924 2592 1976 111,
2617 1910 2694 1976 3.)
2717 1909 2828 1974 Qui
2854 1909 3032 1965 etiam
3054 1908 3198 1981 quia
3226 1907 3452 1964 carnali
3473 1907 3653 1965 affec-

1998 1995 2142 2052 tioni
2173 1997 2594 2062 succumbunt,
2614 2013 2736 2053 non
2762 1998 2891 2068 jam
2920 1997 3220 2065 homines,
3249 1998 3351 2053 sed
3378 1999 3654 2070 jumenta

1997 2085 2406 2141 nominantur.
2456 2085 2618 2141 Unde
2669 2101 2775 2157 per
2832 2086 3018 2142 David
3076 2085 3331 2141 dicitur:
3381 2108 3408 2134 «
3460 2086 3653 2141 Homo

1997 2190 2137 2230 cum
2179 2174 2240 2230 in
2292 2175 2521 2231 honore
2559 2179 2712 2230 esset
2753 2191 2877 2231 non
2925 2173 3228 2242 intellexit,
3268 2179 3654 2249 comparatus

1997 2268 2085 2320 est
2118 2263 2424 2335 jumentis,
2470 2287 2496 2314 ››
2537 2268 2595 2319 et
2644 2264 2875 2337 reliqua
2923 2265 3110 2335 (Psal.
3147 2281 3337 2332 XLVIII,
3395 2265 3500 2335 l3).
3548 2263 3655 2318 Ali-

1974 2353 2244 2426 quando
2273 2353 2550 2409 homines
2605 2369 2743 2409 cum
2782 2353 2945 2426 dicit,
2975 2370 3078 2410 eos
3106 2369 3142 2410 a
3172 2353 3377 2409 bestiis
3425 2353 3653 2410 ratione

1995 2441 2322 2512 distinguit,
2355 2442 2578 2515 quibus
2610 2459 2719 2515 per
2763 2443 3122 2515 prophetam
3153 2443 3440 2499 Dominus
3463 2441 3606 2498 dicit
3638 2459 3651 2498 :

1997 2554 2026 2580 ‹‹
2067 2533 2188 2587 Vos
2233 2536 2436 2588 autem
2476 2547 2721 2604 pascuae
2749 2547 2898 2587 meae
2944 2547 3176 2602 greges,
3203 2532 3478 2588 homines
3516 2532 3654 2588 estis

1996 2621 2232 2692 (Ezech.
2267 2637 2461 2691 xxxrv,
2495 2621 2607 2688 31).
2646 2644 2673 2670 ››
2705 2622 2876 2676 Recte
2909 2636 3051 2690 ergo
3075 2620 3149 2676 de
3188 2621 3303 2676 hoc
3329 2621 3654 2693 poenitente

1995 2709 2210 2766 dicitur
2242 2728 2255 2766 :
2288 2711 2580 2779 Respiciet
2630 2709 2917 2780 homines,
2949 2715 3004 2765 et
3041 2709 3193 2765 dicet
3219 2724 3242 2765 .'
3268 2709 3540 2766 Peccavi.
3573 2714 3654 2766 Ac

1998 2798 2048 2853 si
2077 2798 2312 2854 dicatur
2343 2817 2354 2854 :
2393 2801 2748 2855 Sanctorum
2784 2798 3053 2854 virorum
3099 2797 3377 2871 exempla
3419 2799 3657 2872 conspi-

1997 2888 2092 2955 cit,
2132 2893 2310 2960 atque
2355 2904 2566 2944 corum
2611 2887 3060 2960 comparatione
3111 2904 3173 2943 se
3220 2904 3500 2960 pensans,
3553 2890 3656 2946 ini-

222 2983 401 3036 taret.
453 2977 568 3033 Sed
607 2975 1039 3032 incarnationis
1088 2975 1218 3046 ejus
1256 2974 1560 3047 praecessit
1584 2973 1794 3041 oratio,
1827 2977 1890 3029 ut
1927 3014 1967 3070 Ο
1996 2993 2186 3050 quum
2235 2993 2296 3032 se
2343 2993 2478 3033 esse
2530 2976 2944 3050 deprehendit.
2981 2976 3091 3042 Qui
3117 2977 3278 3032 enim
3306 2977 3654 3050 plenissime

221 3067 487 3141 torporis
513 3064 701 3121 nostri
722 3064 1021 3135 evigilatio
1047 3063 1468 3137 subsequatur.
1493 3063 1785 3137 Sequitur:
1809 3063 1886 3117 Et

221 3157 449 3214 videbit
467 3156 686 3226 faciem
710 3157 837 3225 ejus
860 3157 922 3210 in
934 3154 1155 3224 jubilo.
1169 3153 1428 3209 —Aliter
1447 3152 1609 3208 enim
1629 3152 1888 3225 quisque

218 3244 660 3318 compungitur
689 3259 828 3299 cum
861 3243 1097 3299 interna
1137 3243 1375 3298 intuens
1403 3241 1704 3297 malorum
1753 3255 1888 3296 suo-

216 3349 360 3389 rum
386 3347 607 3406 pavore
629 3335 907 3388 terretur:
931 3330 1100 3387 aliter
1112 3345 1256 3386 vero
1276 3329 1720 3403 compungitur,
1749 3343 1888 3384 cum

219 3421 458 3494 gaudia
487 3436 752 3494 superna
781 3419 1174 3494 conspiciens,
1201 3434 1306 3491 spe
1345 3418 1611 3491 quadam
1642 3421 1700 3474 et
1726 3433 1889 3472 secu-

219 3511 398 3568 ritate
436 3510 775 3566 roboratur.
810 3509 982 3566 Menti
1008 3508 1170 3565 enim
1201 3511 1420 3564 nostrae
1446 3507 1520 3563 de
1553 3505 1888 3562 considera-

216 3603 387 3659 tione
419 3600 696 3657 caacitatis
727 3616 849 3655 suae
875 3600 1043 3673 prius
1061 3598 1218 3669 ignis
1239 3596 1636 3654 tribulationis
1664 3595 1885 3652 immit-

216 3693 389 3754 titur,
420 3694 485 3746 ut
523 3689 720 3746 omnis
771 3689 1047 3746 vitiorum
1097 3703 1302 3759 aerugo
1356 3690 1785 3743 concremetur.
1823 3688 1888 3742 Et

213 3786 371 3838 tunc
401 3779 708 3835 mundatis
733 3776 922 3834 ocu1is
955 3777 1150 3833 cordis
1181 3777 1280 3832 illa
1305 3775 1508 3832 laetitia
1536 3774 1743 3848 patriae
1774 3790 1886 3830 cae-
1927 3823 1934 3826 _

211 3869 392 3927 lestis
423 3868 704 3941 aperitur,
753 3873 819 3923 ut
845 3868 1011 3940 prius
1049 3882 1379 3938 purgemus
1429 3864 1694 3934 lugendo
1719 3863 1886 3936 quod

209 3959 502 4025 fecimus,
518 3962 574 4013 et
592 3955 987 4029 postmodum
1016 3954 1388 4010 manifestius
1413 3951 1888 4024 contemplemur

209 4066 325 4125 per
365 4044 590 4117 gaudia
616 4042 785 4116 quod
813 4042 1158 4115 quaerimus.
1192 4040 1423 4097 Jubilus
1452 4055 1720 4112 namque
1749 4039 1889 4095 dici-

211 4144 339 4208 tur,
373 4132 621 4207 quando
651 4131 952 4188 ineﬁ‘abile
990 4129 1280 4201 gaudium
1310 4132 1508 4184 mente
1534 4127 1885 4200 concipitur,

211 4223 398 4301 quod
429 4238 541 4278 nec
573 4220 865 4279 abscondi
896 4219 1104 4294 possit,
1136 4234 1246 4274 nec
1275 4215 1654 4274 sermonibus
1698 4215 1888 4289 aperi-

209 4317 260 4372 ri
291 4334 307 4384 ;
349 4315 409 4369 et
441 4315 642 4368 tamen
672 4308 1046 4382 quibusdam
1075 4306 1338 4363 motibus
1362 4303 1654 4379 proditur,
1676 4319 1888 4378 quam-

211 4405 307 4461 vis
326 4400 513 4459 nullis
533 4397 1001 4474 proprietatibus
1021 4396 1407 4470 exprimatur.
1424 4393 1571 4450 Hinc
1597 4392 1900 4467 scriptum,

214 4499 311 4552 est
340 4511 356 4548 :
389 4509 422 4545 ‹
451 4493 669 4548 Beatus
697 4488 961 4563 populus
985 4486 1092 4560 qui
1120 4487 1227 4543 scit
1252 4484 1671 4557 jubilationem
1692 4485 1882 4552 (Psal.

215 4597 496 4651 Lxxxvm,
549 4580 653 4652 16).
687 4602 714 4628 »
745 4579 895 4645 Quia
941 4576 1101 4632 enim
1145 4591 1254 4648 per
1301 4574 1517 4630 faciem
1559 4573 1889 4646 quemlibet

219 4669 637 4742 agnoscimus,
656 4683 780 4724 non
801 4664 1100 4722 immerito
1117 4662 1520 4734 cognitionem
1540 4663 1659 4731 Dei,
1673 4661 1887 4718 faciem

216 4775 540 4818 vocamus.
574 4757 739 4814 Unde
766 4755 951 4812 Jacob
981 4757 1304 4826 postquam
1335 4767 1476 4808 cum
1506 4750 1720 4820 angelo
1758 4750 1884 4807 luc-

219 4855 386 4908 tatus
443 4853 551 4915 est,
584 4847 709 4903 ait:
741 4867 769 4894 ‹‹
798 4845 930 4900 Vidi
971 4843 1294 4900 Dominum
1352 4841 1502 4898 facie
1541 4840 1620 4897 ad
1670 4841 1885 4897 faciem

221 4940 396 5012 (Gen.
448 4953 616 5004 nxu,
643 4936 766 5007 30);
798 4957 826 4985 »
872 4950 942 4991 ac
977 4933 1027 4989 si
1055 4932 1321 4989 diceret:
1372 4929 1638 5001 Cognovi
1692 4929 1888 4987 Domi-

220 5026 559 5100 num,quia
584 5041 682 5081 me
712 5037 1075 5094 cognoscere
1097 5021 1225 5094 ipse
1239 5020 1522 5090 dignatus
1554 5021 1660 5074 est.
1691 5020 1884 5084 Quam

222 5115 634 5187 cognitionem
654 5113 1001 5186 plenissime
1022 5110 1150 5167 fieri
1167 5109 1383 5165 Paulus
1399 5108 1461 5164 in
1479 5107 1599 5164 ﬁne
1616 5111 1880 5175 testatur,

221 5205 472 5260 dicens:
503 5227 529 5253 ‹‹
563 5206 725 5258 Tunc
755 5216 1119 5272 cognoscam
1161 5198 1313 5254 sicut
1353 5202 1410 5252 et
1447 5196 1722 5266 cognitus
1746 5212 1882 5253 sum

221 5295 285 5366 (Ι
303 5295 441 5350 Cor.
468 5308 584 5362 xm,
612 5291 716 5354 12).
738 5313 767 5342 ιι
788 5290 1097 5363 Sequitur:
1123 5291 1204 5344 Et
1233 5287 1437 5344 reddet
1465 5286 1692 5342 homini
1698 5286 1880 5356 justi-

223 5384 375 5440 tiam
408 5398 598 5439 suam.
617 5413 686 5422 —
712 5379 943 5436 Justitia
971 5382 1176 5434 nostra
1200 5375 1438 5442 dicitur,
1471 5390 1595 5430 non
1640 5390 1775 5447 quae
1809 5389 1882 5430 ex

221 5476 435 5528 nostro
464 5475 669 5527 nostra
697 5473 804 5536 est,
825 5467 927 5524 sed
958 5483 1094 5539 quia
1124 5465 1328 5522 divina
1347 5463 1617 5535 largitate
1647 5463 1714 5520 fit
1740 5479 1881 5518 nos-

222 5565 342 5630 tra,
373 5561 524 5616 sicut
547 5561 608 5616 in
641 5556 948 5615 Dominica
973 5555 1239 5611 oratione
1268 5555 1558 5609 dicimus:
1595 5571 1624 5607 c
1657 5553 1878 5608 Panem

221 5654 500 5709 nostrum
521 5647 940 5722 quotidianum
971 5644 1052 5701 da
1073 5642 1252 5700 nobis
1271 5643 1448 5701 hodie
1466 5643 1632 5712 (Luc.
1652 5657 1731 5711 χι,
1748 5645 1823 5710 3).
1851 5666 1878 5692 υ

1995 3065 2320 3136 intelligere
2350 3065 2576 3139 appetit
2604 3065 2798 3138 qualis
2827 3070 2934 3136 est,
2969 3064 3114 3121 tales
3162 3065 3449 3120 nimirum
3476 3065 3656 3121 debet

1997 3154 2347 3226 conspicere
2379 3153 2576 3226 qualis
2604 3169 2727 3209 non
2759 3157 2866 3223 est,
2911 3156 2977 3208 ut
3009 3169 3082 3208 ex
3118 3152 3423 3207 bonorum
3458 3150 3652 3207 forma

1996 3242 2275 3299 metiatur
2299 3247 2532 3315 quanto
2583 3243 2710 3316 ipse
2739 3242 2973 3298 deserto
3019 3241 3183 3298 bono
3211 3240 3496 3296 deformis
3542 3245 3648 3296 est.

2001 3331 2165 3388 Unde
2217 3335 2274 3388 et
2318 3347 2426 3404 per
2467 3329 2833 3387 Ezechielem
2881 3329 3134 3386 dicitur:
3169 3352 3196 3379 «
3230 3329 3337 3385 Fili
3365 3329 3650 3400 hominis,

1996 3420 2242 3478 ostende
2273 3420 2477 3477 domui
2531 3419 2710 3477 Israel
2766 3420 3081 3493 templum,
3109 3423 3166 3475 et
3207 3419 3654 3476 confundantur

1995 3510 2075 3567 ab
2105 3509 2517 3584 iniquitatibus
2570 3509 2714 3578 suis,
2750 3513 2809 3565 et
2859 3508 3179 3565 metiantur
3233 3507 3549 3574 fabricam,
3595 3512 3652 3564 et

1994 3600 2352 3658 erubescant
2406 3615 2478 3656 ex
2544 3597 2828 3656 omnibus
2884 3614 3022 3671 quas
3079 3598 3346 3654 fecerunt
3410 3597 3646 3666 (Ezech.

1995 3707 2142 3758 me,
2172 3691 2280 3758 11).
2308 3712 2336 3738 »
2366 3689 2536 3745 Tunc
2565 3688 2789 3762 quippe
2819 3687 3112 3761 templum
3133 3687 3484 3757 ostenditur,
3511 3704 3651 3744 cum

1988 3779 2132 3860 justi
2175 3779 2380 3835 anima
2426 3782 2657 3846 quanta
2709 3777 3017 3834 sanctitate
3064 3777 3287 3850 fulgeat
3341 3777 3419 3834 ad
3449 3776 3654 3833 confu-

1981 3857 2225 3924 sionem
2265 3883 2442 3923 suam
2485 3865 2903 3940 peccatoribus
2957 3865 3421 3922 demonstratur.
3472 3866 3649 3924 Metiri

1993 3973 2136 4014 vero
2189 3955 2482 4012 fabricam
2548 3959 2636 4012 est
2691 3970 2946 4028 pensare
3005 3953 3292 4010 subtiliter
3347 3955 3650 4025 justorum

1993 4046 2200 4101 vitam.
2234 4044 2546 4116 Sequitur:
2577 4044 2656 4099 Et
2686 4058 2821 4100 vere
2867 4043 3114 4114 deliqui,
3146 4048 3201 4099 et
3249 4048 3314 4097 ut
3351 4057 3515 4099 eram
3567 4045 3651 4100 di-

1993 4149 2150 4206 gnus
2171 4149 2292 4190 non
2334 4134 2548 4203 recepi.
2571 4163 2640 4173 —
2660 4134 3004 4188 Peccatores
3037 4147 3100 4187 se
3129 4130 3487 4205 plerumque
3513 4147 3651 4189 con-

1995 4221 2256 4286 ﬁtentur,
2306 4219 2483 4277 etiam
2526 4221 2632 4294 qui
2680 4236 2744 4276 se
2809 4236 2942 4277 esse
2993 4235 3117 4277 non
3174 4220 3442 4279 credunt.
3501 4224 3650 4278 Nam

1998 4325 2156 4384 saepe
2181 4309 2470 4380 contingit
2501 4313 2566 4366 ut
2593 4308 2825 4382 passim
2855 4325 2917 4366 se
2945 4309 3222 4368 homines
3251 4310 3491 4384 iniquos
3520 4325 3648 4368 esse

1995 4400 2314 4467 fateantur,
2359 4398 2466 4455 sed
2521 4414 2660 4455 cum
2705 4401 2956 4471 peccata
3013 4415 3126 4455 sua
3177 4399 3465 4456 veraciter
3518 4399 3649 4457 aliis

1995 4487 2386 4560 arguentibus
2425 4486 2696 4556 audiunt,
2747 4486 3082 4544 defendunt
3132 4503 3194 4544 se
3263 4505 3649 4564 summopere

1993 4583 2174 4651 atque
2223 4577 2570 4634 innocentes
2616 4577 2806 4634 videri
2862 4581 3175 4634 conantur.
3229 4579 3648 4652 Unusquisque

1993 4667 2152 4723 enim
2210 4666 2272 4723 in
2317 4666 2556 4736 ﬂagello
2602 4665 2854 4738 positus,
2903 4667 3106 4722 minus
3147 4666 3348 4722 adhuc
3403 4670 3649 4738 peccata

1994 4773 2104 4814 sua
2152 4755 2513 4825 considerat,
2544 4754 2596 4809 si
2623 4753 2716 4809 vel
2746 4757 2912 4810 tanto
2956 4755 3049 4810 vel
3097 4755 3358 4828 amplius
3413 4771 3475 4811 se
3518 4772 3648 4830 per-

1993 4860 2239 4900 cassum
2268 4859 2458 4915 quam
2504 4840 2866 4909 merebatur,
2897 4841 3198 4899 existimat
3228 4861 3240 4899 :
3288 4843 3395 4901 iste
3445 4849 3646 4902 autem

1992 4932 2098 5005 qui
2140 4935 2371 5004 quanto
2412 4929 2716 5000 majorum
2767 4929 3043 5003 exempla
3097 4931 3455 5004 considerat,
3482 4937 3646 4992 tanto

1991 5017 2335 5076 districtiori
2363 5016 2807 5074 examinatione
2838 5033 2900 5074 se
2928 5023 3160 5092 pensat,
3191 5020 3394 5078 minus
3428 5037 3490 5077 se
3513 5036 3644 5094 per-

1992 5123 2237 5165 cussum
2265 5121 2452 5179 quam
2478 5106 2821 5163 merebatur
2839 5107 3128 5177 agnoscit,
3155 5109 3300 5183 quia
3319 5110 3380 5166 in
3406 5109 3643 5164 illorum

1985 5197 2212 5268 justitia
2252 5194 2545 5268 conspicit
2585 5211 2772 5269 quam
2821 5196 3022 5266 gravis
3070 5197 3183 5254 sibi
3240 5199 3420 5269 culpa
3447 5195 3641 5262 fuerit,

1989 5284 2157 5358 quod
2181 5284 2416 5342 erravit.
2452 5287 2519 5341 Et
2545 5283 2768 5341 idcirco
2794 5285 2909 5342 hoc
2939 5284 3107 5358 quod
3136 5286 3359 5358 patitur
3409 5281 3641 5338 distric-

1990 5379 2119 5431 tum
2157 5389 2287 5430 esse
2329 5389 2452 5430 non
2497 5374 2672 5431 sentit
2719 5374 2825 5447 qui
2869 5374 3130 5430 districte
3183 5371 3349 5428 novit
3389 5385 3641 5442 pensare

1989 5463 2156 5536 quod
2186 5463 2338 5520 fecit.
2366 5463 2644 5536 Sequitur
2675 5481 2688 5517 :

2063 5555 2234 5610 Vens.
2247 5556 2337 5609 28.
2351 5554 2654 5610 Liberavit
2666 5555 2819 5609 enim
2831 5553 3093 5609 animam
3105 5565 3274 5607 suam
3287 5567 3360 5608 ne
3367 5558 3639 5624 pergeret

1989 5643 2053 5698 in
2084 5642 2409 5698 interitum.
2429 5672 2498 5682 -
2523 5641 2673 5706 Quia
2697 5637 3094 5712 prwveniente
3118 5637 3321 5697 divina
3349 5639 3557 5710 gratia,
3575 5636 3636 5696 in
