4112 6152
452 146 556 205 387

1495 138 1551 197 S.
1595 134 1852 196 ODONIS
1890 135 2192 194 ABBATIS
2232 137 2727 197 CLUNIACENSIS
2766 143 2809 195 ll

3765 143 3876 197 888

451 267 795 341 operatione
822 265 986 321 bona
1008 264 1280 321 nostrum
1305 260 1559 319 liberum
1578 260 1890 320 arbitrium
1908 259 2187 331 sequi-IA
2213 258 2565 332 Plerumque
2590 267 2787 317 autem
2820 276 3146 318 conversus
3164 264 3422 334 quisque
3448 262 3665 319 talibus
3686 267 3877 320 tenta-

452 360 568 419 tur,
585 353 988 424 nosmetipsos
1011 352 1265 409 liberare
1285 350 1565 419 dicimur,
1579 349 1681 420 qui
1699 348 1971 407 liberanti
1992 364 2103 403 nos

451 443 704 505 Domino
732 440 1159 501 consentimus.
1196 438 1361 497 Unde
1388 438 1627 504 Paulus,
1661 455 1802 493 cum
1834 438 2056 493 diceret
2088 454 2099 489 :

449 552 483 591 ς
510 530 933 591 Abundantius
959 528 1073 588 illis
1097 527 1383 589 omnibus
1402 526 1693 594 laboravi,
1715 550 1742 576 ››
1766 542 1841 583 ne
1869 526 2104 582 labores

449 618 735 681 suos‘sibi
761 618 1040 678 tribuisse
1060 616 1360 675 videretur
1388 615 1546 671 illico
1579 615 1888 686 adjunxit:
1921 634 1950 668 ‹
1977 618 2104 670 Non

450 713 650 765 autem
685 723 819 777 ego,
854 707 958 762 sed
984 705 1176 777 gratia
1202 704 1301 761 Dei
1321 721 1561 761 mecum
1590 705 1647 775 (1
1664 705 1791 761 Cor.
1823 721 1922 770 xv,
1946 704 2051 775 lO).
2074 726 2101 752 »

448 797 731 870 Sequitur
758 815 770 853 :
803 796 919 854 Sed
949 797 1148 854 vivens
1180 796 1368 852 lucem
1396 795 1637 853 videret.
1671 824 1739 833 -——-
1772 797 1987 850 Lucem
2017 792 2103 847 vi-

448 887 663 945 delicet
683 884 960 948 veritatis.
991 900 1178 957 quam
1209 883 1386 943 corde
1425 883 1627 941 videre
1667 887 1941 940 mortuus
1982 897 2103 937 non

448 974 778 1048 posset,vel
805 978 962 1031 certe
988 973 1132 1045 quia
1155 972 1440 1031 Dominus
1460 972 1625 1030 dixit:
1642 993 1670 1020 «
1700 974 1821 1041 Ego
1846 986 1980 1026 sum
2000 969 2101 1026 lux

449 1064 665 1125 mundi
708 1064 909 1134 (Joan.
955 1079 1048 1129 vn,
1093 1064 1200 1133 l2).
1248 1084 1276 1111 ››
1326 1061 1627 1118 Videbunt
1676 1060 1870 1117 lucem
1924 1060 2103 1116 etiam

448 1152 693 1220 mortui,
714 1150 965 1224 quando
989 1166 1200 1209 omnes
1223 1150 1428 1221 injusti
1455 1166 1592 1209 eum
1624 1149 1825 1205 venire
1846 1148 1925 1205 ad
1949 1147 2105 1219 judi-

450 1243 611 1301 cium
639 1242 701 1298 in
729 1240 1116 1301 humanitatis
1145 1239 1342 1297 forma
1389 1239 1827 1312 conspexerint.
1885 1238 1997 1294 Sed
2021 1237 2103 1292 vi-

448 1344 598 1387 vens
628 1335 768 1387 tunc
793 1328 992 1387 lucem
1020 1328 1278 1400 respicit,
1306 1328 1413 1401 qui
1437 1328 1641 1385 liberis
1690 1326 1878 1383 oculis
1908 1325 2102 1382 cordis

448 1418 511 1478 in
533 1419 729 1476 forma
757 1419 889 1489 ejus
916 1417 1240 1477 divinitatis
1269 1416 1534 1474 attendit.
1567 1416 1841 1488 Sequitur
1874 1432 1889 1470 :

520 1510 689 1567 Vsus.
728 1509 819 1563 29.
851 1508 998 1566 Haec
1045 1507 1244 1563 omnia
1275 1511 1562 1573 operatur
1590 1506 1768 1571 Deus,
1803 1504 1991 1560 m’bus
2018 1504 2101 1559 vi-

2214 348 2444 407 tionum
2473 352 2731 406 stimulis
2756 354 3034 422 agitatur,
3058 352 3278 424 quibus
3300 356 3440 411 ante
3461 352 3876 409 conversionis

2214 439 2474 507 gratiam
2502 457 2820 514 nunquam
2850 442 3159 515 pulsatum
3192 458 3253 498 se
3283 458 3415 499 esse
3450 443 3870 500 reminiscitur.

2212 527 2338 579 Non
2360 524 2504 596 quia
2530 530 2670 581 tunc
2699 527 2913 583 eadem
2944 527 3116 582 radix
3146 527 3485 583 tentationis
3508 528 3736 594 deerat,
3769 528 3876 583 sed

2211 608 2357 679 quia
2392 625 2516 666 non
2570 611 2923 681 apparebat.
2986 614 3296 668 Humanus
3347 611 3573 685 quippe
3629 612 3876 669 animus

2211 697 2411 753 multis
2442 700 2907 769 cogitationibus
2937 705 3270 772 occupatus
3301 716 3460 773 saepe
3490 701 3735 758 sibimet
3760 701 3876 773 ipsi

2212 785 2416 857 aliquo
2446 786 2628 843 modo
2659 793 2863 845 manet
2904 789 3265 858 incognitus,
3297 793 3364 845 ut
3408 789 3657 845 omnino
3706 788 3880 862 quod

2214 873 2421 935 tolerat
2461 877 2703 933 nesciat.
2764 883 2916 934 Inter
2954 879 3083 934 haec
3110 895 3252 948 ergo
3294 878 3672 951 deprehensa
3700 894 3879 936 mens

2210 962 2330 1017 huc
2360 962 2621 1036 illucque
2646 965 3020 1034 distenditur,
3045 972 3103 1023 et
3144 966 3576 1039 multiplicibus
3606 967 3881 1025 tentatio-

2212 1066 2357 1107 num
2387 1053 3112 1127 aestil)usdissipatur;ita
3154 1072 3293 1112 vero
3347 1056 3881 1113 circumfrementi-

2209 1138 2326 1194 bus
2352 1141 2747 1201 tentatiouum
2770 1144 3035 1199 motibus
3057 1148 3432 1215 angustatur,
3451 1148 3514 1200 ut
3527 1149 3687 1201 recte
3706 1144 3788 1200 de
3806 1159 3880 1201 eo

2211 1228 2324 1285 dici
2357 1229 2610 1286 debeat:
2641 1252 2668 1281 ‹‹
2693 1232 3128 1290 Abominabilis
3154 1235 3207 1289 ei
3233 1234 3306 1289 sit
3335 1234 3397 1290 in
3452 1235 3573 1291 vita
3621 1250 3737 1290 sua
3769 1250 3879 1306 pa-

2211 1318 2325 1384 nis,
2361 1342 2390 1368 »
2423 1324 2488 1373 ut
2509 1335 2711 1390 supra.
2749 1321 2860 1378 Sed
2892 1322 3037 1393 quia
3065 1323 3403 1379 misericors
3431 1326 3587 1379 Deus
3627 1321 3880 1395 probari

2212 1423 2323 1463 nos
2349 1409 2636 1480 permittit
2680 1411 3126 1478 tentationibus,
3157 1428 3282 1469 non
3335 1412 3667 1485 reprobari,
3727 1412 3882 1469 sicut

2214 1498 2499 1569 scriptum
2531 1504 2623 1555 est
2654 1516 2666 1555 :
2701 1521 2728 1550 «
2765 1500 2974 1557 Fidelis
3006 1506 3207 1558 autem
3240 1504 3396 1558 Deus
3417 1502 3525 1574 qui
3547 1517 3674 1558 non
3693 1503 3881 1575 patie-

449 1596 614 1657 cibus
656 1611 772 1667 per
808 1596 1096 1665 singulos.
1128 1624 1197 1637 --—
1225 1599 1306 1650 Ac
1331 1593 1380 1649 si
1410 1593 1631 1649 diceret
1663 1610 1674 1645 :
1710 1593 1877 1658 Quod
1921 1591 2105 1649 semel
2140 1611 2187 1665 Β
2216 1589 2311 1642 tur
2332 1603 2440 1643 vos
2474 1589 2680 1644 tentari
2714 1605 2897 1661 supra
2923 1590 2983 1646 id
3014 1591 3181 1662 quod
3226 1592 3496 1664 potestis,
3539 1591 3647 1647 sed
3703 1591 3880 1648 faciet

449 1685 527 1741 de
554 1700 677 1743 uno
707 1683 851 1751 dixi,
887 1684 1002 1741 hoc
1047 1682 1237 1739 tribus
1270 1681 1496 1737 vicibus
1524 1698 1632 1754 per
1680 1682 1950 1752 singulos
1978 1682 2103 1750 agi-

451 1776 566 1830 tur.
585 1772 701 1829 Sed
728 1770 972 1831 solerter
998 1771 1356 1831 intuendum
1382 1775 1469 1828 est
1486 1787 1621 1842 quae
1649 1771 1774 1829 istae
1805 1777 1918 1829 tres
1948 1771 2105 1827 vices

452 1862 570 1921 sint
592 1860 817 1934 quibus
845 1860 1261 1932 unusquisque
1291 1861 1475 1917 homo
1506 1862 1801 1917 anxietate
1835 1860 2105 1916 maeroris

452 1949 726 2017 afﬁcitur,
759 1954 834 2017 et,
867 1953 1002 2021 post
1026 1964 1369 2015 mmrorem,
1389 1950 1662 2021 protinus
1720 1950 1797 2005 ad
1831 1949 2108 2007 securita-

451 2042 580 2100 tem
624 2037 824 2093 laetitia
866 2041 1134 2095 vocatur.
1186 2036 1363 2106 Igitur
1396 2036 1443 2091 si
1489 2036 1801 2103 vigilanter
1854 2036 2105 2093 attendi-

450 2144 608 2196 mus,
636 2128 748 2187 has
780 2131 896 2185 tres
936 2127 1092 2185 vices
1133 2126 1410 2185 mmroris
1453 2131 1511 2182 et
1537 2125 1751 2183 laetitia)
1798 2127 1857 2183 in
1909 2126 2108 2183 unius-

451 2218 744 2289 cujusque
771 2215 938 2277 electi
984 2215 1187 2273 animo
1233 2215 1358 2271 istis
1402 2215 1681 2273 alternari
1709 2216 1906 2273 modis
1949 2217 2107 2272 inve-

447 2305 671 2371 nimus,
711 2303 773 2361 id
830 2308 917 2363 est
977 2304 1442 2366 conversatione,
1490 2305 1838 2369 tentatione,
1895 2309 2106 2361 morte.

452 2394 517 2452 In
558 2394 757 2467 prima
798 2393 1044 2465 quippe,
1074 2408 1261 2464 quam
1302 2393 1586 2463 diximus,
1636 2394 2106 2451 conversationis

450 2483 605 2554 vice,
627 2483 828 2553 gravis
848 2497 1069 2539 mceror
1088 2487 1195 2547 est,
1228 2498 1368 2539 cum
1394 2498 1506 2538 sua
1539 2484 1950 2555 unusquisque
1976 2498 2108 2555 pec-

453 2577 593 2633 cata
631 2571 1044 2639 considerans,
1072 2586 1353 2626 curarum
1386 2570 1743 2628 secularium
1792 2572 1919 2629 vult
1947 2588 2107 2629 com-

454 2660 641 2733 pedes
670 2675 971 2731 rumpere,
998 2664 1055 2716 et
1099 2658 1262 2717 viam
1308 2659 1406 2715 Dei
1450 2675 1557 2731 per
1595 2660 1854 2731 spatium
1885 2676 2107 2716 securae

455 2743 929 2809 conversationis
954 2746 1288 2807 ambulare.
1324 2752 1497 2806 Recte
1526 2764 1670 2819 ergo
1698 2749 1772 2805 de
1798 2750 1912 2806 hoc
1945 2765 2110 2807 ama-

454 2841 722 2901 rescente
749 2836 993 2895 homine
1020 2836 1137 2895 dici
1167 2841 1361 2909 potest
1392 2854 1404 2893 :
1431 2860 1457 2886 κ
1500 2837 1934 2897 Abominabilis
1963 2838 2016 2895 ei
2043 2838 2110 2893 tit

453 2927 517 2989 in
544 2926 803 3020 sua
825 2924 1024 3020 panis,
1052 2929 1109 2981 et
1137 2925 1359 3020 animae
1383 2926 1541 2985 illius
1566 2926 1735 2985 cibus
1772 2932 1908 2984 ante
1955 2926 2108 2984 desi-
2145 2964 2188 3020 Ο

455 3015 757 3077 derabilis.
787 3014 1071 3073 Tabescet
1123 3030 1262 3075 caro
1310 3017 1459 3087 ejus,
1493 3020 1550 3073 et
1594 3032 1756 3081 ossa,
1783 3031 1918 3089 quae
1959 3020 2110 3073 tecta

455 3104 710 3173 fuerant,
754 3104 1165 3161 nudabuntur.
1216 3105 1739 3177 Appropinquavit
1774 3105 2110 3178 coruptioni

455 3194 664 3253 anima
702 3194 857 3265 ejus,
884 3198 942 3250 et
966 3195 1090 3251 vita
1119 3193 1276 3251 illius
1321 3193 1658 3251 mortiferis.
1684 3217 1713 3245 »
1740 3194 1900 3251 Sicut
1927 3210 2112 3267 supra

455 3282 686 3341 dictum
727 3285 817 3337 est
867 3281 999 3352 (Job
1036 3297 1229 3351 xum,
1261 3285 1355 3352 20,
1393 3282 1507 3351 22).
1555 3283 1666 3341 Sed
1715 3282 1860 3357 quia
1905 3282 2111 3340 divina

457 3370 647 3440 gratia
673 3368 898 3427 diutius
943 3369 1075 3427 istis
1117 3368 1567 3429 difﬁcultatibus
1614 3370 1773 3429 afﬁci
1810 3386 1931 3428 non
1974 3387 2081 3444 per

455 3458 726 3528 mittitur,
763 3457 953 3530 ruptis
998 3461 1383 3530 peccatorum
1428 3463 1773 3518 nostrorum
1830 3460 2105 3528 vinculis,

457 3547 631 3604 citius
655 3562 767 3603 nos
793 3546 873 3604 ad
889 3546 1222 3605 libertatem
1248 3562 1424 3605 novas
1464 3548 1938 3605 conversationis
1970 3565 2107 3607 con-

457 3634 711 3694 solando
750 3634 1044 3709 perducit,
1086 3635 1276 3708 ﬁtque
1331 3635 1497 3693 cordi
1542 3636 1840 3695 immensa
1885 3636 2104 3701 laetitia,

454 3724 601 3797 quia
629 3723 683 3781 ei
711 3739 895 3797 quem
922 3722 1225 3785 desiderat
1246 3724 1377 3795 jam
1404 3740 1513 3798 per
1553 3740 1723 3797 spem
1776 3726 2105 3784 securitatis

456 3812 929 3888 appropinquat,
950 3816 1017 3873 ut
1051 3816 1208 3873 recte
1252 3812 1328 3873 de
1368 3813 1486 3871 hoc
1514 3812 1631 3871 dici
1660 3813 1909 3872 debeat:
1944 3837 1971 3865 ‹‹
2006 3817 2109 3872 De-

453 3902 797 3977 precabitur
842 3904 1032 3965 Deum
1078 3906 1136 3959 et
1174 3902 1490 3976 placabilis
1530 3902 1584 3959 ei
1626 3904 1753 3972 erit,
1783 3908 1845 3965 et
1883 3903 2111 3961 videbit

452 3992 673 4053 faciem
696 3991 828 4063 ejus
857 3990 921 4050 in
944 3991 1160 4064 jubilo,
1193 3996 1251 4053 et
1286 3989 1497 4053 reddet
1542 3992 1773 4053 homini
1817 3993 2108 4064 justitiam

455 4097 650 4141 suam.
680 4080 969 4155 Respiciet
996 4080 1272 4143 homines
1309 4085 1367 4138 et
1393 4081 1569 4143 dicet.
1603 4083 1864 4150 Peccavi,
1891 4087 1950 4142 et
1972 4098 2109 4141 vere

454 4170 701 4243 deliqui,
733 4175 790 4227 et
828 4174 896 4227 ut
936 4185 1102 4229 eram
1132 4170 1355 4240 dignus
1393 4186 1518 4227 non
1562 4172 1776 4244 recepi.
1814 4172 2113 4229 Liberavit

455 4260 725 4319 animam
750 4274 925 4319 suam
958 4275 1034 4316 ne
1058 4262 1333 4331 pergeret
1349 4258 1412 4315 in
1430 4259 1756 4329 interitum,
1778 4261 1884 4319 sed
1906 4261 2109 4319 vivens

453 4346 654 4407 lucem
673 4345 900 4407 videret
926 4347 1122 4417 (Ibid.,
1153 4350 1243 4414 26,
1275 4346 1387 4419 28).
1420 4370 1450 4399 λ»
1474 4351 1614 4404 Post
1641 4348 1902 4421 primam
1930 4349 2109 4419 igitur

454 4435 651 4494 vicem
676 4434 950 4495 maeroris
977 4438 1158 4507 atque
1185 4434 1421 4506 laetitiae,
1451 4451 1639 4508 quam
1685 4438 2108 4512 unusquisque

454 4538 564 4598 per
593 4522 859 4583 studium
904 4522 1312 4580 conversionis
1351 4523 1645 4592 agnoscit,
1671 4524 1797 4583 haec
1844 4525 2110 4584 secunda

456 4612 781 4681 suboritur,
796 4611 941 4686 quia
965 4628 1042 4673 ne
1074 4611 1405 4673 securitatis
1433 4611 1794 4683 negligentia
1822 4614 2109 4672 dissolva-

452 4706 571 4770 tur,
582 4701 851 4777 impulsu
866 4701 1206 4761 tentationis
1221 4700 1495 4761 afﬁcitur.
1512 4704 1579 4758 Et
1591 4702 1837 4775 quidem
1851 4703 2109 4778 quisque

453 4790 521 4851 in
564 4790 698 4864 ipso
741 4788 1210 4851 conversationis
1254 4789 1423 4851 initio
1475 4804 1704 4860 magna
1753 4791 2108 4865 plerumque

456 4877 747 4951 excipitur
771 4878 1089 4939 dulcedine
1109 4878 1560 4950 consolationis,
1578 4879 1683 4941 sed
1705 4880 1927 4939 durum
1945 4880 2110 4941 labo-

453 4981 585 5027 rem
604 4966 996 5040 postmodum
1011 4966 1389 5041 probationis
1400 4968 1717 5041 experitur.
1732 4972 1868 5029 Tres
1881 4970 2107 5043 quippe

452 5054 624 5115 modi
660 5058 801 5112 sunt
841 5070 1292 5117 conversorum.
1325 5057 1654 5129 Inchoatio,
1682 5058 1995 5126 medietas.
2024 5064 2109 5117 at-

454 5159 573 5219 que
602 5143 904 5218 perfectio.
936 5148 1003 5203 In
1030 5144 1409 5203 inchoatione
1433 5149 1635 5205 autem
1663 5147 1911 5205 veniunt
1937 5146 2108 5207 blan-

454 5234 724 5295 dimenta
739 5232 1105 5302 dulcedinis;
1124 5232 1185 5291 in
1203 5232 1409 5293 medio
1424 5250 1669 5308 quoque
1699 5239 1966 5309 tempore
1988 5253 2107 5295 cer-

454 5324 684 5385 tamina
720 5321 1098 5391 tentationis;
1135 5322 1214 5380 ad
1261 5326 1595 5383 extremum
1638 5340 1778 5381 vero
1823 5324 2105 5398 perfectio

454 5409 859 5481 plenitudinis.
880 5410 1049 5467 Prius
1075 5426 1217 5480 ergo
1233 5409 1365 5467 illos
1393 5411 1594 5470 dulcia
1620 5413 1952 5485 suscipiunt
1968 5430 2104 5485 quae

455 5499 865 5570 consolentur;
888 5500 1279 5573 postmodum
1306 5516 1516 5563 amara
1534 5519 1673 5575 quae
1699 5508 2031 5570 exerceant,
2050 5507 2108 5559 et

455 5590 600 5653 tunc
607 5587 859 5653 domum
870 5590 1082 5651 suavia
1096 5593 1275 5662 atque
1289 5590 1571 5653 sublimia
1580 5591 2102 5663 qumconﬁrment.

2216 1690 2354 1731 cum
2383 1676 2702 1735 tentatione
2734 1679 2912 1733 etiam
2943 1685 3306 1750 proventum
3335 1683 3400 1734 ut
3424 1679 3671 1751 possitis
3707 1678 3878 1735 susti-

2187 1780 2355 1859 nere
2379 1766 2431 1834 (Ι
2461 1766 2595 1822 Cor.
2628 1783 2687 1833 x,
2727 1771 2835 1833 13‘,
2870 1789 2898 1816 ι»
2928 1766 3101 1825 citius
3129 1767 3557 1826 consolationis
3585 1784 3745 1841 opus
3775 1784 3876 1825 oc-

2216 1854 2417 1922 currit,
2446 1859 2503 1910 et
2527 1860 2842 1923 surgentes
2876 1857 3272 1914 tentationum
3301 1856 3574 1915 stimulos
3617 1857 3874 1926 mitigat,

2214 1943 2762 2017 impugnantesque
2796 1962 2859 2003 se
2912 1947 3342 2016 cogitationum
3392 1951 3593 2004 motus
3641 1946 3875 2005 interna

2214 2049 2362 2105 pace
2382 2034 2741 2107 tranquillet.
2776 2038 3026 2108 Moxque
3048 2035 3253 2094 anima
3279 2035 3643 2093 immensam
3673 2035 3751 2092 de
3770 2050 3875 2109 spe

2216 2122 2436 2179 cmlesti
2459 2122 2724 2182 Iustitiam
2749 2124 2999 2197 percipit
3024 2125 3170 2181 dum
3192 2125 3496 2182 devictum
3513 2125 3875 2183 malumma-

2215 2210 2357 2282 picit
2379 2211 2544 2282 quod
2571 2212 2860 2271 toleravit.
2883 2214 3090 2283 utjure
3111 2214 3187 2271 de
3209 2214 3324 2271 hoc
3346 2218 3571 2271 tentato
3598 2213 3875 2272 liberato-

2214 2315 2332 2370 que
2360 2299 2603 2354 homine
2621 2300 2738 2355 dici
2772 2300 3006 2357 debeat.
3043 2302 3327 2361 «Videbit
3375 2302 3587 2361 faciem
3640 2302 3773 2372 ejus
3813 2301 3876 2361 in

2209 2386 2423 2458 juhilo,
2443 2392 2500 2444 et
2518 2387 2789 2447 liberavit
2818 2389 3089 2449 annnam
3113 2407 3289 2447 suam
3308 2405 3391 2448 ne
3408 2396 3681 2463 pergeret
3699 2392 3762 2447 in
3790 2391 3877 2446 in-

2217 2475 2472 2543 teritum,
2508 2476 2615 2532 sed
2636 2478 2839 2535 vivens
2863 2478 3061 2537 lucem
3080 2478 3362 2537 videret.»
3394 2482 3529 2537 Post
3553 2495 3878 2539 conversa-

2217 2564 2392 2621 tionis
2422 2580 2688 2637 namque
2720 2567 3068 2636 certamina,
3099 2573 3234 2639 post
3262 2568 3633 2640 probationis
3663 2584 3878 2627 aerum-

2215 2667 2382 2722 nam,
2414 2658 2596 2713 restat
2611 2654 2811 2713 adhuc
2841 2655 2995 2715 dura
3025 2656 3288 2715 tontatio.
3322 2657 3472 2722 Quia
3499 2656 3699 2715 venire
3751 2671 3877 2716 non

2217 2747 2412 2813 potest
2433 2742 2514 2800 ad
2542 2744 2817 2816 perfectae
2851 2745 3074 2813 gaudia
3103 2745 3416 2815 libertatis,
3443 2745 3559 2802 nisi
3582 2746 3754 2818 prius
3775 2745 3877 2802 de-

2216 2831 2410 2891 bitum
2441 2833 2683 2889 solverit
2701 2834 2985 2891 humanae
3015 2835 3393 2894 conditionis.
3414 2837 3752 2894 Conversus
3773 2850 3877 2893 au-

2218 2925 2337 2977 tem
2358 2922 2619 2995 quisque
2649 2923 2762 2979 sibi
2784 2928 2953 2981 caute
2979 2924 3291 2992 sollicitus,
3322 2925 3493 2984 tacite
3518 2939 3880 2984 seeumcon-

2219 3010 2481 3069 siderare
2510 3028 2632 3069 non
2659 3018 2873 3079 cessat,
2906 3018 3167 3072 aeternus
3214 3015 3410 3072 Jndex
3445 3031 3635 3087 quam
3676 3014 3876 3072 distri-

2217 3107 2348 3160 ctus
2374 3101 2648 3158 adveniet
2683 3120 2695 3169 ;
2726 3119 3026 3176 suumque
3057 3103 3377 3161 terminum
3396 3104 3668 3176 quotidie
3710 3119 3878 3177 pros-

2216 3190 2381 3261 picit,
2410 3193 2468 3247 et
2492 3194 2628 3247 ante
2650 3191 3023 3247 severitatem
3050 3196 3227 3250 tantae
3249 3192 3684 3265 justitia,quas
3703 3192 3877 3249 ratio-

2215 3294 2326 3336 nes
2345 3278 2479 3339 vitse
2540 3295 2666 3337 sum
2713 3279 2791 3335 sit
2832 3277 3156 3351 positurus,
3206 3280 3478 3339 attendit.
3526 3280 3881 3338 Considerat

2216 3367 2441 3440 quippe
2461 3370 2626 3440 quod
2644 3367 2803 3425 viam
2828 3369 2968 3427 vitm
2993 3370 3303 3441 prmaentis
3326 3384 3717 3444 nequaquam
3745 3370 3876 3428 sine

2214 3456 2395 3522 culpa
2423 3457 2675 3517 transire
2703 3457 3008 3529 potuimus
3031 3475 3047 3519 :
3074 3458 3433 3526 considerat,
3452 3459 3598 3531 quia
3615 3475 3730 3516 nec
3758 3459 3877 3516 hoc

2212 3545 2462 3617 quidem
2483 3545 2611 3603 sine
2638 3545 2842 3618 aliquo
2870 3551 3041 3605 reatu
3055 3552 3145 3603 est
3167 3548 3334 3621 quod
3348 3546 3727 3605 laudabiliter
3746 3563 3880 3619 gesn-

2215 3633 2424 3699 simus,
2448 3634 2499 3691 si
2545 3639 2778 3691 remota
2826 3635 3044 3708 pietate
3092 3636 3451 3705 judicemur.
3511 3636 3655 3702 Quis
3710 3637 3876 3695 enim

2213 3727 2488 3780 nostrum
2516 3723 2702 3780 vitam
2727 3724 3197 3796 praecedentium
3222 3726 3469 3782 Patrum
3523 3725 3723 3785 valeat
3780 3724 3876 3783 vel

2217 3827 2504 3884 superare
2526 3811 2617 3868 vel
2645 3814 2887 3886 assequi
2908 3815 2935 3868 ?
2966 3817 3030 3870 Et
3061 3818 3262 3873 tamen
3289 3814 3482 3871 David
3509 3814 3653 3872 dicit
3681 3834 3695 3871 :
3725 3836 3757 3866 κ
3793 3817 3875 3872 Ne

2214 3900 2397 3959 intres
2420 3901 2483 3957 in
2499 3901 2798 3972 judicium
2828 3919 2969 3959 cum
2995 3919 3172 3962 servo
3218 3909 3322 3961 tuo
3378 3905 3502 3974 (Ps.
3534 3920 3708 3970 exui,
3729 3907 3810 3974 2).
3844 3926 3875 3953 ιο

2215 3989 2503 4049 Solutioni
2516 4006 2660 4061 ergo
2675 3992 2873 4050 carnis
2888 3992 3416 4066 appropinquans,
3428 4008 3875 4066 nonnunquam

2217 4083 2437 4139 terrore
2461 4080 2732 4137 vindictae
2762 4080 2943 4139 etiam
2965 4082 3110 4153 justi
3140 4082 3349 4142 anima
3403 4082 3703 4151 turbatur,
3754 4082 3873 4152 cui,

2215 4173 2274 4229 et
2302 4169 2353 4225 si
2376 4169 2526 4241 quid
2547 4169 2937 4242 tranquillum
2974 4170 3037 4229 in
3066 4171 3181 4228 hac
3218 4172 3341 4230 vita
3399 4187 3609 4244 sapere
3655 4171 3871 4245 potuit.

2214 4258 2422 4318 mortis
2471 4258 2718 4319 articulo
2766 4259 3189 4317 interveniente
3242 4261 3601 4331 concutitur,
3628 4266 3697 4318 ut
3741 4261 3874 4332 iure

2214 4348 2333 4406 dici
2352 4348 2597 4406 debeat:
2620 4370 2649 4397 α
2663 4348 3101 4407 Abominabilis
3121 4350 3176 4408 ei
3196 4350 3261 4408 ﬁt
3280 4351 3339 4409 in
3356 4351 3480 4408 vita
3500 4367 3614 4408 sua
3627 4350 3824 4424 panis,
3838 4373 3871 4400 ››

2214 4441 2272 4497 et
2293 4436 2543 4509 reliqua.
2578 4436 2693 4496 Sed
2722 4437 2869 4510 quia
2880 4438 3183 4509 justorum
3203 4440 3422 4499 animos
3437 4456 3475 4498 a
3489 4440 3724 4498 levibus
3744 4440 3875 4513 qui-

2214 4524 2452 4597 busque
2479 4525 2771 4597 contagiis
2793 4527 2929 4598 ipso
2955 4543 3117 4600 saepe
3132 4529 3342 4587 mortis
3369 4544 3593 4602 pavore
3610 4544 3873 4601 purgan-

2215 4618 2330 4683 tur,
2353 4618 2591 4670 aeternae
2610 4613 3014 4671 retributionis
3043 4616 3268 4685 gaudia
3288 4617 3417 4687 jam
3446 4616 3529 4674 ab
3550 4617 3689 4689 ipsa
3744 4632 3873 4675 car-

2216 4701 2309 4759 nis
2340 4701 2635 4759 solutione
2663 4702 3016 4774 percipiunt.
3050 4703 3407 4777 Plerumque
3434 4720 3579 4763 vero
3605 4709 3873 4763 contem-

2215 4791 2544 4865 plationem
2570 4791 2909 4863 percipiunt
2926 4793 3264 4865 quamdam
3282 4794 3688 4852 retributionis
3708 4800 3874 4854 ister-

2215 4898 2333 4952 nee,
2362 4881 2543 4940 etiam
2564 4881 2924 4955 priusquam
2948 4898 3132 4943 carne
3184 4884 3615 4958 exspolientur.
3657 4885 3877 4945 Hilare-

2216 4974 2409 5041 scunt,
2440 4970 2659 5027 etdum
2688 4972 2995 5029 vetustatis
3019 4972 3289 5030 debitum
3310 4973 3571 5037 solvunt.
3592 4974 3873 5045 novijam

2215 5059 2482 5119 muneris
2508 5059 2711 5118 latitia
2738 5061 3151 5133 perfruuntur,
3178 5067 3335 5120 recte
3357 5062 3612 5123 dicitur:
3648 5085 3679 5115 α
3710 5062 3876 5122 Vide—

2214 5149 2305 5209 bit
2329 5148 2545 5208 faciem
2572 5150 2704 5221 ejus
2732 5150 2796 5206 in
2820 5150 3076 5222 jubilo.»
3105 5152 3382 5224 Sequitur
3413 5170 3427 5207 :

2288 5240 2546 5296 Vsas.30.
2561 5239 2633 5297 Ut
2662 5245 2893 5297 revocet
2910 5241 3149 5298 animus
3170 5255 3374 5297 eorum
3394 5255 3433 5300 a
3463 5242 3870 5311 corruptione,

2216 5333 2270 5385 et
2291 5329 2592 5386 illuminat
2620 5330 2752 5385 luce
2775 5329 3195 5387 viventium.-
3216 5332 3340 5387 Lux
3367 5330 3597 5403 quippe
3614 5330 3877 5388 morien-

2216 5415 2362 5473 tium
2394 5420 2502 5487 est,
2528 5432 2717 5488 quam
2747 5419 3046 5488 corporeis
3066 5418 3256 5475 oculis
3289 5418 3613 5475 cernimus.
3632 5418 3746 5484 Qui
3770 5434 3879 5475 au-

2217 5507 2335 5560 tem
2360 5504 2559 5562 adhuc
2588 5505 2727 5562 huic
2742 5507 2974 5562 mundo
2988 5506 3213 5576 vivunt,
3235 5507 3369 5565 luce
3384 5506 3769 5565 morientium
3786 5512 3875 5565 te—

2214 5592 3018 5657 nehrescuntJlluminentur
3032 5600 3236 5657 autem
3248 5598 3381 5657 lucc
3394 5598 3721 5657 vicem“
3736 5594 3871 5670 qua
3904 5622 3915 5627 -
