4120 6156
211 149 317 203 389

910 149 914 153 ’
1004 148 1308 204 EPITOME
1345 147 1708 205 MORALIUM
1746 147 1805 202 S.
1847 140 2053 199 GBEG.
2093 144 2160 197 ΙΝ
2198 142 2341 199 JOB.
2385 175 2451 183 —
2509 145 2634 200 LIB.
2676 147 2849 202 XXIV.

3529 152 3633 208 390

207 270 497 342 despecto
522 267 836 341 temporali
861 268 1192 339 lumine,ad
1224 269 1605 344 splendorem
1626 270 1869 325 internae
1903 267 1948 319 A
1982 265 2285 321 videamus
2314 267 2459 337 quid
2479 269 2556 322 sit
2581 267 2811 323 melius.
2837 300 2905 308 —
2937 267 3051 325 Sed
3083 272 3284 326 utrum
3314 270 3428 327 hoc
3468 274 3633 344 judi-

207 358 495 416 claritatis
518 361 825 413 recurrant
851 362 915 413 ut
938 357 1020 414 ibi
1044 359 1263 425 vivant,
1298 359 1402 415 ubi
1432 375 1637 415 verum
1667 356 1872 413 lumen

209 446 529 503 sentiendo
558 445 836 513 videant;
887 445 990 502 ubi
1040 462 1164 503 non
1208 446 1373 502 aliud
1430 447 1635 503 lumen
1692 451 1871 519 atque

207 535 380 594 aliud
403 535 540 602 vita,
571 534 675 590 sed
700 534 804 590 ubi
825 534 928 590 lux
960 535 1092 609 ipsa
1119 535 1242 592 vita
1273 536 1363 592 sit.
1394 536 1500 592 Ubi
1528 536 1609 593 sic
1635 552 1746 591 nos
1770 535 1872 590 lux

208 623 471 680 exterius
542 622 1015 689 circumscribat,
1065 628 1129 679 ut
1173 624 1418 681 interius
1444 623 1736 697 impleat;
1791 612 1873 679 sic

206 712 458 768 interius
488 711 756 791 impleat,
797 716 861 768 ut
908 711 1421 787 incircumscripta
1478 714 1733 769 exterius
1763 712 1873 767 cir—

210 801 596 858 cumscribat.
624 800 1039 857 lllumlnantur
1067 818 1209 873 ergo
1232 803 1345 858 hac
1370 805 1499 859 luce
1526 804 1871 871 viventium,

212 907 404 971 quam
455 894 618 946 tanto
672 895 812 946 tunc
866 891 1139 947 subtilius
1197 892 1592 965 conspiciunt,
1647 896 1874 966 quanto

212 996 375 1035 nunc
406 979 483 1035 ad
512 978 677 1034 illam
708 979 875 1053 prius
904 980 1129 1035 vivunt.
1166 980 1445 1053 Sequitur
1477 998 1489 1035 :
1670 984 1675 989 ’

283 1071 436 1125 Vens
460 1072 547 1124 31.
580 1068 861 1131 Attende,
889 1069 1024 1138 Job,
1055 1076 1113 1124 et
1141 1069 1291 1126 audi
1311 1085 1420 1135 me,
1446 1076 1502 1125 et
1550 1076 1680 1126 tace
1731 1070 1873 1124 dum

212 1173 318 1231 ego
350 1159 581 1231 loquor.
619 1188 688 1198 —
719 1157 966 1224 Qualem
1002 1175 1063 1213 se
1091 1158 1253 1232 apud
1282 1174 1343 1213 se
1365 1158 1605 1231 habeat,
1633 1160 1745 1214 hac
1791 1157 1873 1213 lo-

210 1246 451 1304 cutione
482 1246 839 1302 manifestat.
876 1250 1179 1303 Immensa
1207 1246 1369 1303 enim
1400 1246 1681 1320 superbia
1709 1252 1816 1309 est,
1837 1263 1872 1301 a

212 1335 446 1391 seniore
475 1334 585 1390 sibi
615 1334 1007 1391 reverentiam
1034 1336 1287 1407 exigere,
1317 1341 1375 1392 et
1414 1336 1710 1393 silentium
1761 1336 1870 1391 im-

208 1438 424 1498 perare
453 1421 704 1479 meliori.
739 1421 1014 1495 Sequitur
1036 1439 1049 1478 :

284 1514 463 1568 Vens.
495 1514 581 1569 32.
616 1514 688 1569 Si
713 1514 910 1567 autem
938 1512 1116 1568 habes
1139 1513 1299 1584 quod
1316 1513 1609 1585 loquaris,
1635 1528 1874 1582 respon-

211 1602 283 1660 de
306 1603 481 1672 mihi,
508 1604 748 1674 loquere
778 1616 801 1670 ,'
825 1601 958 1656 volo
986 1603 1139 1657 enim
1163 1607 1218 1658 te
1233 1617 1526 1673 apparere
1540 1606 1871 1675 justum—
1904 1610 1950 1671 Β

211 1691 364 1757 Quia
396 1697 598 1747 autem
630 1690 1051 1765 prredicatores
1070 1686 1213 1762 justi
1241 1691 1389 1746 dum
1420 1691 1718 1765 quoslibet
1747 1706 1872 1747 cor-

207 1776 458 1848 ripiunt,
491 1792 649 1850 saepe
679 1793 786 1851 per
813 1779 1159 1834 humilitatis
1217 1780 1472 1849 gratiam
1526 1781 1601 1836 ad
1654 1780 1872 1850 cogita-

207 1867 447 1923 tionum
470 1882 719 1923 suarum
772 1866 982 1924 intima
1024 1872 1418 1937 revertuntur,
1478 1874 1656 1943 atque
1710 1870 1767 1924 in
1801 1885 1872 1925 eo

206 1953 344 2029 ipso
376 1956 541 2029 quod
563 1956 912 2028 corripiunt,
947 1970 1022 2011 ne
1080 1955 1230 2029 quid
1288 1956 1542 2013 fortasse
1593 1957 1874 2013 fallantur

207 2046 555 2118 exquirunt,
610 2046 1016 2118 correptisque
1062 2046 1362 2102 licentiam
1392 2046 1683 2117 tribuunt,
1732 2050 1797 2102 ut
1826 2048 1870 2101 si

211 2135 363 2208 quid
388 2152 499 2208 pro
526 2151 587 2190 se
637 2135 748 2208 ipsi
806 2136 1024 2209 justius
1076 2136 1337 2191 sentiunt
1390 2137 1705 2192 fateantur.
1754 2137 1875 2192 Hoc

208 2240 657 2297 nonnunquam
681 2225 859 2281 etiam
884 2230 1234 2296 arrogantes
1283 2226 1502 2282 imitari
1561 2230 1871 2300 appetunt.

210 2313 523 2387 Paulisper
548 2313 707 2369 enim
735 2314 796 2369 in
820 2313 1018 2370 verbis
1048 2314 1302 2371 elatione
1328 2316 1679 2388 postposita,
1699 2315 1873 2388 quasi

211 2420 427 2460 eorum
458 2419 614 2475 quos
644 2403 990 2477 corripiunt,
1026 2404 1075 2459 si
1098 2403 1247 2461 forte
1275 2404 1522 2477 reperiri
1555 2404 1874 2477 potuerint,

204 2492 504 2565 justitiam
531 2498 827 2565 quierunt,
860 2506 982 2548 non
1007 2493 1151 2566 quia
1178 2492 1257 2548 ita
1285 2494 1547 2549 sentiunt
1598 2494 1704 2549 sed
1734 2493 1878 2568 quia

211 2581 419 2637 ornari
442 2595 549 2652 per
574 2581 835 2652 speciem
863 2580 1210 2637 humilitatis
1254 2580 1704 2653 concupiscunt.
1766 2584 1879 2638 Me-

213 2673 394 2725 tuunt
423 2669 583 2725 enim
614 2685 687 2724 ne
720 2668 963 2743 superbi
992 2686 1061 2725 ac
1094 2669 1304 2725 tumidi
1349 2671 1493 2745 quia
1543 2676 1705 2743 sunt,
1750 2687 1878 2726 esse

214 2759 558 2816 videantur.
586 2758 897 2832 Sequitur:

285 2847 470 2903 Vens.
505 2850 592 2903 33.
629 2847 797 2915 Quod
816 2850 868 2902 si
895 2863 1016 2903 non
1045 2847 1243 2909 habes,
1275 2849 1423 2903 audi
1444 2864 1552 2910 me,
1586 2854 1641 2904 et
1670 2852 1882 2913 tace,et

215 2937 443 2993 docebo
485 2940 541 2993 te
570 2937 1024 3007 sapientiam.—

214 3031 361 3084 runt
383 3026 594 3082 audire
619 3024 785 3099 quod
801 3027 1033 3098 justum
1060 3029 1166 3096 est,
1224 3026 1634 3099 aequanimiter
1678 3043 1883 3099 exspe-

216 3118 385 3170 ctant
413 3113 622 3169 audire
643 3113 808 3187 quod
839 3119 1136 3186 quierunt.
1173 3113 1300 3170 Eliu
1322 3119 1524 3170 autem
1540 3115 1643 3188 qui
1663 3114 1884 3171 veraci-

216 3206 308 3260 ter
334 3201 740 3275 requisitionis
770 3203 954 3259 verba
975 3219 1095 3259 non
1119 3203 1383 3276 protulit,
1406 3203 1521 3258 dici
1544 3203 1707 3277 quod
1723 3221 1886 3276 (μιξε-

220 3293 405 3349 sierat
436 3307 560 3347 non
588 3291 856 3365 permisit
880 3309 893 3353 :
925 3292 1029 3348 sed
1058 3308 1200 3349 mox
1233 3309 1369 3366 quae
1390 3292 1742 3348 intrinsecus
1763 3310 1890 3364 ges-

221 3382 389 3450 tavit,
426 3381 638 3455 erupit,
664 3378 1027 3454 qualemque
1058 3398 1118 3437 se
1158 3382 1221 3438 in
1250 3381 1437 3438 oculis
1470 3382 1591 3437 suis
1624 3383 1890 3439 habebat

225 3472 506 3537 ostendit,
534 3472 781 3528 dicens:
813 3474 984 3544 Tace,
1028 3480 1081 3530 et
1130 3473 1347 3530 docebo
1398 3479 1454 3530 te
1507 3474 1884 3543 sapientiam.

227 3565 590 3633 Arrogantes
620 3560 780 3617 enim
811 3561 941 3633 viri,
1000 3562 1246 3635 quando
1305 3562 1533 3635 aliquid
1589 3562 1890 3619 humiliter

227 3655 468 3717 sonant,
501 3650 605 3707 diu
632 3650 694 3707 in
723 3651 994 3723 ejusdem
1027 3652 1221 3725 specie
1246 3651 1596 3709 humilitatis
1619 3668 1741 3708 non
1764 3668 1893 3726 per-

226 3737 472 3809 durant,
500 3754 639 3795 cum
660 3738 916 3795 fortasse
940 3744 1227 3813 quaerunt
1245 3744 1310 3796 ut
1330 3740 1599 3813 audiant,
1623 3757 1766 3797 mox
1808 3740 1892 3798 lo-

228 3827 479 3903 quendo
507 3827 758 3886 obviant
786 3842 863 3884 ne
888 3827 1241 3885 doceantur.
1270 3828 1576 3903 Sequitur:

823 3918 1053 3974 CAPUT
1088 3918 1315 3974 XXXIV.

301 3990 483 4045 Vens.
520 3993 570 4043 1.
602 3989 1025 4044 Pronuntians-
1046 3989 1251 4060 itaque
1268 3989 1411 4044 Elia
1442 3991 1621 4045 etiam
1654 3990 1781 4046 hac
1817 3990 1898 4045 lo-

230 4082 414 4136 cutus
444 4080 567 4132 est:
591 4105 662 4117 —
692 4075 849 4141 Quid
878 4075 1040 4131 enim
1058 4091 1166 4148 per
1193 4076 1374 4146 hujus
1394 4077 1897 4149 pronuntiationis

236 4164 610 4225 vocabulum
635 4164 751 4221 nisi
806 4163 1032 4221 inﬂatio
1081 4164 1350 4221 elationis
1389 4165 1720 4222 ostenditur
1744 4167 1773 4222 ‘t
1830 4168 1899 4224 Ut

230 4257 422 4313 verba
452 4249 588 4328 quae
614 4253 689 4310 de
714 4254 835 4311 alta
864 4254 1164 4328 superbiae
1188 4254 1388 4311 radice
1411 4255 1892 4325 veniebant,cum

232 4346 508 4421 quadam
537 4344 714 4418 quasi
741 4344 1052 4402 altitudine
1077 4349 1133 4402 et
1178 4345 1554 4402 distinctione
1609 4345 1897 4418 procede-

232 4439 390 4502 rent,
424 4434 700 4507 Sequitur
723 4452 736 4489 :

312 4522 487 4579 Vens.
519 4527 574 4593 2,
603 4527 655 4580 3.
686 4523 929 4594 Audite,
958 4524 1275 4593 sapientes,
1311 4524 1489 4580 verba
1519 4537 1669 4590 mea,
1704 4529 1900 4581 eleru-

237 4614 376 4683 diti,
398 4614 735 4670 auscultate
761 4628 872 4670 me.
907 4615 1093 4669 Auris
1133 4615 1289 4669 enim
1333 4614 1513 4670 verba
1550 4613 1787 4684 probat,
1847 4621 1901 4670 et

236 4707 464 4774 guttur
492 4717 654 4759 escas
683 4708 863 4773 gustu
885 4703 1207 4772 dijudicat.
1240 4735 1306 4742 —
1337 4707 1417 4757 Ac
1445 4701 1492 4757 si
1513 4702 1733 4758 diceret
1765 4721 1778 4758 :
1815 4703 1902 4759 Si-

240 4795 345 4847 cut
370 4806 482 4847 nec
507 4792 670 4847 auris
702 4807 1006 4855 escas,nec
1030 4795 1232 4861 guttur
1261 4791 1442 4847 verba
1467 4791 1794 4863 cognoscit,
1823 4792 1905 4849 ita

237 4895 355 4937 nec
385 4879 600 4938 stultus
630 4879 888 4953 quisque
914 4880 1268 4937 sententiam
1301 4879 1588 4953 sapientis
1612 4878 1902 4951 intelligit.

243 4968 557 5041 Sapientes
610 4984 754 5039 ergo
809 4972 990 5042 atque
1040 4968 1274 5037 eruditi,
1319 4968 1521 5025 audite
1550 4968 1718 5041 quod
1746 4968 1904 5039 dico,

238 5058 350 5131 qui
377 5058 622 5130 potestis
650 5074 724 5115 ea
746 5074 884 5132 quas
912 5058 1133 5115 fuerint
1173 5058 1332 5115 dicta
1387 5073 1768 5130 cognoscere.
1818 5058 1908 5114 Vi-

242 5146 522 5217 deamus,
553 5147 733 5217 igitur
780 5153 1077 5220 quantum
1125 5147 1349 5216 timeat,
1412 5148 1517 5221 qui
1559 5147 1745 5204 verba
1794 5163 1908 5204 sua

242 5251 371 5293 non
399 5236 515 5292 nisi
545 5252 582 5292 a
606 5237 977 5309 sapientibus
1003 5237 1212 5293 audire
1268 5236 1546 5293 decenter
1588 5236 1903 5293 existimat.

242 5327 432 5382 Verus
477 5331 679 5383 autem
733 5326 1089 5399 praedicator
1143 5325 1449 5398 sapientiae
1498 5325 1683 5380 dicit:
1743 5347 1769 5375 «
1805 5327 1909 5381 Sa-

245 5414 555 5487 pientibus
600 5420 659 5471 et
698 5414 1113 5486 insipientibus
1159 5413 1394 5469 debitor
1450 5430 1583 5469 sum
1641 5415 1833 5481 (Rom.
1868 5430 1911 5481 ι,

252 5500 402 5576 14).η
426 5506 740 5578 Sequitur:

322 5594 494 5650 Vens.
527 5597 580 5651 4.
623 5594 931 5652 Iudicium
962 5593 1257 5663 eligamus
1286 5592 1472 5660 nobis,
1504 5600 1572 5649 ut
1601 5595 1763 5650 inter
1809 5608 1915 5649 nos

1981 355 2140 410 cium
2164 359 2221 410 et
2245 356 2456 411 humili
2485 357 2663 411 corde
2686 356 3003 428 quaesierit,
3022 357 3191 414 facile
3212 362 3633 429 cognoscimus

1982 443 2033 498 si
2065 442 2494 516 subsequentia
2525 446 2655 517 ejus
2684 445 2871 501 verba
2912 462 3257 518 pensemus.
3314 451 3628 525 Sequitur:

2055 554 2218 608 Vens.
2250 556 2302 622 5,
2336 556 2387 608 6.
2434 552 2585 620 Quia
2624 553 2858 619 dixisti,
2911 554 3071 609 Job:
3117 557 3323 629 justus
3362 574 3512 630 sum,
3579 565 3633 616 et

1982 642 2138 696 Deus
2168 640 2455 696 subvertit
2474 640 2777 711 judicium
2795 656 3009 698 meum.
3036 640 3107 697 In
3123 644 3461 714 judicando
3478 648 3633 704 enim

1983 746 2075 786 me
2094 731 2473 787 mendacium
2501 737 2609 800 est,
2642 736 2696 787 et
2731 731 2991 788 violenta
3021 733 3246 802 sagitta
3268 750 3397 792 mea
3414 737 3635 811 absque

1985 822 2111 875 ullo
2137 826 2403 891 peccato.
2438 852 2505 859 —
2534 820 2669 876 Haec
2700 820 2946 879 beatum
2970 820 3080 877 Job
3112 821 3329 878 dixisse
3346 827 3633 901 queritur,

1982 926 2119 985 quae
2146 914 2347 967 tamen
2377 911 2521 981 quia
2564 909 2809 965 minime
2847 909 3060 967 dixerit
3111 912 3396 984 requisita
3453 930 3637 971 sacrae

1982 998 2237 1055 historiae
2263 997 2447 1057 verba
2472 1001 2780 1054 tastantur.
2836 998 2944 1055 Sed
2994 998 3098 1072 qui
3142 999 3434 1072 judicium
3467 1019 3637 1076 irque

1981 1086 2316 1167 quaesierat,
2343 1102 2414 1141 eo
2436 1085 2613 1160 culpa
2647 1102 2833 1159 quam
2880 1084 3049 1143 ﬁnxit
3087 1089 3360 1160 protinus
3409 1095 3641 1149 senten-

1982 1173 2126 1231 tiam
2156 1174 2535 1247 promulgat:
2571 1191 2716 1231 nam
2740 1174 3007 1247 sequitur
3039 1193 3051 1230 :

2054 1281 2083 1330 \
2106 1298 2222 1336 ens.
2254 1287 2307 1349 7,
2342 1285 2392 1336 8.
2430 1281 2585 1348 Quid
2615 1286 2699 1337 est
2729 1282 2908 1336 vir-ut
2931 1286 3013 1338 est
3040 1281 3172 1351 Job,
3204 1284 3310 1352 qui
3335 1283 3477 1340 bibit
3505 1285 3639 1342 sub-

1978 1371 2401 1429 sannationem
2429 1370 2602 1440 quasi
2624 1385 2866 1439 aquam.
2896 1372 3002 1441 qui
3029 1370 3320 1444 graditur
3350 1387 3483 1429 cum
3505 1388 3638 1447 ope-

1978 1459 2730 1529 rationibusiniquitatum
2758 1462 2786 1515 ?
2825 1489 2892 1497 ——
2946 1461 3091 1519 Ecce
3137 1459 3434 1529 judicium
3473 1478 3638 1538 qua:-

1980 1563 2139 1613 rens,
2167 1546 2465 1617 judicium
2494 1546 2762 1620 protulit,
2789 1551 2845 1602 et
2864 1550 3001 1619 post
3022 1545 3442 1617 allegationem
3463 1567 3638 1608 suam

1979 1636 2144 1693 nulla
2166 1636 2323 1693 beati
2339 1635 2453 1692 Job
2465 1639 2809 1710 exspectata
2827 1636 3176 1707 sententia,e
3186 1654 3286 1695 um
3306 1637 3638 1699 damnatio-

1977 1742 2053 1785 ne
2083 1726 2338 1795 dignum
2366 1742 2436 1782 ex
2464 1725 2862 1799 reproborum
2890 1724 3166 1781 societate
3187 1725 3497 1797 judicavit.
3546 1726 3642 1785 Ait

1979 1816 2139 1871 enim
2174 1833 2185 1869 :
2220 1816 2360 1882 Quis
2390 1820 2471 1870 est
2505 1816 2598 1870 vir
2620 1820 2685 1869 ut
2717 1820 2800 1869 est
2827 1814 2937 1870 Job
2958 1818 2986 1869 γ
3044 1816 3113 1869 Ut
3165 1815 3366 1887 utique
3424 1815 3642 1873 subau-

1980 1904 2239 1974 diamus,
2274 1903 2515 1971 nullus;
2550 1908 2731 1975 atque
2779 1902 3132 1974 subjungit:
3170 1903 3287 1971 Qui
3329 1904 3470 1960 bibit
3510 1912 3642 1963 sub-

1979 1995 2396 2065 sannationem
2425 1992 2600 2063 quasi
2627 2006 2869 2062 aquam.
2896 1995 3069 2067 Aqua
3092 1996 3296 2051 autem
3352 2009 3492 2051 cum
3548 1993 3639 2051 bi-

1979 2082 2161 2152 bitur,
2184 2082 2265 2141 ita
2283 2080 2507 2153 liquide
2533 2080 2809 2149 sumitur,
2842 2084 2907 2137 ut
2931 2079 3011 2137 ad
3056 2079 3427 2143 sorbendum
3476 2082 3641 2143 nulla

1984 2171 2075 2229 sui
2106 2167 2470 2242 pinguedine
2510 2167 2859 2243 retardetur.
2919 2165 3462 2225 Subsannationem
3500 2185 3642 2226 vero

1983 2263 2050 2315 ut
2077 2273 2301 2330 aquam
2325 2255 2529 2313 bibere
2560 2259 2665 2322 est,
2702 2259 2887 2311 Deum
2918 2255 3044 2312 sine
3073 2255 3275 2328 aliquo
3332 2256 3643 2314 obstaculo

1984 2344 2360 2416 cogitationis
2386 2343 2650 2414 irridere,
2699 2349 2759 2399 ut
2788 2359 2859 2400 eo
2910 2344 3077 2417 quod
3130 2344 3396 2418 superbit
3437 2345 3644 2417 lingua

1984 2435 2080 2492 vel
2105 2433 2494 2501 conscientia,
2526 2431 2693 2489 nulla
2724 2431 3040 2504 trepidatio
3069 2434 3457 2495 contradicat.
3509 2436 3645 2493 Haec

1986 2529 2187 2587 autem
2208 2523 2340 2595 ejus
2369 2521 2659 2581 sententia
2688 2537 2868 2596 super
2895 2520 3142 2577 beatum
3170 2521 3299 2591 Job,
3348 2529 3642 2601 quantum

1987 2609 2066 2671 ab
2101 2610 2333 2671 tramite
2365 2609 2628 2669 veritatis
2666 2609 2973 2676 exorbitet,
3031 2608 3131 2666 illa
3178 2609 3357 2667 etiam
3407 2615 3645 2669 attesta-

1990 2698 2148 2755 tione
2178 2700 2606 2769 cognoscimus
2636 2715 2759 2772 qua
2788 2699 2867 2754 ad
2898 2697 3209 2755 diabolum
3226 2698 3366 2759 dicit
3398 2717 3410 2756 :
3445 2723 3470 2749 «
3494 2703 3647 2763 Nun-

1988 2787 2139 2859 quid
2164 2787 2556 2845 considerasti
2580 2804 2818 2849 servum
2874 2804 3080 2845 meum
3127 2788 3261 2861 Job,
3314 2788 3482 2864 quod
3524 2806 3649 2849 non

1993 2877 2066 2934 sit
2102 2878 2155 2933 ei
2188 2877 2399 2933 similis
2460 2893 2643 2955 super
2694 2882 2911 2937 terram
2944 2877 2971 2932 ?
3018 2896 3048 2930 »
3106 2878 3254 2947 (Job.
3310 2895 3348 2947 ι,
3379 2881 3458 2950 8.)
3504 2882 3649 2936 Ecce

1051 2938 1201 3002 Quia
1226 2938 1382 2993 enim
1411 2938 1697 2995 veraciter
1727 2954 1884 3011 quie-

1998 2981 2172 3038 quem
2198 2966 2422 3021 Veritas
2441 2938 2583 3020 dicit
2630 2964 2859 3037 absque
2907 2964 3356 3038 comparatione
3393 2967 3647 3036 justum,

1992 3070 2131 3111 eum
2162 3052 2289 3108 Eliu
2335 3052 2545 3109 asserit
2599 3052 2830 3125 absque
2880 3051 3328 3131 comparatione
3380 3059 3649 3126 peccato-

1992 3158 2144 3201 rem.
2180 3140 2294 3199 Sed
2348 3141 2476 3195 haec
2533 3157 2661 3197 esse
2706 3141 2951 3217 propria
2997 3139 3411 3209 arrogantium
3432 3142 3652 3215 praedi-
3694 3150 3703 3157 '

1994 3238 2266 3291 catorum
2295 3230 2506 3297 solent,
2540 3236 2604 3286 ut
2630 3231 2810 3286 etiam
2835 3227 3089 3289 afﬂictos
3144 3230 3447 3289 auditores
3508 3248 3650 3288 suos

1993 3320 2189 3391 magis
2218 3318 2475 3380 districte
2518 3319 2814 3392 corripere
2839 3322 3150 3391 appetant,
3183 3335 3369 3399 quam
3420 3318 3643 3377 blande

1995 3411 2284 3471 refovere.
2318 3408 2455 3467 Plus
2482 3408 2644 3467 enim
2675 3408 2914 3471 student
2962 3412 3026 3465 ut
3056 3407 3215 3466 mala
3271 3408 3654 3481 objurganda

1995 3501 2323 3573 increpent,
2350 3514 2537 3573 quam
2561 3496 2728 3555 bona
2759 3496 3069 3559 laudando
3118 3497 3492 3557 conﬁrment.
3542 3499 3658 3557 Uu-

1998 3591 2074 3647 de
2106 3591 2396 3664 scriptum
2452 3591 2581 3644 est:
2633 3606 2663 3641 ‹
2694 3591 2758 3643 ln
2808 3602 2911 3643 ore
2961 3586 3119 3643 stulti
3161 3586 3329 3658 virga
3358 3586 3655 3662 superbia:

2000 3680 2204 3749 (Prov.
2235 3694 2353 3748 xiv,
2385 3676 2436 3748 4)
2474 3698 2501 3726 ››
2532 3678 2986 3751 Nunnunquam
3015 3691 3157 3733 vero
3210 3675 3390 3735 etiam
3446 3675 3657 3750 praedi-

2002 3774 2233 3829 catores
2258 3766 2404 3838 justi
2422 3764 2610 3836 rigide
2640 3765 2859 3827 feriunt
2890 3782 2904 3834 ;
2938 3764 3044 3823 sed
3064 3764 3230 3821 aliud
3250 3769 3342 3822 est
3376 3781 3516 3823 cum
3558 3766 3656 3839 ju-

2003 3858 2159 3915 stitia
2189 3854 2487 3923 stimulat;
2535 3852 2701 3913 aliud
2758 3869 2898 3911 cum
2951 3851 3234 3925 superbia
3273 3853 3460 3913 inﬂat.
3512 3854 3659 3912 Justi

2004 3963 2142 4007 cum
2168 3960 2372 4002 severe
2402 3942 2728 4013 corrigunt,
2758 3944 3004 4001 internae
3041 3939 3375 4001 dulcedinis
3404 3942 3660 4012 gratiam

2003 4050 2128 4091 non
2154 4032 2453 4089 amittunt.
2501 4034 2651 4087 Nam
2682 4045 2841 4103 saepe
2866 4045 2977 4107 pro
3021 4027 3433 4103 inquietudine
3478 4029 3658 4087 refre-

2005 4122 2212 4185 nanda
2240 4136 2586 4195 pravorum,
2611 4118 2895 4179 duritiam
2935 4116 3180 4175 districti
3226 4117 3446 4189 vigoris
3498 4134 3664 4179 assu-

2006 4217 2201 4283 munt,
2232 4210 2339 4266 sed
2357 4211 2518 4269 intus
2541 4208 2842 4271 charitatis
2889 4207 3026 4280 igne
3083 4206 3421 4281 liqueﬁunt,
3479 4212 3660 4282 atque

1926 4313 1970 4369 D
2009 4318 2220 4360 eorum
2278 4315 2483 4359 amore
2511 4298 2724 4356 ardent
2749 4297 2812 4357 in
2848 4313 3004 4371 quos
3037 4313 3253 4371 aspera
3294 4298 3662 4355 correctione

2006 4392 2279 4451 saeviunt.
2315 4388 2479 4449 Unde
2503 4388 2791 4463 scriptum
2830 4392 2918 4451 est
2949 4405 2962 4447 :
3004 4408 3035 4443 ‹
3069 4387 3258 4445 Verba
3302 4386 3662 4460 sapientium

2006 4482 2187 4557 quasi
2217 4479 2461 4547 stimuli,
2487 4482 2544 4537 et
2574 4478 2724 4536 sicut
2748 4476 2903 4535 clavi
2925 4476 2986 4537 in
3015 4476 3199 4537 alium
3228 4476 3407 4537 deﬁxi
3438 4478 3659 4550 (Eccte.

2006 4590 2112 4641 xu,
2151 4573 2294 4644 11).»
2329 4569 2602 4642 Sequitur
2626 4587 2639 4625 :

2082 4682 2255 4736 Vens.
2315 4685 2368 4736 9.
2427 4678 2573 4732 Dixi
2615 4682 2771 4732 eum;
2801 4690 2822 4730 ,ο
2868 4676 3007 4731 Νοη
3052 4674 3325 4744 placebit
3378 4674 3477 4731 vir
3519 4674 3662 4742 Deo,

2011 4770 2250 4827 etiamsi
2276 4765 2613 4824 cucurrerit
2636 4779 2771 4822 cum
2806 4778 2893 4820 eo.
2925 4794 2994 4807 η-
3013 4762 3187 4829 Quod
3215 4761 3484 4835 profecto
3521 4760 3667 4834 quia

2012 4860 2261 4917 minime
2280 4855 2514 4925 dixerit,
2560 4852 2836 4927 quisquis
2888 4851 3049 4913 beati
3101 4851 3216 4908 Job
3262 4851 3451 4911 verba
3501 4851 3664 4924 legit,

2013 4947 2302 5020 agnoscit.
2329 4945 2444 5003 Sed
2465 4943 2572 5017 qui
2599 4942 2820 5000 idcirco
2846 4941 3133 5016 loquitur,
3162 4946 3230 5001 ut
3271 4941 3664 5015 semetipsum

2013 5034 2388 5094 ostendendo
2413 5032 2738 5106 superbiat,
2769 5031 2919 5105 quid
2948 5030 3169 5093 mirum
3192 5031 3243 5091 si
3264 5031 3328 5089 in
3353 5030 3543 5091 altero
3558 5030 3669 5086 ﬁn-

2017 5127 2101 5197 git
2117 5124 2286 5198 quod
2307 5121 2706 5196 reprehendat
2732 5122 2761 5178 ‘t
2790 5120 3065 5194 Sequitur
3093 5139 3106 5179 :

2088 5236 2254 5289 Vens.
2292 5232 2376 5287 10.
2410 5231 2569 5293 Ideo,
2603 5231 2723 5285 viri
2746 5229 3002 5298 cordati,
3034 5229 3242 5285 audite
3280 5240 3392 5281 me.
3426 5252 3495 5265 -——
3521 5223 3667 5277 Ecce

2018 5323 2232 5380 iterum
2261 5321 2417 5378 fastu
2443 5319 2734 5393 superbiae
2763 5318 3025 5385 inﬂatus,
3070 5332 3175 5371 eos
3222 5310 3666 5382 tantummodo,

2016 5414 2121 5485 qui
2140 5411 2314 5484 quasi
2340 5411 2518 5481 digne
2556 5407 2939 5477 intelligendo
2996 5420 3060 5460 se
3112 5401 3354 5473 assequi
3410 5400 3668 5473 valeant,

2019 5506 2298 5647 quiregi
2313 5594 2333 5645 1
2350 5588 2540 5645 .Absit
2560 5603 2597 5644 a
2627 5589 2749 5643 Dee
2763 5584 3059 5653 impietas,
3083 5584 3139 5637 et
3155 5580 3233 5636 ab
3255 5579 3670 5649 (Incipiente
