4112 6152
502 187 598 243 391

1570 155 1625 224 s.
1659 149 1919 224 onoms
1943 151 2238 220 ABBATIS
2265 155 2765 222 CLUNIACENSIS
2797 165 2858 222 ιι.

3795 174 3894 228 392

491 306 834 378 iniquitas;
859 315 1007 370 opus
1037 299 1190 354 enim
1215 295 1470 352 hominis
1496 291 1678 348 redde
1727 291 1816 378 ei,
1853 295 1910 346 et
1955 291 2148 378 juxta
2178 292 2227 344 Α
2266 286 2702 378 ﬁcit,_quando
2711 289 2842 378 jam
2863 287 3044 362 nullis
3071 289 3194 378 suis
3230 289 3493 378 motibus
3543 292 3740 362 servit,
3773 293 3899 366 quia

501 375 627 452 vias
647 391 1028 463 singulorum
1050 388 1322 443 restituet
1342 385 1416 440 ei.
1450 413 1518 422 -—
1545 377 1867 449 Benedixit,
1895 377 2040 473 quia
2090 375 2152 473 in

485 481 903 553 omnipotente
921 479 1039 533 Deo
1063 473 1348 547 iniquitas
1388 469 1482 527 vel
1511 468 1787 541 impietas
1817 481 1940 521 non
1953 468 2059 532 est,
2090 468 2152 519 in

494 573 609 628 hac
629 569 753 626 vita
776 581 1166 641 nequaquam
1187 563 1302 618 hoc
1334 575 1570 654 semper
1600 557 1796 654 agitur
1814 554 1980 654 quod
2011 553 2152 654 sub-

487 659 707 732 jungit,
721 657 866 732 quia
889 657 1062 729 juxta
1083 669 1236 727 opus
1253 666 1433 706 suum
1460 646 1708 718 singulis
1737 651 1793 702 et
1811 648 2003 716 juxta
2025 646 2152 699 vias

493 748 721 806 reddet.
753 749 902 803 Nam
931 747 988 800 et
1015 741 1236 798 multos
1262 738 1461 794 illicita
1495 752 1564 792 ac
1617 748 1896 806 perversa
1945 746 2153 805 perpe-

495 840 717 894 trantes
742 831 998 906 gratuito
1027 828 1331 903 praevenit,
1365 829 1543 897 atque
1595 821 1674 879 ad
1706 836 1890 894 opera
1943 821 2152 874 sancta

495 924 802 984 convertit.
836 925 903 978 Et
925 917 1247 977 nonnullos
1277 915 1450 972 rectis
1473 911 1706 969 actibus
1760 909 1993 966 deditos
2046 907 2149 963 ﬂa-

497 1014 652 1086 gello
679 1011 1100 1069 interveniente
1131 1005 1390 1078 corripit,
1425 1020 1494 1060 ac
1527 1003 1577 1057 si
1633 999 1937 1074 placentes
1976 995 2152 1096 quasi

495 1103 850 1178 displiceant
873 1098 1099 1170 afﬂigit.
1127 1095 1444 1153 Salomone
1494 1094 1831 1156 attestante,
1885 1089 1990 1178 qui
2024 1089 2106 1142 ait
2133 1102 2146 1139 :

502 1212 523 1246 ι
562 1177 709 1249 Sunt
754 1189 900 1262 justi
950 1187 1171 1260 quibus
1204 1183 1363 1239 mala
1421 1181 1686 1272 veniunt,
1742 1177 1913 1272 quasi
1967 1189 2152 1272 opera

495 1281 724 1352 egerint
776 1277 1123 1350 impiorum,
1177 1277 1235 1329 et
1278 1275 1418 1327 sunt
1447 1267 1616 1342 impii
1672 1266 1775 1356 qui
1808 1265 1918 1356 fita,
1959 1265 2148 1356 securi

497 1373 654 1438 sunt,
687 1383 757 1424 ac
809 1365 858 1422 si
903 1365 1206 1436 justorum
1237 1359 1392 1416 facta
1433 1357 1704 1450 habeant
1753 1355 1992 1450 (Eccw._
2021 1367 2145 1450 vni,

496 1457 603 1529 14).
635 1479 664 1508 ››
695 1456 900 1512 Verius
928 1469 1071 1523 ergo
1105 1451 1231 1506 Eliu
1261 1449 1482 1505 diceret
1509 1447 1554 1501 si
1587 1444 1849 1512 dixisset,
1891 1441 2036 1515 quia
2087 1441 2148 1496 in

493 1546 910 1620 Omnipotente
955 1541 1233 1614 impietas
1289 1543 1467 1610 atque
1519 1534 1803 1607 iniquitas
1859 1546 1982 1587 non
2028 1533 2144 1620 est,

2261 375 2587 446 praesidens
2618 377 2858 450 spiritus
2879 383 3095 434 cuncta
3125 377 3254 448 ejus
3284 375 3451 436 ﬂuxa
3503 380 3807 450 restringit,
3849 387 3902 438 et

2260 464 2530 536 quodam
2552 466 2932 523 districtionis
2956 484 3078 524 suae
3111 467 3312 540 gladio
3336 485 3516 526 omne
3546 470 3715 544 quod
3735 471 3789 527 in
3809 471 3898 528 illa

2259 551 2414 608 male
2441 553 2694 621 vivebat,
2719 553 3012 612 interﬁcit.
3084 559 3204 614 Hoc
3251 557 3538 616 nimirum
3587 559 3899 633 disciplinae

2259 640 2462 710 gladio
2492 643 2881 716 semetipsum
2909 645 3198 702 Jeremias
3227 646 3602 704 interfecerat
3650 665 3784 704 cum
3821 649 3898 704 di-

2258 731 2432 786 cebat
2463 747 2475 786 :
2510 754 2538 782 α
2573 734 2895 806 Postquam
2925 735 3268 792 convertisti
3317 752 3436 808 me,
3489 736 3586 807 egi
3633 737 3901 810 pceniten-

2257 819 2422 888 tiam,
2451 825 2509 877 et
2535 827 2860 896 postquam
2887 823 3198 880 ostendisti
3224 825 3394 896 mihi,
3425 827 3696 898 percussi
3727 827 3902 884 femur

2257 926 2462 966 meum
2494 911 2634 984 (Jer.
2665 929 2829 980 XXXI,
2865 915 2948 985 19)
2980 937 3007 962 ››
3039 914 3192 980 Quid
3217 915 3379 970 enim
3407 914 3468 972 in
3499 915 3744 986 femore,
3796 916 3902 974 nisi

2257 997 2534 1071 voluptas
2565 1000 2760 1056 carnis
2798 1001 3088 1075 accipitur
3118 1002 3144 1056 ‘2
3177 1005 3242 1058 Et
3262 1003 3409 1076 quid
3445 1009 3537 1060 est
3563 1004 3728 1077 quod
3777 1005 3854 1061 ait
3887 1023 3899 1060 :

2257 1107 2285 1135 ς(
2347 1089 2672 1160 Postquam
2745 1089 3058 1146 ostendisti
3131 1090 3300 1159 mihi,
3370 1093 3642 1163 percussi
3719 1093 3905 1150 femur

2255 1191 2481 1244 meum,
2515 1199 2544 1227 »
2575 1176 2692 1232 nisi
2712 1181 3041 1252 postquam
3072 1195 3336 1253 superna
3361 1181 3702 1254 spiritaliter
3725 1181 3860 1239 vidit
3887 1201 3900 1250 ;

2256 1279 2436 1320 omne
2463 1266 2630 1338 quod
2649 1265 2896 1324 inferius
2922 1268 2984 1324 in
3010 1285 3073 1325 se
3103 1269 3419 1326 carnaliter
3432 1270 3674 1328 vivebat
3691 1271 3900 1328 exstin-

2255 1354 2339 1410 xit
2363 1355 2390 1409 ?
2421 1355 2486 1410 In
2511 1360 2759 1427 peccato
2782 1357 2944 1413 enim
2969 1357 3228 1431 quisque
3279 1359 3510 1432 positus
3537 1360 3902 1418 mortalitatis

2257 1461 2382 1500 suae
2408 1444 2779 1501 obliviscitur
2808 1451 2866 1503 et
2889 1451 3108 1504 terram
3141 1464 3202 1504 se
3260 1465 3392 1505 esse
3447 1465 3570 1506 non
3619 1449 3900 1518 meminit,

2255 1532 2404 1588 dum
2433 1532 2632 1590 adhuc
2661 1550 2768 1607 per
2797 1535 3142 1608 superbiam
3173 1537 3436 1594 inﬂatur.
3483 1539 3624 1596 Post
3671 1555 3903 1596 conver-

492 1619 678 1693 etiam’
703 1651 842 1690 cum
858 1633 1032 1703 juxta
1057 1629 1188 1685 vias
1220 1625 1494 1700 proprias
1517 1621 1868 1680 hominibus
1899 1619 2147 1675 reddere
2175 1644 2220 1700 Β
2257 1621 2440 1677 sionis
2469 1638 2611 1678 vero
2641 1623 2918 1693 gratiam,
2952 1641 3090 1681 cum
3129 1625 3479 1682 humilitatis
3525 1627 3738 1700 spiritu
3787 1633 3903 1684 tan-

490 1741 617 1782 non
644 1723 902 1790 videtur,
934 1735 1080 1775 nam
1110 1721 1166 1774 et
1188 1715 1353 1789 quod
1384 1730 1420 1770 a
1441 1711 1617 1769 nobis
1637 1725 1758 1766 non
1781 1708 2143 1778 intelligitur,

491 1829 566 1870 ex
594 1811 810 1870 occulti
829 1807 1038 1882 judicii
1065 1821 1190 1862 non
1229 1804 1450 1876 injusta
1487 1803 1657 1858 lance
1687 1799 2002 1874 profertur.
2047 1801 2146 1855 Se-

490 1903 694 1976 quitur
717 1920 729 1957 :

561 1991 736 2047 Vens.
774 1993 858 2046 l2.
901 1989 1044 2044 Vere
1069 1986 1222 2043 enim
1249 1985 1404 2040 Deus
1436 1998 1555 2038 non
1577 1978 1990 2037 condemnabit
2013 1980 2146 2049 fru-

488 2085 638 2150 stra,
669 2093 777 2136 nec
809 2077 1195 2145 Omnipotens
1234 2071 1522 2128 subvertit
1575 2068 1899 2139 judicium.
1934 2099 2002 2107 —
2054 2066 2145 2122 Ad

487 2167 800 2225 diabolum
820 2163 1108 2222 Dominus
1128 2161 1301 2217 dicit:
1335 2181 1363 2208 «
1392 2155 1782 2214 Commovisti
1811 2171 1907 2212 me
1937 2155 2144 2212 adver-

487 2273 588 2314 sus
604 2273 764 2324 eum,
787 2260 852 2310 ut
871 2252 1198 2323 atﬂigerem
1222 2265 1361 2305 eum
1374 2248 1592 2303 frustra
1608 2245 1740 2318 (Job
1771 2261 1830 2313 ιι,
1862 2245 1973 2317 3).»
1999 2249 2144 2300 (ton-

483 2346 663 2404 traria
686 2345 912 2418 quippe
943 2341 1233 2407 videntur,
1267 2337 1380 2393 nisi
1411 2335 1610 2392 subtili
1664 2333 2140 2428 consideratio‘pe

481 2416 848 2507 pensentur.
863 2429 1038 2486 Aliud
1059 2441 1325 2499 namque
1355 2429 1445 2480 est
1473 2423 1786 2488 damnare,
1811 2419 1974 2475 aliud
1994 2416 2142 2474 afﬂi-

483 2535 641 2592 gere.
667 2518 886 2589 Afiligit
914 2533 1056 2588 ergo
1081 2517 1254 2586 juxta
1280 2511 1507 2585 aliquid
1537 2510 1773 2578 frustra,
1798 2507 1904 2562 sed
1920 2507 2141 2562 frustra

480 2625 607 2666 non
631 2609 903 2666 damnat.
936 2611 1026 2661 An
1055 2619 1178 2660 non
1205 2604 1378 2674 juxta
1406 2602 1643 2673 frustra
1670 2597 1781 2654 Job
1825 2595 2136 2663 aﬁlixerat,

481 2715 623 2754 cum
649 2713 774 2755 non
823 2694 1060 2752 delebat
1107 2692 1339 2762 vitium,
1385 2688 1491 2745 sed
1546 2687 1825 2744 meritum
1854 2684 2134 2755 augebat.

480 2789 719 2844 Frustra
746 2785 907 2841 enim
938 2781 1342 2839 condemnare
1369 2793 1492 2834 non
1519 2779 1732 2850 potest,
1782 2773 1925 2847 quia
1970 2772 2137 2829 dam-

479 2876 642 2933 natio
670 2873 799 2930 ﬁeri
826 2887 951 2929 non
979 2887 1049 2928 ex
1079 2875 1249 2943 parte
1272 2867 1350 2924 ad
1380 2865 1608 2938 aliquid
1635 2867 1848 2938 potest.
1883 2865 2021 2928 Quae
2053 2861 2136 2918 vi-

2256 1710 2430 1780 gitur,
2459 1710 2608 1783 quid
2637 1727 2698 1766 se
2730 1728 2862 1768 esse
2893 1712 3057 1769 aliud
3086 1729 3275 1787 quam
3315 1715 3578 1772 cinerem
3631 1717 3902 1774 recorda-

2256 1804 2350 1856 tur
2377 1801 2404 1855 ?
2433 1802 2498 1854 In
2519 1801 2780 1857 cinerem
2800 1801 3106 1859 Abraham
3127 1819 3402 1860 reversus
3429 1804 3640 1872 fuerat,
3669 1805 3898 1862 dicens:

2255 1911 2282 1938 ‹‹
2316 1891 2552 1962 Loquar
2582 1890 2658 1946 ad
2686 1890 3007 1948 Dominum
3039 1907 3266 1962 meum,
3297 1910 3438 1950 cum
3467 1893 3584 1951 sint
3611 1894 3804 1968 pulvis
3849 1902 3906 1952 et

2252 1977 2400 2034 cinis
2424 1979 2590 2050 (Gen.
2631 1981 2713 2048 18,
2742 1981 2894 2052 27).»
2917 1981 3066 2038 Hinc
3093 1982 3285 2038 David
3317 1982 3400 2040 ait
3425 2001 3439 2039 :
3469 2005 3498 2033 «
3521 1985 3776 2054 Auferes
3793 1987 3906 2056 spi-

2250 2069 2432 2124 ritum
2449 2084 2650 2125 corum
2682 2075 2737 2126 et
2755 2070 3052 2140 deﬁcient,
3091 2093 3119 2121 ››
3147 2075 3202 2128 et
3233 2071 3464 2146 reliqua
3519 2073 3712 2144 (Psat.
3743 2090 3897 2142 um,

2247 2157 2360 2228 29).
2395 2158 2670 2231 Sequitur
2691 2177 2702 2214 :

2321 2246 2501 2302 Vens.
2533 2247 2612 2302 16.
2643 2247 2714 2304 Si
2741 2247 2920 2304 habes
2947 2264 3088 2320 ergo
3117 2251 3508 2320 intellectum,
3553 2253 3703 2308 audi
3751 2253 3902 2324 quod

2248 2335 2493 2403 dicitur,
2525 2341 2578 2392 et
2612 2337 2893 2394 ausculta
2924 2353 3120 2396 vocem
3165 2331 3391 2410 eloquii
3411 2341 3546 2398 mei.
3581 2373 3650 2381 —
3675 2340 3904 2398 Habent

2247 2423 2362 2478 hoc
2391 2424 2704 2498 proprium
2727 2441 2937 2482 omnes
2967 2432 3338 2500 arrogantes,
3371 2433 3437 2486 ut
3467 2445 3608 2486 cum
3657 2430 3902 2486 fortasse

2247 2516 2496 2568 acutum
2513 2513 2740 2586 aliquid
2752 2515 3032 2584 sentiunt,
3055 2515 3194 2572 inde
3209 2531 3354 2572 mox
3371 2517 3452 2574 ad
3471 2517 3686 2576 vitium
3711 2518 3904 2576 elatio-

2245 2600 2339 2655 nis
2370 2607 2710 2673 erumpant,
2732 2619 3065 2677 sensusque
3081 2605 3356 2662 omnium
3391 2607 3453 2666 in
3475 2608 3566 2664 sui
3587 2624 3904 2682 compara-

2247 2687 2405 2744 tione
2425 2689 2780 2764 despiciunt,
2814 2707 2999 2765 seque
3026 2692 3090 2748 in
3115 2709 3225 2750 suo
3243 2693 3472 2765 judicio
3497 2695 3756 2753 aliorum
3783 2712 3906 2752 me-

2244 2777 2369 2834 ritis
2393 2783 2783 2851 anteponant.
2821 2781 2964 2838 Ecce
2995 2781 3122 2838 Eliu
3145 2784 3457 2855 quomodo
3487 2784 3800 2858 paulisper
3839 2786 3905 2842 in

2243 2863 2562 2922 elationem
2577 2883 2685 2940 per
2694 2867 3018 2926 verborum
3029 2869 3400 2928 incrementa
3413 2871 3904 2946 proﬁcit.Stepius

477 2965 692 3022 delicet
715 2963 778 3019 in
803 2965 1070 3019 extremo
1101 2958 1274 3032 punit
1302 2971 1483 3013 omne
1518 2953 1684 3028 quod
1731 2952 1826 3008 hic
1875 2951 2132 3048 quisque
2163 2993 2204 3048 ο
2241 2969 2508 3048 namque
2529 2953 2786 3048 dixerat:
2808 2979 2836 3005 α
2859 2957 3134 3048 Sihabes
3150 2960 3318 3032 quod
3341 2959 3632 3034 loquaris,
3657 2978 3906 3036 respon-

476 3052 863 3111 commiserit.
889 3052 1014 3108 Nec
1060 3049 1444 3118 Omnipotens
1483 3043 1772 3101 subvertit
1801 3042 2127 3112 judicium,

471 3144 617 3218 quia
639 3143 688 3198 si
706 3142 908 3199 minus
919 3143 1082 3197 recta
1093 3137 1370 3194 videntur
1385 3149 1514 3191 esse
1529 3149 1664 3206 quae
1675 3131 1958 3206 patimur,
1973 3135 2128 3187 recte

472 3237 677 3290 tamen
704 3231 768 3288 in
796 3229 1030 3288 occulto
1059 3226 1334 3284 examine
1355 3223 1779 3280 decernuntur.
1811 3220 2124 3293 Sequitur:

542 3324 711 3378 Vens.
745 3320 829 3376 13.
863 3319 1043 3386 Quem
1075 3315 1383 3372 constituit
1409 3313 1600 3368 alium
1643 3325 1823 3380 super
1879 3315 2123 3376 terram,

471 3415 580 3467 aut
607 3423 778 3480 quem
807 3406 1003 3477 posuit
1033 3419 1215 3474 super
1236 3403 1436 3459 orbem
1457 3415 1630 3473 quem
1648 3399 1988 3470 fabricatus
1999 3403 2082 3454 est
2099 3401 2128 3452 Σ)

470 3497 634 3554 —Ut
659 3495 932 3553 videlicet
961 3491 1316 3562 subaudias,
1347 3488 1602 3546 nullum.
1634 3491 1741 3544 Per
1793 3503 1854 3542 se
1899 3486 2125 3559 quippe

469 3585 770 3642 mundum
795 3581 962 3652 regit,
994 3596 1178 3655 quem
1228 3594 1336 3652 per
1385 3593 1450 3633 se
1493 3575 1778 3646 condidit,
1835 3591 1945 3630 nec
1993 3579 2126 3645 eget

468 3673 677 3734 alienis
697 3672 1011 3745 adjutoriis
1035 3669 1114 3727 ad
1141 3666 1498 3740 regendum,
1527 3665 1636 3739 qui
1659 3680 1785 3721 non
1835 3664 1999 3735 eguit
2043 3664 2124 3721 ad

466 3763 833 3822 faciendum.
869 3761 984 3820 Sed
1010 3759 1140 3817 hac
1165 3757 1388 3814 idcirco
1419 3749 1798 3824 colliguntur,
1835 3758 1901 3810 ut
1951 3753 2123 3828 liqui-

463 3853 544 3910 do
563 3852 786 3909 indicet
811 3849 958 3925 quia
985 3847 1366 3922 omnipotens
1387 3847 1562 3916 Deus,
1613 3842 1663 3898 si
1691 3859 1800 3916 per
1849 3842 2122 3916 semetip-

463 3957 596 3999 sum
619 3956 823 4012 regere
852 3955 978 3996 non
998 3935 1243 4008 negligit
1262 3933 1428 4008 quod
1457 3930 1699 4000 creavit,
1731 3930 1898 4004 quod
1963 3931 2118 3988 bene

460 4030 683 4088 creavit
703 4028 908 4102 utique
936 4027 1091 4084 bene
1119 4024 1291 4095 regit,
1321 4021 1466 4096 quia
1507 4019 1673 4095 quod
1715 4019 1813 4093 pie
1856 4018 2119 4076 condidit

455 4118 640 4194 impie
653 4134 779 4176 non
802 4116 1084 4190 disponit.
1114 4112 1391 4187 Sequitur
1422 4129 1434 4168 :

527 4210 701 4264 Vnus.
733 4211 819 4263 14.
851 4207 919 4262 Si
944 4205 1233 4261 direxerit
1264 4202 1346 4258 ad
1391 4216 1522 4258 eum
1553 4215 1656 4256 cor
1702 4215 1897 4269 suum,
1941 4199 2114 4268 spiri-

2241 3043 2316 3100 de
2337 3044 2505 3114 mihi,
2529 3064 2560 3097 ›
2587 3049 2644 3101 et
2667 3045 2899 3118 reliqua
2921 3046 3050 3118 (Job
3079 3064 3272 3115 xxxiii,
3301 3051 3498 3120 32).Ac
3547 3051 3596 3106 si
3633 3051 3860 3110 diceret
3887 3071 3902 3108 :

2239 3133 2341 3189 Dic
2372 3133 2622 3206 aliquid,
2647 3133 2698 3190 si
2727 3137 2928 3191 tamen
2957 3135 3180 3206 dignus
3211 3139 3476 3210 potueris
3516 3155 3648 3196 esse
3669 3139 3779 3212 qui
3817 3139 3904 3196 di-

2238 3238 2361 3279 cas.
2397 3222 2538 3279 Hinc
2569 3228 2771 3280 autem
2803 3223 2924 3280 ait:
2966 3225 3038 3282 Si
3074 3227 3254 3284 habes
3309 3229 3704 3298 intellectum,
3754 3230 3908 3286 audi

2235 3312 2398 3383 quod
2425 3313 2756 3370 dicitur.Ac
2783 3314 2830 3370 si
2857 3319 3060 3386 aperte
3089 3315 3280 3374 dicat:
3299 3317 3454 3374 Audi
3478 3335 3597 3389 me,
3617 3319 3669 3374 si
3698 3325 3906 3378 tamen

2236 3399 2454 3470 dignus
2475 3401 2696 3473 poteris
2716 3417 2845 3458 esse
2861 3404 2964 3476 qui
2982 3403 3208 3461 audiat.
3231 3405 3330 3462 Isti
3349 3406 3684 3478 quotidiani
3703 3407 3904 3466 defec-

2235 3491 2328 3544 tus
2356 3489 2460 3562 qui
2491 3490 2552 3546 in
2597 3491 2879 3548 cordibus
2909 3493 3307 3566 reproborum
3335 3495 3506 3565 ﬁunt,
3537 3497 3764 3570 quibus
3817 3499 3906 3554 in-

2233 3577 2572 3636 desinenter
2600 3581 2680 3638 ad
2705 3582 2998 3640 deteriora
3027 3583 3418 3642 descendunt.
3449 3587 3726 3660 Sequitur
3761 3606 3776 3644 :

2307 3669 2477 3726 Vnus.
2507 3674 2590 3726 l7.
2622 3671 2918 3742 Nunquid
2947 3675 3053 3744 qui
3078 3689 3199 3730 non
3230 3681 3396 3731 amat
3441 3677 3750 3747 judicium
3799 3695 3904 3736 sa-

2232 3758 2375 3814 nari
2393 3763 2584 3828 potest
2611 3763 2640 3814 ?
2668 3760 2958 3830 quomodo
2989 3767 3054 3818 tu
3084 3777 3214 3820 eum
3268 3764 3372 3836 qui
3413 3765 3618 3834 justus
3669 3773 3780 3836 est,
3831 3769 3900 3824 in

2231 3851 2469 3905 tantum
2498 3849 2854 3906 condemnas
2885 3854 2983 3906 ?—
2994 3853 3225 3908 Bonam
3254 3853 3502 3926 quidem
3531 3855 3900 3914 sententiam

2227 3936 2492 4010 protulit,
2518 3937 2628 3993 sed
2647 3937 2826 3995 beato
2855 3939 2966 3996 Job
2995 3941 3358 4014 proferenda
3383 3958 3506 4000 non
3528 3943 3656 4000 fuit.
3683 3945 3754 4001 In
3765 3961 3902 4002 om-

2223 4025 2288 4082 ni
2317 4026 2478 4083 enim
2507 4027 2674 4101 quod
2701 4027 2918 4085 dicitur
2947 4045 3333 4105 summopere
3385 4032 3748 4090 intuendum
3805 4039 3900 4092 est

2225 4113 2369 4187 quid
2393 4114 2646 4184 dicatur,
2679 4116 2774 4172 cui
2803 4116 3055 4187 dicatur,
3108 4120 3420 4192 quomodo
3467 4121 3724 4179 dicatur.
3761 4123 3894 4182 Elin

2223 4207 2424 4259 autem
2453 4204 2704 4262 attendit
2724 4205 2886 4278 quod
2921 4206 3161 4277 diceret,
3189 4209 3292 4265 sed
3333 4211 3431 4266 cui
3467 4209 3708 4280 diceret,
3761 4228 3894 4270 non

454 4303 582 4354 tum
611 4298 779 4352 iuius
809 4299 864 4352 et
886 4295 1102 4365 ﬂatum
1127 4293 1209 4349 ad
1235 4306 1296 4348 se
1325 4290 1534 4346 trahit.
1581 4319 1650 4329 —
1707 4291 1964 4345 Cursum
2011 4303 2114 4343 cor
2146 4350 2188 4376 η
2221 4291 2488 4350 attendit.
2523 4296 2735 4351 Beatus
2762 4294 2988 4369 quippe
3006 4296 3116 4354 Job
3141 4297 3392 4356 amabat
3411 4299 3896 4376 judicium,quia

815 4350 828 4352 -
886 4350 900 4365 .
943 4350 948 4351 κ
2543 4350 2550 4351 κ
2779 4350 2936 4369 ιρι.
2963 4350 2980 4353 -
3145 4350 3730 4371 π-η---σ--η--ι
3791 4350 3894 4358 --

453 4391 560 4454 est,
589 4401 728 4441 cum
753 4385 880 4440 ima
921 4381 1164 4456 appetit,
1215 4379 1488 4449 dirigitur
1537 4394 1676 4434 cum
1720 4376 1799 4434 ad
1847 4391 2110 4449 superna
2145 4350 2189 4404 θ
2220 4397 2438 4438 causas
2471 4382 2764 4440 subtiliter
2790 4399 2932 4440 eum
2981 4388 3101 4443 Deo
3131 4403 3391 4460 pensare
3448 4395 3718 4462 noverat,
3739 4350 3894 4448 1nec

453 4473 815 4531 sublevatur.
852 4473 910 4530 Si
939 4485 1082 4541 ergo
1109 4470 1296 4526 homo
1321 4483 1423 4524 cor
1452 4483 1631 4522 suum
1675 4465 1754 4523 ad
1781 4465 2105 4522 Dominum
2217 4469 2728 4529 condemnaverat
2755 4474 3015 4548 eumqui
3037 4474 3239 4546 justus
3268 4482 3396 4548 est;
3453 4477 3556 4534 sed
3589 4495 3696 4536 cur
3751 4481 3893 4536 sine

447 4561 668 4634 dirigit,
701 4561 976 4636 spiritum
1022 4563 1080 4616 et
1123 4557 1339 4615 ﬂatum
1377 4555 1536 4612 illius
1581 4554 1869 4610 Dominus
1917 4554 1999 4610 ad
2042 4570 2104 4611 se
2213 4563 2461 4630 peccato
2479 4574 2799 4632 percussus
2818 4560 3088 4619 fueratin
3115 4562 3320 4621 dolore
3340 4566 3572 4638 positus
3596 4583 3740 4624 cum
3765 4568 3892 4624 hu-

447 4654 662 4711 trahit:
696 4651 970 4727 spiritum
989 4649 1265 4707 videlicet
1293 4662 1404 4721 pro
1441 4643 1691 4701 internis
1735 4643 2104 4714 cogitationi-
2212 4647 2457 4704 militate
2485 4648 2846 4722 requirebat.
2881 4653 3370 4724 Amatjudicium
3413 4656 3689 4729 quisquis
3746 4657 3890 4715 vias

443 4745 589 4815 bus;
617 4746 828 4801 ﬂatum
851 4758 994 4798 vero
1023 4755 1146 4814 quo
1173 4754 1393 4811 corpus
1420 4734 1690 4802 trahitur,
1743 4749 1853 4805 pro
1909 4737 2098 4790 exter-
2211 4751 2354 4792 suas
2383 4736 2673 4794 subtiliter
2701 4738 2958 4808 discutit,
2990 4746 3047 4798 et
3097 4743 3482 4800 secretarium
3529 4745 3731 4802 cordis
3795 4747 3892 4804 in-

441 4833 536 4889 nis
561 4833 897 4890 actionibus
924 4829 1114 4904 ponit.
1141 4830 1332 4884 Deum
1357 4839 1500 4896 ergo
1532 4822 1806 4896 spiritum
1835 4821 2097 4878 hominis
2209 4841 2473 4896 gressus,
2505 4828 2654 4900 quid
2695 4830 2984 4886 Dominus
3013 4831 3142 4904 ipse
3169 4833 3411 4903 tribuat,
3441 4835 3590 4908 quid
3619 4835 3757 4909 ipse
3777 4837 3888 4894 de-

441 4924 501 4978 et
523 4921 734 4978 ﬂatum
771 4921 851 4978 ad
880 4936 944 4976 se
967 4920 1200 4976 trahere
1221 4919 1331 4982 est,
1363 4914 1444 4972 ad
1497 4911 1958 4970 conversionem
2005 4913 2098 4969 sui
2203 4915 2344 4972 beat
2371 4918 2492 4973 Deo
2521 4922 2754 4990 pensat.
2785 4921 3060 4992 Arguens
3081 4921 3330 4980 beatum
3357 4925 3465 4981 Job
3509 4926 3680 4998 quod
3711 4926 3888 4999 judi-

439 5008 737 5080 desiderii,
759 5013 818 5066 et
834 5008 1116 5065 interiora
1143 5009 1348 5062 nostra
1391 5007 1450 5060 et
1501 5001 1794 5059 exteriora
1827 5017 2096 5058 commu—
2204 5004 2366 5062 cium
2395 5021 2520 5064 non
2549 5013 2801 5082 amaret,
2831 5015 2890 5068 et
2933 5011 3079 5084 quia
3133 5029 3296 5084 eum,
3354 5015 3460 5089 qui
3501 5016 3702 5088 justus
3761 5023 3884 5086 est,

436 5103 582 5168 tare,
615 5103 678 5155 ut
703 5096 852 5154 nihil
871 5098 1000 5169 jam
1027 5095 1212 5152 menti
1241 5093 1498 5150 exterius
1527 5091 1728 5159 libeat,
1759 5089 1908 5146 nihil
1952 5107 2093 5148 caro
2202 5093 2683 5166 condemnasset,
2723 5097 2880 5154 illico
2905 5100 3178 5170 ejusdem
3197 5101 3362 5172 justi,
3393 5103 3454 5159 id
3485 5109 3592 5175 est,
3627 5104 3888 5162 Domini

432 5187 680 5246 inferius
699 5187 795 5244 vel
821 5186 869 5242 si
899 5185 1144 5260 appetit,
1171 5181 1426 5256 adipisci
1449 5184 1713 5237 conetur.
1747 5179 1862 5236 Sed
1911 5195 2091 5236 omne
2195 5182 2489 5254 justitiam
2519 5185 2740 5243 subdit.
2777 5189 3052 5260 Sequitur
3083 5208 3097 5246 ε

431 5277 602 5352 quod
628 5277 814 5335 homo
838 5279 950 5349 est,
973 5274 1052 5332 ad
1079 5289 1218 5332 eum
1247 5270 1522 5328 videlicet
1546 5287 1583 5327 a
1606 5285 1730 5342 quo
1761 5273 1850 5325 est
1892 5273 1950 5326 et
1995 5269 2086 5325 in-
2269 5273 2470 5330 VsnsJ
2487 5273 2663 5341 8.0ui
2669 5275 2816 5332 dicit
2827 5277 2988 5348 regi:
3013 5279 3345 5352 Apostata;
3375 5283 3482 5353 qui
3493 5288 3665 5339 vocat
3679 5283 3886 5342 duce:

431 5368 613 5424 terius
631 5365 1035 5425 desiderando
1065 5363 1306 5431 ferveat,
1335 5365 1392 5419 et
1419 5359 1676 5418 exterius
1705 5375 1767 5414 se
1797 5357 2084 5414 edoman-

429 5455 510 5511 do
529 5458 916 5529 constringat.
944 5455 1219 5527 Sequitur
1244 5471 1256 5509 :

498 5545 669 5600 Vens.
707 5550 792 5601 15.
822 5547 1065 5614 Deﬁciet
1094 5544 1283 5600 omnis
1314 5556 1456 5598 caro
1485 5539 1686 5608 simul,
1719 5543 1772 5593 et
1803 5537 1974 5592 homo
2017 5538 2080 5592 in

422 5635 682 5692 cinerem
705 5639 1056 5691 revertetur.
1090 5665 1156 5674 —
1183 5629 1372 5688 Simul
1397 5629 1559 5687 enim
1583 5625 1782 5686 omnis
1803 5641 1943 5684 caro
1977 5625 2077 5682 de-

2193 5361 2500 5432 impios.—-
2523 5363 2690 5436 Saepe
2705 5365 2986 5422 novimus
3006 5367 3171 5440 quod
3189 5369 3457 5443 plerique
3469 5371 3574 5444 qui
3589 5377 3886 5444 praesunt

2191 5447 2600 5508 inordinatum
2630 5452 2742 5508 sibi
2763 5458 2994 5512 metum
3015 5473 3048 5510 α
3079 5457 3330 5514 subditis
3361 5459 3628 5530 exigunt,
3658 5465 3720 5518 et
3735 5477 3882 5518 non

2191 5543 2312 5594 tam
2333 5544 2575 5614 propter
2601 5542 3146 5618 Dominum,quam
3170 5563 3281 5620 pro
3305 5549 3558 5606 Domino
3579 5552 3880 5608 venerari

2187 5627 2582 5686 volununtus
2605 5631 2764 5688 enim
2788 5649 2853 5689 se
2883 5637 3116 5692 tumore
3137 5635 3334 5694 cordis
3361 5638 3671 5709 extollunt,
3698 5655 3876 5698 cun-
