4120 6156
232 156 328 211 393

1040 154 1330 210 EPITOME
1372 153 1736 209 MORALIUM
1777 153 1811 206 S
1851 151 2053 206 GREG.
2098 154 2164 207 IN
2203 153 2345 208 JOB.
2386 183 2453 192 -—
2495 155 2620 209 LIB.
2661 153 2818 210 XXV.

3539 158 3648 212 394

229 299 437 366 tosque
467 293 736 349 subditos
785 294 842 348 in
893 294 980 348 sui
1029 294 1476 366 comparatione
1525 292 1878 364 despiciunt.
1913 277 1958 327 Α
1986 292 2174 348 oculis
2200 291 2548 348 humilitatis
2569 292 2844 366 exempla
2866 297 3291 350 monstrarent.
3325 297 3453 350 Dux
3484 295 3660 368 quip-

228 383 392 439 Unde
423 382 707 454 scriptum
739 386 821 436 ost
849 399 861 435 :
891 404 918 429 «
947 383 1163 436 Ducem
1195 389 1248 436 te
1280 381 1730 446 constituerunt,
1764 379 1884 435 noli

225 471 445 535 extolli,
475 471 578 524 sed
610 475 734 526 esto
761 470 820 524 in
851 470 962 525 illis
991 470 1169 542 quasi
1211 485 1362 524 unus
1413 486 1483 524 ex
1512 469 1621 525 illis
1669 469 1880 541 (Eccti.

226 576 412 628 xxxu,
447 564 496 624 l)
523 577 535 626 ;
562 581 588 608 υ
621 558 774 614 bene
806 564 1012 614 contra
1038 575 1141 614 eos
1165 559 1398 614 dicitur.
1436 561 1550 626 ()ui
1593 559 1737 613 dicit
1793 572 1882 613 re-

225 651 289 720 gi
305 663 329 704 .°
356 650 668 718 Apostata.
708 649 1123 719 Unusquisque
1155 647 1313 702 enim
1350 646 1645 718 superbus
1694 652 1886 701 rector

227 737 399 793 toties
428 736 504 792 ad
535 736 776 808 culpam
805 736 1120 808 apostasia?
1148 736 1460 798 delabitur,
1489 735 1720 807 quoties
1741 751 1887 808 prm-

231 842 364 882 esse
414 825 760 880 hominibus
815 825 1157 890 delectatur,
1217 825 1460 880 honoris
1520 825 1606 879 sui
1681 825 1884 892 singu-

231 916 458 972 laritate
483 914 735 970 laetatur.
769 915 889 969 Sub
921 931 1042 986 quo
1071 915 1227 969 enim
1264 915 1335 970 sit
1365 931 1485 970 non
1530 914 1885 979 considerat,

231 1013 286 1062 et
315 1005 479 1077 quod
510 1003 843 1077 aequalibus
875 1005 1046 1076 quasi
1080 1021 1198 1059 nou
1230 1004 1301 1059 sit
1331 1004 1582 1076 aequalis
1612 1003 1884 1059 exsultat.

233 1095 323 1150 Ad
347 1095 509 1150 viam
538 1109 803 1165 namque
834 1093 1065 1165 pietatis
1094 1093 1399 1160 ducerent,
1433 1093 1481 1148 si
1511 1092 1887 1148 subditorum

1993 396 2067 452 pe
2108 386 2195 435 est
2234 381 2452 454 impius
2487 381 2609 453 ,qui
2634 397 2668 436 a
2698 381 2926 436 tramite
2969 381 3225 438 veritatis
3254 382 3564 445 exorbitat,
3603 387 3660 438 et

1993 469 2139 526 dum
2157 470 2284 543 ipse
2306 470 2364 525 in
2383 486 2649 544 praeceps
2668 469 2802 539 ruit,
2825 469 3163 544 adabrupta
3183 478 3497 544 sequentes
3516 471 3661 528 invi-

1994 564 2096 616 tat.
2133 563 2258 614 Dux
2285 565 2372 615 est
2390 559 2630 632 impius,
2659 559 2761 632 qui
2787 575 2894 632 per
2922 561 3174 616 tumoris
3193 561 3468 633 exempla
3499 562 3659 617 viam

1994 650 2253 705 ostendit
2278 650 2514 705 erroris.
2549 650 2766 705 Paulus
2789 649 2913 705 dux
2932 649 3156 722 impius
3185 667 3312 707 esse
3333 651 3657 721 metuebat,

1996 755 2134 794 cum
2163 739 2468 811 potestatis
2519 755 2642 794 suae
2689 738 3097 795 celsitudinem
3153 741 3518 812 reprimebat
3569 741 3658 796 di-

1997 845 2174 884 cens:
2209 832 2381 883 «Non
2413 833 2746 900 quaerentes
2777 827 2856 884 ab
2887 827 3234 884 hominibus
3282 828 3530 899 gloriam
3563 847 3662 886 ne-

1998 933 2115 988 que
2143 934 2179 972 a
2205 916 2394 982 vobis,
2424 932 2620 988 neque
2648 917 2727 972 ab
2775 916 2926 986 aliis,
2972 933 3112 973 cum
3142 933 3464 992 possemus
3495 919 3662 973 oneri

1997 1021 2128 1061 esse
2161 1010 2222 1060 ut
2248 1005 2456 1061 Christi
2490 1004 2765 1076 apostoli,
2801 1005 2908 1060 sed
2928 1005 3068 1062 facti
3099 1023 3308 1062 sumus
3336 1005 3569 1079 parvuli
3602 1006 3661 1061 in

1996 1094 2197 1150 medio
2229 1099 2493 1150 vestrum
2527 1095 2582 1160 (Ι
2614 1095 2812 1151 Thess.
2846 1095 3027 1166 LXXI).
3051 1117 3078 1145 »

1171 1418 1504 1504 LIBER
1549 1417 2130 1505 VICESIMUS
2191 1417 2699 1521 QUINTUS.

1731 1650 2074 1662 ..ηρ-*-

303 1786 443 1856 Ipsa
471 1784 754 1840 humanae
781 1784 1137 1840 conditionis
1165 1784 1424 1857 qualitas
1455 1784 1678 1840 indicat
1704 1801 1892 1857 quam
1928 1788 1970 1840 B
2009 1786 2224 1856 sponte
2251 1786 2573 1838 curvantur
2595 1781 2655 1836 in
2699 1780 3054 1838 humilitate.
3090 1781 3254 1838 Unde
3287 1787 3524 1839 sanctae
3567 1785 3669 1839 Ec-

230 1873 412 1944 Ionge
441 1873 622 1929 rebus
652 1874 878 1929 caeteris
908 1878 1167 1946 pra-astat.
1203 1877 1347 1929 Nam
1408 1873 1624 1930 collata
1668 1874 1897 1929 homini

230 1963 386 2020 ratio
445 1964 652 2019 asserit
706 1968 1000 2035 quantum
1049 1963 1270 2030 omnia,
1302 1981 1436 2036 quae
1495 1963 1587 2019 vel
1636 1963 1775 2031 vita,
1804 1963 1898 2017 vel

233 2068 441 2118 sensu,
474 2051 569 2108 vel
592 2051 820 2107 ratione
847 2058 1069 2114 carent,
1099 2058 1315 2107 natura
1343 2051 1648 2108 rationalis
1671 2056 1898 2106 antece-

233 2140 342 2196 dit.
372 2143 437 2196 Et
465 2146 663 2196 tamen
694 2143 837 2213 quia
868 2139 946 2196 ab
997 2140 1242 2196 internis
1271 2146 1451 2212 atque
1499 2139 1897 2195 invisibilibus

231 2229 444 2286 oculos
475 2229 832 2296 claudimus,
861 2233 1039 2302 atque
1063 2229 1396 2285 visibilibus
1430 2228 1754 2301 pascimur,
1777 2228 1898 2300 ple-

228 2333 491 2390 rumque
519 2315 826 2372 hominem
857 2332 979 2372 non
1007 2332 1080 2372 ex
1108 2317 1274 2388 quod
1296 2317 1425 2389 ipse
1451 2322 1558 2387 est,
1581 2316 1685 2371 sed
1708 2332 1780 2372 ex
1808 2315 1898 2370 his

229 2423 372 2480 quae
397 2407 556 2462 circa
591 2405 796 2477 ipsum
842 2411 1002 2474 sunt,
1035 2421 1415 2461 veneramur.
1449 2409 1716 2478 Cumque
1775 2420 1898 2460 non

227 2495 539 2551 intuemur
565 2494 729 2566 quod
759 2493 885 2566 ipse
917 2494 1009 2558 sit,
1043 2494 1149 2550 sed
1174 2494 1322 2567 quid
1353 2495 1564 2568 possit,
1595 2495 1656 2550 in
1686 2509 1896 2567 accep-

227 2584 394 2658 tione
418 2599 815 2656 personarum
845 2598 969 2638 non
996 2599 1069 2638 ex
1097 2583 1392 2656 personis,
1427 2582 1532 2638 sed
1585 2599 1658 2638 ex
1714 2583 1896 2638 rebus

231 2672 332 2744 adj
343 2672 656 2729 acentibus
681 2671 981 2740 ducimur,
1001 2673 1206 2745 sicque
1225 2673 1293 2729 tit
1314 2678 1378 2728 ut
1395 2672 1444 2727 is
1467 2688 1711 2744 quoque
1733 2671 1898 2744 apud

230 2779 348 2819 nos
376 2762 538 2819 intus
564 2761 626 2817 in
655 2761 1086 2834 disceptatione
1115 2762 1336 2828 veniat,
1366 2761 1471 2834 qui
1515 2760 1656 2817 foris
1711 2761 1898 2817 hono-

229 2856 422 2918 ratur,
453 2849 597 2924 quia
627 2849 776 2905 dum
807 2865 915 2923 pro
941 2849 1034 2905 his
1063 2865 1200 2922 quia
1230 2865 1372 2920 erga
1400 2849 1570 2905 illum
1600 2853 1740 2904 sunt
1790 2849 1898 2904 ho-

229 2939 524 2996 norabilis
547 2938 822 3009 habetur,
851 2939 1032 2996 rebus
1079 2939 1202 2994 suis
1247 2939 1308 2994 in
1364 2938 1639 2995 examine
1695 2943 1899 2994 nostro

229 3027 634 3103 postponitur.
658 3032 729 3084 At
758 3033 967 3084 contra
996 3027 1070 3084 de
1104 3031 1222 3084 Deo
1251 3027 1466 3083 dicitur
1491 3044 1503 3082 :

302 3118 484 3174 Vens.
523 3121 606 3174 19.
641 3116 756 3184 Qui
777 3133 899 3173 non
925 3117 1144 3187 accipit
1169 3132 1486 3187 personam
1527 3118 1896 3186 principum,

229 3221 343 3263 nec
385 3205 661 3277 cognovit
703 3190 1056 3275 tyrannum,
1090 3221 1222 3260 cum
1278 3205 1637 3274 disceptaret
1687 3210 1899 3261 contra

219 3309 577 3368 pauperem.
607 3326 677 3336 -—
708 3297 902 3350 Potest
931 3299 1133 3350 autem
1159 3309 1266 3366 per
1292 3293 1626 3367 principem
1669 3293 1764 3350 vel
1813 3299 1900 3366 ty-

228 3400 492 3441 rannum
551 3383 807 3458 quisque
851 3383 1147 3457 superbus
1199 3382 1444 3454 inteligi,
1472 3399 1578 3456 per
1603 3399 1898 3456 pauperes

234 3489 378 3530 vero
407 3473 663 3529 humiles
713 3472 1037 3544 designari.
1069 3475 1421 3546 Tyrannum
1477 3487 1620 3543 ergo
1671 3472 1900 3545 discep-

231 3567 465 3619 tantem
495 3568 702 3620 contra
749 3578 1078 3636 pauperem
1111 3579 1233 3618 non
1277 3563 1585 3632 cognoscit
1630 3563 1902 3636 omnipo-

230 3657 368 3710 tens
400 3655 580 3724 Deus,
612 3653 758 3726 quia
787 3652 1080 3726 superbos
1109 3669 1322 3709 omnes
1353 3653 1538 3710 vitam
1595 3669 1758 3708 nunc
1790 3653 1901 3708 hu-

231 3740 472 3799 milium
498 3741 921 3814 deprimentes,
952 3740 1014 3796 in
1032 3740 1260 3812 judicio
1314 3758 1377 3796 se
1415 3742 1643 3798 nescire
1701 3740 1898 3814 perhi-

231 3829 357 3900 bet,
408 3829 650 3886 dicens:
706 3829 965 3885 «Nescio
1013 3845 1143 3898 vos,
1186 3829 1343 3884 unde
1401 3828 1523 3884 sitis
1581 3831 1747 3899 (Luc.
1780 3844 1900 3900 xui,

230 3921 352 3992 25).
386 3940 416 3969 ››
449 3922 516 3975 Et
542 3917 687 3992 quia
717 3918 800 3973 sic
828 3921 1100 3989 potenter
1129 3933 1269 3972 cum
1301 3917 1424 3974 vult
1453 3917 1720 3984 destruit,
1756 3918 1907 3974 sicut

233 4025 378 4065 cum
437 4006 629 4062 voluit
680 4009 952 4078 potenter
998 4005 1236 4072 creavit,
1297 4010 1433 4076 apte
1489 4004 1905 4060 ratiocinando

234 4095 664 4168 subjungitur:
699 4094 859 4164 Opus
890 4095 1045 4151 enim
1079 4109 1364 4149 manuum
1404 4096 1531 4164 ejus
1578 4099 1717 4148 sunt
1776 4094 1906 4148 uni-

235 4187 417 4243 versi.
449 4215 519 4225 —
549 4187 738 4256 Atque
765 4199 908 4239 mox
934 4180 1210 4238 subditur
1236 4199 1248 4238 :

306 4277 480 4331 Vens.
501 4277 591 4330 20.
613 4273 820 4330 Subito
838 4274 1197 4342 morientur,
1211 4278 1264 4329 et
1285 4272 1348 4328 in
1370 4271 1564 4328 media
1587 4277 1757 4328 nocte
1777 4287 1911 4327 cur-

234 4362 776 4432 vabunturpoputi
802 4366 857 4418 et
882 4361 1360 4432 pertransibunt.
1397 4359 1737 4427 Quamlibet
1775 4377 1908 4416 sero

235 4453 316 4508 de
341 4453 458 4508 hac
480 4450 600 4507 vita
619 4451 900 4508 tollantur
921 4450 1341 4523 iniqui,subito
1360 4454 1418 4506 et
1436 4455 1677 4522 repente
1700 4449 1902 4506 tollun-

235 4540 510 4614 tur,quia
523 4540 706 4596 tinem
730 4556 909 4595 suum
931 4538 1252 4609 cogitando
1269 4539 1596 4612 praevidere
1616 4539 1908 4595 nesciunt.

237 4628 452 4685 Subito
473 4633 561 4685 est
579 4628 745 4701 quod
763 4632 899 4684 ante
919 4627 1182 4698 cogitare
1203 4643 1328 4684 non
1349 4627 1560 4701 potuit.
1597 4627 1802 4684 Subito
1827 4627 1912 4683 di-

237 4733 350 4775 ves
370 4717 468 4774 ille
490 4717 702 4774 stultus
723 4721 830 4785 est,
845 4717 948 4790 qui
968 4717 1184 4773 horrea
1205 4733 1342 4790 quae
1367 4717 1730 4789 praiparavit
1752 4717 1914 4772 dese-

237 4806 386 4875 ruit,
402 4811 459 4862 et
477 4805 692 4862 inferni
711 4806 912 4862 locum
933 4822 1116 4879 quem
1137 4821 1260 4862 non
1271 4805 1643 4879 praevidebat
1664 4805 1910 4862 invenit.

241 4895 415 4953 Unde
436 4895 491 4951 ei
511 4895 752 4952 dicitur:
774 4917 800 4946 α
827 4898 946 4951 Hac
979 4899 1154 4951 nocte
1173 4899 1442 4967 repetent
1463 4895 1728 4952 animam
1748 4900 1916 4952 tuam

236 5000 284 5043 ι
303 4988 358 5041 te
381 4986 550 5054 (Luc.
572 5000 681 5054 xu,
703 4987 816 5052 20),
842 5007 870 5034 »
884 4988 946 5040 at
960 4989 1168 5040 contra
1187 4984 1261 5039 de
1276 4984 1453 5054 justis
1473 4983 1687 5041 dicitur
1710 5002 1722 5040 :
1751 5005 1780 5038 ‹
1804 4987 1916 5040 Vos

237 5078 471 5143 autem,
496 5073 727 5143 fratres,
755 5089 878 5130 non
902 5074 1039 5130 estis
1059 5075 1121 5130 in
1143 5073 1501 5142 tenebris,ut
1517 5089 1624 5130 vos
1644 5073 1772 5130 dies
1792 5072 1915 5139 illa,

237 5169 540 5236 tanquam
587 5163 700 5233 fur,
746 5163 1222 5238 comprehendat
1271 5165 1344 5235 (Ι
1367 5163 1564 5220 Thess.
1590 5165 1744 5236 v,4).
1775 5186 1801 5213 »
1855 5163 1920 5216 In

237 5253 452 5310 media
502 5253 662 5310 enim
709 5258 880 5310 nocte
927 5254 1154 5310 curvati
1198 5253 1672 5327 pertransibunt,
1701 5252 1805 5324 qui
1859 5250 1920 5306 in

239 5341 628 5399 obscuritatis
661 5358 784 5398 suae
817 5342 1182 5413 negligentia
1228 5341 1552 5397 humilitati
1582 5339 1921 5412 [humiliati]

241 5431 582 5504 rapiuntur.
615 5435 777 5487 Tunc
803 5431 1215 5487 curvabuntur
1237 5447 1344 5503 per
1371 5429 1731 5486 sententiam
1760 5428 1922 5499 judi-

243 5521 334 5577 cis
388 5520 495 5594 qui
543 5537 708 5578 nunc
751 5520 983 5577 curvari
1032 5519 1344 5592 negligunt
1366 5536 1473 5594 per
1524 5517 1923 5575 humilitatem

245 5607 472 5672 cordis.
495 5610 671 5670 Electi
710 5612 912 5668 autem
941 5625 1016 5664 ne
1036 5608 1205 5665 inviti
1251 5613 1576 5666 curventur
1619 5608 1680 5664 in
1711 5611 1920 5679 morte,

556 5720 800 5777 Puaon.
841 5714 1000 5773 CXX
1015 5714 1170 5774 XIII.

2007 1871 2198 1927 clesitc
2239 1870 2313 1926 de
2357 1886 2647 1926 conversa
2685 1869 2851 1942 prole
2906 1874 3358 1943 persecutorum
3414 1870 3666 1926 dicitur:

2011 1984 2038 2010 ‹‹
2068 1960 2310 2015 Venient
2339 1959 2416 2015 ad
2445 1965 2498 2015 te
2544 1959 2708 2014 curvi
2756 1958 2860 2014 ﬁlii
2915 1975 3123 2015 eorum
3168 1960 3272 2033 qui
3325 1960 3672 2017 humiliave-

2009 2054 2147 2104 runt
2176 2054 2229 2104 te
2260 2049 2498 2120 (Isa.i.x,
2539 2049 2642 2120 14).
2678 2071 2704 2097 ››
2739 2052 2806 2104 Et
2833 2049 2986 2105 bene
3037 2050 3110 2105 de
3152 2049 3544 2106 morientibus
3569 2067 3674 2124 po-

2009 2138 2164 2210 pulis
2191 2155 2310 2194 non
2357 2139 2436 2194 ait
2471 2139 2828 2208 transibunt,
2877 2139 2981 2194 sed
3028 2141 3513 2208 pertransibunt,
3565 2141 3672 2213 qui

2008 2231 2184 2282 etiam
2218 2227 2474 2282 vivendo
2508 2226 2910 2300 temporaliter
2934 2226 3201 2300 quotidie
3230 2228 3310 2285 ad
3335 2229 3522 2284 ﬁnem
3553 2235 3673 2286 ten-

2007 2315 2228 2384 dimus,
2262 2320 2318 2371 et
2346 2319 2703 2387 praesentem
2718 2315 2902 2372 vitam
2925 2316 3098 2388 quasi
3127 2317 3460 2388 quamdam
3488 2317 3672 2374 vitam

2009 2402 2344 2474 subigendo
2373 2404 2698 2459 transimus
2724 2422 2736 2470 ;
2768 2404 2882 2460 hoc
2913 2403 3110 2476 ipsui..
3145 2405 3447 2462 morituris
3476 2405 3670 2462 vivere

2006 2491 2185 2564 quasi
2214 2491 2292 2547 ad
2324 2496 2578 2547 mortem
2608 2491 2690 2546 ire
2723 2497 2829 2558 est,
2863 2496 2920 2547 et
2948 2496 3098 2564 quot
3118 2491 3246 2549 dies
3273 2493 3408 2549 vitte
3438 2493 3671 2564 peragi-

2005 2596 2164 2648 mus,
2211 2579 2387 2652 quasi
2440 2578 2500 2634 in
2544 2579 2750 2635 itinere
2780 2577 2860 2634 ad
2911 2577 3114 2634 locum
3166 2579 3545 2652 propositum
3589 2583 3676 2637 tot

2007 2668 2288 2740 passibus
2346 2667 2850 2741 propinquamus.
2908 2667 3219 2740 Sequitur:
3262 2667 3345 2724 Et
3394 2669 3674 2738 auferent

2008 2758 2332 2813 violentum
2355 2757 2576 2828 absque
2598 2772 2803 2812 manu.
2828 2787 2897 2796 —
2925 2755 3246 2825 Subaudis,
3276 2755 3483 2813 divina
3508 2757 3672 2828 judi-

2008 2845 2119 2902 cia.
2146 2844 2389 2918 Absque
2428 2859 2616 2900 manu
2653 2860 2794 2900 vero
2829 2844 3102 2901 auferent
3141 2861 3281 2900 eum
3327 2846 3432 2918 qui
3485 2862 3675 2902 manu

2007 2933 2302 2989 violentus
2333 2933 2480 3002 fuit;
2512 2932 2742 3006 absque
2774 2949 2961 2990 manu
2993 2933 3283 3005 auferent,
3311 2935 3455 3008 quia
3512 2936 3673 2993 vide-

2006 3023 2141 3079 licet
2169 3022 2366 3079 subito
2391 3023 2552 3079 exitu
2575 3028 2825 3092 urgente
2873 3022 3247 3080 invisibiliter
3289 3023 3542 3096 rapitur,
3569 3022 3675 3095 qui

1939 3140 1978 3192 ο
2007 3112 2309 3169 visrbiliter
2330 3112 2621 3185 rapiebat.
2655 3112 2967 3185 Sequitur:

2079 3204 2248 3258 Vens.
2282 3205 2371 3256 21.
2409 3201 2584 3257 Oculi
2611 3203 2767 3257 enim
2807 3203 2935 3271 ejus
2965 3216 3146 3270 super
3177 3201 3302 3257 vias
3342 3201 3670 3272 hominum,

2007 3298 2064 3348 et
2094 3302 2290 3347 Omnes
2310 3306 2546 3362 gressus
2578 3306 2778 3347 eorum
2809 3291 3170 3346 considerat.
3203 3321 3273 3330 —
3310 3289 3480 3345 Tunc
3511 3289 3672 3346 enim

2009 3395 2400 3453 nequaquam
2439 3378 2821 3436 considerare
2875 3377 3248 3442 credebatur,
3272 3378 3520 3451 quando
3551 3379 3675 3435 vio-

2008 3471 2203 3526 lentus
2231 3470 2339 3525 iste
2361 3485 2540 3526 omne
2562 3469 2792 3524 malum
2813 3469 2980 3542 quod
3001 3473 3233 3542 poterat
3255 3467 3444 3524 inulte
3468 3484 3677 3542 perpe-

2010 3559 2222 3615 trabat.
2248 3558 2682 3615 [Estimabatur
2711 3560 2863 3613 Deus
2895 3557 3099 3629 injusti
3128 3560 3262 3614 acta
3290 3573 3414 3614 non
3435 3572 3677 3614 cernere

2010 3648 2152 3722 quia
2177 3647 2490 3704 differebat
2508 3647 2666 3719 juste
2697 3646 3010 3714 damnare,
3043 3651 3098 3702 et
3121 3662 3348 3718 magna
3390 3646 3521 3718 ejus
3572 3662 3678 3720 pa-

2013 3737 2215 3792 tientia
2246 3726 2423 3806 quasi
2447 3736 2733 3808 quaedam
2777 3734 3140 3806 negligentia
3188 3735 3536 3808 putabatur.
3570 3735 3681 3792 Ini-

2013 3842 2169 3898 quus
2199 3840 2441 3898 quoque
2463 3825 2589 3896 ipse
2621 3823 2789 3880 toties
2815 3841 2876 3880 se
2902 3825 2964 3878 in
2994 3824 3254 3896 peccatis
3287 3824 3411 3880 suis
3444 3841 3567 3880 non
3598 3825 3680 3880 vi-

2015 3914 2205 3970 deria
2240 3916 2357 3969 Deo
2415 3913 2685 3984 credidit,
2735 3912 2968 3985 quoties
3023 3912 3206 3968 inulte
3262 3914 3552 3986 peccavit,
3585 3913 3682 3969 cui

2016 4019 2124 4076 per
2152 4001 2482 4074 quemdam
2507 4001 2838 4073 sapientem
2868 4000 3115 4055 dicitur:
3147 4019 3178 4053 ‹
3197 4003 3276 4056 Ne
3301 4001 3470 4056 dicas
3497 4019 3510 4056 :
3547 4005 3682 4056 Pec-

2018 4090 2167 4160 cavi,
2195 4095 2252 4145 et
2298 4088 2444 4161 quid
2501 4088 2717 4144 accidit
2759 4088 2905 4143 mihi
2947 4087 3108 4143 triste
3134 4089 3161 4142 ?
3216 4089 3428 4159 (Eccli.
3463 4105 3517 4158 v,
3547 4090 3622 4161 4.)
3656 4113 3682 4139 η

2020 4177 2350 4235 Emendare
2371 4193 2494 4234 non
2516 4177 2639 4233 vult
2657 4177 3005 4250 nequitiam,
3019 4193 3128 4250 pro
3153 4193 3277 4250 qua
3298 4177 3546 4248 dignam
3565 4193 3685 4233 non

2019 4267 2264 4342 protulit
2291 4283 2557 4341 poenam.
2583 4269 2828 4324 Gressus
2857 4283 2999 4323 vero
3025 4267 3342 4323 hominum
3371 4271 3566 4338 vocat,
3586 4267 3686 4324 vel

2021 4357 2286 4429 singulas
2317 4357 2694 4430 operationes
2717 4356 2942 4430 quibus
2960 4356 3249 4422 initimur,
3271 4357 3364 4412 vel
3390 4355 3688 4414 alternan-

2021 4454 2107 4506 tes
2129 4453 2328 4504 motus
2341 4448 2562 4503 intimae
2583 4447 3205 4520 cogitationis,quibus
3221 4447 3394 4521 quasi
3405 4447 3689 4521 passibus

2020 4537 2115 4594 vel
2143 4537 2322 4608 longe
2353 4553 2389 4593 a
2420 4538 2673 4594 Domino
2699 4537 3055 4604 recedimus,
3093 4537 3180 4592 vel
3224 4537 3320 4609 pie
3372 4536 3452 4592 ad
3499 4540 3689 4592 Deum

2022 4628 2538 4702 propinquamus;
2569 4627 2647 4683 ad
2676 4630 2862 4682 Deum
2893 4626 3054 4682 enim
3085 4627 3261 4699 quasi
3286 4630 3372 4682 tot
3387 4627 3690 4695 gressibus

2023 4733 2194 4774 mens
2224 4716 2457 4783 accidit,
2484 4720 2634 4788 quot
2661 4715 2838 4770 bonis
2867 4715 3130 4770 motibus
3175 4714 3427 4786 proﬁcit,
3457 4719 3514 4770 et
3568 4731 3692 4770 rur-

2025 4823 2160 4862 sum
2186 4810 2268 4862 tot
2299 4804 2602 4875 gressibus
2630 4803 2808 4873 longe
2841 4803 2925 4874 ﬁt,
2952 4807 3098 4875 quot
3123 4803 3299 4858 malis
3329 4803 3696 4872 cogitationi-

2024 4895 2140 4950 bus
2167 4892 2470 4950 decrescit.
2500 4892 2810 4965 Sequitur:

2099 4984 2278 5039 Vens.
2322 4986 2410 5038 22.
2453 4983 2587 5038 Non
2635 4987 2776 5037 sunt
2811 4981 3084 5047 tenebrz,
3122 4986 3176 5037 et
3215 4997 3335 5038 non
3374 4988 3458 5039 est
3485 4984 3696 5039 umbra

2027 5075 2257 5143 mortis,
2281 5078 2344 5127 ut
2372 5071 2822 5128 abscondantur
2849 5071 2936 5127 ibi
2946 5072 3054 5144 qui
3064 5078 3394 5141 operantur
3408 5073 3696 5144 iniquita-

2033 5169 2166 5219 tem.
2183 5194 2252 5204 ——
2283 5161 2440 5228 Quid
2467 5178 2575 5234 per
2600 5161 2878 5218 tenebras
2901 5161 3014 5217 nisi
3036 5161 3522 5233 ignorautiam,et
3549 5157 3701 5230 quid

2031 5269 2139 5326 per
2162 5250 2444 5308 umbram
2489 5250 2718 5321 mortis,
2749 5251 2866 5307 nisi
2903 5251 3268 5308 oblivionem
3292 5247 3520 5304 studuit
3549 5242 3703 5301 desi-

2033 5341 2261 5411 gnare?
2295 5344 2374 5397 De
2404 5339 2816 5412 quorumdam
2834 5339 3058 5412 quippe
3079 5334 3414 5407 ignorantia
3451 5333 3665 5391 dicitur
3691 5351 3702 5388 :

2033 5451 2062 5478 «
2077 5429 2357 5485 Tenebris
2369 5429 2756 5485 obscuratum
2767 5428 3058 5483 habentes
3073 5423 3436 5479 intellectum
3455 5423 3697 5494 (Ephes.

2030 5535 2108 5588 iv,
2131 5520 2237 5590 18).
2255 5540 2284 5570 ››
2316 5520 2384 5574 Et
2404 5534 2644 5574 rursum
2664 5516 2739 5572 de
2761 5513 3061 5571 oblivione
3084 5527 3220 5583 qua:
3247 5510 3310 5566 in
3346 5517 3535 5569 morte
3564 5529 3705 5568 con-

2034 5607 2207 5678 tingit
2222 5607 2514 5680 scriptum
2535 5611 2655 5667 est;
2680 5628 2705 5656 ι(
2736 5603 2798 5659 In
2821 5600 2922 5658 illa
2942 5599 3038 5657 die
3060 5598 3345 5671 peribunt
3375 5617 3588 5657 omnes
3611 5616 3706 5655 eo-

3349 5710 3410 5761 l3
