4112 6152
503 153 606 210 395

1566 143 1622 197 8.
1657 142 1914 198 onouls
1943 139 2236 196 ABBATIS
2278 103 2778 197 uzLUNIACENsIs
2805 141 2848 195 ιι

3811 144 3916 198 396

482 273 796 347 gitationes
836 282 1042 324 eorum
1090 266 1465 337 (Psal.cx1.v,
1485 266 1559 337 4).
1591 285 1610 316 ι
1663 263 1813 331 Quia
1851 279 1992 332 ergo
2038 280 2144 336 per
2183 267 2230 320 A
2263 264 2442 319 terius
2469 265 2651 330 sawit,
2685 264 2830 334 quia
2871 263 3142 320 videlicet
3161 263 3239 320 ab
3264 265 3654 320 exterioribus
3676 281 3799 320 non
3828 280 3921 322 ac-

483 367 739 421 mortem
768 356 1041 413 funditus
1082 354 1365 410 oblivioni
1411 355 1675 410 tradetur
1717 353 2014 426 quidquid
2065 351 2146 407 vi-

480 451 677 508 vendo
689 443 1183 518 cogitatur,quasi
1195 444 1479 516 quaedam
1501 443 1721 500 oblivio
1739 446 1843 508 est,
1865 446 1920 496 et
1933 440 2148 496 umbra

479 539 798 597 mortis.Ac
821 535 871 592 si
891 550 1033 605 ergo
1054 533 1312 589 diceret:
1343 533 1570 590 Idcirco
1610 533 1741 604 ejus
1765 531 1994 602 judicio
2017 531 2151 586 nul-

478 630 573 687 lus
603 625 1015 695 absconditur,
1055 623 1200 696 quia
1248 623 1588 680 nullatenus
1630 626 1826 695 potest
1869 624 1972 677 aut
2025 636 2146 676 non

478 719 681 776 videre
731 713 898 789 quod
946 711 1220 780 fecimus,
1252 717 1356 768 aut
1412 710 1688 768 oblivisci
1744 709 1912 783 quod
1949 708 2144 776 videt;

479 804 762 882 quamvis
789 801 1034 871 intelligi
1057 800 1315 857 tenebrae
1337 801 1434 857 vel
1466 799 1686 856 umbra
1715 798 1923 854 mortis
1965 797 2146 853 etiam

482 897 648 954 aliter
665 895 938 968 possunt.
965 889 1171 947 Omnis
1189 905 1453 962 namque
1465 887 1803 944 immutatio
1820 887 2148 959 velutquaa-

481 987 628 1042 dam
644 981 850 1040 mortis
871 981 1017 1037 imm
1027 979 1210 1036 utatio
1222 983 1327 1036 est.
1347 979 1411 1034 Id
1429 978 1588 1034 enim
1601 978 1764 1051 quod
1779 980 2144 1048 mutat,qua—

485 1075 534 1131 si
555 1074 634 1130 ab
653 1089 723 1130 eo
736 1071 902 1145 quod
918 1073 1043 1126 erat
1053 1067 1345 1135 interﬁcit,
1365 1073 1430 1123 ut
1445 1067 1816 1122 desinatesse
1833 1065 1999 1138 quod
2015 1063 2142 1134 fuit,

484 1169 542 1220 et
559 1161 802 1235 incipiat
821 1175 953 1216 esse
973 1157 1140 1231 quod
1159 1172 1281 1212 non
1303 1157 1429 1212 fuit.
1459 1160 1682 1212 Lumen
1701 1155 1879 1226 igitur
1911 1169 2141 1220 verum,

485 1256 722 1312 Creator
750 1247 1021 1305 videlicet
1048 1250 1270 1313 noster,
1303 1245 1447 1318 quia
1477 1261 1512 1300 a
1540 1244 1705 1300 nulla
1735 1242 2144 1299 mutabilitatis

481 1337 886 1397 vicissitudine
915 1335 1288 1404 tenebrescit,
1323 1335 1502 1391 nullis
1541 1340 1770 1391 naturae
1804 1349 1927 1388 suae
1957 1331 2146 1387 defec-

479 1429 638 1486 tibus
659 1425 1079 1496 obumbratur,
1112 1424 1217 1480 sed
1246 1424 1374 1495 ejus
1416 1439 1544 1480 esse
1577 1424 1704 1478 sine
1753 1420 2144 1477 mutabilitate

480 1518 705 1588 fulgere
736 1520 827 1572 est
855 1533 868 1584 ;
918 1513 1178 1571 tenebrae
1209 1513 1263 1568 ei
1304 1512 1398 1568 vel
1427 1511 1644 1567 umbra
1675 1510 1882 1566 mortis
1931 1508 2145 1565 dicitur

480 1622 606 1664 non
633 1607 852 1662 inesse.
887 1602 1052 1659 Unde
1069 1601 1216 1658 alias
1243 1601 1533 1672 scriptum
1556 1605 1678 1656 est:
1709 1622 1735 1649 ››
1765 1599 1940 1672 Apud
1961 1614 2142 1670 quem

480 1711 606 1752 non
633 1698 723 1750 est
754 1691 1186 1758 transmutatio,
1219 1706 1330 1746 nec
1361 1689 1784 1745 vicissitudinis
1811 1686 2142 1744 obumbra-

481 1785 565 1842 tio
596 1785 746 1856 (Jac.
777 1797 819 1850 ι,
855 1781 940 1852 l7)
966 1799 980 1849 ;
1016 1803 1043 1830 ››
1074 1784 1130 1836 et
1158 1779 1321 1836 unde
1350 1791 1561 1834 rursus
1593 1777 1806 1834 Paulus
1835 1775 2142 1850 apostolus

483 1874 625 1932 dicit
653 1889 668 1930 ε
717 1893 737 1925 ι
767 1871 879 1939 Qui
904 1870 1070 1926 solus
1094 1870 1278 1927 habet
1306 1869 1834 1939 immortalitatem,
1860 1873 1916 1923 et
1948 1867 2144 1922 lucem

482 1961 714 2020 habitat
757 1959 1228 2016 inaccessibilem
1301 1958 1356 2031 (Ι
1409 1959 1554 2014 Tim.
1611 1975 1691 2027 v1,
1755 1958 1861 2030 l6).
1930 1977 1956 2006 »
2022 1957 2144 2010 Lux

481 2053 644 2110 enim
675 2055 916 2117 aeterna,
947 2065 1080 2122 quae
1131 2051 1283 2104 Deus
1329 2051 1437 2114 est,
1470 2051 1700 2120 quanto
1742 2046 2143 2101 incommuta-

481 2143 675 2198 biliter
701 2139 906 2210 fulget,
933 2143 1098 2194 tanto
1142 2135 1584 2210 penetrabiliter
1614 2135 1808 2206 viget;
1863 2139 1922 2191 et
1948 2150 2143 2207 neque

480 2227 714 2285 occulta
741 2226 947 2296 nescit,
975 2225 1120 2298 quia
1149 2229 1362 2282 etmcta
1391 2228 1659 2298 penetrat
1689 2242 1702 2286 ;
1745 2239 1941 2296 neque
1961 2237 2142 2296 pene-

479 2321 633 2374 trata
661 2315 1045 2385 obliviscitur,
1073 2315 1216 2389 quia
1255 2313 1767 2371 incommutabilis
1815 2313 2010 2368 durat.
2043 2313 2142 2367 Se-

475 2405 685 2480 quitur
709 2421 722 2461 :

552 2495 728 2552 Vens.
751 2499 840 2550 23-.
880 2495 1084 2565 Neque
1113 2495 1268 2549 enim
1299 2494 1466 2549 ultra
1490 2493 1556 2548 in
1573 2491 1828 2548 hominis
1852 2495 2145 2560 potestate

476 2590 588 2652 est,
615 2589 682 2639 ut
707 2584 908 2640 veniat
919 2583 1005 2638 ad
1023 2583 1210 2638 Deum
1231 2583 1294 2636 in
1318 2581 1629 2650 judicium.
1655 2580 1838 2634 ——Hic
1857 2579 2143 2634 nimirum

479 2687 605 2729 non
643 2671 790 2728 illud
811 2670 1109 2742 judicium
1136 2669 1508 2738 designatur,
1527 2669 1696 2742 quod
1725 2685 1832 2742 per
1860 2673 2143 2724 aeternam

482 2761 936 2818 retributionem
979 2757 1168 2832 punit,
1210 2757 1313 2814 sed
1343 2757 1510 2830 quod
1549 2761 1747 2812 mente
1786 2759 2142 2828 conceptum

477 2859 589 2924 per
603 2847 1060 2906 conversionem
1076 2845 1269 2902 diluit.
1292 2845 1382 2900 Ad
1403 2843 1548 2900 illud
1557 2845 1790 2918 quippe
1804 2843 2005 2900 venire
2023 2857 2144 2900 non

2260 353 2434 408 cedit.
2468 353 2617 418 Quia
2668 369 2810 422 ergo
2860 369 3020 408 nunc
3049 353 3108 407 in
3159 356 3452 424 potestate
3483 357 3573 409 est
3619 355 3918 410 internum

2259 444 2476 497 mentis
2509 447 2726 497 nostrae
2761 447 2968 497 contra
3013 460 3124 497 nos
3161 443 3360 498 subire
3405 442 3704 513 judicium
3756 458 3917 499 reco-

2259 532 2606 601 gnoscendo
2635 547 2986 586 accusemus
3017 531 3416 605 nosmetipsos
3437 531 3650 604 quales
3675 531 3917 599 fuimus,

2257 621 2604 692 pcenitendo
2631 625 3040 693 torqucauius,
3072 637 3197 676 non
3227 636 3550 686 cessemus,
3582 621 3734 676 dum
3765 621 3916 692 licet,

2251 709 2522 780 judicare
2551 709 2716 782 quod
2747 709 3016 765 fecimus.
3045 709 3378 765 Audiamus
3402 714 3574 766 caute
3594 709 3758 783 quod
3784 709 3920 766 dici-

2255 803 2385 854 tur:
2418 799 2624 870 Neque
2648 800 2800 854 em’m
2833 801 3000 854 ultra
3032 801 3094 854 in
3125 800 3378 855 hominis
3403 804 3700 868 potestate
3736 803 3826 856 est
3853 805 3918 854 ut

2257 889 2453 945 veniat
2484 889 2566 944 ad
2587 889 2772 943 Deum
2803 889 2865 942 in
2887 879 3228 957 jmticium.’
3245 887 3556 960 Sequitur:

2324 978 2498 1033 Vens.
2551 981 2640 1032 24.
2677 977 2953 1033 Comere!
2993 979 3210 1032 multos
3242 985 3296 1034 et
3329 975 3822 1046 innumerabiles,
3864 983 3919 1034 et

2251 1072 2414 1123 stare
2435 1067 2619 1136 faciet
2646 1068 2796 1122 alios
2821 1082 2931 1135 pro
2963 1068 3196 1122 atiis.-—
3222 1069 3539 1138 Postquam
3568 1065 3758 1122 multa
3777 1081 3920 1122 nar-

2252 1159 2381 1210 rata
2411 1161 2548 1211 sunt
2577 1155 2652 1210 de
2695 1171 2878 1228 poena
2907 1155 3228 1221 malorum,
3282 1155 3478 1211 subito
3521 1154 3776 1211 infertur
3819 1172 3920 1212 oc-

2253 1243 2479 1300 cultum
2533 1244 2848 1315 judicium,
2891 1245 3055 1316 quod
3109 1245 3205 1317 pie
3251 1260 3430 1317 super
3481 1259 3594 1300 nos
3638 1244 3920 1316 justeque

2253 1332 2612 1405 disponitur,
2643 1333 2953 1405 quomodo
2985 1333 3084 1388 alii
3113 1334 3372 1406 perdunt
3399 1332 3566 1406 quod
3597 1337 3802 1389 tenere
3833 1334 3920 1388 vi-

2252 1421 2568 1490 debantur,
2602 1427 2658 1478 et
2705 1421 2801 1478 alii
2854 1422 3154 1494 accipiunt
3193 1423 3358 1494 quod
3409 1421 3507 1478 alii
3558 1439 3630 1478 ex
3691 1422 3920 1478 meritis

2251 1513 2527 1584 perdunt.
2559 1513 2796 1568 Cunctis
2836 1517 3035 1568 autem
3083 1513 3270 1585 liquet
3295 1512 3458 1585 quod
3491 1511 3553 1567 in
3604 1511 3708 1567 illa
3734 1517 3921 1568 extre-

2183 1617 2222 1670 B
2255 1617 2355 1656 ma
2404 1601 2787 1672 requisitione
2827 1617 3078 1658 examen
3138 1601 3448 1674 publicum
3505 1600 3777 1656 facturus
3835 1605 3922 1658 est

2251 1689 2632 1762 omnipotens
2683 1693 2857 1757 Deus,
2893 1695 2956 1745 ut
2982 1689 3131 1745 alios
3173 1691 3249 1746 ad
3299 1693 3596 1746 tormenta
3653 1689 3918 1758 deserat,

2251 1779 2400 1834 alios
2431 1779 2510 1834 ad
2534 1779 3054 1852 participationem
3099 1779 3267 1849 regni
3315 1778 3571 1834 coelestis
3617 1778 3916 1835 admittat.

2253 1867 2367 1923 Sed
2401 1868 2512 1922 hoc
2543 1883 2702 1923 nunc
2733 1871 2957 1923 secreto
2982 1867 3210 1938 judicio
3233 1867 3502 1940 quotidie
3530 1867 3730 1936 agitur
3750 1865 3918 1940 quod

2251 1961 2394 2013 tunc
2424 1956 2663 2028 publice
2692 1955 3158 2012 demonstratur.
3199 1959 3346 2012 Nam
3380 1957 3539 2026 justo
3583 1971 3658 2010 ac
3688 1953 3919 2011 miseri-

2253 2046 2508 2102 corditer
2539 2045 2909 2115 singulorum
2941 2046 3144 2112 corda,
3174 2045 3270 2102 vel
3299 2044 3654 2100 examinans
3679 2043 3772 2099 vel
3799 2044 3919 2099 dis-

2250 2150 2508 2209 ponens,
2543 2135 2693 2190 alios
2719 2135 2782 2191 in
2808 2135 3100 2190 exteriora
3123 2133 3366 2207 respuit,
3393 2133 3546 2190 alios
3573 2133 3652 2190 ad
3677 2148 3753 2190 ea
3781 2150 3914 2206 quae

2253 2230 2392 2280 sunt
2415 2223 2770 2279 intrinsecus
2795 2223 2992 2278 trahit.
3026 2227 3141 2278 Hos
3168 2222 3445 2278 accendit
3473 2222 3706 2278 interna
3729 2237 3917 2296 appe-

2250 2315 2392 2378 tere,
2425 2310 2558 2366 illos
2608 2326 2719 2384 pro
2749 2310 3158 2383 voluptatibus
3185 2310 3309 2366 suis
3355 2309 3574 2365 deserit
3621 2310 3921 2366 exteriora

2251 2399 2533 2470 cogitare.
2569 2401 2792 2456 Horum
2836 2405 3100 2456 mentem
3129 2399 3208 2456 ad
3255 2413 3520 2473 superna
3567 2399 3760 2469 eligit,
3789 2398 3916 2455 illo-

2249 2505 2385 2545 rum
2411 2489 2758 2561 superbiam
2791 2490 2852 2544 in
2881 2489 3102 2546 inﬁmis
3127 2488 3434 2544 desideriis
3458 2489 3693 2558 mergit,
3725 2493 3784 2544 et
3809 2489 3922 2561 qui

2249 2577 2528 2634 videntur
2551 2579 2821 2634 humano
2842 2577 3092 2648 judicio,
3119 2579 3246 2649 jam
3277 2579 3340 2634 in
3379 2583 3704 2651 conspectu
3753 2583 3923 2634 aeter-

2252 2668 2550 2740 nijudicis
2576 2673 2751 2725 stant.
2781 2669 2924 2734 Quis
2954 2669 3114 2724 enim
3143 2670 3458 2725 hominum
3489 2669 3786 2725 aestimare
3814 2684 3925 2742 po-

2251 2757 2459 2814 tuisset
2493 2755 2707 2814 Judam
2740 2757 2972 2812 vivendi
3003 2763 3221 2814 sortem
3253 2757 3431 2812 etiam
3472 2761 3607 2830 post
3654 2757 3924 2814 ministe-

2253 2847 2408 2902 rium
2436 2847 2812 2920 apostolatus
2838 2847 3106 2903 amittere
3126 2845 3152 2899 ?
3181 2849 3247 2902 Et
3275 2846 3412 2919 quis
3457 2851 3699 2903 econtra
3739 2846 3925 2904 iatro-

475 2939 801 3006 desiderat,
825 2935 1102 3010 quisquis
1131 2949 1194 2990 se
1221 2949 1330 3008 per
1357 2933 1505 2990 illud
1555 2934 1834 3024 damnari
1863 2932 2147 3024 formidat
2177 2970 2216 3024 Ο
2250 2951 2390 2992 nem
2447 2936 2710 2992 crederet
2739 2951 2987 2991 causam
3017 2936 3149 2992 vita?
3193 2935 3376 2992 etiam
3423 2936 3486 2991 in
3533 2935 3666 3008 ipso
3709 2936 3923 2992 mortis

481 3029 634 3084 Dum
656 3037 800 3098 ergo
821 3025 1469 3096 dicitur:Nequeem'm
1487 3025 1654 3079 ultra
1677 3024 1742 3078 in
1774 3023 2026 3078 hominis
2042 3037 2146 3091 po-
2191 3023 2203 3024 “
2253 3023 2502 3080 articulo
2558 3023 2872 3080 invenire?
2923 3026 3318 3080 (tenter-untur
3361 3025 3543 3080 etiam
3587 3024 3694 3096 qui
3749 3025 3923 3081 relic-

481 3123 690 3176 testate
718 3122 895 3188 est,ut
926 3117 1122 3174 veniat
1155 3116 1236 3172 ad
1262 3117 1447 3170 Deum
1480 3115 1542 3170 in
1563 3114 1886 3184 judicium,
1919 3112 2145 3184 profec-

479 3211 540 3264 to
558 3206 895 3262 ostenditur
919 3221 1051 3260 esse
1073 3203 1392 3276 quoddam
1424 3201 1740 3272 judicium,
1759 3200 1931 3274 quod
1951 3215 2146 3273 quan-

479 3295 682 3367 doque
707 3294 888 3350 etiam
933 3309 970 3349 a
1008 3292 1312 3347 damnatis
1355 3307 1426 3346 ac
1449 3290 1722 3362 reprobis
1753 3289 2141 3346 desideretur.

479 3386 551 3439 Et
569 3381 738 3456 quod
758 3386 858 3438 est
881 3381 1052 3448 illud,
1069 3379 1184 3436 nisi
1207 3380 1410 3436 hocde
1436 3395 1560 3452 quo
1591 3379 1811 3434 Paulus
1835 3377 2142 3450 apostolus

475 3472 658 3529 dicit:
687 3489 721 3521 ‘«
744 3470 804 3527 Si
830 3485 943 3527 nos
971 3469 1134 3542 ipsos
1157 3469 1592 3540 iudicaremus,
1617 3483 1740 3523 non
1762 3468 1967 3540 utique
1982 3467 2143 3538 judi-

474 3572 760 3616 caremur
787 3561 850 3628 (Ι
873 3559 1006 3615 Cor.
1038 3574 1122 3621 xi,
1153 3557 1239 3630 31)
1267 3557 1283 3624 ;'
1314 3573 1345 3608 ι»
1377 3561 1434 3612 et
1463 3557 1538 3612 de
1566 3571 1690 3628 quo
1730 3571 1838 3628 per
1892 3557 2146 3629 prophe-

483 3653 607 3707 tam
631 3647 846 3705 dicitur
877 3667 890 3704 :
921 3671 950 3698 «ι
981 3650 1109 3704 Non
1138 3650 1226 3701 est
1249 3645 1544 3716 judicium
1573 3645 1635 3700 in
1687 3644 1994 3715 gressibus
2043 3660 2144 3701 eo-

479 3752 619 3796 rum
652 3738 790 3810 (Isa.
821 3752 939 3810 1.1x,
970 3738 1065 3809 8);
1099 3754 1130 3789 ›
1161 3741 1220 3792 et
1261 3734 1430 3808 quod
1487 3733 1677 3791 David
1723 3735 1838 3791 ait:
1892 3757 1918 3785 (ι
1950 3737 2148 3791 Honor

483 3827 659 3899 Regis
683 3827 978 3900 judicium
1009 3825 1198 3896 diligit
1229 3826 1416 3897 (Psal.
1448 3839 1646 3895 xcvm,
1671 3826 1748 3894 4).
1775 3847 1803 3874 ››
1852 3826 1924 3880 Ut
1949 3823 2149 3880 videli—

479 3924 576 3976 cet
603 3918 708 3992 qui
725 3919 856 3990 jam
879 3921 1066 3974 Deum
1098 3916 1354 3972 honorat
1381 3931 1456 3972 ex
1481 3915 1622 3982 ﬁde,
1649 3914 1893 3970 sollicite
1919 3913 2150 3986 judicet

482 4009 633 4083 quid
657 4009 711 4065 ei
739 4008 959 4064 debeat
981 4007 1042 4063 in
1065 4005 1438 4081 operatione.
1471 4005 1618 4061 Hinc
1669 4005 1967 4079 propheta
2017 4003 2098 4060 ait
2131 4021 2144 4058 :

487 4121 516 4150 ‹‹
533 4097 717 4155 reduc
746 4113 842 4154 me
869 4097 930 4153 in
956 4097 1312 4152 memoriam
1332 4099 1400 4151 ut
1421 4094 1763 4166 judicemur
1792 4093 1992 4159 simul,
2015 4109 2150 4150 nar-

483 4201 554 4243 ra
596 4187 646 4241 si
692 4185 841 4257 quid
882 4183 1080 4240 «habes
1127 4187 1191 4238 ut
1226 4182 1569 4254 justiﬁceris
1611 4184 1754 4252 (lea.
1785 4197 1950 4247 xuii,
1977 4182 2092 4252 26).
2119 4203 2147 4232 »

483 4273 670 4329 Debet
691 4273 850 4328 enim
881 4271 1356 4344 uniuscujusque
1413 4285 1586 4326 mens
1633 4275 1690 4326 et
1740 4285 1960 4326 causas
2005 4286 2147 4326 suas

475 4361 651 4435 apud
681 4361 1022 4428 hominum,
1049 4363 1111 4416 et
1140 4371 1356 4415 causas
1381 4358 1616 4414 Domini
1643 4362 1853 4416 contra
1900 4373 1962 4416 se
1991 4358 2146 4416 solli-

484 4451 604 4507 cita
651 4447 1039 4521 inquisitione
1089 4447 1404 4515 discutere,
1431 4445 1611 4503 debet
1647 4451 1818 4504 caute
1865 4463 2142 4522 pensare,

483 4537 578 4596 vel
604 4547 740 4611 qum
765 4537 844 4594 ab
869 4552 946 4592 eo
969 4535 1130 4592 bona
1161 4534 1510 4609 perceperit,
1543 4534 1636 4591 vel
1664 4551 1798 4608 quae
1847 4537 2010 4592 maia
2042 4536 2148 4592 bo-

484 4629 578 4686 nis
591 4637 866 4703 perverse
879 4625 1140 4684 vivendo
1159 4625 1488 4699 respondit.
1509 4624 1680 4690 Quod
1704 4625 1868 4682 electi
1897 4625 2145 4698 quidem

485 4719 751 4793 quotidie
771 4718 963 4774 facere
992 4716 1241 4772 omnino
1285 4731 1408 4772 non
1459 4719 1718 4771 cessant.
1769 4714 1932 4770 Unde
1988 4715 2146 4771 bene

486 4809 770 4867 Salomon
825 4807 906 4864 ait
955 4825 968 4864 :
1027 4829 1054 4857 ‹‹
1099 4805 1497 4876 Cogitationes
1554 4805 1854 4877 justorum
1919 4804 2147 4876 judicia

489 4896 690 4966 (Prov.
722 4912 824 4966 xu,
853 4897 928 4968 5).
954 4913 984 4949 ›
1015 4895 1321 4952 Accedunt
1347 4894 1507 4950 enim
1536 4893 1615 4951 ad
1647 4894 2033 4951 secretarium
2055 4895 2148 4966 ju-

486 4984 636 5042 dicis
663 4983 819 5042 intra
843 4984 1045 5041 sinum
1063 4984 1288 5046 cordis:
1313 4983 1692 5040 considerant
1711 4997 1898 5057 quam
1915 4984 2146 5041 distric-

479 5077 542 5132 -ιθ
561 5073 939 5148 quandoque
969 5073 1156 5140 feriat,
1189 5072 1292 5145 qui
1327 5071 1444 5128 'diu
1483 5072 1774 5145 patienter
1798 5076 2101 5147 exspectat
2130 5092 2143 5142 ;

485 5163 835 5221 metuuntrin
857 5162 950 5218 his
963 5177 1099 5235 quae
1118 5177 1180 5216 se
1202 5161 1392 5232 egisse
1424 5161 1854 5230 meminerunt;
1889 5161 2147 5235 puniunt

482 5253 686 5312 ﬂendo
707 5251 876 5327 quod
902 5255 1276 5326 perpetrasse
1295 5266 1359 5306 se
1375 5249 1724 5320 intelligunt.
1751 5255 1864 5308 Nec
1892 5251 2059 5312 deest
2083 5251 2146 5308 in

483 5343 599 5400 hoc
639 5342 867 5415 judicio
915 5345 1112 5398 mente
1169 5344 1459 5412 concepto
1512 5356 1692 5397 omne
1748 5340 2145 5397 ministerium

483 5431 646 5503 quod
671 5432 884 5503 punire
914 5448 1047 5486 reos
1074 5447 1217 5487 suos
1255 5429 1491 5502 plenius
1522 5430 1757 5486 debeat.
1790 5434 1933 5484 Nam
1968 5445 2142 5485 cons-

484 5520 696 5575 cientia
723 5525 984 5588 accusat,
1015 5521 1166 5576 ratio
1186 5519 1436 5591 judicat,
1457 5519 1633 5574 timor
1655 5519 1815 5588 ligat,
1844 5518 2016 5574 dolor
2041 5536 2142 5574 ex-

483 5610 726 5667 cruciat.
749 5610 930 5676 -Quod
957 5610 1248 5680 judicium
1273 5623 1354 5665 eo
1400 5608 1616 5664 certius
1647 5607 1847 5680 Ipunit,
1867 5623 2000 5681 quo
2056 5608 2141 5666 in-

2254 3113 2325 3168 tis
2355 3113 2693 3169 caelestibus
2719 3119 2939 3170 terram
2969 3117 3266 3186 quierunt.
3295 3115 3438 3179 Quae
3463 3116 3671 3169 autem
3713 3115 3924 3186 major

2251 3203 2470 3275 poterit
2533 3219 2662 3259 esse
2735 3203 3028 3270 contritio,
3078 3218 3268 3275 quam
3341 3202 3576 3259 deserto
3637 3205 3922 3260 Crantore

2253 3295 2589 3348 creaturam
2613 3307 2882 3365 quaerere
2904 3291 2931 3346 '?
2980 3291 3230 3347 desertis
3261 3291 3534 3364 supernis
3563 3291 3828 3364 gaudiis,
3861 3292 3924 3348 in

2249 3380 2474 3438 inﬁmis
2499 3381 2681 3437 rebus
2705 3381 2940 3438 inhiare
2960 3383 2988 3438 ?
3033 3381 3196 3438 Unde
3220 3381 3375 3436 bene
3403 3395 3510 3454 per
3557 3381 3921 3454 Prophrtam

2251 3471 2504 3526 dicitur:
2573 3489 2606 3524 ‹
2633 3471 2910 3527 Humiliat
2959 3475 3161 3528 autem
3205 3475 3552 3544 peccatores
3601 3487 3802 3544 usque
3845 3471 3921 3528 ad

2249 3563 2470 3614 terram
2504 3559 2690 3626 (Psal.
2723 3575 2910 3628 cxm,
2947 3560 3020 3631 6).
3057 3580 3086 3609 »
3113 3559 3289 3624 Quod
3321 3563 3521 3616 autem
3541 3558 3751 3615 dicens
3771 3559 3922 3616 Con-

2255 3649 2392 3705 terit
2440 3649 2678 3715 multos,
2723 3647 2880 3704 illico
2927 3647 3220 3720 adjunxit,
3247 3649 3740 3721 innumw'abites,
3767 3648 3923 3705 mn]-

2251 3735 2566 3793 titudinem
2592 3737 2924 3810 exprimere
2947 3737 3173 3794 studuit
3199 3736 3618 3810 reproborum,
3643 3752 3782 3810 quas
3811 3736 3926 3793 hu-

2253 3842 2451 3882 manas
2485 3825 2736 3882 rationis
2784 3842 3106 3882 numerum
3151 3826 3382 3882 transit.
3414 3825 3516 3882 Vel
3559 3831 3715 3883 certe
3772 3826 3925 3884 indi-

2254 3931 2390 3972 care
2419 3914 2606 3972 voluit
2629 3914 2797 3988 quod
2827 3931 3039 3972 omnes
3068 3915 3174 3988 qui
3214 3918 3468 3988 pereunt
3509 3915 3666 3972 intra
3706 3913 3923 3973 electe-

2251 4021 2391 4061 rum
2415 4020 2740 4061 numerum
2767 4021 2892 4061 non
2919 4005 3240 4076 habentur,
3271 4009 3334 4060 ut
3383 4020 3454 4062 eo
3487 4004 3602 4060 sint
3645 4005 3923 4062 innume-

2251 4093 2493 4161 rabiles,
2521 4109 2644 4167 quo
2692 4097 2858 4150 extra
2915 4109 3238 4150 numerum
3269 4097 3534 4150 currunt.
3565 4092 3734 4150 Unde
3775 4095 3921 4151 Pro-

2255 4184 2436 4257 pheta
2466 4183 2704 4239 intuens
2731 4187 2928 4239 tantos
2956 4183 3072 4240 hoc
3120 4181 3392 4240 Ecclesiae
3419 4186 3690 4256 tpore
3719 4183 3924 4256 specie

2259 4277 2430 4329 tenus
2459 4271 2719 4342 credere,
2750 4276 3012 4344 quantos
3043 4271 3327 4328 nimirum
3376 4275 3604 4328 certum
3627 4277 3720 4328 est
3765 4269 3924 4330 elec-

2253 4365 2455 4419 torum
2481 4377 2806 4418 numerum
2839 4377 3266 4436 summamqne
3281 4361 3560 4430 transire,
3587 4361 3702 4418 ait:
3733 4361 3926 4420 «lul-

2255 4449 2500 4524 tiplicati
2553 4453 2692 4506 sunt
2742 4463 2925 4523 super
2971 4465 3296 4506 numerum
3328 4449 3522 4517 (Psal.
3547 4464 3753 4517 xxxix,
3787 4453 3866 4519 6).
3891 4473 3919 4500 κ

2257 4539 2535 4615 Sequitur
2557 4557 2570 4597 :

2323 4633 2496 4686 Vens.
2520 4635 2610 4686 23.
2634 4631 2814 4686 Novit
2838 4631 2992 4687 enim
3012 4643 3194 4700 opera
3219 4644 3442 4696 eorum,
3470 4635 3527 4688 et
3568 4630 3800 4689 ideirco
3825 4629 3921 4686 in-

2252 4720 2417 4776 ducit
2435 4725 2663 4776 noctem
2682 4725 2738 4776 et
2758 4724 3160 4776 conterentur.
3179 4751 3214 4758 ς-
3241 4718 3561 4776 Sciendum
3574 4733 3923 4792 summope-

2249 4825 2316 4866 re
2327 4809 2860 4882 est,quodiniquus
2883 4808 3141 4882 quisque
3163 4807 3412 4864 duobus
3436 4807 3633 4864 modis
3661 4807 3723 4864 in
3745 4812 3923 4865 nocte

2253 4896 2694 4968 conteritur,vel
2707 4913 2846 4952 cum
2863 4897 3167 4954 exterioris
3175 4895 3384 4968 judicii
3397 4895 3778 4954 tribulatione
3789 4911 3923 4970 per-

2253 4985 2488 5055 cutitur,
2513 4985 2606 5042 vel
2629 5001 2768 5042 cum
2799 4985 3034 5042 occulta
3060 4985 3353 5042 sententia
3371 4985 3918 5042 interiuscwcatm.

2253 5079 2317 5132 In
2342 5079 2515 5132 nocte
2543 5075 2782 5140 corruit,
2818 5089 2957 5131 cum
2985 5089 3094 5148 per
3121 5078 3455 5131 extremum
3481 5074 3806 5147 judicium,
3835 5073 3922 5130 vi-

2255 5165 2430 5222 vendi
2455 5164 2658 5222 lumen
2687 5165 2751 5221 in
2778 5169 3136 5239 perpetuum
3159 5163 3398 5221 amittit.
3432 5164 3596 5221 Unde
3619 5164 3922 5238 scriptum

2255 5258 2341 5310 est
2367 5270 2380 5310 :
2414 5276 2440 5304 «
2473 5253 2668 5325 Ligate
2697 5253 2749 5310 ei
2778 5253 2963 5326 pedes
2993 5258 3052 5309 et
3077 5269 3316 5321 manus,
3342 5258 3400 5310 et
3441 5252 3654 5310 mittite
3686 5267 3826 5308 eum
3851 5251 3923 5306 in

2253 5343 2530 5400 tenebras
2551 5343 2868 5400 exteriores
2901 5343 3142 5414 (Matth.
3183 5358 3334 5412 xxu,
3363 5346 3468 5411 13).
3491 5365 3517 5392 ››
3562 5344 3824 5398 Rursum
3855 5341 3924 5397 in

2251 5438 2424 5487 nocte
2455 5431 2697 5502 iniquus
2727 5431 3068 5501 conteritur,
3102 5448 3239 5488 cum
3271 5437 3656 5504 peccatorum
3690 5445 3923 5504 praece-

2251 5521 2521 5576 dentium
2544 5521 2897 5577 confusione
2913 5523 3258 5592 damnatus,
3283 5522 3542 5578 veritatis
3557 5522 3768 5577 lumen
3791 5535 3924 5574 non

2243 5610 2558 5679 ‘invenit,et
2571 5611 3024 5684 quid-deinceps
3043 5611 3595 5682 'ageredebeatnon
3609 5608 3919 5681 agnoscit-
