4120 6156
184 162 279 215 397

885 149 889 154 ’
980 157 1272 213 EPITOME
1310 155 1677 211 MORALIUM
1716 154 1772 209 S.
1815 150 2019 208 GREG.
2069 154 2138 210 IN
2175 154 2316 211 108.
2359 182 2428 196 --
2467 156 2601 211 LIB.
2648 159 2806 212 XXV.

3499 164 3607 219 διε

182 283 368 337 Omne
393 278 618 351 quippe
648 283 963 350 peccatum
985 279 1152 352 quod
1183 285 1386 336 tamen
1429 280 1600 335 citius
1644 279 1836 353 poeni-
1867 281 1914 333 Α
1952 278 2147 334 modis
2180 279 2530 336 admittitur.
2566 284 2712 336 Nam
2744 286 2847 338 aut
2885 282 3242 354 ignorantia,
3292 289 3398 342 aut
3440 285 3606 344 infir-

178 370 359 428 tendo
389 384 514 424 non
544 368 776 437 tegitur,
810 373 914 425 aut
945 374 1262 442 peccatum
1295 375 1387 426 est
1411 374 1467 426 et
1496 385 1679 425 causa
1708 385 1841 441 pec-

175 459 311 523 cati,
368 460 472 514 aut
519 462 834 529 peccatum
873 464 930 515 et
985 474 1167 531 paena
1221 459 1472 531 peccati.
1528 462 1841 515 Peccatum

174 563 446 621 namque
475 546 643 619 quod
672 546 1020 618 poenitentia
1048 565 1172 604 non
1197 549 1389 622 diluit,
1412 550 1548 622 ipso
1571 564 1680 604 suo
1696 564 1844 621 pon-

176 638 319 693 dere
352 652 497 692 mox
524 634 604 691 ad
633 635 797 692 aliud
822 636 1017 693 trahit.
1054 638 1217 694 Unde
1244 638 1310 693 ﬁt
1363 642 1429 694 ut
1479 654 1604 695 non
1646 637 1841 693 solum

176 732 497 801 peccatum
529 725 624 795 sit,
655 724 763 781 sed
788 730 1099 797 peccatum
1129 731 1186 783 et
1225 743 1410 784 causa
1462 726 1709 800 peccati.
1762 729 1842 781 Ex

178 816 279 873 illo
306 818 534 889 quippe
562 814 707 871 vitio
732 815 910 887 culpa
935 816 1310 888 subsequens
1360 818 1567 884 oritur,
1595 832 1667 871 ex
1721 832 1844 887 quo

180 911 401 963 ctecata
422 922 595 961 mens
623 904 861 959 ducitur
893 906 971 961 ad
1001 906 1175 979 pejus
1205 911 1262 963 et
1286 907 1402 962 alio
1440 907 1673 977 ligetur.
1730 905 1844 962 Sed

177 999 494 1070 peccatum
526 993 695 1066 quod
722 1010 795 1049 ex
825 1000 1070 1066 peccato
1093 996 1299 1061 oritur,
1324 1012 1446 1052 non
1468 997 1598 1067 jam
1628 1011 1841 1069 pecca-

178 1089 310 1141 tum
344 1083 786 1154 tantummodo,
818 1085 923 1139 sed
954 1090 1271 1161 peccatum
1301 1091 1390 1142 est
1417 1088 1473 1141 et
1492 1102 1674 1157 pinna
1704 1100 1843 1157 pec-

174 1174 313 1241 cati,
342 1172 487 1246 quia
514 1173 677 1243 justo
708 1172 928 1229 iudicio
959 1174 1341 1246 omnipotens
1376 1178 1527 1230 Deus
1560 1191 1662 1230 cor
1702 1190 1843 1247 pec-

172 1263 371 1318 cantis
410 1259 745 1327 obnubilat,
802 1266 866 1317 ut
914 1263 1305 1334 prsecedentis
1353 1263 1582 1335 peccati
1633 1264 1843 1318 merito

172 1350 359 1406 etiam
388 1350 451 1404 in
475 1348 605 1404 aliis
631 1348 825 1405 cadat.
854 1350 1002 1405 Hinc
1028 1350 1212 1407 David
1240 1351 1319 1407 ait
1350 1368 1364 1407 :
1395 1373 1422 1401 «ι
1455 1354 1710 1425 Appone
1728 1350 1843 1406 ini-

171 1439 469 1512 quitatem
502 1437 1079 1511 superiuiquitatem
1105 1455 1337 1507 eorum,
1365 1446 1422 1496 et
1450 1456 1573 1496 non
1626 1440 1843 1496 intrent

170 1529 233 1585 in
259 1527 552 1599 justitiam
591 1536 751 1582 tuam
784 1530 971 1595 (Psal.
1019 1545 1174 1597 LXIil,
1237 1532 1347 1597 28).
1385 1553 1412 1579 η
1475 1530 1652 1599 Igitur
1698 1529 1843 1601 quia

1950 369 2173 435 mitate,
2206 374 2311 425 aut
2330 370 2530 426 studio
2557 374 2953 443 perpetretur,
2984 377 3042 449 et
3060 374 3311 444 gravius
3357 375 3608 448 quidem

1949 456 2290 515 inﬁrmitate
2317 474 2504 533 quam
2556 460 2916 529 ignorantia,
2968 462 3075 519 sed
3120 464 3310 521 multo
3366 464 3610 534 gravius

1950 546 2146 603 studio
2174 562 2363 621 quam
2384 548 2727 605 inﬁrmitate
2755 553 3055 623 peccatur.
3080 550 3423 621 Ignorantia
3458 557 3610 611 Pau-

1947 633 2042 690 lus
2074 642 2445 708 peccaverat,
2479 653 2619 693 cum
2644 636 2888 694 dicebat
2920 657 2932 694 :
2961 654 2993 693 α
3020 640 3132 703 Qui
3153 641 3324 713 prius
3338 641 3424 698 fui
3448 641 3609 700 blas~

1949 725 2208 797 phemus
2235 729 2293 782 et
2320 732 2688 798 persecutor,
2716 744 2748 779 ›
2777 732 2835 784 et
2884 727 3117 801 reliqua
3166 731 3343 801 (Tim.
3403 745 3442 800 i,
3502 733 3608 804 t3).

1950 815 2154 868 Petrus
2178 829 2317 869 vero
2375 815 2720 871 inﬁrmitate
2778 816 3068 888 peccavit.
3129 818 3425 875 Industrio.
3466 833 3611 876 vero

1950 907 2345 973 peccaverant
2367 903 2447 970 hi,
2471 903 2547 959 de
2575 904 2798 977 quibus
2825 903 3064 962 dicebat
3116 906 3245 978 ipse
3294 908 3608 978 Magister:

1954 1012 1981 1041 ‹‹
2013 991 2069 1046 Si
2097 1006 2223 1047 non
2253 993 2573 1063 venissem,
2605 998 2663 1050 et
2682 994 2918 1050 locutus
2944 996 3029 1051 eis
3076 996 3346 1065 fuissem,
3399 1010 3611 1070 pecea-

1948 1083 2077 1137 tum
2108 1096 2231 1137 non
2262 1082 2573 1151 haberent,
2607 1104 2636 1132 ››
2667 1088 2725 1139 et
2752 1083 2982 1157 reliqua
3008 1086 3210 1154 (Joan.
3239 1099 3342 1156 xv,
3396 1088 3609 1159 22-24).
3692 1144 3707 1153 ,

1952 1172 2100 1227 Sunt
2129 1186 2271 1241 ergo
2302 1172 2577 1228 nonnulli
2627 1173 2690 1228 in
2747 1174 3027 1243 Ecclesia,
3088 1174 3193 1247 qui
3234 1188 3359 1232 non
3408 1176 3612 1233 solum

1948 1258 2115 1315 bona
2166 1274 2290 1315 non
2346 1260 2593 1333 faciunt,
2645 1262 2754 1318 sed
2807 1262 2991 1320 etiam
3037 1270 3500 1337 persequuntur,
3556 1269 3617 1323 et

1924 1365 2088 1421 quas
2108 1348 2221 1421 ipsi
2254 1350 2563 1420 negligant
2591 1351 2784 1407 facere
2820 1352 3003 1408 etiam
3028 1353 3091 1409 in
3135 1352 3269 1409 aliis
3317 1354 3617 1412 detestan-

1926 1442 2067 1511 ,tur.
2100 1438 2325 1494 Horum
2357 1444 2674 1511 peccatum
2705 1439 2926 1497 scilicet
2973 1455 3098 1498 non
3148 1457 3221 1498 ex
3272 1442 3615 1501 inﬁrmitate

1964 1525 2059 1580 vel
2081 1526 2552 1596 ignorantia,sed
2580 1542 2654 1584 ex
2684 1527 2814 1584 solo
2829 1528 3026 1585 studio
3048 1534 3443 1603 perpetretur,
3466 1532 3614 1605 quia

172 1616 654 1689 praecedentibus
683 1617 943 1690 peccatis
962 1623 1218 1675 caecatus
1242 1619 1452 1674 oculus
1472 1618 1691 1687 cordis,
1709 1619 1843 1691 ipsa
1871 1633 1915 1687 Β
1952 1614 2231 1672 videlicet
2256 1617 2307 1673 si
2336 1615 2552 1673 vellent
2578 1617 2828 1689 implere
2858 1618 3043 1685 bona,
3067 1632 3178 1675 nec
3227 1623 3429 1676 tamen
3480 1634 3617 1694 pos-

172 1708 417 1764 caecitas
438 1722 574 1779 qua)
605 1708 909 1778 peccantis
934 1707 1205 1763 animum
1236 1725 1309 1763 ex
1338 1714 1475 1764 ante
1520 1714 1667 1764 actre
1725 1708 1844 1764 cul-

173 1813 270 1871 pae
302 1795 694 1852 damnatione
745 1796 1078 1865 confundit,
1135 1798 1344 1853 merito
1399 1813 1518 1854 nox
1573 1802 1844 1869 vocatur,

173 1886 322 1959 quia
348 1901 459 1957 per
478 1884 637 1941 hanc
665 1884 743 1941 ab
776 1885 965 1941 oculis
1005 1886 1408 1959 delinquentis
1438 1887 1644 1943 lumen
1696 1888 1845 1944 veri-

173 1976 318 2032 tatis
338 1974 748 2031 absconditur.
783 1976 1070 2031 Inducere
1095 1981 1295 2032 autem
1352 1981 1589 2032 noctem
1634 1977 1848 2033 dicitur

174 2064 491 2131 Dominus,
510 2079 633 2119 non
660 2064 824 2136 quod
846 2065 973 2136 ipse
1001 2065 1276 2121 tenebras
1296 2066 1527 2135 inferat,
1553 2067 1656 2122 sed
1680 2065 1848 2139 quod

174 2153 447 2210 obscura
473 2153 661 2209 corda
690 2154 1068 2226 peccantium
1100 2154 1559 2211 misericorditer
1616 2172 1737 2211 non
1786 2155 1849 2210 il-

172 2243 409 2312 lustrat,
434 2246 499 2299 ut
517 2243 632 2298 hoc
660 2243 865 2315 ipsum
887 2243 947 2300 in
974 2249 1147 2300 nocte
1170 2261 1426 2301 caecasse
1451 2246 1547 2310 sit,
1569 2262 1605 2302 a
1620 2245 1847 2302 caeteris

174 2332 443 2390 tenebris
471 2331 724 2389 liberare
751 2333 1031 2389 voluisse.
1070 2335 1362 2407 Sequitur.

248 2424 421 2478 Vsus.
454 2425 542 2477 26.
579 2422 768 2489 Quasi
791 2424 1005 2491 impios
1023 2425 1320 2491 percussit
1346 2439 1441 2480 eos
1469 2425 1534 2480 in
1574 2425 1699 2480 loco
1758 2427 1843 2481 vi—

185 2512 632 2568 denlium.-—ln
661 2510 963 2582 Scriptura
984 2527 1157 2567 sacra
1180 2514 1357 2583 quasi
1385 2512 1713 2584 aliquando
1735 2529 1844 2586 pro

176 2598 598 2671 similitudine,
626 2598 955 2672 aliquando
983 2616 1090 2674 pro
1120 2601 1361 2657 veritate
1400 2604 1548 2674 poni
1599 2618 1848 2660 consue-

170 2688 283 2745 vit.
320 2691 432 2744 Pro
493 2688 880 2745 similitudine
936 2689 1096 2744 enim
1148 2692 1323 2761 quasi
1376 2690 1637 2761 ponitur,
1695 2689 1848 2745 sicut

172 2776 511 2850 Apostolus
540 2776 725 2833 dicit:
785 2797 814 2830 α
842 2778 1023 2843 Quasi
1079 2779 1291 2844 tristes,
1352 2793 1589 2850 semper
1644 2782 1845 2834 autem

172 2866 635 2937 gaudentes(II
660 2866 791 2922 Cor.
827 2883 909 2936 vr,
970 2869 1076 2938 t0).
1116 2891 1140 2915 ››
1200 2870 1309 2923 Pro
1358 2868 1599 2924 veritate
1646 2858 1847 2923 autem

170 2956 452 3031 ponitur,
480 2955 634 3011 sicut
652 2958 911 3012 Joannes
940 2956 1018 3013 ait
1046 2974 1057 3011 :
1085 2974 1116 3009 α
1134 2955 1410 3012 Vidimus
1440 2957 1694 3026 gloriam
1716 2957 1846 3027 ejus

179 3046 444 3117 gloriam
472 3045 653 3118 quasi
680 3046 971 3116 unigeniti
1004 3061 1037 3101 a
1060 3047 1231 3102 Patre
1251 3048 1445 3117 (Joan.
1469 3063 1510 3117 1,
1540 3046 1643 3118 14).
1676 3068 1703 3096 ››
1728 3049 1847 3102 Hoc

175 3140 395 3192 autem
423 3134 557 3190 loco
585 3134 730 3190 nihil
754 3134 953 3191 differt
979 3139 1179 3191 utrum
1199 3152 1310 3208 pro
1335 3135 1744 3200 similitudine,
1768 3151 1847 3191 an

170 3241 294 3299 pro
324 3223 574 3281 veritate
599 3224 673 3279 sit
694 3223 982 3298 positum,
1014 3225 1159 3298 quia
1187 3226 1456 3293 quolibet
1486 3225 1718 3282 dicatur
1758 3240 1849 3281 or-

171 3314 347 3382 dine,
375 3318 577 3387 aperte
602 3329 792 3386 prava
821 3314 1120 3371 malorum
1149 3316 1273 3370 vita
1303 3317 1592 3385 signatur.
1626 3315 1848 3389 Impios

168 3418 329 3461 vero
358 3403 664 3476 Scriptura
711 3418 882 3460 sacra
938 3404 1179 3477 proprie
1231 3404 1504 3461 inﬁdeles
1562 3404 1843 3479 appellat.

170 3495 308 3550 Bac
334 3508 602 3566 namque
629 3492 910 3550 distantia
940 3498 1285 3567 peccatores
1342 3495 1421 3551 ab
1475 3495 1674 3569 impiis
1727 3495 1847 3551 dis-

170 3586 535 3647 cernuntur,
563 3582 706 3655 quia
732 3600 873 3640 cum
898 3584 1097 3640 omnis
1152 3584 1373 3658 impius
1423 3585 1495 3642 sit
1546 3589 1845 3657 peccator,

169 3686 309 3727 non
336 3674 545 3727 tamen
573 3672 771 3728 omnis
799 3678 1081 3745 peccator
1103 3679 1191 3730 est
1219 3674 1443 3746 impius
1472 3693 1510 3755 ς,
1544 3678 1844 3747 peccator,

167 3776 309 3818 non
336 3764 541 3817 tamen
570 3763 769 3819 omnis
789 3768 1067 3835 peccator
1121 3768 1209 3820 est
1262 3764 1522 3836 impius;
1569 3770 1849 3837 peccator

164 3850 348 3906 enim
378 3849 496 3905 dici
516 3852 695 3908 etiam
717 3851 823 3923 qui
852 3851 913 3907 in
944 3850 1064 3907 ﬁde
1088 3852 1224 3925 pius
1272 3857 1363 3908 est
1408 3857 1622 3925 potest.
1682 3853 1849 3910 Unde

154 3942 449 3998 Joannes
477 3939 601 3995 ait:
632 3958 664 3993 ‹
694 3940 751 3996 Si
789 3940 1117 3996 dixerimus
1174 3941 1318 4014 quia
1362 3947 1678 4014 peccatum
1723 3958 1849 3998 non

166 4029 508 4095 habemus,
531 4028 750 4084 veritas
769 4028 834 4087 in
859 4028 1034 4084 nobis
1059 4044 1183 4085 non
1214 4034 1305 4085 est
1333 4032 1392 4103 (Ι
1430 4033 1614 4087 Joan.
1647 4047 1685 4100 1,
1718 4032 1791 4103 8).
1819 4055 1847 4082 η

166 4119 419 4193 Impius
448 4131 593 4173 vero
622 4117 862 4191 proprie
886 4117 1120 4189 dicitur,
1150 4132 1257 4191 qm
1287 4135 1324 4176 a
1374 4119 1677 4190 religionis
1722 4120 1849 4193 pie-

166 4212 299 4265 tate
349 4208 682 4279 separatur.
740 4208 820 4263 De
875 4206 1093 4263 talibus
1146 4207 1307 4263 enim
1354 4209 1645 4280 Propheta
1697 4209 1779 4266 ait
1831 4228 1844 4266 :

166 4318 200 4347 ιε
234 4299 379 4353 Non
404 4299 719 4367 resurgent
746 4295 915 4369 impii
944 4295 1006 4352 in
1022 4296 1250 4368 judicio
1280 4298 1472 4369 (Psal.
1504 4314 1542 4365 1,
1568 4298 1642 4369 5).
1684 4317 1711 4347 ι
1738 4301 1847 4354 Lo-

169 4401 292 4444 cus
322 4387 527 4441 autem
550 4385 885 4444 videntium
919 4391 1132 4443 sancta
1164 4386 1421 4443 Ecclesia
1451 4391 1696 4444 vocatur
1725 4407 1737 4445 :
1785 4388 1848 4445 in

170 4475 324 4550 ipsa
349 4474 510 4531 enim
535 4480 693 4532 recte
720 4475 1081 4547 consistitur,
1108 4480 1175 4531 ut
1203 4475 1410 4533 lumen
1432 4491 1657 4549 verum,
1680 4477 1851 4550 quod

173 4566 346 4620 Deus
369 4566 477 4633 est,
506 4563 801 4622 videatur.
830 4563 996 4621 Unde
1024 4564 1104 4620 ad
1133 4566 1374 4637 Moysen
1399 4564 1614 4620 dicitur
1646 4583 1658 4621 :
1695 4587 1723 4614 «
1755 4567 1853 4620 Est

174 4651 361 4708 locus
391 4666 578 4723 penes
606 4670 725 4720 me,
749 4657 805 4710 et
833 4652 1018 4710 stabis
1044 4668 1229 4727 supra
1251 4658 1487 4729 petram
1504 4670 1643 4710 cum
1664 4657 1852 4712 trans-

175 4740 296 4797 ibit
322 4755 461 4796 mea
488 4742 776 4813 majestas
806 4742 1025 4814 (Exod.
1053 4754 1257 4812 χχχιιι,
1291 4744 1498 4815 21,22).
1536 4762 1566 4797 ›
1598 4746 1665 4800 Et
1716 4746 1854 4816 post

177 4828 507 4902 paululum
537 4847 549 4885 :
584 4852 612 4879 ‹‹
638 4830 922 4887 Auferam
952 4848 1204 4889 manum
1235 4849 1456 4903 meam,
1516 4837 1574 4889 et
1625 4831 1853 4889 videbis

178 4918 523 4991 posteriora
551 4935 689 4976 mea
717 4921 921 4990 (Ibid.,
976 4922 1088 4993 23).
1126 4945 1153 4971 »
1207 4922 1365 4979 Multi
1416 4922 1641 4996 quippe
1697 4921 1858 4980 intra

178 5010 465 5063 sanctam
485 5008 813 5066 Ecclesiam
837 5009 1015 5083 positi
1042 5011 1147 5084 pia
1177 5011 1396 5084 specie,
1445 5018 1611 5068 extra
1656 5012 1852 5069 Eccle-

182 5095 349 5152 siam
376 5095 599 5154 inventi
632 5103 772 5155 sunt
796 5099 984 5173 impia
1012 5101 1486 5157 conversatione.
1522 5103 1601 5157 De
1630 5103 1853 5175 quibus

179 5184 345 5241 bene
376 5185 523 5243 alias
553 5187 843 5261 scriptum
872 5194 961 5246 est
992 5208 1005 5246 :
1041 5212 1068 5240 «
1102 5190 1239 5246 Vidi
1292 5190 1512 5264 impios
1569 5192 1849 5263 sepultos,

182 5275 317 5347 qui,
353 5290 491 5332 cum
522 5276 884 5347 adviverent,
910 5279 971 5335 in
998 5279 1132 5336 loco
1159 5286 1367 5336 sancto
1395 5285 1581 5347 erant,
1631 5284 1687 5336 et
1728 5280 1854 5336 lau-

183 5360 495 5421 dabantur
522 5364 584 5423 in
614 5365 851 5424 civitate
887 5368 1067 5440 quasi
1087 5370 1392 5441 justorum
1421 5385 1607 5443 opera
1635 5369 1852 5439 (Eccle.

184 5465 318 5520 vui,
350 5456 460 5521 10).
490 5476 523 5505 κ
555 5455 833 5527 Sequitur
867 5474 880 5510 ε

266 5540 444 5598 Vens.
473 5546 566 5600 27.
598 5546 715 5612 Qui
736 5546 912 5617 quasi
936 5545 1009 5601 de
1029 5545 1331 5604 industria
1354 5552 1721 5604 recesserunt
1780 5547 1855 5604 ab

1878 4346 1923 4400 D

1955 1709 2104 1773 sent,
2137 1720 2211 1761 ea
2237 1721 2373 1779 quae
2405 1706 2466 1762 in
2488 1722 2553 1762 se
2577 1707 2909 1778 negligunt,
2939 1705 3151 1763 saltem
3175 1707 3239 1763 in
3271 1709 3400 1764 aliis
3450 1722 3617 1767 ama-

1951 1798 2102 1849 rent.
2138 1795 2414 1866 Sequitur
2446 1811 2459 1849 :
2493 1797 2573 1851 Et
2595 1809 2796 1852 omnes
2817 1797 2945 1852 vias
2972 1797 3103 1867 ejus
3146 1798 3485 1869 intelligere
3507 1812 3614 1856 no-

1958 1882 2429 1939 luerunt.—Non
2446 1883 2608 1939 enim
2627 1882 2973 1940 inﬁrmitate
2988 1898 3112 1940 non
3137 1883 3491 1957 intelligunt,
3510 1887 3617 1944 sed

1953 1972 2294 2043 intelligere
2320 1975 2668 2044 noluerunt,
2692 1974 2837 2045 quia
2862 1987 3023 2047 saape
3052 1988 3190 2047 quas
3218 1974 3414 2032 facere
3434 1975 3616 2052 dispi-

1954 2060 2118 2116 ciunt
2145 2062 2329 2118 etiam
2362 2063 2510 2118 scire
2541 2069 2957 2120 contemnunt.
2988 2064 3139 2130 Quia
3154 2063 3617 2137 enimscriptum

1951 2154 2043 2206 est
2076 2168 2087 2205 :
2115 2172 2143 2199 «
2166 2154 2383 2208 Servus
2411 2153 2690 2209 nesciens
2729 2153 3104 2209 voluntatem
3135 2153 3369 2209 Domini
3416 2152 3511 2210 sui
3558 2158 3621 2210 et

1951 2255 2077 2295 non
2102 2239 2330 2297 faciens
2360 2240 2567 2312 digna,
2590 2242 2785 2316 plagis
2817 2241 3133 2315 vapulabit
3158 2243 3389 2316 paucis,
3420 2247 3480 2300 et
3502 2256 3619 2300 ser-

1952 2345 2062 2384 vus
2084 2330 2279 2385 sciens
2300 2330 2675 2387 voluntatem
2706 2331 2943 2387 Domini
2962 2331 3077 2400 sui,
3103 2336 3162 2388 et
3210 2346 3336 2389 non
3392 2332 3618 2389 faciens

1946 2418 2114 2489 juxta
2130 2434 2286 2489 eam,
2314 2420 2629 2493 vapulabit
2653 2418 2858 2477 multis
2886 2421 3053 2493 (Luc.
3078 2433 3175 2489 ιιι,
3206 2425 3299 2492 47,
3320 2422 3434 2493 48).
3461 2445 3487 2473 ι
3510 2423 3617 2480 im-

1950 2507 2281 2579 punitatem
2307 2508 2598 2580 peccandi
2622 2508 2971 2565 existimttnt
2989 2506 3324 2565 remedium
3344 2508 3611 2566 nescien-

1952 2594 2034 2650 di.
2070 2596 2181 2661 Qui
2210 2596 2498 2652 nimirum
2529 2596 2657 2653 sola
2683 2597 2979 2670 superbiae
3006 2597 3261 2668 caligine
3314 2596 3618 2655 tenebras-

1952 2688 2115 2752 cunt,
2140 2689 2320 2757 atque
2349 2686 2486 2742 ideo
2515 2701 2640 2742 non
2670 2670 3044 2755 discernunt;
3068 2687 3215 2759 quia
3263 2685 3431 2743 aliud
3482 2698 3620 2743 nu-

1955 2773 2133 2843 cisse,
2160 2774 2326 2829 aliud
2354 2775 2501 2830 scire
2532 2775 2821 2831 noluisse.
2846 2775 3079 2832 Nescire
3099 2776 3262 2832 enim
3279 2775 3622 2847 ignorantia

1954 2867 2064 2926 est,
2100 2863 2248 2918 scire
2272 2862 2540 2918 noluisse
2569 2861 2875 2936 superbia.
2911 2860 3024 2920 Via
3046 2864 3274 2939 quippe
3300 2869 3393 2923 est
3431 2864 3622 2924 incar-

1955 2956 2111 3007 natus
2142 2953 2339 3007 omnis
2369 2952 2523 3008 actio
2551 2968 2741 3024 quam
2793 2953 3198 3025 temperanter
3244 2954 3448 3025 gessit,
3505 2955 3619 3012 vim

1955 3041 2087 3111 ejus
2108 3044 2247 3096 sunt
2269 3040 2507 3096 vivendi
2530 3040 2797 3111 ordines,
2830 3054 2987 3114 quos
3020 3042 3098 3098 ad
3129 3058 3193 3098 se
3233 3043 3615 3100 venientibus

1954 3129 2184 3185 stravit.
2216 3133 2321 3185 Tot
2348 3129 2549 3202 itaque
2575 3130 2655 3186 ad
2685 3147 2748 3187 se
2775 3130 3153 3188 venientibus
3175 3132 3305 3189 vias
3333 3132 3613 3206 prebuit,

1954 3222 2103 3290 quot
2123 3218 2278 3274 bene
2299 3217 2538 3275 vivendi
2560 3219 2840 3292 exempla
2857 3220 3237 3278 monstravit.
3256 3220 3614 3279 Humilitatis

1953 3308 2086 3379 ejus
2116 3308 2414 3381 Propheta
2439 3309 2571 3365 vias
2597 3314 2937 3383 aspexerat,
2968 3322 3110 3366 cum
3138 3310 3486 3384 suspirabat
3528 3311 3617 3368 di-

1954 3413 2133 3454 cens:
2167 3419 2195 3449 κ
2225 3402 2290 3453 In
2319 3398 2623 3455 mandatis
2669 3399 2784 3455 tuis
2814 3400 3156 3470 exercebar,
3188 3405 3247 3457 et
3275 3399 3617 3460 considera»

1952 3488 2036 3544 bo
2063 3487 2193 3545 vias
2222 3492 2355 3544 tuas
2387 3488 2573 3559 (Psal.
2605 3502 2801 3560 cxvm,
2842 3487 2945 3562 15);
2979 3510 3010 3541 ι»
3036 3490 3189 3555 Quia
3207 3504 3351 3563 ergo
3370 3491 3617 3565 superbi

1954 3576 2182 3649 quique
2210 3576 2562 3633 humilitatis
2607 3578 2931 3635 Dominicaa
2988 3576 3144 3637 facta
3199 3584 3614 3652 contemnunt,

1952 3671 2110 3723 recte
2133 3666 2372 3737 dicitur,
2404 3669 2531 3724 vias
2560 3669 2689 3737 ejus
2716 3670 3055 3740 intelligere
3074 3670 3427 3727 noluerunt.
3481 3669 3616 3726 Viae

1954 3756 2160 3829 itaque
2180 3756 2230 3827 ej
2241 3772 2310 3811 us
2366 3756 2692 3827 intelligere
2747 3762 2858 3826 est,
2914 3763 2975 3814 et
3016 3759 3320 3816 humiliter
3364 3758 3616 3817 tolerare

1954 3844 2318 3915 transitoria,
2348 3849 2407 3901 et
2428 3850 2881 3917 perseveranter
2913 3852 3260 3919 exspectare
3303 3862 3614 3916 mansura,

1955 3938 2025 3991 ut
2051 3935 2328 4007 exemplo
2354 3934 2667 3991 Dominico
2697 3938 2921 3992 aeterna
2947 3941 3253 4008 quaeratur
3274 3937 3464 4008 gloria
3512 3951 3619 4009 op-

1956 4023 2214 4096 probriis
2244 4023 2682 4095 temporalibus
2709 4030 3084 4097 comparata.
3109 4025 3387 4097 Sequitur
3420 4044 3433 4082 :

2027 4115 2199 4168 Vens.
2232 4115 2320 4168 28.
2354 4114 2425 4170 Ut
2443 4114 2765 4183 pervenire
2791 4114 3065 4184 facerent
3093 4115 3176 4171 ad
3216 4131 3347 4171 eum
3399 4116 3623 4173 clamo-

1962 4218 2091 4258 rem
2122 4204 2309 4273 egeni,
2340 4207 2395 4258 et
2444 4203 2684 4259 audiret
2736 4219 2933 4260 vocem
2975 4217 3336 4275 pauperum.
3369 4234 3439 4246 —-
3469 4208 3617 4262 Cum

1961 4292 2122 4348 enim
2141 4292 2235 4348 isti
2257 4292 2628 4365 superbiunt,
2661 4292 2926 4351 clamant
2945 4294 3023 4351 ad
3050 4296 3374 4352 Dominum
3402 4295 3465 4352 hi
3509 4295 3618 4369 qui

1957 4381 2106 4455 ipsis
2137 4381 2619 4455 superbientibus
2645 4383 3088 4456 opprimtmtnr.
3148 4385 3250 4441 Vel
3300 4389 3480 4454 certe,
3534 4383 3619 4441 id-

1959 4472 2118 4528 circo
2172 4471 2388 4527 dicitur
2448 4471 2616 4545 quod
2673 4472 2754 4529 ad
2817 4476 3005 4530 Deum
3058 4473 3329 4532 fecerunt
3391 4473 3618 4532 clamo-

1956 4577 2084 4618 rem
2110 4577 2448 4635 pauperum
2476 4563 2809 4635 pervenire,
2841 4564 2984 4636 quia
3012 4564 3137 4621 istis
3176 4564 3530 4621 cadentibus
3556 4565 3621 4621 in

1958 4668 2168 4707 eorum
2196 4650 2331 4707 loco
2353 4667 2674 4724 pauperes,
2718 4652 2780 4707 id
2826 4657 2915 4709 est
2965 4653 3242 4723 humiles,
3272 4653 3483 4726 spiritu
3525 4670 3622 4708 su-

1959 4743 2311 4812 brogantur.
2349 4745 2415 4797 Et
2436 4742 2581 4814 quia
2628 4743 2742 4798 hoc
2782 4758 2991 4799 eorum
3032 4759 3177 4799 casu
3225 4744 3448 4800 factum
3507 4749 3621 4818 est,

1957 4831 2074 4905 ipsi
2093 4831 2307 4886 fecisse
2333 4830 2688 4899 referuntur,
2723 4847 2794 4887 eo
2840 4830 3110 4888 videlicet
3160 4832 3477 4891 locutionis
3524 4851 3623 4906 ge-

1958 4936 2103 4978 nere
2125 4936 2247 4993 quo
2277 4935 2550 4992 pugnare
2576 4924 2774 4978 castra
2803 4916 3082 4994 dicimus,
3117 4922 3263 4996 quia
3318 4929 3624 4998 pugnatur

1959 5027 2028 5067 ex
2055 5008 2188 5066 illis.
2222 5008 2321 5065 Vel
2350 5014 2527 5075 certe,
2558 5010 2703 5083 quia
2732 5014 2947 5068 cuncta
2971 5028 3107 5085 qute
3137 5013 3412 5086 superius
3463 5014 3624 5072 dicta

1962 5105 2119 5169 sunt,
2147 5098 2352 5155 referri
2377 5099 2558 5155 etiam
2593 5100 2673 5156 ad
2702 5104 2959 5157 rectores
3009 5101 3443 5160 ecclesiasticos
3486 5118 3626 5174 pos-

1962 5194 2123 5256 sunt,
2155 5189 2260 5262 qui
2281 5188 2484 5245 relicto
2512 5188 2954 5262 praedicationis
3006 5191 3223 5260 studio,
3273 5191 3388 5246 sub
3444 5204 3621 5244 occa-

1960 5279 2126 5335 sione
2152 5277 2463 5348 regiminis
2490 5279 2736 5335 terrenis
2756 5279 3010 5351 negotiis
3039 5279 3451 5344 involvuntur,
3484 5280 3623 5351 apte

1961 5368 2353 5441 subjungitur
2380 5385 2393 5423 :
2430 5368 2504 5426 Ut
2529 5371 2843 5439 pervenire
2864 5371 3139 5439 facerent
3191 5366 3273 5422 ad
3300 5378 3435 5420 eum
3495 5366 3625 5424 cla-

1960 5473 2184 5513 morem
2210 5456 2398 5527 egeni,
2424 5462 2478 5513 et
2519 5458 2759 5514 audiret
2808 5471 3005 5512 vocem
3051 5468 3410 5523 pauperum.
3471 5455 3626 5521 Quia

1961 5546 2274 5619 nimirum,
2289 5546 2442 5603 dum
2460 5546 2579 5619 ipsi
2594 5546 2754 5603 curis
2769 5542 3161 5600 saecularibus
3182 5543 3459 5617 occupati
3476 5561 3627 5618 prae»

186 5643 281 5689 ee.
300 5661 373 5677 --
401 5632 721 5694 Sciendum
746 5634 971 5708 quippe
994 5638 1083 5693 est
1106 5634 1275 5708 quod
1294 5639 1612 5711 peccatum
1666 5635 1856 5696 tribus
1964 5635 2283 5694 dicationis
2310 5636 2578 5694 ofﬁcim
2600 5636 2907 5703 deserunt,
2938 5648 3183 5706 gregem
3208 5633 3518 5693 subditum
3561 5634 3624 5691 in
