4130 6146
582 195 684 248 399

1652 183 1710 239 S.
1752 179 2009 238 ODONIS
2045 175 2338 234 ABBATIS
2376 181 2879 243 CLUNIACENSIS
2916 184 2964 238 II

3855 199 3946 255 400

581 309 960 386 querelarum
999 319 1390 378 Prorumpel‘e
1433 303 1694 360 Clamore
1748 300 2138 374 compellunt,
2171 301 2238 354 ut
2270 302 2318 356 Α
2350 309 2624 366 transivit
2652 308 2730 364 ad
2761 323 2970 378 genus,
3005 323 3166 363 nunc
3186 307 3260 364 de
3282 323 3494 378 genere
3523 326 3580 366 se
3607 317 3862 374 convertit
3881 321 3948 376 ad

583 398 754 472 quasi
769 399 902 468 jure
924 393 1342 468 unusquisque
1373 394 1678 465 subjectus
1710 393 1784 448 de
1807 391 1926 447 vita
1957 389 2076 445 ficti
2106 405 2240 462 pas-

583 486 724 542 toris
769 484 1212 550 immurmuret,
1247 499 1352 538 cur
1376 487 1530 538 tenet
1557 479 1822 551 magistri
1863 479 2087 548 locum,
2137 491 2242 549 qui

581 591 704 632 non
733 579 968 630 exercet
995 573 1285 639 ofﬁcium,
1312 571 1590 645 quamvis
1621 571 1872 626 fortasse
1903 566 2116 624 melius
2134 581 2243 639 per

581 669 880 721 tumorem
907 662 1240 736 potentium
1272 661 1553 733 superbia
1597 660 1964 726 Iudaeorum,
2026 660 2084 711 et
2137 670 2244 727 per

584 754 910 811 clamorem
931 767 1268 824 pauperum
1285 750 1580 806 desideria
1599 749 1865 818 gentium
1884 747 2240 816 ﬁgurantur,

585 845 736 900 sicut
757 845 1067 898 attestante
1091 841 1367 908 Veritate,
1400 856 1506 911 per
1533 839 1878 911 epulantem
1929 833 2241 908 splendide

585 933 830 988 divitem
858 930 1144 986 Judaicus
1172 929 1434 1002 populus
1463 928 1830 998 designatur.
1865 929 1929 981 Et
1963 940 2068 996 per
2111 922 2242 978 vul-

587 1026 858 1078 neratum
885 1023 1192 1090 Lazarum,
1217 1018 1322 1090 qui
1353 1019 1771 1090 interpretatur
1815 1016 2083 1084 adjutus,
2124 1011 2243 1066 for-

587 1127 688 1166 ma
710 1109 942 1180 gentilis
973 1107 1180 1180 populi
1213 1106 1583 1180 exprimitur.
1619 1105 1734 1160 Illis
1761 1120 1901 1174 ergo
1944 1100 2244 1176 peccanti-

587 1201 701 1255 bus
729 1215 1066 1271 pauperum
1097 1197 1325 1252 clamor
1355 1195 1616 1264 auditur,
1664 1195 1806 1266 quia
1855 1193 2002 1248 dum
2054 1189 2246 1245 Judaei

588 1295 794 1346 contra
829 1293 1012 1343 Deum
1045 1287 1418 1360 superbiunt,
1446 1286 1526 1342 ad
1557 1287 1744 1340 Deum
1777 1289 1914 1338 vota
1937 1280 2244 1352 gentilium

587 1381 1002 1450 pervenerunt.
1029 1377 1306 1448 Sequitur
1335 1393 1347 1430 :

662 1467 832 1522 Vens.
862 1467 1090 1534 '29.]pso
1111 1469 1266 1521 enim
1289 1464 1641 1520 concedente
1690 1478 1915 1532 pacem,
1977 1461 2106 1532 quis
2162 1463 2246 1516 est

587 1558 691 1628 qui
708 1557 1049 1610 condemnet
1081 1561 1107 1608 1’
1126 1555 1224 1608 Ea:
1247 1571 1360 1624 quo
1392 1553 1770 1608 absconderit
1795 1551 2024 1606 vultum
2050 1565 2242 1609 suum,

589 1647 718 1716 quis
748 1645 960 1714 estqui
991 1645 1422 1712 contempletur
1451 1657 1582 1696 eum
1615 1643 1904 1696 ?—-—Nemo
1938 1653 2080 1706 ergo
2121 1637 2244 1692 dis-
2281 1658 2316 1710 Β

589 1735 898 1790 cutiatcur
919 1737 1108 1786 stante
1137 1731 1382 1786 Iudaico
1413 1729 1638 1803 populo
1663 1728 1898 1783 dudum
1929 1727 1990 1782 in
2037 1725 2246 1782 inﬁde-

585 1821 742 1878 litate
774 1821 1068 1890 gentilitas
1097 1820 1301 1891 jacuit,
1331 1836 1436 1874 cur
1468 1819 1543 1874 ad
1573 1817 1753 1872 tidem
1775 1815 2099 1886 gentilitate
2121 1831 2246 1870 sur-

589 1917 762 1981 gente
789 1910 1107 1965 Judaicum
1127 1909 1424 1982 populum
1455 1906 1820 1963 infidelitatis
1845 1905 2022 1977 culpa
2075 1919 2246 1976 pros-

587 2001 780 2056 travit.
813 2003 997 2055 Nemo
1026 1999 1304 2054 discutiat
1327 2015 1432 2054 cur
1453 1996 1604 2054 alius
1633 1995 1902 2051 trahatur
1935 2009 2006 2048 ex
2059 1993 2243 2058 dono,

587 2089 740 2146 alius
772 2087 1092 2161 repellatur
1149 2103 1223 2144 ex
1275 2087 1504 2142 merito.
1539 2085 1594 2142 Si
1647 2085 1807 2140 enim
1860 2082 2246 2154 gentilitatem

585 2179 822 2235 miraris
852 2181 1232 2249 assumptam
1255 2178 1380 2246 ipso
1431 2175 1784 2232 concedente
1831 2189 2064 2243 pacem,
2115 2171 2245 2242 quis

585 2275 670 2325 est
699 2269 804 2341 qui
823 2267 1171 2324 condemnet
1201 2270 1229 2320 ?
1249 2265 1306 2320 Si
1327 2267 1352 2320 J
1367 2265 1603 2320 udteam
1627 2261 1999 2334 obstupescis
2045 2259 2244 2332 perdi-

585 2361 729 2424 tam,
755 2373 828 2412 ex
855 2371 979 2428 quo
1013 2353 1398 2412 absconderit
1437 2351 1668 2408 vultum
1727 2367 1925 2418 suum,
1976 2349 2110 2422 quis
2159 2351 2248 2402 est

583 2447 692 2519 qui
715 2445 1148 2516 contempletur
1173 2460 1312 2500 eum
1342 2445 1370 2499 ?
1403 2447 1604 2514 Itaque
1648 2439 1964 2496 consilium
1991 2453 2245 2494 summae

583 2540 642 2591 et
670 2535 916 2591 occultae
937 2533 1169 2590 virtutis
1219 2532 1544 2589 satisfactio
1603 2531 1676 2586 sit
1719 2533 1920 2602 aperte
1971 2528 2240 2591 rationis,

587 2624 754 2678 Unde
779 2623 838 2678 in
869 2621 1186 2691 Evangelia
1219 2621 1508 2676 Dominus
1529 2635 1668 2676 cum
1693 2619 1766 2674 de
1791 2619 1972 2690 hujus
2001 2617 2080 2673 rei
2106 2633 2242 2672 cau-

585 2728 654 2768 sa
677 2713 1042 2785 loqueretur,
1075 2711 1156 2767 ait
1188 2727 1202 2766 :
1236 2733 1262 2760 ‹‹
1291 2710 1588 2768 Confiteor
1619 2709 1742 2778 tibi,
1775 2708 2054 2779 Domine,
2079 2710 2244 2763 Pater

583 2803 716 2859 coeli
745 2809 802 2858 et
833 2807 1018 2870 terrae,
1047 2801 1152 2874 qui
1179 2799 1546 2856 abscondisti
1575 2799 1700 2854 haec
1725 2815 1761 2853 a
1787 2797 2157 2862 sapientibus
2187 2799 2242 2852 et

581 2891 998 2965 prudentibus,
1029 2899 1085 2946 et
1107 2889 1380 2946 revelasti
1409 2907 1481 2946 ea
1515 2889 1779 2962 parvulis
1833 2887 2074 2958 (Matth.
2133 2902 2237 2955 xu,

2351 399 2632 472 speciem.
2669 401 2880 454 Verum
2911 412 3176 469 namque
3205 411 3406 468 regem
3455 413 3622 472 super
3661 401 3843 460 Judaea
3877 423 3950 464 re-

2351 503 2538 560 gnare
2567 487 2775 554 noluit,
2807 491 2863 543 et
2893 486 3112 542 idcirco
3143 503 3214 542 ex
3243 486 3515 556 gentibus
3561 491 3764 547 meritis
3790 493 3948 568 hypo-

2349 578 2562 634 critam
2595 577 2839 650 accepit,
2869 577 3020 632 sicut
3047 593 3290 649 quoque
3335 576 3552 632 Veritas
3577 577 3633 633 in
3675 582 3952 652 Evangelia

2351 667 2492 724 dicit
2525 685 2536 722 :
2573 689 2600 714 «
2635 669 2755 736 Ego
2783 665 2918 721 veni
2971 666 3032 720 in
3077 664 3320 722 nomine
3365 666 3543 721 Patris
3589 668 3716 736 mei,
3764 675 3814 726 et
3853 687 3951 728 non

2351 756 2661 828 accepistis
2693 772 2825 824 me;
2881 755 3031 810 alius
3073 755 3270 810 veniet
3311 755 3372 810 in
3403 755 3636 811 nomine
3665 774 3784 826 suo,
3821 761 3956 818 hunc

2351 845 2653 919 accipietis
2685 845 2885 916 (Joan.
2915 861 2967 908 γ.
2999 845 3112 916 43).
3151 867 3178 894 ι)
3203 847 3400 900 Potest
3439 843 3612 900 etiam
3657 861 3755 918 per
3800 847 3957 922 hypo-

2353 936 2585 1006 critam,
2613 939 2794 1008 caput
2823 933 3212 990 Antichristus
3245 932 3618 1006 [Antichristi]
3665 934 3958 1006 designari;

2355 1023 2636 1080 seductor
2663 1024 2888 1096 quippe
2912 1021 3007 1078 ille
3036 1027 3179 1078 tunc
3227 1022 3594 1078 sanctitatem
3641 1023 3876 1096 simulat,
3909 1031 3962 1083 ut

2355 1112 2434 1169 ad
2463 1111 3073 1184 iniquitatem-trahat,
3105 1109 3212 1166 sed
3241 1115 3484 1182 propter
3509 1117 3745 1183 peccata
3785 1114 3962 1186 populi

2353 1217 2604 1272 regnare
2653 1199 3029 1273 permittitur,
3057 1199 3200 1272 quia
3236 1199 3521 1254 nimirum
3561 1205 3696 1256 tunc
3735 1201 3835 1274 ipsi
3871 1203 3962 1258 sub

2353 1291 2512 1347 illius
2545 1289 2830 1360 regimine
2855 1288 3353 1362 praeordinantur,
3386 1287 3530 1360 quia
3557 1287 3716 1358 digni
3741 1290 3856 1360 ejus
3872 1293 3962 1346 Do-

2355 1379 2521 1435 mino
2552 1384 2688 1435 ante
2719 1377 2938 1433 szecula
2967 1376 3360 1450 praesciuntur
3389 1376 3494 1448 qui
3525 1378 3770 1448 peccatis
3798 1377 3966 1434 subse-

2356 1467 2678 1542 quentibus
2705 1466 2969 1535 exigunt,
3003 1469 3068 1520 ut
3097 1464 3213 1520 sub
3241 1463 3341 1520 illo
3366 1464 3604 1535 judiciis
3641 1481 3964 1537 preacurren-

2357 1558 2516 1614 tibus
2561 1557 2978 1629 disponantur.
3028 1553 3202 1620 Quod
3245 1569 3389 1623 ergo
3438 1559 3578 1608 tunc
3623 1553 3966 1610 Antichristus

2355 1661 2536 1720 super
2563 1644 2783 1716 impios
2811 1648 3040 1714 regnat,
3073 1657 3196 1698 non
3225 1647 3316 1698 est
3345 1657 3416 1696 ex
3447 1641 3728 1712 injustitia
3764 1641 3965 1712 judicis,

2356 1735 2460 1791 sed
2491 1751 2564 1790 ex
2593 1732 2772 1806 culpa
2801 1731 3076 1804 patientis
3102 1749 3114 1798 ;
3149 1731 3428 1804 quamvis
3457 1729 3719 1802 plerique
3747 1735 3799 1786 et
3843 1731 3970 1803 prin-

2353 1825 2622 1897 cipatum
2647 1823 2801 1878 illius
2827 1837 2949 1878 non
2977 1820 3272 1886 viderunt,
3301 1825 3358 1876 et
3387 1824 3588 1876 tamen
3619 1819 3744 1890 ejus
3793 1819 3968 1891 princi-

2353 1915 2522 1987 patui
2543 1917 2926 1986 peccatorum
2966 1926 3218 1966 suorum
3267 1909 3610 1968 conditione
3655 1909 3965 1970 deserviunt,

2355 2004 2500 2076 quia
2529 2007 2585 2058 et
2629 2017 2814 2074 quem
2857 1999 3270 2056 dominantem
3313 1997 3430 2054 sibi
3479 1998 3720 2054 minime
3767 1997 3966 2069 conspi-

2355 2093 2540 2163 ciunt,
2573 2107 2712 2146 eum
2743 2087 2952 2162 procul
2982 2087 3170 2143 dubio
3217 2103 3498 2160 perverse
3547 2085 3788 2143 vivendo
3831 2101 3968 2140 vene—

2354 2185 2580 2238 rantur.
2615 2185 2700 2234 An
2734 2194 2856 2234 non
2901 2178 3032 2249 ejus
3061 2177 3339 2233 membra
3389 2181 3532 2232 sunt
3577 2176 3680 2249 qui
3719 2191 3816 2248 per
3859 2174 3968 2230 aﬂ‘e-

2355 2275 2524 2328 ctatae
2551 2267 2876 2325 sanctitatis
2904 2265 3166 2338 speciem
3191 2271 3488 2339 appetunt
3507 2265 3692 2320 videri
3705 2263 3854 2337 quod
3873 2279 3968 2318 non

2356 2366 2494 2416 sunt
2522 2361 2534 2415 ι
2571 2359 2670 2414 Ille
2691 2372 2954 2430 namque
2983 2355 3390 2428 principaliter
3411 2354 3772 2428 hypocrisim
3792 2357 3965 2408 sumet.

2352 2449 2497 2523 quia
2525 2464 2663 2504 cum
2693 2446 2766 2502 sit
2794 2444 3116 2501 damnatus
3147 2444 3332 2500 homo
3364 2449 3424 2500 et
3451 2459 3712 2518 nequam
3749 2442 3965 2514 spiritus,

2355 2543 2542 2596 Deum
2575 2553 2636 2592 se
2659 2551 2786 2592 esse
2817 2533 3118 2600 mentitur,
3158 2533 3266 2589 sed
3313 2533 3530 2606 procul
3555 2532 3736 2588 dubio
3763 2547 3828 2586 ex
3867 2529 3969 2600 ejus

2352 2644 2514 2685 nunc
2567 2641 2815 2698 corpore
2845 2623 3144 2696 prodeunt
3171 2623 3276 2695 qui
3319 2622 3664 2696 iniquitates
3711 2636 3838 2676 suas
3879 2617 3968 2674 sub

2353 2717 2612 2788 tegmine
2643 2714 2792 2771 sacri
2823 2713 3068 2768 honoris
3097 2712 3508 2780 abscondunt,
3543 2717 3606 2768 ut
3649 2708 3970 2784 professione

2349 2807 2534 2866 videri
2563 2807 2869 2878 appetant,
2899 2801 3066 2875 quod
3083 2817 3210 2857 esse
3239 2801 3530 2874 operibus
3555 2803 3836 2868 recusant,
3855 2797 3970 2869 quia

2349 2897 2510 2954 enim
2540 2894 2828 2965 scriptum
2877 2895 2966 2946 est
2997 2909 3008 2945 :
3057 2913 3084 2939 ‹‹
3121 2889 3325 2946 Omnis
3357 2890 3468 2962 qui
3497 2889 3638 2946 facit
3682 2891 3970 2962 peccatum.

581 2983 694 3054 35).
727 3001 758 3036 »
795 2981 1070 3054 Sequitur
1103 2981 1224 3035 :Et
1263 2995 1444 3050 super
1489 2983 1690 3050 gentes
1739 2984 1792 3034 et
1841 2991 2020 3046 super
2040 2989 2238 3032 omnes

2350 3002 2556 3042 servus
2585 2987 2674 3040 est
2695 2981 2925 3055 peccati
2957 2982 3152 3052 (Joan.
3205 2995 3326 3046 vm,
3363 2983 3534 3046 34).»
3583 2981 3806 3045 Quanto
3849 2989 3972 3032 nunc

581 3071 1024 3128 homines—Ac
1056 3070 1106 3126 si
1161 3073 1364 3142 aperte
1425 3069 1866 3126 admoneantur
1913 3067 2234 3132 attendere,

579 3161 724 3234 quia
751 3162 866 3216 hoc
893 3159 1189 3231 judicium
1217 3157 1384 3231 quod
1411 3173 1590 3230 super
1619 3173 1804 3212 unam
1833 3155 2237 3226 gentem,des-

579 3251 842 3316 cribitur,
873 3249 1050 3304 etiam
1073 3263 1252 3320 super
1280 3263 1492 3303 omnes
1520 3247 1796 3302 homines
1825 3245 2106 3302 invisibili
2135 3261 2238 3300 ex-

569 3337 936 3395 aminatione
969 3337 1319 3406 celebratur,
1383 3341 1447 3392 ut
1485 3337 1636 3392 alius
1689 3335 2028 3409 repellatur,
2087 3334 2237 3390 alius

569 3427 822 3498 eligatur
845 3427 1104 3494 occulte,
1127 3426 1232 3482 sed
1261 3425 1462 3482 nullus
1491 3427 1726 3496 injuste.
1759 3429 1876 3481 Hoc
1907 3441 2049 3495 ergo
2071 3424 2238 3498 quod

577 3516 642 3572 in
671 3515 952 3572 maximis
979 3515 1104 3570 fieri
1135 3515 1454 3580 cernimus,
1483 3515 1660 3570 etiam
1693 3515 1753 3569 in
1781 3515 1954 3570 nobis
1984 3513 2234 3584 singulis

577 3609 750 3662 caute
779 3605 1116 3660 timeamus.
1155 3605 1246 3660 Sic
1278 3603 1438 3660 enim
1464 3603 1854 3659 intenduntur
1900 3603 2104 3659 divina
2145 3605 2238 3674 ju-

578 3694 734 3750 dicia
762 3709 941 3766 super
971 3709 1155 3750 unam
1179 3697 1437 3762 gentem,
1473 3693 1625 3748 sicut
1669 3709 1850 3764 super
1895 3693 2234 3750 universam

575 3783 810 3854 generis
839 3783 1090 3840 humani
1109 3782 1574 3838 multitudinem.
1631 3782 1780 3846 Quia
1827 3787 1882 3838 et
1925 3783 2006 3838 sic
2047 3783 2234 3838 inten-

571 3873 658 3930 dit
685 3872 973 3930 Dominus
1000 3871 1271 3943 singulis,
1303 3887 1372 3930 ac
1391 3872 1438 3926 si
1469 3877 1639 3928 vacet
1664 3887 1700 3926 a
1741 3873 1990 3942 cunctis,
2043 3877 2100 3928 et
2151 3873 2233 3929 sic

577 3961 756 4018 simul
785 3960 1036 4018 intendit
1066 3960 1372 4032 omnibus,
1401 3977 1470 4017 ac
1495 3960 1546 4017 si
1567 3965 1738 4017 vacet
1759 3978 1794 4016 a
1826 3961 2094 4032 singulis.
2125 3963 2232 4028 Qui

573 4051 734 4107 enim
765 4050 968 4106 omnia
999 4049 1478 4106 administrando
1505 4049 1732 4122 implet,
1779 4055 1943 4120 reget
1983 4051 2235 4123 implen-

571 4141 651 4196 do
685 4159 698 4208 ;
723 4157 832 4195 nec
863 4139 1138 4196 universo
1169 4139 1336 4196 deest
1365 4155 1506 4194 cum
1537 4139 1802 4212 disponit
1851 4157 2059 4206 unum,
2121 4157 2232 4197 nec

569 4229 674 4284 uni
702 4229 868 4283 deest
896 4243 1034 4282 cum
1065 4227 1330 4298 disponit
1353 4229 1719 4298 universum,
1753 4235 1972 4284 sanctae
2013 4229 2232 4286 scilicet

568 4321 798 4372 naturae
833 4333 944 4372 sua
971 4315 1237 4389 potentia
1259 4320 1427 4372 vetus
1451 4321 1745 4388 operatur.
1795 4318 2070 4388 Sequitur
2103 4337 2114 4374 :

2347 3074 2590 3131 liberius
2621 3073 2920 3140 peragunt
2947 3083 3226 3141 perversa
3258 3083 3410 3140 qua;
3437 3066 3668 3134 volunt,
3705 3071 3856 3122 tanto
3879 3063 3978 3134 ejus

2350 3163 2588 3220 servitio
2619 3159 2862 3216 obnoxii
2884 3158 3242 3228 obligantur.
3267 3156 3381 3212 Sed
3415 3157 3608 3230 quaeri
3639 3159 3820 3230 potest
3839 3152 3980 3208 ratio-

2347 3249 2528 3305 nabili
2537 3253 2622 3304 ter
2645 3246 2954 3320 quomodo
2971 3245 3156 3301 hocin
3173 3244 3308 3300 loco
3328 3245 3581 3314 dicitur,
3596 3243 3758 3318 quod
3770 3253 3981 3314 regnare

2349 3339 2727 3409 hypocritam
2752 3335 3040 3392 Dominus
3061 3333 3222 3404 facit,
3257 3349 3412 3390 cum
3439 3336 3558 3392 hac
3588 3335 3662 3390 de
3689 3349 3750 3389 re
3795 3327 3978 3404 specia-

2345 3425 2477 3482 liter
2505 3427 2772 3500 queritur
2797 3441 2904 3498 per
2929 3425 3286 3497 prophetam
3317 3423 3546 3481 dicens
3577 3443 3592 3480 :
3625 3447 3653 3472 ‹‹
3675 3423 3784 3497 Ipsi
3809 3433 3978 3490 regna-

2347 3519 2582 3582 verunt,
2613 3521 2820 3570 etnon
2851 3529 2925 3568 ex
2975 3529 3072 3568 me
3107 3531 3118 3580 ;
3175 3512 3498 3586 principes
3554 3513 3902 3578 exstiterunt,
3941 3509 3980 3559 et

2346 3620 2468 3659 non
2499 3604 2754 3674 cognovi
2779 3603 2930 3670 (Ose.
2958 3619 3079 3672 VIII,
3103 3604 3177 3672 4).
3208 3625 3236 3652 ››
3267 3602 3424 3668 Quis
3475 3603 3640 3660 enim
3687 3604 3832 3658 recte
3879 3609 3982 3650 sen-

2347 3694 2495 3748 tiens
2525 3693 2704 3760 dicat,
2737 3692 2881 3764 quia
2905 3691 3352 3747 facitDominus
3415 3693 3591 3766 quod
3631 3691 3862 3747 minime
3909 3699 3984 3740 co-

2345 3783 2576 3854 gnoscit
2600 3801 2614 3852 ;
2643 3783 2746 3838 sed
2775 3782 2922 3855 quia
2946 3782 3094 3838 scire
3137 3782 3240 3837 Dei
3269 3783 3634 3856 approbare
3664 3787 3768 3852 est,
3797 3775 3982 3835 nescire

2343 3873 2684 3946 reprobare.
2711 3871 2874 3928 [Inde
2906 3871 3274 3944 quibusdam
3306 3887 3482 3944 quos
3511 3872 3792 3946 reprobat
3836 3865 3980 3922 dicit:

2343 3985 2372 4014 «
2407 3963 2614 4019 Nescio
2635 3979 2742 4018 vos
2765 3961 2923 4016 unde
2979 3961 3122 4016 sitis.
3185 3960 3494 4018 Discedite
3548 3979 3584 4018 a
3642 3977 3757 4028 me,
3811 3967 3984 4013 omnes

2343 4051 2596 4124 operarii
2619 4051 2946 4122 iniquitatis
2977 4051 3144 4119 (Luc.
3171 4065 3292 4120 xm,
3321 4053 3556 4119 25,27).
3593 4073 3622 4100 »
3651 4054 3716 4106 Et
3758 4047 3988 4118 aliquan-

2341 4141 2421 4196 do
2447 4142 2640 4198 facere
2669 4140 2768 4196 Dei
2791 4143 2899 4209 est,
2933 4155 3072 4194 cum
3097 4138 3181 4208 id,
3205 4139 3377 4210 quod
3397 4140 3532 4196 ﬁeri
3551 4138 3844 4214 prohibet,
3869 4133 3980 4188 iras-

2341 4230 2532 4286 cendo
2559 4229 2843 4303 permittit
2867 4228 3090 4284 metire.
3147 4229 3310 4284 Unde
3341 4233 3404 4285 et
3445 4231 3612 4298 regis
3653 4225 3873 4299 Aigypti
3907 4235 3985 4276 cor

2342 4335 2404 4375 se
2433 4319 2730 4375 obdurare
2753 4317 3024 4387 asseruit,
3055 4316 3197 4390 quia
3225 4317 3513 4374 videlicet
3550 4313 3832 4374 obdurari
3877 4325 3982 4384 per-

641 4406 804 4459 Vens.
829 4407 917 4460 30.
955 4405 1068 4470 Qui
1093 4418 1348 4474 regnare
1371 4404 1518 4472 fecit
1541 4403 1830 4460 hominem
1849 4407 2224 4474 hypocritam
2257 4389 2300 4442 Ῑ)
2341 4407 2520 4463 misit.
2555 4407 2692 4464 Miro
2723 4405 2907 4462 modo
2929 4389 3272 4478 hypccritas
3305 4407 3616 4463 Dominus
3645 4417 3882 4476 regnare
3925 4397 3988 4452 la-

563 4497 814 4563 propter
833 4499 1086 4562 peccata
1126 4493 1358 4562 populi.
1387 4524 1456 4532 —
1501 4492 1650 4558 Quia
1691 4493 1871 4563 igitur
1907 4494 1980 4550 de
2031 4497 2228 4569 specie

611 4751 742 4760 ν---συι
767 4751 780 4757 ..
817 4755 822 4757 .
851 4753 868 4758 _
893 4755 900 4758 .
941 4753 962 4756 ..
989 4753 996 4756 .
1037 4753 1040 4756 .
1113 4752 1258 4758 _.__._.--.
1285 4753 1294 4758 -
1315 4753 1442 4758 _____,.

2339 4499 2418 4555 cit
2447 4501 2502 4554 et
2531 4497 2722 4572 nescit
2749 4515 2762 4564 ;
2795 4495 2936 4552 facit
2965 4494 3237 4564 sinendo,
3271 4496 3474 4552 nescit
3499 4491 3896 4569 reprobando.

1525 4981 1854 5072 LIBER
1943 4987 2383 5078 VICESIM
2395 4988 2524 5076 US
2609 4989 3054 5078 SEXTUS.

2058 5231 2470 5246 “—

609 5401 778 5456 Vnus.
793 5405 852 5457 31
868 5401 1290 5474 ,32.Quiaergo
1309 5405 1542 5461 locutus
1555 5421 1686 5462 sum
1699 5407 1782 5464 ad
1789 5408 1976 5464 Deum
1985 5413 2064 5478 ,te
2078 5425 2216 5479 quo-

558 5503 671 5559 que
699 5505 818 5545 non
841 5491 1186 5558 prohibebo.
1217 5492 1285 5548 Si
1304 5496 1525 5566 erravi,
1561 5500 1624 5550 tu
1646 5495 1787 5552 doce
1809 5497 2218 5566 me.Siiniqui-

558 5583 736 5632 tatem
763 5578 992 5634 locutus
1017 5595 1168 5648 sum,
1203 5581 1372 5638 ultra
1402 5597 1522 5636 non
1545 5582 2027 5638 addam—Sicut
2057 5600 2214 5656 saepe

553 5665 844 5734 contingit
859 5671 920 5722 ut
947 5667 1112 5722 bona
1133 5665 1462 5743 loquantur
1476 5673 1533 5725 et
1550 5669 1720 5742 mali,
1737 5670 1928 5730 multa
1959 5671 2086 5728 Elin
2103 5673 2217 5732 for-

2323 5409 2405 5464 tia
2423 5408 2606 5482 paulo
2635 5409 2906 5481 superius
2928 5425 2989 5464 se
3015 5407 3236 5464 dixisse
3257 5411 3600 5476 memorat,
3620 5411 3680 5462 et
3703 5405 3988 5460 secuturus

2323 5497 2566 5566 idcirco,
2599 5513 2674 5553 ne
2729 5497 2977 5554 fortasse
3027 5497 3328 5562 erraverit,
3383 5495 3770 5571 requirebat.
3815 5492 3988 5559 Neque

2323 5587 2482 5643 enim
2511 5585 2852 5658 requireret,
2881 5587 2928 5642 si
2947 5603 3010 5643 se
3030 5603 3258 5644 errasse
3279 5585 3676 5642 credidisset.
3727 5585 3821 5638 Est
3845 5589 3990 5634 nam-

2322 5691 2462 5748 que:
2489 5679 2554 5731 ιιι
2572 5674 2713 5744 ἀὶκὶ,
2743 5676 2988 5750 prapria
3003 5674 3426 5748 arrogantium
3457 5675 3662 5747 fraus,
3689 5677 3756 5729 ut
3777 5675 3906 5726 tunc
3927 5659 3988 5716 de
