4112 6152
223 119 322 177 401

985 112 989 116 ’
1049 122 1343 180 ΕΡῙΤΟΜΕ
1373 125 1736 182 MORALIUM
1770 122 1826 178 ς.
1857 119 2063 177 GREG.
2097 125 2166 178 IN
2195 124 2333 180 JOB.
2364 159 2433 168 —
2462 130 2588 185 LIB.
2644 133 2817 188 XXVI.

3540 135 3646 194 402

222 255 411 297 errore
432 239 733 312 requirere
755 241 1050 308 studeant,
1083 243 1330 314 quando
1359 260 1422 300 se
1447 244 1723 300 noverint
1747 257 1870 298 non
1909 244 1955 296 A
1985 245 2165 299 tatem
2199 261 2260 301 se
2287 247 2523 316 erigunt
2551 266 2736 322 quam
2782 251 3147 323 relinquunt.
3204 253 3312 318 Qui
3343 253 3502 309 enim
3547 271 3647 311 ne-

216 345 457 386 errasse.
493 329 604 395 Qui
622 346 862 387 rursum
891 333 1188 405 requirere
1219 333 1313 389 vel
1360 335 1532 404 argui
1563 335 1638 389 de
1671 347 1870 388 errore

212 417 560 490 despiciunt,
593 419 641 474 si
670 420 914 491 quando
946 437 1008 477 se
1035 437 1263 478 errasse
1311 423 1600 479 veraciter
1652 436 1872 492 cogno-

217 511 406 563 scunt.
441 507 717 579 Sequitur
749 525 762 562 :

283 598 448 652 Vsus.
481 600 570 652 33.
597 598 891 668 Nunquid
917 613 954 655 a
984 604 1038 655 te
1064 601 1223 656 Deus
1251 603 1475 672 expetit
1529 617 1680 671 eam,
1726 600 1870 670 quia

215 687 516 756 displicuit
549 686 704 741 tibi?
733 719 799 727 —
832 689 914 744 Ac
947 688 997 743 si
1015 689 1234 746 diceret
1284 708 1297 746 :
1356 694 1477 761 Ego
1509 707 1716 747 coram
1752 692 1869 745 Deo

215 775 466 832 rationes
496 774 798 847 positurus
827 793 982 832 sum.
1019 780 1133 834 Cur
1150 779 1333 834 modo
1362 779 1645 852 iniquitas
1675 794 1814 834 mea
1834 793 1871 833 a

216 869 266 920 te
292 863 744 935 reprehenditur
763 864 792 919 ‘I
820 866 961 930 Quae
994 872 1226 923 constat
1251 868 1413 940 quia,
1432 868 1595 940 quod
1623 867 1683 924 in
1709 865 1869 938 judi-

215 953 298 1009 cio
322 967 358 1008 a
384 956 440 1007 te
471 967 594 1008 non
617 952 976 1024 requiratur.
1002 956 1160 1010 Recti
1180 955 1312 1022 viri,
1346 973 1484 1011 cum
1517 956 1734 1026 injuste
1789 955 1867 1011 ab

211 1039 553 1097 hominibus
579 1039 968 1112 impetuntur,
998 1041 1078 1097 ad
1095 1058 1429 1114 supernum
1455 1044 1753 1114 judicium
1775 1059 1867 1098 re-

211 1134 470 1186 currunt.
505 1129 671 1186 Unde
693 1134 751 1187 et
779 1130 858 1186 ab
889 1131 1102 1188 eodem
1121 1133 1232 1188 Job
1254 1133 1470 1188 dicitur
1501 1151 1514 1187 :
1571 1156 1598 1182 «
1630 1136 1774 1189 Ecce
1805 1133 1866 1188 in

210 1220 352 1287 cqalo
380 1219 548 1275 testis
576 1235 770 1290 meus,
794 1225 852 1276 et
877 1222 1156 1277 conscius
1176 1237 1348 1278 meus
1371 1222 1431 1278 in
1443 1222 1691 1278 excelsis
1715 1223 1863 1292 (Job.

207 1325 319 1376 xvx,
349 1309 467 1380 20).
494 1331 523 1359 »
551 1311 617 1364 Et
646 1309 791 1381 quia
816 1311 870 1364 ei
898 1325 1287 1382 summopere
1327 1310 1561 1383 placere
1594 1311 1865 1383 cupiunt,

208 1399 330 1469 ejus
355 1397 544 1454 solius
574 1398 981 1454 testimonium
1033 1399 1363 1467 requirunt.
1416 1400 1682 1455 Perversi
1713 1416 1864 1473 quo-

208 1502 319 1559 que
364 1486 515 1559 quia
555 1488 856 1558 justorum
885 1487 1071 1544 vitam
1098 1487 1403 1556 deserunt,
1437 1489 1541 1544 sed
1588 1504 1866 1544 nonnun-

125 1635 131 1640 ,
209 1591 387 1648 quam
414 1576 654 1649 eloquia
685 1582 1042 1648 scrutantur,
1075 1594 1215 1634 cum
1245 1577 1319 1634 de
1350 1578 1472 1633 suis
1502 1578 1659 1634 male
1683 1578 1863 1648 gestis

208 1664 609 1738 increpantur,
633 1666 746 1721 hoc
773 1671 1092 1722 assumunt
1119 1667 1180 1722 in
1241 1671 1597 1736 argumento
1659 1667 1860 1722 defen-

208 1753 408 1819 sionis,
442 1753 609 1826 quod
625 1755 768 1825 justi
788 1755 1099 1826 proferunt
1116 1772 1257 1810 cum
1279 1755 1616 1811 testimonio
1636 1757 1861 1828 purita-

207 1845 296 1899 tis.
322 1843 487 1900 Unde
513 1844 597 1899 eis
627 1850 685 1900 et
711 1846 1082 1901 consuetudo
1097 1846 1228 1916 jam
1250 1846 1407 1902 facta
1434 1850 1543 1914 est,
1575 1846 1708 1901 utsi
1729 1847 1865 1918 quis

207 1948 308 1988 eos
329 1933 406 1988 de
433 1932 602 1988 factis
622 1933 747 1987 suis
770 1938 1002 2003 arguat,
1028 1934 1128 1988 Dei
1153 1935 1349 2003 magis
1362 1933 1656 2004 judicium
1679 1950 1863 2006 quam

207 2020 526 2075 hominum
556 2025 847 2091 quaerant.
880 2024 928 2074 A
960 2023 1079 2075 Deo
1113 2020 1274 2075 enim
1317 2026 1373 2076 et
1405 2037 1546 2076 cum
1600 2037 1664 2076 se
1697 2022 1866 2077 dam-

210 2106 450 2162 nandos
469 2108 761 2178 noverint,
783 2107 1040 2178 judicari
1073 2113 1365 2175 metuunt,
1383 2108 1640 2179 judicari
1664 2108 1741 2164 ab
1763 2110 1869 2164 110-

207 2195 476 2250 minibus
507 2195 885 2252 erubescunt.
918 2199 1267 2268 Proponunt
1300 2211 1440 2266 ergo
1472 2197 1664 2266 magis
1701 2198 1867 2269 quod

208 2289 502 2353 metuunt,
560 2288 626 2339 ut
673 2284 787 2340 hoc
841 2285 1040 2340 minus
1094 2285 1392 2341 declinare
1422 2286 1662 2342 valeant
1699 2288 1866 2359 quod

209 2373 585 2430 erubescunt.
617 2373 913 2445 Scriptum
942 2375 1168 2446 quippe
1198 2378 1288 2429 est
1323 2392 1334 2429 :
1361 2378 1574 2431 «Unus
1603 2376 1864 2448 quisque

208 2466 472 2518 nostrum
490 2477 601 2534 pro
613 2478 674 2517 se
697 2462 992 2518 rationem
1005 2461 1213 2518 reddet
1229 2466 1344 2518 Deo
1360 2465 1548 2530 (Rom.
1565 2479 1684 2534 xw,
1706 2466 1786 2535 t2)
1797 2507 1809 2520 .
1835 2486 1862 2514 -›

211 2550 354 2615 Quia
383 2566 524 2605 vero
545 2565 675 2605 esse
704 2549 1122 2623 culpabiliores
1147 2550 1338 2606 solent
1376 2551 1436 2606 hi
1463 2553 1567 2624 qui
1614 2552 1778 2624 loqui
1800 2553 1861 2608 in

210 2638 580 2694 contentione
600 2638 904 2706 inchoant,
924 2655 1111 2710 quam
1124 2639 1227 2710 qui
1247 2639 1686 2711 responderint,
1723 2641 1861 2696 sub-

210 2728 349 2784 didit
368 2728 576 2784 dicens
609 2747 622 2783 :
661 2730 744 2783 Tu
771 2729 925 2784 enim
960 2730 1193 2798 coepisti
1224 2729 1405 2799 loqui,
1429 2735 1620 2785 etnon
1644 2746 1768 2800 ego.
1792 2763 1861 2770 —

213 2820 287 2873 Eo
317 2833 376 2873 se
392 2817 776 2873 innocentem
797 2816 1066 2883 credidit,
1099 2833 1221 2889 quo
1245 2818 1519 2889 pulsatus
1545 2819 1758 2891 erupit,
1778 2820 1862 2874 ni-

208 2907 415 2963 mirum
447 2907 726 2962 nesciens
745 2906 889 2978 quia
917 2906 1259 2962 innocentia
1287 2922 1408 2962 non
1456 2912 1722 2980 tempore
1763 2908 1860 2963 de-
1899 2938 1941 2992 ο

207 2995 480 3064 tenditur,
509 2997 613 3052 sed
634 2996 881 3051 ratione.
908 2995 1016 3060 Qui
1041 2995 1200 3051 enim
1237 2997 1366 3067 ejus
1413 2996 1862 3052 defensionibus

206 3085 665 3142 adminiculatur
688 3086 715 3140 ?
737 3085 908 3150 Quod
935 3085 982 3139 si
1012 3085 1228 3140 tacenti
1261 3085 1427 3141 nulla
1447 3085 1661 3155 intulit,
1708 3091 1860 3141 recte

205 3178 394 3231 tamen
409 3174 724 3230 inchoanti
746 3189 934 3245 prava
952 3174 1274 3247 respondit.
1303 3174 1474 3241 Quod
1481 3176 1535 3230 si
1542 3175 1688 3246 quid
1707 3177 1864 3230 nosti

205 3266 422 3333 melius,
443 3267 712 3336 loquere.
729 3263 1033 3330 Quamvis,
1051 3263 1198 3317 dum
1211 3279 1334 3319 non
1359 3263 1459 3324 ait,
1483 3263 1627 3336 quia
1643 3263 1859 3320 melius

208 3353 372 3421 nosti,
394 3352 509 3409 sed
539 3351 686 3424 quid
707 3350 921 3406 melius
943 3351 1120 3419 nosti,
1151 3351 1420 3424 loquere,
1441 3352 1620 3406 nimis
1640 3352 1754 3408 hoc
1775 3351 1860 3424 ip-

206 3458 328 3497 sum
357 3441 708 3516 superbisse
739 3444 844 3508 est,
870 3440 944 3496 de
976 3439 1238 3495 melioris
1264 3441 1509 3497 scientia
1526 3440 1854 3497 dubitasse.

206 3533 358 3603 Ecce,
389 3531 545 3587 dum
569 3530 745 3603 quasi
772 3529 1074 3586 humiliter
1104 3530 1280 3585 beato
1303 3529 1412 3586 Job
1447 3530 1611 3603 loqui
1632 3530 1854 3597 tribuit,

205 3621 358 3692 quod
386 3619 748 3676 intrinsecus
781 3623 1059 3688 gestaret,
1092 3619 1373 3674 ostendit.
1410 3620 1687 3691 Sequitur
1719 3635 1732 3673 :

271 3709 445 3766 Vnus.
480 3712 568 3765 34.
631 3709 758 3764 Viri
776 3709 1175 3778 intelligentes
1199 3709 1530 3780 loquantur
1558 3709 1726 3763 mihi.
1787 3739 1856 3747 —

207 3797 564 3866 Dedignatus
589 3796 861 3851 videlicet
887 3796 936 3850 si
973 3796 1150 3851 beato
1173 3795 1284 3850 Job
1313 3795 1478 3868 loqui
1532 3811 1859 3867 praesume-

205 3891 303 3953 ret,
334 3886 438 3958 qui
470 3885 643 3957 quasi
665 3885 794 3955 ejus
815 3884 1136 3952 intelligere
1164 3884 1350 3940 verba
1379 3901 1500 3940 non
1529 3889 1748 3956 posset.
1791 3888 1857 3940 Et

202 3975 341 4046 quia
368 3989 492 4029 non
526 3973 724 4027 solum
753 3972 832 4027 ad
868 3972 1260 4043 loquendum,
1289 3973 1394 4028 sed
1415 3974 1595 4030 etiam
1646 3973 1726 4030 ad
1752 3989 1855 4029 au-

201 4058 490 4114 diendum
520 4059 764 4115 beatum
793 4059 907 4114 Job
941 4059 1255 4130 indignum
1309 4060 1493 4116 fuisse
1541 4061 1851 4131 judicavit,

203 4147 502 4219 sequitur:
548 4148 650 4203 Vir
668 4149 902 4218 sapiens
931 4148 1140 4204 audiat
1170 4164 1260 4205 me
1310 4180 1375 4190 —
1401 4151 1483 4204 Ac
1515 4149 1562 4203 si
1594 4148 1851 4205 diceret:

205 4235 342 4291 Huic
362 4236 529 4308 loqui
573 4237 788 4308 injuste
837 4237 1201 4306 conceditur,
1259 4237 1363 4309 qui
1416 4236 1595 4292 etiam
1646 4238 1852 4294 audire

204 4323 375 4380 verba
409 4326 768 4397 sapientium
795 4341 917 4381 non
951 4330 1230 4381 meretur.
1262 4331 1451 4397 Atque
1481 4341 1625 4381 mox
1650 4331 1850 4399 aperte

204 4413 380 4483 quam
433 4414 716 4488 despecta
764 4415 840 4471 de
918 4415 1020 4470 illo
1075 4415 1308 4485 sentiat,
1387 4414 1725 4472 manifestat
1769 4416 1852 4471 di-

206 4516 336 4557 cens
371 4521 383 4558 ζ

268 4592 429 4648 Vens.
465 4597 554 4649 35.
581 4593 694 4648 Job
715 4599 913 4649 autem
936 4595 1118 4649 stulte
1141 4595 1373 4649 locutus
1391 4599 1497 4656 est,
1519 4599 1574 4649 et
1588 4594 1768 4650 verba
1781 4595 1851 4648 il-

209 4677 313 4734 lius
333 4697 452 4736 non
473 4686 692 4736 sonant
721 4681 1124 4750 disciplinam.
1157 4713 1227 4721 —
1256 4681 1390 4738 Sine
1416 4680 1732 4754 disciplina
1760 4681 1850 4735 lo-

206 4772 396 4824 cutum
417 4769 666 4825 beatum
702 4770 812 4825 Job
836 4770 1101 4837 credidit,
1121 4770 1264 4842 quia
1293 4771 1523 4841 justum
1548 4785 1611 4824 se
1637 4770 1698 4825 in
1727 4770 1848 4825 suis

206 4856 474 4924 operibus
491 4857 677 4912 fuisse
695 4857 1068 4913 memoravit.
1091 4857 1310 4912 Verum
1342 4857 1592 4913 fortasse
1613 4857 1735 4912 Elin
1757 4857 1845 4912 di-

207 4950 366 5014 ceret,
389 4947 520 5002 siea
543 4963 678 5019 quia
695 4947 906 5002 beatus
920 4947 1029 5002 Job
1042 4947 1114 5001 de
1130 4947 1324 5019 seipso
1337 4952 1704 5016 narraverat,
1722 4963 1846 5002 non

205 5028 271 5084 de
290 5032 386 5090 illo
396 5036 524 5091 haec
543 5035 752 5090 eadem
772 5035 899 5107 ipse
912 5035 1240 5107 disciplina:
1254 5041 1460 5091 auctor
1472 5037 1842 5092 aestimasset.

207 5121 574 5181 lnnocentem
594 5125 754 5180 enim
780 5125 895 5180 Job
917 5141 977 5180 se
1007 5125 1218 5180 asserit
1246 5124 1633 5194 ﬂagellatum,
1661 5142 1844 5198 quem

209 5208 347 5268 Deus
370 5215 550 5271 etiam
565 5214 869 5287 perhibuit
888 5213 1106 5271 frustra
1119 5231 1494 5288 percussum.
1515 5216 1681 5280 Quod
1701 5231 1845 5284 ergo

208 5312 315 5355 vox
333 5304 597 5374 percussi
627 5303 956 5375 superbum
983 5305 1202 5373 sonuit,
1233 5321 1369 5377 quae
1395 5320 1430 5359 a
1461 5304 1752 5359 sententia
1769 5304 1848 5359 fe-

210 5386 396 5445 rientis
423 5393 766 5448 nullatenus
795 5391 1204 5462 discrepavit?
1235 5397 1472 5448 Incaute
1491 5397 1628 5448 sunt
1647 5393 1844 5448 humi-

211 5472 309 5540 les,
339 5482 440 5552 qui
465 5498 529 5538 se
559 5481 876 5537 mendacio
900 5480 1248 5552 illaqueant,
1267 5482 1420 5536 dum.
1438 5481 1844 5551 arrogantiam

213 5562 405 5637 vitant,
437 5569 558 5628 imo
578 5568 923 5626 mentiendo
946 5567 1318 5641 superbiunt,
1344 5569 1448 5642 qui
1472 5574 1680 5626 contra
1700 5569 1846 5625 veri-

1907 1593 1946 1646 B
1975 1577 2303 1632 dolentium
2352 1578 2684 1635 examinari
2731 1580 2927 1634 acrius
2987 1580 3407 1652 deprecentur,

1983 333 2250 389 cessitate
2280 341 2550 406 cogente,
2574 354 2715 394 vera
2744 339 2818 393 de
2848 355 2909 394 se
2935 340 3099 396 bona
3140 340 3422 413 loquitur,
3479 347 3641 399 tanto

1979 422 2175 490 magis
2201 424 2517 480 humilitati
2543 427 2833 496 jungitur,
2865 433 3094 499 quanto
3123 433 3180 485 et
3204 431 3435 486 veritati
3452 433 3640 488 socia-

1980 515 2093 566 tur.
2126 512 2400 584 Sequitur
2434 532 2446 568 :

2051 601 2215 654 Vens.
2243 605 2335 656 36.
2367 604 2554 658 Pater
2582 605 2681 670 mi,
2729 604 3020 673 probetur
3071 607 3184 660 Job
3233 623 3419 678 usque
3467 610 3548 665 ad
3572 612 3641 678 ﬁ-

1978 703 2131 744 nem.
2164 722 2231 729 ——
2255 693 2400 746 Ecce
2430 693 2544 748 hoc
2561 693 2727 764 quod
2754 693 2826 747 de
2849 694 3205 762 arrogantiae
3235 700 3471 753 tumore
3495 715 3638 754 con-

1979 783 2236 849 ceperat,
2259 779 2318 834 in
2350 781 2544 836 verbis
2577 781 2758 837 etiam
2793 781 3224 838 maledictionis
3250 785 3489 855 exultat,
3532 788 3638 842 sed

1977 866 2224 922 fortasse
2256 869 2541 925 benevole
2571 871 2691 925 vim
2715 871 3084 943 probationis
3115 877 3367 944 optaret,
3429 875 3471 928 si
3525 881 3636 931 ste-

1977 954 2116 1010 tisse
2140 971 2278 1012 eum
2303 958 2364 1012 in
2393 959 2748 1030 probatione
2771 960 3116 1030 judicasset.
3164 963 3232 1016 Ut
3275 976 3414 1016 vero
3434 967 3634 1034 aperte

1977 1044 2201 1100 malitia
2231 1046 2361 1114 ejus
2393 1047 2756 1103 crudelitatis
2781 1054 3086 1121 appareat,
3120 1050 3376 1121 probare
3432 1052 3631 1107 adhuc

1975 1148 2083 1205 per
2112 1133 2348 1204 ﬂagella
2376 1136 2733 1208 deprecatur
2761 1154 2944 1209 quem
2969 1137 3120 1193 inter
3140 1139 3632 1211 ﬂagellalapsum

1977 1220 2159 1277 fuisse
2183 1223 2312 1292 jam
2335 1225 2622 1296 queritur,
2653 1226 2941 1296 praemisit
2969 1227 3134 1298 quod
3165 1228 3367 1296 sensit,
3395 1233 3634 1301 utaper—

1975 1310 2088 1365 tius
2119 1313 2401 1380 cognosci
2429 1314 2645 1369 debeat
2675 1315 2840 1386 quod
2872 1319 3059 1387 optat.
3091 1315 3299 1371 Adhuc
3343 1317 3498 1372 feriri
3529 1335 3634 1390 po-

1975 1400 2154 1456 stulat
2181 1402 2346 1472 quod
2371 1402 2498 1472 jam
2516 1418 2797 1474 peccasse
2825 1404 2938 1458 sub
2966 1420 3154 1460 manu
3180 1404 3439 1460 ferientis
3469 1422 3635 1461 accu-

1976 1494 2084 1544 sat.
2117 1489 2360 1561 Propria
2389 1490 2516 1545 htec
2548 1492 2960 1560 arrogantium
2980 1497 3122 1548 vota
3167 1499 3325 1563 sunt,
3353 1498 3418 1549 ut
3446 1495 3633 1550 vitam

3488 1584 3633 1654 quia

1974 1671 2200 1738 quanto
2228 1667 2635 1741 sibimetipsis
2680 1668 2960 1739 justiores
3011 1673 3170 1739 sunt,
3217 1674 3383 1724 tanto
3425 1671 3632 1726 alienis

1974 1755 2280 1810 doloribus
2307 1756 2578 1811 duriores
2603 1756 2877 1812 existunt.
2911 1757 3186 1812 Nesciunt
3233 1757 3392 1812 enim
3453 1759 3514 1812 in
3568 1775 3631 1814 se

1973 1844 2316 1915 passionem
2339 1845 2548 1900 alienae
2573 1845 2934 1900 inﬁrmitatis
2951 1845 3204 1908 trahere,
3235 1850 3293 1900 et
3314 1845 3464 1901 sicut
3483 1863 3626 1915 suae,

1973 1931 2053 1987 ita
2085 1932 2265 1988 etiam
2291 1933 2547 2004 proximi
2569 1933 2953 1988 imbecillitati
2977 1933 3263 1990 misereri.
3289 1933 3399 1988 Viri
3429 1940 3629 1990 autem

1974 2021 2263 2074 veraciter
2309 2022 2497 2076 sancti
2547 2021 2836 2088 ﬂagellari
2883 2021 3231 2093 quempiam
3287 2022 3464 2077 etiam
3521 2039 3629 2094 pro

1976 2107 2153 2179 culpa
2183 2114 2573 2178 cognoscunt,
2603 2113 2659 2164 et
2685 2109 2732 2163 si
2776 2109 3060 2180 quaedam
3114 2111 3242 2178 ejus
3289 2111 3630 2167 inordinata

1977 2197 2324 2270 corripiunt,
2359 2198 2437 2252 ad
2493 2197 2778 2268 quaedam
2832 2202 3032 2251 tamen
3085 2197 3348 2253 dolentia
3390 2215 3631 2272 compa-

1976 2287 2220 2355 tiuntur,
2248 2290 2304 2340 et
2331 2286 2524 2340 sciunt
2556 2285 2639 2340 sic
2671 2286 2961 2340 tumentia
2992 2301 3284 2357 premere,
3329 2292 3393 2341 ut
3445 2288 3634 2342 sciant

1974 2375 2149 2430 etiam
2181 2379 2429 2432 cruenta
2454 2375 2740 2441 refovere,
2765 2379 3064 2446 quatenus
3093 2375 3153 2429 in
3186 2372 3270 2429 eis
3313 2390 3449 2429 cum
3481 2376 3634 2433 dura

1973 2463 2303 2528 emolliunt,
2337 2463 2576 2518 infirma
2601 2462 2903 2518 roborent.
2935 2463 3245 2535 Sequitur:
3280 2465 3368 2518 Ne
3397 2456 3632 2520 desinas

1971 2553 2045 2607 ab
2077 2553 2312 2608 homine
2343 2553 2695 2623 iniquitatis.
2731 2583 2798 2590 —
2833 2552 3142 2607 Hominem
3173 2552 3501 2623 iniquitatis
3534 2571 3631 2608 vo-

1971 2643 2084 2701 cat.
2120 2657 2303 2712 quem
2334 2643 2737 2712 Deusjustum
2773 2656 2892 2712 prie
2919 2641 3204 2696 omnibus
3255 2657 3517 2712 superna
3549 2649 3627 2698 at-

1969 2731 2284 2784 testatione
2307 2729 2638 2785 denuntiat.
2674 2729 2950 2800 Sequitur
2983 2746 2996 2783 :

2045 2821 2204 2873 Vens.
2238 2822 2324 2873 37.
2357 2820 2470 2885 Qui
2489 2819 2659 2873 addit
2687 2833 2868 2886 super
2893 2824 3141 2886 peccata
3189 2834 3298 2874 sua
3355 2820 3629 2888 blasphe-

1971 2907 2262 2961 miam.-——
2292 2909 2548 2961 Accusat
2571 2921 2709 2960 eum
2743 2910 2798 2959 ct
2827 2920 2936 2975 pro
2964 2904 3223 2976 peccatis
3245 2905 3367 2958 suis
3394 2905 3632 2972 ﬂagella

1971 2995 2283 3062 meruisse,
2317 2999 2373 3048 et
2400 2999 2535 3065 post
2584 2992 2822 3062 ﬂagella
2870 3007 3172 3062 peccasse.
3234 2995 3431 3060 Longe
3492 3009 3629 3046 vero

1973 3082 2138 3137 aliter
2162 3082 2448 3137 Dominus
2476 3082 2726 3151 judicat,
2752 3080 2856 3150 qui
2891 3083 2946 3133 et
2974 3081 3213 3146 frustra
3263 3078 3632 3145 ﬂagellatum

1970 3171 2259 3238 insinuat,
2287 3174 2344 3224 et
2369 3170 2529 3225 bona
2559 3168 2824 3240 duplicia
2861 3171 2998 3239 post
3027 3165 3266 3234 ﬂagella
3313 3166 3580 3222 retribuit
3615 3185 3627 3234 ;

1971 3275 2150 3331 poena
2180 3260 2339 3314 enim
2369 3259 2619 3313 debetur
2648 3257 2856 3329 culpae,
2881 3271 3004 3310 non
3025 3254 3362 3327 praemium.
3419 3257 3628 3308 Beatus

1970 3362 2111 3416 ergo
2135 3347 2244 3402 Jol)
2273 3348 2395 3402 sine
2427 3346 2603 3419 culpa
2632 3346 2866 3401 locutus
2897 3343 3251 3413 ostenditur,
3282 3359 3464 3414 quem
3494 3347 3630 3414 post

1967 3435 2330 3492 locutionem
2358 3435 2602 3508 praemia
2624 3435 3094 3506 subsequuntur.
3123 3432 3398 3503 Sequitur
3422 3449 3433 3485 :
3461 3433 3629 3487 Inter

1966 3541 2072 3580 nos
2104 3526 2346 3582 interim
2377 3526 2854 3594 constringatur,
2905 3529 2960 3579 et
3022 3527 3164 3577 tunc
3223 3521 3303 3576 ad
3321 3521 3624 3590 judicium

1961 3618 2240 3682 provocet
2271 3613 2637 3668 sermonibus
2662 3613 2783 3667 suis
2810 3613 3016 3666 Deum.
3047 3641 3114 3650 —-
3142 3613 3223 3664 Ac
3256 3608 3303 3664 si
3357 3608 3578 3664 diceret
3605 3627 3618 3664 :

1969 3705 2048 3757 Ex
2078 3706 2282 3757 nostra
2307 3702 2638 3757 assertione
2663 3705 3012 3771 cognoscat,
3038 3699 3184 3772 quia
3232 3715 3621 3771 nequaquam

1965 3791 2184 3846 divinae
2215 3790 2637 3846 examinationi
2661 3790 2940 3845 sufﬁciat.
2975 3788 3252 3860 Sequitur
3283 3807 3296 3843 :

2564 3880 2790 3934 CAPUT
2828 3877 3028 3932 XXXV.

2036 3971 2237 4039 Igitur
2268 3970 2409 4023 Eliu
2441 3969 2565 4023 haec
2597 3983 2841 4022 rursum
2874 3967 3107 4020 locutus
3133 3970 3237 4020 est.
3292 3996 3359 4002 ——
3417 3964 3622 4019 Omnis

1964 4057 2070 4130 qui
2099 4056 2285 4111 multa
2315 4055 2597 4127 loquitur,
2623 4055 2682 4109 in
2714 4054 3010 4108 locutione
3033 4069 3143 4107 sua
3194 4067 3428 4122 semper
3480 4051 3622 4106 inci-

1962 4162 2103 4218 pere
2136 4145 2353 4211 studet,
2377 4148 2675 4216 quatenus
2705 4142 3082 4197 inchoatione
3111 4141 3246 4213 ipsa
3294 4155 3619 4212 suspensos

1964 4235 2266 4291 auditores
2319 4235 2514 4300 faciat,
2587 4239 2643 4289 et
2702 4249 2772 4288 eo
2824 4232 3102 4287 attentius
3153 4234 3410 4298 taceant,
3493 4247 3616 4302 quo

1963 4327 2137 4399 quasi
2182 4342 2407 4381 novum
2464 4325 2670 4380 audire
2727 4322 2954 4396 aliquid
2979 4325 3346 4394 exspectant.
3411 4321 3614 4394 Sequi-

1963 4421 2058 4470 tur
2089 4433 2102 4470 :

2034 4505 2196 4558 Vsus.
2237 4504 2282 4568 l,
2313 4507 2367 4558 2.
2401 4503 2692 4572 Nunquid
2723 4502 2830 4557 tibi
2857 4517 3026 4573 (aqua
3056 4501 3295 4556 videtur
3325 4505 3429 4555 tua
3465 4501 3616 4570 cogi-

1961 4594 2124 4660 tatio,
2156 4598 2223 4647 ut
2252 4594 2476 4648 diceres
2510 4609 2522 4646 :
2554 4593 2783 4647 Justior
2811 4593 2930 4647 Deo
2951 4607 3080 4646 sum
3099 4595 3127 4645 ?
3143 4621 3216 4629 —
3237 4589 3385 4654 Quia
3399 4589 3613 4645 beatus

1956 4681 2065 4736 Job
2082 4681 2393 4752 justiorem
2425 4697 2486 4735 se
2511 4681 2632 4734 Deo
2652 4696 2775 4734 non
2802 4680 3035 4744 dixerit,
3049 4678 3245 4734 omnis
3266 4678 3369 4749 qui
3388 4682 3612 4733 textum

1957 4769 2214 4824 historiae
2242 4770 2382 4840 legit
2397 4769 2685 4837 agnoscit.
2714 4768 2825 4823 Sed
2848 4768 2928 4822 ait
2959 4785 2972 4821 :
3003 4771 3341 4838 «Proponat
3361 4766 3610 4838 aequita-

1958 4864 2076 4913 te'n
2107 4865 2312 4914 contra
2329 4875 2445 4913 me.
2469 4864 2525 4913 et
2547 4857 2854 4930 perveniat
2884 4857 2962 4912 ad
2984 4857 3291 4912 victoriam
3312 4856 3611 4927 judicium

1957 4965 2160 5003 meum
2191 4949 2342 5017 (Job.
2375 4965 2531 5012 xxul,
2564 4949 2636 5018 7).
2677 4969 2702 4995 ››
2753 4947 2942 5001 Vitam
2974 4962 3146 5002 suam
3173 4946 3440 5002 videlicet
3468 4962 3610 5019 pen-

1955 5051 2118 5102 sans,
2138 5041 2195 5092 et
2219 5051 2436 5091 causas
2456 5034 2857 5106 percussionis
2882 5035 3192 5104 ignorans,
3224 5037 3287 5089 ut
3307 5050 3463 5106 saepe
3478 5035 3608 5104 jam

1954 5126 2178 5180 dictum
2214 5129 2320 5193 est,
2354 5139 2462 5195 pro
2493 5123 2790 5179 diluendis
2812 5124 3068 5196 peccatis
3125 5139 3187 5178 se
3245 5122 3511 5187 credidit,
3553 5125 3610 5175 et

1953 5229 2074 5269 non
2093 5230 2202 5286 pro
2229 5213 2524 5283 augendis
2549 5214 2773 5270 meritis
2803 5213 3113 5284 ﬂagellari,
3136 5217 3193 5268 et
3209 5212 3428 5266 idcirco
3444 5207 3606 5276 judi-

1953 5303 2113 5358 cium
2145 5318 2320 5357 suum
2352 5302 2430 5357 ad
2477 5302 2782 5358 victoriam
2835 5302 3141 5375 pervenire
3199 5297 3464 5353 conﬁsus
3496 5297 3602 5362 est,

1952 5394 2095 5465 quia
2126 5392 2366 5464 culpam
2392 5392 2450 5448 in
2486 5409 2566 5457 se,
2592 5410 2703 5466 pro
2733 5408 2856 5464 qua
2884 5389 3187 5446 debuisset
3208 5383 3454 5456 percuti,
3482 5400 3605 5440 non

1953 5482 2195 5537 invenit.
2230 5482 2402 5546 Quod
2423 5482 2670 5555 quidem
2695 5481 2770 5536 de
2797 5480 2895 5533 illo
2922 5483 2977 5532 et
2995 5474 3280 5530 Dominus
3304 5474 3380 5529 ad
3400 5473 3607 5530 diabo-

1953 5571 2081 5628 lum
2110 5571 2256 5628 dixit
2289 5590 2302 5628 :
2337 5593 2365 5621 «
2399 5568 2786 5628 Commovisti
2811 5581 2907 5620 me
2933 5562 3222 5621 adversus
3246 5581 3405 5632 eum,
3432 5568 3493 5620 ut
3523 5562 3604 5619 af—

3439 5844 3526 5870 lu!"

3391 5869 3500 5903 μέν*
3521 5883 3559 5908 ιι
3570 5885 3596 5917 ης
