4112 6152
429 132 539 191 ιω

1484 129 1540 187 8.
1583 129 1840 186 ODONIS
1877 125 2174 183 ABBATIS
2209 123 2712 182 CLUNIACENSIS
2744 122 2810 180 Il.

3750 122 3876 185 4»οή

429 255 697 323 ﬂigerem
725 267 864 308 eum
895 251 1112 308 frustra
1131 251 1282 323 (Job.
1316 267 1373 318 ιι,
1397 251 1472 322 3).
1502 273 1528 300 »
1559 251 1660 306 Vel
1692 255 1845 306 certe
1867 247 2083 306 intueri
2116 251 2162 305 Λ
2201 261 2411 303 omnes
2439 245 2697 318 iniquos,
2730 260 2853 301 non
2883 243 3080 302 solum
3105 241 3213 315 qui
3240 241 3533 300 exteriora
3575 241 3744 302 bona
3771 259 3872 302 ra-

430 340 841 414 Redemptoris
867 339 1057 396 nostri
1088 339 1475 412 praesentiam
1505 339 1716 411 potuit.
1773 339 1901 410 Ipse
1928 337 2087 392 enim

428 430 534 504 qui
562 434 652 487 est
676 428 860 484 virtus
877 428 1066 486 Patris
1080 433 1138 486 et
1153 429 1468 502 sapientia,
1492 429 1670 485 etiam
1686 427 1816 498 ejus
1839 425 2090 498 aequitas

428 535 552 576 non
581 517 1069 575 inconvenienter
1099 517 1406 591 accipitur.
1442 519 1635 584 Quam
1666 517 1885 574 scilicet
1908 514 2091 588 aequi-

427 610 634 676 tatem,
667 605 812 680 quia
844 609 1002 663 Deus
1030 606 1253 679 iniquis
1307 606 1673 678 fugientibus
1717 605 2089 662 incarnatam

427 695 807 753 ostendendo
836 699 1046 752 contra
1071 695 1296 768 posuit,
1329 711 1431 752 eos
1462 695 1736 768 protinus
1769 694 1848 750 ab
1872 693 2090 765 iniqui-

426 787 546 843 tate
574 783 900 841 revocavit.
949 783 1225 856 Sequitur
1257 799 1270 838 :

497 876 666 930 Vsus.
701 876 757 930 3.
787 873 1015 929 Dixisti
1041 874 1196 930 enim
1231 890 1243 927 :
1276 874 1409 930 Non
1435 873 1545 928 tibi
1569 873 1768 942 placet
1793 872 1954 942 quod
2003 887 2091 927 re-

429 968 589 1020 ctum
619 967 726 1033 est,
751 963 845 1018 vel
868 962 1018 1034 quid
1045 962 1156 1018 tibi
1176 962 1466 1032 proderit,
1495 964 1546 1018 si
1577 976 1682 1031 ego
1707 975 2032 1030 peccavero
2064 964 2094 1016 Σ)

428 1081 498 1096 --
530 1050 587 1108 Si
624 1055 747 1108 tota
774 1049 910 1108 libri
937 1053 1117 1108 series
1144 1051 1488 1120 attenditur,
1513 1049 1597 1106 nil
1624 1049 1842 1106 horum
1873 1049 2088 1106 beatus

425 1130 537 1196 Job
565 1138 787 1196 dixisse
816 1142 1208 1210 monstratur,
1242 1139 1347 1194 sed
1378 1142 1729 1208 arrogantes
1775 1155 1914 1194 cum
1965 1153 2090 1196 non

426 1233 685 1304 possunt
709 1227 1144 1302 reprehendere
1169 1228 1326 1299 juste
1357 1244 1494 1301 quae
1555 1231 1715 1298 sunt,
1774 1228 2089 1300 reprehen-

429 1317 582 1374 dunt
600 1315 946 1374 mentiendo
975 1333 1107 1389 quas
1137 1332 1262 1372 non
1291 1321 1446 1374 sunt.
1475 1315 1752 1389 Sequitur
1783 1333 1796 1373 :

497 1409 666 1462 Vens.
694 1408 747 1462 4.
779 1407 993 1477 Itaque
1017 1421 1121 1477 ego
1171 1406 1535 1476 respondebo
1572 1404 1941 1462 sermonibus
1971 1406 2090 1468 tuis

2199 336 2392 408 piunt,
2420 335 2526 392 sed
2553 335 2731 392 etiam
2761 334 2864 406 qui
2895 333 3070 392 malis
3092 331 3216 390 suis
3241 330 3514 390 moribus
3535 337 3594 388 et
3618 331 3757 398 vita:
3776 349 3872 392 re~

2199 423 2402 498 probae
2430 423 2705 496 exemplo
2751 423 2984 480 interna
3014 425 3224 480 nostra
3273 419 3571 494 dissipare
3623 427 3870 482 conten-

2199 513 2368 568 dunt.
2410 513 2494 568 llli
2521 529 2790 584 namque
2821 528 2892 567 ea
2921 529 3056 584 quae
3081 510 3259 567 nobis
3281 513 3448 568 extra
3480 514 3642 578 sunt,
3692 511 3868 574 inva-

2199 601 2339 660 dere
2364 601 2660 668 ambiunt,
2687 600 2784 657 isti
2812 617 2926 658 nos
2957 599 3217 674 praedari
3253 598 3501 659 interius
3531 604 3817 672 quaerunt
3847 620 3862 668 ;

2199 697 2257 748 et
2283 691 2428 766 quia
2456 691 2516 748 in
2544 693 2656 748 hoc
2687 690 2919 747 mundo
2951 689 3228 748 abundat
3249 689 3551 748 malorum
3579 689 3704 746 vita
3732 705 3870 763 quae,

2199 781 2444 846 cruciat,
2475 785 2632 838 recte
2661 781 2878 838 dicitur
2931 799 2944 836 :
2996 783 3258 850 Propter
3287 779 3740 837 multitudinem
3766 795 3868 840 ca-

2202 873 2632 928 lumniatorum
2667 871 3036 927 clamabunt.
3070 869 3350 942 Quisquis
3376 867 3538 926 enim
3566 868 3728 926 male
3780 869 3866 926 vi-

2197 977 2334 1017 vere
2360 977 2471 1017 suo
2489 977 2600 1016 nos
2619 959 2894 1033 exemplo
2913 958 3236 1032 compellit,
3255 958 3454 1016 adhuc
3473 957 3536 1016 in
3555 957 3735 1018 nobis
3759 974 3869 1018 vo-

2199 1066 2264 1105 ce
2306 1049 2762 1108 calumniatoris
2804 1049 3006 1106 utitur.
3047 1048 3326 1120 Quisquis
3368 1063 3508 1108 vero
3538 1053 3864 1122 peccatum

2199 1139 2485 1205 suadens,
2509 1138 2684 1194 etiam
2710 1143 2926 1196 terrere
2945 1153 3059 1194 nos
3075 1137 3318 1210 appetit,
3331 1139 3462 1209 jam
3503 1142 3718 1199 contra
3745 1153 3866 1196 nos

2197 1227 2448 1285 brachio
2477 1227 2810 1300 tyrannidis
2843 1227 3027 1284 saevit.
3055 1226 3229 1283 Aliud
3251 1230 3340 1284 est
3367 1226 3530 1286 enim
3559 1225 3704 1286 vilia
3725 1241 3872 1288 sua-

2197 1316 2338 1373 dere
2367 1316 2644 1383 vivendo,
2679 1316 2843 1376 aliud
2876 1315 3148 1387 jubendo
3182 1320 3418 1374 terrere.
3448 1315 3732 1388 Sequitur
3759 1333 3774 1371 :

2268 1407 2436 1461 Vens.
2471 1405 2553 1462 10.
2577 1405 2654 1460 Et
2711 1421 2830 1462 non
2889 1405 3044 1461 dixit
3097 1419 3120 1460 .'
3169 1405 3280 1460 Ubi
3309 1405 3566 1462 estDeus
3585 1405 3696 1476 qui
3723 1405 3872 1474 fecit

422 1501 479 1552 et
505 1495 714 1552 amicis
744 1496 861 1551 tuis
887 1499 1100 1551 tecum.
1135 1525 1206 1538 ——-
1239 1495 1420 1550 Dictis
1451 1493 1864 1566 superioribus
1912 1491 2084 1565 quasi
2194 1510 2288 1551 me
2307 1498 2334 1550 ?
2362 1525 2432 1537 -ο
2462 1497 2583 1552 Mos
2614 1509 2798 1550 sacris
2831 1493 3144 1565 Scriptura
3176 1496 3284 1563 est,
3307 1496 3426 1550 uta
3447 1493 3742 1562 singulari
3759 1509 3873 1554 nu-

422 1583 583 1642 beati
611 1583 722 1640 Job
753 1583 1076 1657 culpabilia
1105 1583 1293 1640 verba
1319 1583 1600 1647 narravit,
1651 1588 1829 1654 atque
1887 1599 1961 1639 ex
1998 1582 2084 1638 eis
2118 1601 2158 1654 Β
2201 1599 2366 1640 mero
2392 1583 2469 1638 ad
2496 1583 2795 1655 pluralem
2820 1582 3018 1638 subito
3040 1585 3322 1649 transeat,
3354 1585 3536 1654 atque
3559 1597 3596 1640 a
3648 1581 3874 1652 plurali

427 1672 545 1730 sibi
579 1673 895 1730 materiam
951 1671 1242 1745 loquendi
1303 1673 1630 1745 praeposuit
1657 1691 1671 1740 ;
1731 1673 1836 1728 sed
1891 1671 2085 1727 verbis
2199 1672 2277 1728 ad
2307 1671 2674 1741 singularem
2705 1676 2984 1728 vertatur.
3022 1670 3185 1728 Unde
3215 1673 3274 1728 et
3303 1670 3429 1728 Eliu
3449 1669 3729 1744 aplurali
3761 1687 3871 1732 nu-

427 1762 938 1836 subsequentibus
967 1762 1104 1818 forti
1123 1762 1400 1818 acumine
1415 1761 1656 1818 discutit
1681 1761 1796 1817 hoc
1826 1761 1992 1834 quod
2014 1760 2088 1816 si.

421 1851 488 1909 bi
515 1853 593 1908 ad
623 1851 860 1908 dicendi
891 1851 1208 1908 materiam
1234 1851 1520 1908 fallaciter
1570 1851 1759 1915 ﬁnxit,
1795 1855 1852 1906 et
1908 1850 2087 1906 fortes

421 1942 670 2016 quidem
697 1946 838 1999 sunt
866 1941 1169 1999 sententias
1195 1958 1328 2014 quae
1373 1945 1727 2015 sequuntur,
1779 1941 1885 1996 sed
1927 1940 2088 1996 beati

419 2031 534 2088 Job
563 2047 838 2104 personas
866 2030 1114 2088 minime
1140 2035 1500 2100 congruunt.
1533 2030 1810 2102 Sequitur
1841 2047 1855 2085 :

497 2122 660 2176 Vens.
694 2125 748 2190 5,
780 2123 834 2190 6,
868 2124 924 2175 7.
947 2120 1195 2190 Suspice
1225 2121 1458 2187 emtum,
1489 2125 1545 2176 et
1567 2121 1822 2184 intuere,
1864 2123 1919 2175 et
1949 2133 2086 2174 con~

421 2209 720 2279 templare
742 2209 987 2278 aethera,
1019 2209 1178 2279 quod
1205 2210 1395 2265 altior
1424 2214 1480 2265 te
1501 2209 1598 2264 sit.
1625 2209 1695 2264 Si
1715 2207 2083 2277 peccaveris,

419 2297 568 2370 quid
585 2299 643 2355 ei
667 2298 902 2355 nocebis
933 2301 961 2353 ?
987 2298 1067 2354 Et
1094 2299 1148 2354 si
1169 2299 1590 2368 multiplicata:
1616 2297 1848 2367 fuerint
1871 2296 2087 2368 iniqui-

419 2391 570 2444 tates
591 2393 730 2454 tuw,
757 2387 904 2460 quid
923 2388 1113 2458 facies
1143 2393 1356 2443 contra
1385 2401 1518 2443 eum
1551 2390 1576 2442 ?
1628 2389 1822 2441 Porro
1851 2387 1904 2441 si
1917 2387 2087 2455 juste

418 2478 638 2548 egeris,
669 2477 817 2548 quid
847 2477 1097 2532 donabis
1125 2477 1198 2546 ei,
1257 2481 1362 2532 aut
1419 2476 1566 2546 quid
1621 2475 1694 2531 de
1743 2491 1929 2530 manu
1982 2480 2088 2530 tua

424 2564 744 2633 accipiet?
790 2564 1080 2629 Quamvis
1111 2563 1290 2620 beato
1343 2563 1457 2618 Job
1498 2563 1702 2620 scienti
1735 2563 1967 2633 majora
1991 2578 2091 2618 ne-

418 2665 744 2724 quaquam
767 2650 886 2706 dici
928 2651 1040 2706 ista
1090 2650 1449 2714 debuerunt,
1507 2666 1650 2707 vera
1704 2655 1905 2706 tamen
1945 2655 2088 2706 sunt

417 2754 560 2812 quae
619 2737 917 2804 dicuntur,
973 2738 1140 2812 quod
1167 2737 1468 2794 .videlicet
1525 2741 1642 2794 Deo
1698 2755 1807 2794 nec
1834 2743 2087 2811 peccata

420 2831 630 2885 nostra
674 2831 976 2898 noceant,-
1011 2842 1121 2884 nec
1145 2827 1299 2884 bene
1352 2831 1519 2898 gesta
1572 2832 1954 2884 concurrant.
1989 2829 2086 2884 Se-

423 2911 629 2984 quitur
661 2929 675 2969 :

483 3001 660 3061 Vens.
687 3003 740 3057 8.
767 3001 1145 3075 Eomim',qui
1161 3003 1374 3060 similis
1405 3005 1497 3060 tui
1518 3009 1604 3060 est
1631 3005 1862 3062 nocebit
1883 3005 2083 3074 impie—

417 3094 510 3147 tas
543 3095 671 3159 tua,
689 3095 748 3148 et
768 3092 965 3160 ﬁlium
984 3091 1240 3148 hominis
1257 3093 1573 3163 adjuvabit
1587 3095 1833 3164 justitia
1855 3100 1981 3150 tua.
2015 3125 2085 3136 —-

417 3179 534 3238 Sed
563 3180 720 3238 inter
749 3181 877 3237 hinc
905 3180 1057 3239 illud
1087 3181 1331 3238 solerter
1359 3183 1719 3239 intuendum
1749 3183 1917 3256 quod
1961 3183 2042 3240 ait
2072 3201 2084 3240 :

415 3268 665 3340 Suspice
695 3271 932 3336 caelum,
954 3277 1011 3328 et
1036 3273 1303 3338 intuere,
1345 3283 1400 3329 et
1430 3275 1836 3343 contemplare
1863 3275 2090 3330 aethera

417 3358 579 3430 quod
603 3359 792 3416 altior
819 3365 877 3416 te
893 3360 990 3415 sit.
1027 3359 1165 3416 Hac
1195 3359 1356 3416 enim
1381 3359 1606 3428 dicens,
1647 3361 1933 3418 nimirum
1964 3361 2088 3418 col-

417 3445 550 3518 ligit
579 3450 646 3503 ut
673 3446 1055 3504 considerare
1079 3447 1296 3505 debeat
1319 3455 1549 3522 quanto
1577 3449 1779 3506 minus
1808 3451 1927 3507 Deo
1983 3467 2087 3507 ac-

421 3535 584 3592 tione
617 3551 730 3592 sua
755 3539 859 3592 aut
879 3534 1070 3608 prosit
1098 3540 1202 3592 aut
1231 3542 1463 3606 noceat,
1492 3538 1589 3594 cui
1614 3537 1924 3612 altitudine
1955 3538 2089 3595 caeli

421 3628 603 3698 atque
651 3624 886 3681 aetheris
939 3625 1228 3698 prodesse
1274 3627 1371 3683 vel
1423 3642 1640 3684 nocere
1691 3643 1816 3683 non
1873 3629 2082 3702 possit.

422 3712 711 3780 Quamvis
737 3713 801 3771 in
829 3712 981 3770 ccelo
1007 3713 1104 3770 vel
1131 3715 1348 3772 aethere
1402 3731 1730 3788 possumus
1783 3733 2083 3790 supernas

341 3827 350 3836 ε
419 3806 745 3878 potestates
811 3803 1102 3877 accipere,
1155 3803 1382 3863 divinis
1469 3821 1706 3879 semper
1755 3807 2066 3864 obtutibus

420 3891 802 3962 inhaerentes,
839 3897 902 3950 ut
927 3909 1064 3949 cum
1093 3893 1398 3964 angelicos
1423 3894 1663 3968 spiritus
1680 3893 1859 3964 longe
1885 3896 2086 3952 adhuc

313 4032 322 4036 _
422 3981 662 4039 anobis
691 3981 916 4039 distare
967 3983 1396 4057 conspicimus,
1450 3983 1566 4058 ipsi
1611 3985 1871 4041 Creatori
1909 3990 2089 4058 atque

423 4071 798 4128 Dominatori
824 4071 1144 4145 spirituum
1197 4077 1428 4146 quanto
1481 4073 1783 4130 distamus
1837 4075 2086 4132 interius

423 4176 850 4232 agnoscamus,
879 4177 1234 4235 corpoream
1285 4169 1490 4220 tamen
1541 4164 1676 4220 caeli
1733 4164 2088 4238 aetherisque

309 4320 326 4334 ‘
423 4249 741 4308 materiam
768 4250 884 4306 hoc
911 4250 1046 4307 loco
1076 4251 1296 4307 sentire
1325 4252 1410 4307 nil
1451 4252 1788 4308 obstemus.
1842 4257 1989 4310 Nam
2037 4255 2089 4310 si

420 4337 738 4408 vigilanter
763 4337 1055 4396 exteriora
1077 4338 1510 4412 conspicimus,
1541 4354 1650 4412 per
1678 4339 1812 4412 ipsa
1871 4341 2086 4400 eadem

425 4425 506 4483 ad
533 4424 816 4482 interiora
842 4441 1218 4484 revocamur.
1253 4427 1418 4484 Unde
1448 4427 1666 4484 Paulus
1700 4428 1782 4486 ait
1827 4447 1840 4484 :
1875 4452 1902 4479 «
1933 4430 2087 4486 Invi-

425 4511 621 4570 sibilia
646 4513 797 4584 ejus,
827 4528 936 4587 per
959 4529 1035 4571 ea
1055 4529 1196 4588 qua
1227 4514 1384 4572 facta
1413 4520 1554 4572 sunt
1596 4515 1894 4574 intellecta
1948 4534 2090 4575 con-

424 4601 776 4676 spiciuntur,
805 4603 1169 4676 sempiterna
1193 4619 1439 4678 quoque
1462 4603 1650 4660 virtus
1679 4606 1809 4676 ejus
1859 4610 1918 4663 et
1944 4606 2091 4662 divi-

425 4693 583 4750 nitas
593 4692 786 4766 (Rom.
799 4696 853 4763 8,
871 4693 980 4766 10).
995 4715 1025 4744 κ
1037 4693 1605 4767 Humanaimpietas
1618 4693 1674 4750 ei
1694 4699 1889 4762 nocet,
1907 4711 2093 4768 quem

424 4782 822 4856 pervertendo
837 4782 1133 4856 inquinat,
1153 4788 1214 4840 et
1241 4799 1482 4840 rursum
1497 4799 1639 4840 eum
1671 4783 1921 4855 adjuvat
1945 4800 2094 4842 nos.

429 4873 522 4928 ira
539 4871 795 4943 iustitia,
817 4887 1000 4945 quem
1021 4887 1058 4930 ι
1073 4872 1278 4947 pravis
1299 4871 1635 4929 actionibus
1651 4876 1862 4930 mutat.
1885 4875 2094 4931 Noceri

429 4958 592 5016 enim
617 4959 715 5016 vel
741 4960 1016 5032 adjuvari
1049 4961 1333 5018 nesciunt
1357 4976 1432 5019 ea
1445 4977 1582 5035 quas
1601 4961 1694 5018 vel
1718 4978 1756 5019 a
1773 4961 1938 5020 bono
1961 4979 2088 5022 cor-

427 5047 654 5121 rumpi,
669 5047 767 5104 vel
785 5062 822 5106 a
846 5047 1010 5106 malo
1027 5051 1358 5122 pemutari
1371 5065 1496 5106 non
1507 5055 1786 5123 possunt.
1806 5053 2092 5124 Superum

427 5135 610 5208 igitur
654 5138 978 5210 potestates
1032 5151 1138 5193 eos
1175 5136 1312 5193 laedi
1365 5137 1459 5194 vel
1509 5139 1708 5210 juvari
1765 5145 2092 5213 nequeunt,

429 5241 556 5300 quo
579 5240 720 5284 esse
743 5225 876 5298 jam
899 5225 1423 5284 incommutabiles
1454 5233 1834 5302 acceperunt.
1889 5230 2095 5304 Sequi-

431 5317 576 5372 tur:

500 5403 670 5460 Vsus.
703 5406 758 5460 9.
789 5404 1053 5474 Propter
1078 5404 1528 5462 multitudinem
1579 5407 2091 5464 calumniatorum

431 5492 784 5550 clamabunt
803 5497 858 5550 et
881 5493 1201 5564 ejulabunt
1219 5499 1473 5565 propter
1493 5496 1610 5552 vim
1628 5495 1863 5552 brachii
1884 5500 2092 5564 tyran-

2117 2953 2156 3009 Ο

2119 4305 2160 4360 Ι)

2197 1777 2366 1816 mero
2397 1761 2455 1816 in
2487 1760 2850 1830 singularem
2885 1759 3150 1825 veniens,
3181 1759 3262 1818 ad
3287 1775 3612 1832 personam
3661 1760 3870 1822 subito

2198 1849 2420 1905 inﬁrmi
2451 1849 2929 1923 uniuscujusque
2961 1849 3248 1916 transivit,
3263 1849 3523 1908 fortasse
3551 1849 3717 1921 quia
3749 1850 3871 1908 sin-

2197 1937 2353 2008 gulis
2373 1937 2586 1994 melius
2616 1937 3059 2009 recognoscitur
3089 1937 3386 2010 quidquid
3435 1935 3553 1994 dici
3596 1937 3868 2007 singula-

2195 2025 2335 2082 riter
2356 2026 2616 2092 auditur,
2652 2030 2716 2081 ut
2739 2026 2820 2082 ad
2850 2042 2952 2082 cor
2979 2041 3160 2082 suum
3180 2024 3437 2098 quisque
3459 2025 3686 2094 redeat,
3719 2033 3778 2086 et
3803 2027 3864 2087 in

2198 2115 2520 2187 semetipso
2548 2115 2663 2171 hoc
2684 2113 2850 2186 quod
2879 2114 2953 2171 de
2981 2129 3348 2187 unoquoque
3383 2114 3598 2174 dicitur
3647 2131 3859 2188 repre-

2196 2203 2440 2260 hendat.
2476 2203 2762 2275 Quisquis
2791 2203 2950 2260 enim
2991 2203 3422 2262 adversitatum
3476 2203 3866 2266 tribulatione

2197 2291 2510 2363 frangitur,
2543 2308 2579 2350 a
2606 2308 2728 2364 quo
2755 2292 2947 2350 factus
2979 2297 3067 2348 est
3090 2291 3337 2350 minime
3392 2292 3862 2366 contemplatur.

2196 2385 2346 2438 Nam
2373 2380 2480 2453 qui
2507 2381 2673 2453 quod
2703 2397 2830 2438 non
2857 2385 2984 2438 erat
3009 2380 3166 2451 fecit,
3199 2381 3423 2440 factum
3473 2381 3599 2438 sine
3643 2382 3864 2451 guber-

2197 2470 2437 2526 natione
2467 2485 2588 2528 non
2621 2470 2858 2540 deserit,
2889 2474 2946 2526 et
2973 2469 3078 2542 qui
3108 2469 3366 2539 benigne
3391 2470 3728 2541 hominem,
3759 2487 3866 2530 nec

2197 2575 2512 2632 quaquam
2545 2559 2797 2616 cruciari
2821 2559 3042 2630 injuste
3067 2558 3370 2632 permittit.
3397 2559 3675 2632 Sequitur
3707 2577 3721 2615 :
3747 2561 3869 2628 Qui

2196 2648 2360 2703 dedit
2392 2649 2665 2704 carmina
2693 2649 2756 2704 in
2786 2653 2974 2704 nocte.
3031 2679 3099 2688 ——
3157 2650 3411 2708 Carmen
3440 2647 3502 2706 in
3531 2652 3706 2708 nocte
3751 2653 3864 2717 est,

2194 2735 2398 2792 lietitia
2427 2735 2489 2792 in
2519 2736 2920 2808 tribulatione,
2951 2737 3096 2809 quia
3125 2741 3181 2794 et
3209 2736 3259 2794 si
3286 2737 3580 2810 pressaris
3625 2743 3866 2810 tempo-

2196 2823 2396 2882 raliter
2425 2823 2771 2895 afﬂigimur,
2819 2840 2928 2897 spe
2977 2825 3107 2896 jam
3165 2829 3368 2884 tamen
3416 2825 3491 2882 de
3538 2826 3870 2887 aeternitate

2197 2913 2558 2985 gaudemus.
2591 2914 2871 2974 Carmina
2919 2913 3135 2972 Paulus
3172 2915 3236 2971 in
3264 2919 3438 2972 nocte
3470 2915 3870 2989 praedicabat,

2197 3003 2404 3060 dicens
2436 3022 2450 3061 :
2489 3027 2517 3054 «
2544 3006 2658 3076 Spe
2686 3004 3035 3074 gaudentes,
3066 3005 3130 3060 in
3159 3005 3538 3062 tribulatione
3568 3005 3872 3078 patientes

2198 3095 2388 3162 (Rom.
2421 3111 2512 3163 xu,
2553 3095 2720 3167 12).»
2767 3097 3020 3152 Carnem
3071 3095 3132 3152 in
3184 3099 3358 3156 nocte
3406 3095 3593 3154 David
3621 3111 3874 3170 expres-

2201 3189 2375 3252 serat,
2432 3183 2538 3258 qui
2585 3183 2824 3240 dicebat
2881 3202 2894 3240 :
2951 3187 3090 3240 «Tu
3137 3199 3200 3241 es
3247 3183 3548 3254 refugium
3609 3201 3648 3244 ει
3696 3201 3870 3260 pres-

2201 3289 2342 3330 sura
2397 3290 2534 3346 qua:
2572 3273 2966 3332 circumdedit
3008 3290 3126 3346 me,
3185 3273 3499 3332 exsultatio
3549 3291 3709 3344 mea,
3766 3292 3870 3334 re-

2199 3361 2360 3418 dime
2385 3377 2484 3418 me
2538 3378 2575 3419 a
2604 3360 3116 3420 circumdantibus
3158 3377 3258 3422 me
3285 3364 3476 3431 (Psal.
3505 3364 3670 3432 ιω,
3723 3365 3801 3436 7).
3835 3389 3871 3420 ιι

2203 3451 2480 3524 Sequitur
2538 3468 2552 3508 :

2269 3544 2444 3598 Vsus.
2481 3545 2500 3597 t
2523 3544 2566 3596 1.
2601 3541 2717 3609 Qui
2743 3541 2912 3598 docet
2939 3557 3046 3598 nos
3074 3556 3258 3612 super
3274 3543 3558 3612 jumenta
3586 3548 3784 3613 ten-ae,
3805 3551 3870 3602 et

2197 3645 2381 3700 super
2408 3631 2680 3686 volucres
2707 3631 2844 3687 creti
2869 3631 3070 3687 erudit
3097 3647 3222 3688 nos.
3260 3662 3330 3672 —
3383 3633 3664 3688 iumenta
3694 3636 3868 3691 terrae

2199 3722 2360 3786 sunt,
2387 3718 2493 3790 qui
2521 3735 2639 3775 usu
2666 3718 2798 3775 vitae
2815 3719 3072 3777 carnalis
3092 3719 3217 3776 ima
3236 3723 3530 3792 appetunt
3551 3720 3866 3788 ;volucres

2197 3823 2342 3863 vero
2371 3807 2505 3863 coeli
2535 3811 2693 3875 sunt,
2724 3807 2829 3881 qui
2851 3807 3126 3880 superbae
3148 3809 3506 3868 curiositatis
3527 3809 3728 3867 studio
3757 3827 3862 3868 su-

2197 3896 2406 3953 blimia
2428 3901 2895 3969 perscrutantur.
2924 3896 3007 3954 Illi
3036 3897 3296 3954 vivendo
3327 3915 3389 3954 se
3433 3899 3750 3972 deponunt
3775 3900 3874 3957 in-

2198 3985 2289 4042 fra
2315 4001 2504 4058 quam
2555 3989 2696 4042 sunt
2727 4002 2740 4052 ;
2789 3985 2883 4042 isti
2927 3985 3289 4058 inquirendo
3327 4003 3390 4044 se
3423 3987 3662 4045 elevant
3707 3987 3870 4048 ultra

2200 4092 2387 4150 quam
2437 4078 2710 4149 possunt.
2753 4075 2870 4132 Illis
2912 4091 3021 4150 per
3074 4092 3247 4133 sacra
3298 4075 3539 4150 eloquia
3583 4077 3800 4136 dicitur
3849 4095 3866 4134 :

2203 4189 2230 4217 «
2264 4165 2449 4222 Nolite
2477 4165 2606 4222 ﬁeri
2635 4165 2790 4222 sicut
2817 4181 3010 4238 equus
3037 4170 3096 4222 et
3121 4167 3345 4240 mulus,
3375 4167 3436 4224 in
3467 4167 3691 4242 quibus
3735 4185 3872 4227 non

2201 4258 2288 4310 est
2311 4254 2641 4310 intellectus
2671 4257 2861 4323 (Psal.
2892 4272 3052 4322 xxx',
3085 4255 3160 4327 9).
3193 4274 3225 4310 ›
3280 4259 3529 4313 Istorum
3560 4257 3868 4330 superbus

2199 4341 2372 4398 labor
2395 4342 2756 4416 increpatur,
2810 4343 2958 4399 dum
3001 4344 3219 4400 dicitur
3276 4363 3289 4400 :
3351 4367 3380 4394 ι(
3411 4344 3636 4402 Altiora
3690 4351 3746 4402 te
3787 4361 3870 4403 ne

2199 4431 2528 4505 quaesieris,
2557 4436 2614 4489 et
2637 4431 2880 4489 fortiora
2911 4437 2964 4488 te
2985 4449 3062 4490 ne
3091 4438 3387 4491 scrutatus
3417 4433 3600 4491 fueris
3649 4436 3866 4508 (Eecli.

2200 4537 2280 4578 IIl.
2313 4521 2424 4593 22).
2454 4545 2482 4572 ››
2512 4523 2695 4578 Docet
2726 4521 2905 4592 igitur
2933 4539 3040 4579 nos
3063 4523 3218 4578 Deus
3244 4539 3425 4594 super
3441 4527 3728 4595 jumeuta
3753 4533 3874 4584 ter-

2199 4625 2285 4666 ra
2309 4615 2366 4666 et
2393 4625 2576 4680 super
2604 4611 2876 4667 volucres
2907 4613 3060 4668 creti.
3119 4611 3270 4678 Quia
3318 4611 3468 4669 dum
3521 4613 3639 4670 hoc
3697 4617 3870 4686 quod

2202 4714 2436 4766 sumus,
2493 4699 2901 4767 agnoscimus,
2961 4715 3072 4756 nec
3123 4699 3320 4758 carnis
3373 4715 3485 4758 nos
3547 4700 3873 4760 infirmitas

2199 4786 2420 4858 dejicit,
2446 4801 2557 4842 nec
2579 4786 2875 4858 superbius
2905 4787 3148 4860 spiritus
3177 4788 3358 4860 levat,
3399 4803 3510 4845 nec
3538 4787 3869 4848 detinenda

2199 4875 2335 4932 imis
2359 4873 2736 4947 subjicimur,
2763 4891 2875 4932 nec
2906 4875 3314 4950 superbiendo
3359 4877 3437 4934 de
3497 4877 3873 4938 sublimibus

2199 4963 2502 5020 inﬂamur.
2569 4963 2684 5029 Qui
2756 4962 2918 5024 enim
2987 4964 3209 5022 labitur
3281 4981 3484 5036 carne,
3557 4967 3872 5038 jumento-

2199 5067 2339 5108 rum
2395 5049 2666 5124 appetitu
2723 5053 3138 5126 prosternitur,
3211 5054 3323 5128 qui
3365 5067 3512 5112 vero
3563 5053 3872 5114 extollitur

2199 5143 2398 5197 mente
2470 5155 2638 5197 more
2706 5141 3025 5199 volucrum
3089 5143 3268 5216 quasi
3338 5142 3590 5202 levitatis
3661 5158 3874 5217 puum

2201 5228 2566 5287 sublevatur.
2630 5232 2698 5287 Et
2753 5235 2842 5287 est
2886 5247 3118 5301 sensus,
3175 5232 3491 5302 subaudis,
3544 5234 3664 5292 hoc
3719 5249 3872 5307 quo-

2199 5334 2319 5392 que
2377 5335 2501 5375 non
2581 5319 2746 5376 dixit.
2823 5323 2946 5376 Hoc
3041 5320 3246 5396 itaque
3327 5321 3498 5396 quod
3575 5322 3871 5394 iumentis

2199 5411 2258 5463 et
2300 5405 2649 5463 volucribus
2709 5407 3023 5475 antecellit,
3081 5425 3224 5466 cum
3277 5424 3404 5466 non
3445 5409 3591 5468 dicit
3637 5409 3703 5466 in
3764 5410 3869 5468 tri-

2197 5495 2507 5553 bulatione
2556 5497 2900 5554 memorari.
2957 5500 3039 5554 Ac
3095 5497 3148 5554 si
3203 5498 3426 5556 diceret
3499 5518 3513 5555 :
3583 5499 3868 5559 Inﬁrmus

431 5595 669 5640 norum.
697 5611 771 5625 —
789 5581 1266 5642 Calumiatores
1294 5587 1452 5641 recte
1517 5583 1714 5641 dicere
1761 5597 2088 5658 possumus
2201 5585 2462 5660 quisque
2513 5583 2736 5643 idcirco
2798 5601 3196 5664 nequaquam
3265 5603 3330 5647 se
3399 5587 3462 5648 in
3541 5588 3864 5662 perturbo-
