4120 6156
249 135 354 189 405

1009 170 1014 174 η
1060 135 1354 190 ΕΡΙΤΟΜΕ
1392 135 1754 191 MORAIJUM
1791 134 1846 189 S.
1890 135 1909 189 (

2022 133 2094 188 Ε.
2144 132 2211 187 IN
2250 134 2390 189 JOB.
2433 164 2515 203 -—,
2542 136 2667 188 LIB.
2710 136 2883 190 xxw.

3572 139 3680 193 406

248 254 409 310 tione
440 253 809 321 corroborat,
836 256 978 328 quia
1001 261 1055 311 et
1078 257 1137 312 in
1171 258 1591 329 tranquillitate
1621 274 1747 314 non
1767 263 1910 313 tem-
1944 260 1991 311 Α
2021 262 2078 311 et
2106 256 2375 312 exaudiri
2408 273 2583 311 voces
2614 256 2971 323 dissimulat,
3002 261 3058 311 et
3078 256 3244 328 quod
3266 258 3682 331 unusquiqu

245 349 439 416 perat,
473 348 530 399 et
560 343 781 400 idcirco
808 346 996 400 nescit
1026 346 1279 402 adversa
1313 347 1581 413 tolerare,
1607 349 1751 421 quia
1776 363 1890 403 con

243 433 489 497 stitutus
541 433 605 488 in
650 434 953 506 prosperis
1002 435 1361 505 cogitatione
1417 454 1479 493 se
1524 453 1647 494 non
1687 437 1910 492 novita

239 522 455 579 volatu
486 521 799 579 volucrum
830 539 1123 595 premere,
1172 541 1282 580 nec
1331 526 1600 583 carnales
1642 530 1841 583 motus
1874 541 1910 583 a

233 612 657 683 jumentorum
686 611 949 683 ingluvie
979 612 1313 670 sublevare.
1345 616 1515 681 Quod
1543 614 1792 688 quidem
1818 616 1909 671 in-

240 700 426 771 telligi
458 700 639 758 etiam
669 700 837 757 aliter
858 706 1053 774 potest
1081 720 1093 757 :
1129 702 1245 770 Qui
1271 704 1441 761 docet
1470 722 1577 761 nos
1606 719 1788 774 super
1801 708 1909 775 ju-

239 797 454 846 menta
505 797 703 853 terrae,
753 799 806 847 et
856 806 1040 860 super
1080 794 1346 849 votui-res
1393 796 1531 851 caeli
1557 794 1755 850 erudit
1784 809 1907 849 nos.

241 883 396 937 Nam
428 879 579 937 sicut
601 880 1018 950 jumentorum
1049 882 1346 939 vocabulo
1378 884 1645 953 signatur
1663 885 1786 939 vita
1809 885 1913 940 ho-

240 971 482 1026 minum
535 971 733 1026 carnis
784 970 983 1027 adhuc
1035 972 1301 1028 motibus
1353 972 1755 1042 subditorum,
1827 973 1911 1029 ita

239 1058 645 1132 appellatione
673 1058 987 1115 volucrum
1018 1059 1314 1131 ﬁguratur
1365 1061 1539 1117 elatio
1596 1061 1914 1134 spirituum

235 1146 668 1220 superborum,
685 1152 749 1203 ut
775 1164 883 1221 per
900 1148 1180 1218 jumenta
1205 1149 1452 1222 quidem
1481 1150 1696 1206 terreni
1722 1149 1915 1206 homi-

230 1250 376 1304 nes,
400 1251 507 1308 per
523 1235 795 1293 volucres
814 1253 957 1292 vero
979 1237 1283 1294 daemonia
1304 1239 1714 1308 designentur.
1744 1238 1911 1294 Unde

232 1341 384 1381 cum
412 1325 647 1385 semina
677 1325 967 1383 Dominus
985 1327 1157 1398 juxta
1179 1327 1339 1384 viam
1363 1328 1909 1396 diceretcecidisse,

234 1414 594 1486 subjunxit:
627 1435 655 1465 ς
692 1417 987 1471 Venerunt
1014 1415 1288 1472 volucres
1337 1416 1488 1482 caeli,
1541 1420 1598 1471 ct
1630 1416 1907 1472 comede-

231 1506 383 1556 runt
410 1500 746 1571 ea(Mattlt.
773 1517 895 1567 xm,
926 1504 1005 1569 4),
1064 1523 1094 1551 ››
1149 1502 1435 1558 nimirum
1476 1520 1583 1575 per
1634 1502 1905 1557 volucres

2022 345 2229 400 tolerat
2256 361 2379 400 non
2412 345 2663 414 ignorat.
2701 349 2881 400 Nemo
2925 361 3067 414 ergo
3108 346 3215 417 qui
3260 346 3486 403 tardius
3516 347 3684 404 audi-

2022 438 2132 497 tur,
2167 435 2369 490 crcdat
2398 435 2562 506 quod
2595 451 2630 490 a
2658 450 2919 506 superna
2947 451 3093 490 cura
3122 435 3461 505 negligitur.
3511 438 3673 510 Saepe

2019 524 2180 579 enim
2233 529 2442 579 nostra
2491 524 2806 593 desideria,
2865 524 3009 596 quia
3055 524 3319 583 celeriter
3354 542 3479 583 non
3506 526 3673 595 ﬁunt,

2020 613 2441 680 exaudiuntur,
2476 618 2531 669 et
2561 614 2727 685 quod
2763 613 3013 686 implere
3045 614 3273 671 concita
3317 616 3578 688 petimus
3607 631 3682 673 ex

2019 702 2153 774 ipsa
2182 701 2395 758 melius
2426 702 2700 759 tarditate
2728 704 3139 774 prosperatur.
3172 702 3447 775 Sequitur
3474 723 3488 760 :

2092 791 2269 847 Vsus.
2308 792 2388 847 14.
2422 793 2652 848 Etenim
2685 807 2820 847 cum
2857 791 3106 862 dixeris,
3152 806 3272 847 non
3318 788 3679 865 considerat,

2010 881 2297 950 judicare
2328 896 2529 939 coram
2562 882 2692 949 illo,
2721 886 2776 937 et
2808 885 3086 951 exspecta
3115 895 3267 937 eum.
3299 912 3371 923 —-
3409 883 3681 939 Fortasse

2020 969 2202 1036 enim,
2256 969 2402 1025 dum
2434 970 2663 1025 clamor
2690 973 2893 1026 noster
2938 969 3115 1042 quasi
3152 970 3495 1040 negligitur,
3542 987 3681 1043 spes

2019 1074 2156 1129 quae
2187 1058 2354 1113 cordi
2385 1064 2577 1114 inerat
2598 1057 2955 1125 inﬁrmatur,
3000 1063 3057 1114 et
3082 1075 3347 1131 superna
3383 1058 3685 1130 adjutoria

2019 1148 2297 1209 defutura
2327 1149 2653 1213 credimus,
2683 1149 2827 1222 quia
2856 1150 3083 1205 tardius
3119 1149 3513 1221 impetramus
3543 1168 3558 1219 ;
3610 1166 3682 1206 ac

2018 1253 2172 1309 pene
2210 1238 2655 1294 inconsiderata
2708 1242 2828 1295 Deo
2874 1254 3007 1294 esse
3033 1238 3511 1310 ingemiscimus,
3543 1255 3682 1311 quas

2016 1325 2207 1384 inulta
2238 1327 2581 1383 toleramus.
2636 1327 2750 1384 Sed
2798 1344 2937 1384 cmn
2966 1343 3079 1383 nos
3106 1327 3221 1384 ista
3242 1327 3681 1400 desperationis

2016 1416 2280 1488 procella
2311 1417 2651 1486 conturbat,
2685 1432 2979 1473 concussa
3022 1432 3193 1473 mens
3235 1417 3407 1477 citius
3452 1419 3513 1472 in
3544 1432 3682 1489 por-

2019 1509 2146 1560 tum
2179 1504 2306 1578 spei
2334 1521 2396 1560 se
2426 1505 2698 1573 collocat,
2732 1506 2781 1561 si
2807 1521 3026 1562 causas
3057 1522 3219 1574 suas,
3256 1522 3395 1562 cum
3426 1505 3681 1562 Domino

237 1588 497 1657 signans
523 1604 734 1644 aereas
767 1593 1109 1661 potestates.
1151 1591 1347 1646 Sancti
1378 1597 1579 1647 autem
1607 1590 1735 1652 viri,
1765 1591 1911 1663 quia
1949 1614 1989 1666 Β
2019 1593 2312 1649 subtiliter
2354 1599 2586 1665 pensat,
2632 1594 2683 1649 si
2723 1594 2888 1651 bona
2916 1595 3046 1665 ejus
3087 1595 3165 1650 ad
3194 1595 3550 1653 memoriam
3585 1609 3679 1651 re-

232 1694 352 1733 nec
381 1677 625 1734 inﬁrma
652 1677 972 1734 hominum
1003 1679 1275 1751 exempla
1302 1684 1611 1752 appetunt,
1645 1695 1756 1735 nec
1784 1695 1910 1736 rur-

235 1783 379 1823 sum
408 1766 786 1823 daemoniaca
821 1767 1139 1824 subtilitate
1168 1768 1474 1835 falluntur,
1508 1775 1565 1825 et
1601 1785 1783 1839 super
1800 1772 1907 1839 ju-

233 1862 444 1912 menta
476 1861 675 1924 terrte,
700 1861 753 1912 et
780 1872 961 1925 super
990 1858 1129 1913 caeli
1170 1859 1458 1919 volucres,
1509 1858 1724 1913 virtute
1772 1874 1908 1913 eru-

237 1944 491 2001 ditionis
545 1949 915 2000 excrescunt.
978 1945 1194 2001 Paulus
1231 1962 1413 2015 super
1452 1950 1735 2015 jumenta
1778 1947 1907 2014 jam

240 2039 428 2090 terrm
459 2032 705 2089 edoctus
736 2033 947 2103 fuerat,
976 2034 1182 2089 dicens
1213 2051 1225 2088 :
1263 2058 1289 2084 «
1318 2034 1473 2091 Multi
1504 2034 1840 2101 ambulant,
1878 2056 1906 2085 »

239 2128 297 2178 et
328 2122 512 2196 paulo
539 2127 717 2195 post:
753 2146 780 2172 ι(
816 2124 1081 2188 Quorum
1111 2122 1249 2178 ﬁnis
1300 2124 1587 2194 interitus,
1645 2140 1907 2196 quorum

236 2215 400 2278 Deus
432 2217 635 2268 venter
663 2217 770 2277 est,
798 2217 855 2267 et
895 2212 1084 2281 gloria
1128 2213 1189 2267 in
1241 2213 1594 2269 confusione
1635 2213 1907 2285 ipsorum

237 2302 348 2373 qui
374 2306 608 2357 terrena
638 2300 915 2373 sapiunt;
956 2307 1163 2357 nostra
1193 2306 1394 2357 autem
1435 2302 1811 2358 conversatio
1842 2303 1904 2358 in

239 2390 411 2460 caelis
442 2396 529 2446 est
556 2391 737 2461 (Phil.
770 2407 850 2460 ιιι,
888 2394 975 2459 18)
1040 2414 1070 2441 ››
1114 2394 1177 2446 Et
1214 2408 1479 2461 rursum,
1517 2407 1702 2461 super
1746 2393 1907 2448 volu-

237 2496 371 2537 cres
397 2481 534 2537 creti
560 2479 860 2536 eruditum
890 2495 952 2535 se
984 2485 1247 2545 noverat,
1291 2498 1428 2536 cum
1455 2480 1694 2537 dicebat
1721 2500 1732 2537 :
1769 2485 1905 2536 Nes-

241 2570 376 2626 citis
408 2569 698 2641 quoniam
739 2569 989 2639 angelos
1011 2569 1473 2640 judicabimus?
1509 2594 1536 2619 ››
1589 2572 1644 2641 (Ι
1671 2571 1810 2627 Cor.
1845 2586 1909 2626 vr

2018 1688 2209 1751 vocat,
2265 1684 2315 1739 si
2357 1683 2519 1739 mala
2572 1700 2703 1755 quae
2753 1683 2927 1739 bonis
2958 1684 3090 1754 ejus
3120 1683 3381 1740 reddidit
3406 1683 3571 1755 apud
3595 1699 3659 1738 se

2014 1771 2334 1843 metipsam
2360 1770 2573 1826 callide
2602 1786 2725 1826 non
2777 1775 3042 1838 accusat,
3085 1770 3134 1826 si
3162 1770 3478 1843 perpendit
3514 1769 3682 1842 quod

2017 1858 2097 1915 ab
2122 1876 2194 1915 eo
2222 1861 2376 1930 juste
2406 1860 2642 1927 meruit,
2667 1865 2722 1915 et
2750 1859 2917 1931 quod
2950 1859 3273 1915 clementer
3310 1858 3545 1931 accipit.
3599 1862 3681 1914 Ac

2018 1948 2069 2003 si
2096 1948 2321 2005 diceret
2361 1967 2373 2003 :
2426 1950 2575 2004 Cum
2633 1948 2857 2005 idcirco
2908 1952 3065 2005 Deus
3122 1948 3504 2005 considerare
3555 1963 3681 2003 non

2016 2038 2294 2104 creditur,
2323 2038 2468 2111 quia
2497 2038 2664 2093 tarde
2698 2038 3029 2105 miseretur,
3058 2037 3270 2093 intima
3299 2036 3678 2106 cogitationis

2015 2127 2347 2198 ingredere,
2378 2133 2558 2200 atque
2590 2127 2704 2183 illic
2733 2144 2938 2183 coram
2969 2128 3099 2199 ejus
3113 2127 3303 2183 oculis
3334 2143 3532 2183 causa;
3562 2130 3679 2183 tua;

2008 2214 2306 2285 judicium
2359 2216 2619 2287 suspice,
2670 2219 2725 2270 et
2751 2232 2886 2288 qum
2918 2215 3045 2288 ipse
3076 2215 3327 2271 vivendo
3356 2214 3676 2282 contulisti,

2014 2303 2103 2358 vel
2159 2320 2295 2375 quae
2344 2303 2760 2359 miserabiliter
2807 2302 3144 2376 percepisti,
3188 2303 3480 2361 discerne.
3527 2306 3677 2359 Nam

2012 2392 2117 2465 qui
2148 2392 2535 2465 semetipsum
2562 2409 2766 2449 coram
2800 2396 2918 2449 Deo
2947 2408 3066 2448 non
3096 2391 3505 2463 judicat,eum
3527 2391 3678 2448 dum

2013 2480 2315 2549 aﬂligitur,
2351 2497 2475 2536 non
2502 2486 2826 2553 exspectat.
2863 2481 3139 2553 Sequitur
3170 2497 3184 2537 :

2083 2573 2256 2626 Vsas.
2290 2575 2374 2625 15.
2406 2570 2583 2626 Nunc
2611 2572 2769 2626 enim
2797 2585 2918 2625 non
2954 2570 3142 2639 infert
3177 2570 3450 2637 furorem
3479 2583 3675 2637 suum,

242 2664 325 2729 Ἰ).
359 2665 440 2723 Ac
470 2659 519 2715 si
548 2658 769 2714 diceret
802 2676 815 2712 :
848 2660 1126 2714 Inﬁrmus
1171 2659 1660 2731 pusillanimitate
1717 2659 1905 2717 victus
2012 2677 2119 2717 nec
2150 2662 2468 2717 ulciscitur
2497 2661 2693 2716 valde.
2746 2693 2812 2700 —
2837 2715 2847 2723 ,
2869 2658 3072 2715 Scelus
3117 2658 3346 2730 quippe
3388 2660 3543 2712 Deus
3572 2657 3679 2713 diu

239 2748 362 2804 ista
388 2764 513 2804 non
543 2747 706 2813 dixit,
737 2752 793 2802 et
820 2747 1043 2802 idcirco
1072 2764 1210 2803 eum
1242 2748 1617 2804 adversitatis
1662 2749 1904 2804 tentatio
2012 2750 2241 2818 tolerat,
2301 2750 2447 2822 quia
2500 2750 2561 2805 in
2611 2753 2968 2823 perpetuum
3017 2748 3289 2811 damnat.
3323 2751 3381 2802 et
3412 2745 3678 2803 furorem

240 2837 521 2910 perculit,
548 2837 691 2909 quia
722 2836 1162 2909 tranquillitatis
1212 2843 1485 2908 tempora
1520 2837 1648 2893 haec
1688 2832 1905 2894 cunc’ta
2014 2855 2177 2894 nunc
2220 2839 2436 2895 inferre
2485 2838 2843 2899 dissimulat,
2895 2837 3041 2910 quia
3082 2835 3522 2895 simulandum
3550 2835 3679 2891 sine

240 2927 615 2983 transeuntia
664 2926 829 2982 nulla
876 2927 1235 2998 perfectione
1292 2928 1614 2999 superavit.
1699 2928 1903 2999 Sequi-
1944 2964 1985 3019 Ο
2013 2928 2133 2983 ﬁne
2176 2928 2239 2983 in
2296 2931 2605 2999 posterum
2654 2930 2866 2982 servat.
2918 2925 3250 2982 Electorum
3290 2939 3561 3019 namque
3590 2926 3680 3019 est

242 3019 343 3073 tur
383 3032 398 3070 :
1950 3012 1984 3019 “
2012 3016 2110 3073 hic
2135 3016 2379 3073 conteri.
2414 3020 2479 3072 ut
2507 3016 2586 3071 ad
2615 3015 2866 3088 praemia
2894 3014 3156 3071 debeant
3179 3018 3407 3069 aeternae
3431 3012 3680 3069 hancdi-

318 3107 491 3165 Vsas.
530 3108 614 3160 12.
666 3104 761 3160 Ibi
789 3104 1161 3171 clamabunt,
1213 3110 1268 3160 et
1314 3120 1434 3160 non
1466 3104 1745 3161 exaudiet
1770 3120 1908 3174 pro-
2014 3105 2148 3161 tatis
2178 3104 2395 3161 erudiri
2430 3123 2442 3173 ;
2501 3108 2777 3160 nostrum
2824 3109 2912 3159 est
2957 3102 3053 3159 hic
3082 3102 3320 3171 ﬂagella
3349 3101 3674 3174 percipere,

238 3200 383 3263 pter
411 3195 753 3263 superbiam
782 3195 1103 3250 malorum.
1133 3226 1201 3233 —
1234 3193 1337 3262 lbi,
1387 3193 1661 3249 videlicet
1702 3193 1761 3248 in
1814 3193 1909 3249 tri-

241 3282 573 3353 bulatione,
626 3288 689 3338 ut
740 3289 985 3338 econtra
1034 3283 1108 3337 de
1165 3282 1386 3351 gaudio
1438 3282 1725 3355 scriptum
1774 3286 1902 3339 est:

243 3394 273 3421 «
302 3371 424 3427 Filii
454 3387 762 3428 servorum
794 3376 1033 3427 tuorum
1064 3370 1490 3427 inhabitabant
1512 3370 1594 3426 ibi
1624 3372 1812 3443 (Psal.
1833 3387 1903 3441 ει,

243 3462 359 3531 29).
396 3480 426 3513 ›
468 3461 580 3519 Sed
606 3461 915 3532 videbunt,
945 3461 1259 3530 incertum,
1315 3466 1512 3517 utrum
1560 3460 1740 3531 dicat,
1770 3477 1905 3533 pro-

242 3555 377 3623 pter
428 3550 774 3622 superbiam
820 3567 1119 3607 macrum
1166 3566 1286 3607 non
1326 3551 1623 3621 exaudiet,
1655 3565 1733 3606 an
1764 3567 1904 3624 pro-

243 3645 377 3713 pter
404 3639 750 3711 superbiam
777 3639 1081 3695 mal...rum
1112 3640 1481 3696 clamabunt.
1517 3639 1766 3709 Intelligi
1797 3657 1905 3697 au-

243 3732 367 3785 tem
398 3729 607 3785 melius
631 3732 845 3802 potest,
870 3729 918 3783 si
945 3744 1068 3785 non
1102 3729 1369 3784 exaudiri
1410 3729 1629 3801 potius,
1657 3736 1909 3800 propter

242 3818 545 3874 malorum
597 3817 961 3887 superbiam,
1018 3832 1204 3888 quam
1253 3818 1514 3873 clamare
1552 3817 1903 3873 referantur.

244 3911 398 3965 Nam
423 3907 588 3980 quod
621 3910 864 3978 propter
888 3905 1190 3960 malorum
1234 3906 1433 3978 superi
1461 3908 1581 3962 iam
1621 3906 1715 3962 cla
1740 3912 1905 3974 nant,

243 4013 435 4071 supra
460 3997 589 4067 jam
620 3996 844 4051 dictum
871 4000 976 4050 est.
1004 3998 1155 4063 Ergo
1180 3995 1354 4051 nobis
1378 3995 1493 4050 hoc
1512 4012 1692 4051 ver>u
1718 3996 1911 4052 innui-

244 4092 360 4156 tur,
395 4084 563 4158 quod
595 4084 776 4158 paulo
830 4084 1105 4139 subtilius
1155 4083 1514 4153 attendatur,
1565 4084 1709 4156 quia
1749 4100 1909 4157 saepe

244 4175 525 4250 oppressi
554 4174 823 4248 quidem,
852 4173 995 4229 dum
1030 4171 1437 4237 clamaverint,
1471 4188 1544 4228 ex
1574 4188 1637 4227 se
1663 4173 1909 4245 quidem

244 4268 554 4322 merentur
584 4262 797 4333 audiri,
845 4261 951 4317 sed
986 4268 1183 4318 tamen
1214 4277 1423 4317 eorum
1454 4260 1752 4318 desideria
1776 4278 1910 4335 pro-

244 4360 380 4429 pter
405 4352 877 4427 opprimentium
908 4350 1255 4423 superbiam
1280 4349 1657 4406 differuntur.
1710 4354 1910 4408 Justus

246 4444 475 4517 quippe
525 4442 833 4507 Dominus,
885 4446 942 4497 et
988 4457 1132 4497 suos
1183 4439 1467 4514 permittit
1513 4441 1912 4514 temporaliter

248 4532 530 4607 opprimi,
557 4537 613 4588 et
635 4531 1029 4587 violentorum
1064 4529 1353 4586 maliéiam
1374 4545 1411 4584 n
1438 4530 1656 4602 ‘quitur
1682 4530 1909 4600 augeri,

253 4626 317 4676 ut
334 4620 483 4675 dum
513 4621 730 4675 horum
757 4619 873 4675 vita
900 4619 960 4674 in
991 4618 1349 4692 purgatione
1396 4617 1620 4687 teritur,
1669 4617 1912 4674 illorum

250 4708 517 4780 nequitia
546 4712 1019 4763 consummatur.
1070 4711 1149 4761 Ac
1175 4706 1218 4760 si
1254 4705 1473 4761 diceret
1505 4722 1518 4759 :
1549 4708 1764 4762 Beatus
1809 4701 1935 4779 op?

249 4796 638 4870 primentium
669 4796 876 4852 audire
922 4810 1098 4851 voces
1136 4794 1414 4867 prohibet
1460 4809 1910 4866 oppressorum,

250 4902 364 4943 nec
396 4886 728 4960 eripiuntur
758 4883 1059 4940 visibiliter
1097 4884 1260 4955 justi,
1292 4884 1436 4956 quia
1464 4882 1683 4939 salvari
1711 4882 1912 4938 invisi-

248 4973 448 5031 biliter
489 4990 614 5033 non
663 4977 967 5030 merentur
1019 4972 1248 5044 injusti.
1308 4972 1472 5028 Unde
1523 4988 1763 5028 rursum
1806 4985 1913 5045 per

250 5063 615 5136 prophetam
637 5061 852 5119 dicitur
906 5079 919 5118 :
975 5084 1004 5112 «
1046 5061 1196 5117 Cum
1222 5060 1435 5117 viderit
1462 5061 1759 5133 sapientes
1786 5075 1913 5116 mo-

249 5151 492 5213 rientes,
551 5149 732 5206 simul
780 5148 1067 5217 insipiens
1116 5153 1173 5205 et
1219 5149 1378 5204 stulti
1406 5148 1689 5222 peribunt
1718 5149 1905 5218 (Psal.

250 5256 455 5310 XLVIII,
493 5239 594 5311 13).
624 5262 651 5289 ››
681 5239 956 5312 Sequitur
990 5257 1002 5294 :

333 5330 500 5383 Vens.
546 5333 629 5384 13.
680 5328 885 5399 Neque
930 5327 1087 5382 enim
1126 5328 1365 5396 frustra
1414 5326 1618 5381 audiet
1646 5326 1826 5395 Deus,
1860 5330 1915 5381 et

256 5419 643 5486 Omnipotens
670 5416 1049 5486 singulorum
1075 5429 1289 5470 causas
1319 5415 1670 5471 intuebitur.
1700 5444 1769 5453 —
1808 5417 1916 5469 No-

256 5506 514 5564 tandum
543 5504 709 5578 quod
759 5503 882 5559 duo
926 5504 1043 5557 sint
1077 5501 1255 5568 dicta,
1305 5502 1450 5575 quia
1475 5507 1529 5559 et
1554 5502 1915 5558 clamantem

256 5611 386 5655 non
413 5593 633 5653 frustra
663 5592 850 5667 audit,
900 5595 958 5649 et
985 5596 1186 5648 tamen
1214 5591 1381 5664 quod
1409 5591 1629 5665 patitur
1653 5590 1914 5664 respicit,

2013 3194 2235 3267 quibus
2263 3198 2534 3250 servatur
2563 3194 2637 3248 de
2663 3193 2987 3249 aeternitate
3012 3191 3295 3261 gaudere.
3336 3191 3485 3247 Hinc
3513 3190 3677 3246 enim

2014 3285 2300 3356 scriptum
2354 3288 2444 3339 est
2497 3301 2511 3339 :
2568 3305 2595 3331 ‹‹
2652 3281 2933 3350 Flagellat
2967 3297 3216 3337 omnem
3262 3279 3453 3337 ﬁlium
3492 3294 3676 3351 quem

2012 3372 2221 3444 recipit
2249 3373 2451 3444 (Hebr.
2478 3388 2578 3439 xu,
2607 3375 2685 3437 6).
2741 3394 2768 3420 ››
2823 3369 2966 3426 Hinc
2990 3370 3069 3427 ad
3096 3372 3391 3426 Joannem
3419 3367 3670 3423 dicitur:

2015 3485 2043 3511 «
2078 3465 2197 3532 Ego
2226 3478 2379 3535 quos
2408 3478 2549 3518 amo
2576 3477 2765 3532 arguo
2795 3468 2853 3516 et
2883 3459 3113 3529 castigo
3161 3459 3370 3529 (Apoc.
3395 3473 3475 3525 ιιι,
3504 3460 3612 3522 19).
3644 3478 3672 3506 ››

2013 3549 2353 3608 Notandum
2427 3566 2570 3606 vero
2646 3554 2764 3620 est,
2838 3549 3006 3622 quod
3080 3546 3397 3604 subintulit
3476 3545 3672 3615 valde,

2012 3640 2156 3712 quia
2180 3643 2236 3695 et
2266 3638 2313 3695 si
2343 3654 2478 3711 quae
2506 3638 2930 3709 longanimiter
2977 3637 3205 3706 tolerat,
3256 3634 3542 3708 quaedam
3585 3637 3673 3689 ta-

2013 3745 2153 3787 men
2204 3727 2265 3784 in
2309 3729 2424 3783 hac
2470 3727 2651 3783 etiam
2697 3727 2818 3783 vita
2858 3726 3141 3796 ﬂagellat,
3180 3728 3239 3781 et
3265 3724 3361 3781 hic
3390 3738 3673 3779 nonnun-

2010 3834 2174 3890 quav.
2230 3815 2401 3873 ferire
2435 3816 2673 3872 inchoat
2700 3815 2865 3887 quod
2910 3820 3133 3871 aeterna
3172 3812 3488 3869 damnatio
3529 3827 3675 3867 con-

2016 3909 2301 3962 summat.
2349 3908 2502 3975 Ergo
2549 3909 2607 3961 et
2647 3903 2939 3959 nonnulla
2985 3902 3261 3975 percutit,
3299 3907 3357 3957 et
3383 3899 3677 3956 nonnulla

2014 3995 2205 4051 inulta
2251 3993 2626 4064 derelinquit,
2682 3992 2828 4064 quia
2870 3992 2919 4046 si
2968 3990 3137 4047 nulla
3182 3993 3497 4057 resecaret,
3535 3987 3674 4059 quis

2013 4083 2203 4138 Deum
2230 4098 2324 4138 res
2352 4083 2656 4137 humanas
2678 4096 2887 4136 curare
2917 4078 3308 4135 credidisset?
3339 4079 3406 4132 Et
3431 4091 3676 4132 rursum

2019 4170 2067 4227 si
2096 4171 2192 4226 hic
2219 4175 2431 4225 cuncta
2462 4171 2814 4241 percuteret,
2842 4171 3177 4224 extremum
3195 4164 3490 4237 judicium
3515 4164 3678 4219 unde

2020 4264 2265 4316 restaret
2287 4259 2313 4315 ?
2340 4258 2616 4331 Sequitur
2649 4273 2663 4311 :

2092 4353 2258 4406 Vsus.
2298 4352 2382 4405 16.
2438 4349 2603 4419 Ergo
2630 4348 2742 4404 Job
2766 4348 3008 4417 frustra
3036 4347 3273 4416 aperuit
3297 4361 3359 4401 os
3387 4360 3580 4411 suum,
3621 4348 3678 4399 et

2020 4441 2241 4512 absque
2276 4439 2523 4495 scientia
2554 4438 2734 4495 verba
2774 4438 3163 4507 multiplicat.
3206 4468 3276 4480 --
3334 4439 3467 4491 Haec
3503 4432 3678 4490 nimi-

2017 4545 2154 4585 rum
2184 4528 2461 4595 inferens,
2494 4527 2707 4583 beatus
2724 4526 2857 4596 Job,
2880 4530 2937 4582 et
2963 4525 3112 4583 nihil
3133 4525 3319 4583 scisse
3347 4524 3574 4593 asserit,
3621 4526 3680 4580 et

2018 4618 2209 4675 multa
2239 4617 2492 4685 dixisse;
2549 4620 2607 4672 et
2644 4632 2784 4673 cum
2824 4615 2954 4687 ipse
2980 4631 3119 4687 quae
3148 4614 3325 4671 sentit
3348 4612 3679 4684 loquaciter

2018 4708 2249 4773 inferat,
2276 4707 2439 4762 hunc
2469 4705 2545 4762 de
2568 4705 2708 4761 vitio
2734 4703 3115 4777 loquacitatis
3137 4706 3398 4763 accusat.
3420 4700 3536 4758 Sed
3560 4700 3678 4756 hoc

2019 4810 2263 4869 quoque
2321 4810 2451 4850 esse
2505 4793 2820 4865 proprium
2864 4790 3275 4861 arrogantium
3311 4788 3480 4860 solet,
3525 4792 3592 4845 ut
3620 4793 3680 4845 et

2020 4899 2219 4956 pauca
2242 4882 2489 4938 credant
2515 4896 2653 4954 quas
2681 4880 2796 4953 ipsi
2822 4878 3014 4936 multa
3055 4878 3329 4945 dixerint,
3386 4881 3445 4935 et
3487 4877 3678 4935 multa

2020 4973 2285 5040 credant,
2310 4987 2445 5044 quas
2471 4971 2615 5043 ipsis
2640 4986 2839 5043 pauca
2864 4969 3164 5027 dicuntur.
3198 4968 3473 5042 Sequitur
3502 4986 3516 5025 :

2591 5112 2815 5168 CAPUT
2872 5111 3106 5166 XXXVI.

2092 5241 2260 5294 Vsus.
2296 5238 2343 5307 l,
2374 5240 2427 5292 2.
2462 5237 2708 5293 Addens
2754 5250 2987 5307 quoque
3031 5236 3178 5292 Eliu
3202 5236 3402 5300 etiam,
3437 5232 3561 5286 haec
3587 5232 3673 5286 lo-

2022 5332 2194 5385 cutus
2218 5332 2301 5383 est
2330 5341 2352 5382 .'
2382 5326 2624 5383 Sustine
2661 5340 2753 5381 me
2775 5325 3123 5393 paululum,
3155 5330 3208 5377 et
3237 5318 3515 5376 indicabo
3546 5319 3670 5374 tibi.

2023 5448 2091 5457 ——
2116 5415 2290 5472 Multa
2315 5416 2444 5486 jam
2470 5415 2718 5481 dixerat,
2746 5419 2802 5469 et
2831 5411 3103 5468 sustineri
3133 5410 3332 5465 adhuc
3357 5406 3674 5478 paululum

2023 5505 2405 5578 sperat,quia
2427 5503 2701 5560 videlicet
2713 5505 3063 5571 arrogantes
3092 5511 3274 5565 gnave
3284 5512 3352 5551 se
3377 5495 3675 5553 damnum

2023 5593 2253 5666 perpeti
2277 5592 2572 5663 judicant,
2600 5592 2650 5648 si
2679 5588 2988 5647 scientiam
3014 5598 3189 5643 suam
3216 5583 3507 5657 loquendi
3542 5585 3674 5641 bre-
