4112 6152
374 136 481 190 407

1401 123 1456 179 S.
1501 123 1759 181 ODONIS
1798 118 2084 178 ABBATIS
2123 117 2626 176 CLUNIACENSIS
2662 118 2713 174 ῐῐ

3691 113 3802 174 me

375 255 550 311 vitate
598 251 1041 319 constringant;
1098 251 1262 304 tanto
1316 247 1475 303 enim
1509 246 1863 319 semetipsos
1906 260 2032 300 cre-
2064 246 2110 299 A
2144 243 2438 316 respicere
2488 247 2731 299 caeteros
2783 241 3165 313 dedignatur,
3223 238 3426 313 sicque
3469 256 3665 314 usque
3722 240 3821 297 ad.

375 343 529 400 dunt
569 340 862 397 doctiores
921 336 1253 404 ostendere,
1306 340 1535 409 quanta
1583 351 1647 390 se
1712 337 2037 407 potuerunt

377 429 813 503 multiplicitate'
830 426 1210 499 loquacitatis
1239 425 1489 498 aperire.
1527 425 1802 498 Sequitur
1844 440 1856 478 :
1910 423 2034 478 Ad-

379 523 495 578 huc
527 519 713 575 habeo
743 517 904 589 quod
926 530 1042 586 pro
1082 516 1202 571 Deo
1256 517 1490 586 loquar.
1545 546 1614 554 —
1669 513 1819 578 Quia
1876 511 2036 567 enim

377 622 538 680 saepe
569 606 681 662 sibi
712 604 977 661 sentiunt
1006 603 1217 660 silentii
1244 604 1632 658 reverentiam
1656 617 1777 657 non
1799 598 2034 667 deferri,

380 697 480 754 Dei
509 710 953 768 nonnunquam
981 692 1311 766 potentiam
1342 691 1417 748 de
1447 708 1570 765 quo
1596 691 1769 764 quasi
1785 690 2041 763 loquun-

379 792 473 842 tur
501 786 830 849 insinuant,
861 798 931 838 ac
961 780 1074 837 sub
1099 784 1387 853 praetextu
1418 780 1570 835 illius
1602 779 1713 834 sibi
1739 777 2039 835 silentium

378 875 644 944 exigunt,
676 870 845 945 quod
874 870 1121 926 minime
1150 873 1472 925 merentur.
1508 868 1657 934 Quia
1701 883 1843 923 vero
1887 883 2041 923 nou-

379 977 698 1036 nunquam
728 960 1003 1017 doctores
1033 959 1224 1015 sancti
1254 958 1463 1014 crebro
1492 961 1786 1029 repetunt,
1842 956 1891 1011 si
1920 972 2044 1029 qua

382 1050 698 1109 obscurius
724 1049 948 1117 dicunt,
982 1052 1047 1104 ut
1075 1064 1212 1120 quae
1242 1047 1475 1103 occulta
1513 1046 1842 1118 praedicant
1871 1044 2042 1101 audi-

382 1148 581 1200 torum
633 1138 914 1195 cordibus
965 1153 1113 1193 voce
1167 1136 1295 1192 hzec
1342 1135 1670 1192 iterationis
1702 1134 2042 1206 infundant,

383 1233 737 1306 plerumque
764 1229 881 1284 hoc
909 1231 1200 1300 appetunt
1219 1227 1398 1282 etiam
1427 1230 1776 1295 arrogantes
1803 1225 2042 1295 imitari,

384 1327 441 1377 et
474 1319 794 1375 insolenter
815 1332 888 1373 ea
913 1331 1049 1389 quae
1078 1315 1335 1371 dixerint
1362 1314 1672 1388 replicant.
1711 1314 1987 1387 Sequitur
2029 1330 2041 1368 :

453 1410 622 1463 Vens.
653 1411 703 1461 3.
737 1406 1018 1475 Repetam
1066 1405 1377 1460 scientiam
1414 1418 1605 1459 meam
1654 1418 1691 1458 a
1722 1403 2043 1472 principio.

382 1529 453 1538 —
508 1494 623 1552 Sed
681 1494 826 1567 quia
879 1494 1194 1550 nominata
1231 1492 1477 1548 scientia
1521 1496 1719 1548 tumor
1758 1490 1954 1571 cordis
1985 1491 2048 1546 in

2143 333 2273 403 ejus
2306 333 2755 390 similitudinem
2786 331 3042 398 ducitur,
3086 331 3161 387 de
3190 347 3314 404 quo
3345 331 3631 403 scriptum
3663 336 3756 386 est
3784 347 3800 385 ε

2145 444 2171 471 ‹‹
2208 424 2395 478 Omne
2425 421 2682 477 sublime
2714 420 2891 491 videt,
2925 425 2981 477 et
3010 420 3140 493 ipse
3165 423 3256 476 est
3287 436 3390 475 rex
3440 434 3623 492 super
3673 417 3804 474 uni-

2143 526 2344 567 versos
2371 511 2524 567 ﬁlios
2553 511 2850 584 superbiae
2877 511 3031 583 (Job.
3063 526 3180 575 xu,
3206 510 3318 581 25),
3351 532 3380 559 »
3429 512 3486 565 et
3523 508 3598 564 de
3629 508 3805 580 cujus

2146 616 2393 674 corpore
2438 601 2654 658 dicitur
2703 617 2716 656 :
2774 622 2802 649 ‹‹
2864 598 3176 656 Generatio
3217 599 3389 670 cujus
3415 597 3634 654 excelsi
3666 601 3811 654 sunt

2146 690 2321 760 oculi,
2354 696 2411 746 et
2437 690 2743 764 palpebrae
2770 691 2900 761 ejus
2922 689 2980 744 in
3004 688 3124 744 alta
3144 692 3420 744 surrectaa
3444 689 3648 755 (Prov.
3664 703 3810 756 xxx,

2152 784 2258 849 t3).
2305 802 2332 829 »
2375 782 2560 835 Deum
2589 778 2813 852 quippe
2843 777 3059 834 imitari
3092 776 3392 833 desiderat
3438 776 3602 851 quia,
3643 776 3813 832 fasti-

2150 870 2315 939 gium
2340 868 2619 942 potentiae
2646 868 2853 924 alienis
2881 867 3143 924 intentus
3173 865 3542 935 utilitatibus,
3598 869 3653 921 et
3686 880 3814 921 non

2150 958 2272 1013 suis
2326 957 2515 1012 elatus
2567 957 2870 1027 laudibus,
2928 955 3346 1024 administrat;
3395 954 3500 1027 qui
3527 953 3816 1028 prmlatus

2152 1047 2376 1103 caeteris
2415 1046 2704 1119 prodesse
2746 1046 2990 1120 appetit,
3042 1061 3165 1102 non
3208 1061 3482 1118 praeesse.
3538 1043 3817 1101 Tumoris

2152 1152 2417 1209 namque
2449 1135 2644 1206 elatio,
2668 1151 2792 1192 non
2821 1135 2971 1191 ordo
2997 1139 3324 1208 potestatis,
3351 1135 3411 1190 in
3434 1133 3681 1190 crimine
3702 1137 3815 1201 est,

2151 1225 2481 1299 potentiam
2516 1228 2670 1280 Deus
2700 1223 2920 1294 tribuit,
2969 1223 3286 1280 elationem
3341 1239 3480 1279 vero
3535 1221 3818 1297 potentiae

2154 1313 2379 1369 malitia
2399 1317 2616 1369 nostrae
2646 1312 2860 1369 mentis
2887 1312 3127 1368 invenit.
3156 1311 3456 1369 Tollamus
3480 1326 3623 1381 ergo
3647 1307 3823 1384 quod

2155 1401 2229 1457 de
2254 1406 2458 1458 nostro
2491 1401 2875 1469 contulimus,
2908 1405 2966 1456 et
2992 1399 3155 1456 bona
3181 1403 3322 1456 sunt
3364 1416 3503 1473 quae
3551 1402 3669 1455 Deo
3708 1398 3826 1455 lar-

2157 1491 2350 1561 giente
2376 1491 2779 1564 possidemus.
2813 1490 3090 1563 Sequitur
3122 1506 3134 1545 :

383 1601 531 1643 voce
562 1584 877 1649 claruerat,
902 1598 1193 1655 arrogans
1220 1587 1421 1656 aperte
1451 1582 1813 1653 agnoscitur,
1847 1582 1896 1637 si
1924 1597 2045 1638 non
2078 1599 2118 1651 B
2226 1582 2397 1637 Vsus.
2424 1586 2475 1636 6.
2507 1580 2625 1636 Sed
2653 1596 2773 1636 non
2797 1581 2995 1636 salvat
3019 1580 3251 1650 impios,
3275 1585 3328 1636 et
3338 1579 3642 1649 judicium
3671 1593 3826 1648 pau-

384 1675 556 1732 citius
604 1673 808 1746 aliquo
855 1672 1152 1729 velamine
1207 1671 1484 1745 pallietur
1539 1671 1888 1744 :(Sequitur
1922 1688 1934 1727 :
1974 1672 2048 1727 Et

386 1769 758 1834 operatorem
815 1777 1009 1818 meum
1064 1761 1314 1831 probato
1352 1764 1601 1830 iustum.
1650 1791 1723 1801 ——-
1774 1763 1860 1829 Ut,
1900 1759 2047 1815 dum

387 1852 565 1927 quasi
615 1867 727 1924 pro
784 1850 886 1907 Dei
933 1850 1163 1922 justitia
1218 1850 1501 1923 loquitur,
1558 1851 1720 1924 apud
1780 1851 2051 1907 humana

382 1941 612 2014 judicia
640 1939 936 2013 quidquid
964 1943 1313 2010 arroganter
1341 1938 1529 1996 afﬂuit
1560 1943 1895 1996 excusetur.
1945 1940 2047 1994 Se-

389 2031 593 2104 quitur
615 2050 629 2086 :

458 2121 627 2176 Vens.
672 2121 755 2185 4.,
793 2118 938 2175 Vere
980 2120 1136 2176 enim
1167 2119 1388 2192 absque
1414 2119 1724 2176 mendacio
1753 2134 2051 2176 sermones

388 2209 525 2267 mei.
570 2240 640 2249 —
692 2209 840 2265 Cum
888 2207 968 2264 ab
1018 2207 1275 2264 inﬁrmis
1314 2208 1692 2265 auditoribus
1718 2224 1780 2264 se
1806 2207 2052 2279 intelligi

390 2314 513 2356 non
549 2312 735 2371 posse
777 2295 1174 2370 conspiciunt,
1224 2297 1415 2353 solent
1471 2297 1827 2370 plerumque
1874 2297 2052 2353 etiam

385 2387 531 2461 justi
558 2384 810 2443 laudare
836 2385 1002 2443 bona
1030 2401 1167 2458 quae
1193 2385 1418 2453 dicunt,
1451 2402 1574 2441 non
1601 2386 1768 2458 quod
1794 2385 1906 2458 ipsi
1932 2385 2055 2441 suis

394 2475 680 2533 laudibus
712 2473 967 2544 inhiant,
994 2473 1100 2530 sed
1129 2473 1297 2547 quod
1325 2473 1626 2531 auditores
1653 2473 2055 2530 subaudiendi

393 2562 788 2620 sollicitudine
818 2561 1172 2629 accendant,
1197 2565 1263 2617 ut
1281 2561 1429 2620 dum
1460 2578 1670 2619 eorum
1712 2578 1855 2619 voce
1901 2579 2054 2635 prte-

394 2652 686 2721 feruntur,
747 2649 827 2706 ab
872 2649 1113 2706 illorum
1151 2650 1434 2707 cordibus
1470 2651 1806 2709 ardentiore
1838 2652 2055 2709 affectu

395 2729 725 2813 rapiantur.
787 2738 954 2795 Unde
1006 2738 1247 2810 Paulus,
1296 2756 1436 2796 cum
1475 2740 1627 2797 mira
1652 2740 1969 2797 Corinthiis
2001 2746 2056 2798 et

396 2828 586 2885 multa
607 2827 870 2896 dixisset,
901 2826 1176 2899 adjunxit
1207 2846 1220 2884 :
1251 2850 1280 2878 ‹‹
1322 2831 1398 2886 Os
1440 2833 1719 2886 nostrum
1770 2835 1933 2904 patet
1977 2831 2057 2887 ad

395 2933 522 2989 vos,
574 2933 610 2973 ο
658 2915 974 2985 Corinthii;
1023 2932 1127 2973 cor
1167 2922 1441 2975 nostrum
1489 2918 1806 2976 dilatatum
1854 2921 2064 2993 est(I[
2085 2950 2125 3004 ο

403 3007 539 3064 Cor.
569 3023 647 3073 v1,
682 3010 789 3073 Η).
825 3029 854 3056 ››
887 3004 1003 3064 Sed
1028 3012 1396 3079 arrogantes,
1426 3008 1574 3065 dum
1604 3025 1707 3065 cor
1753 3009 2055 3066 bonorum

396 3097 691 3167 nesciunt,
722 3100 780 3153 et
803 3095 964 3154 solas
988 3096 1317 3170 aliquando
1344 3115 1524 3155 voces
1562 3099 1885 3167 imitantur,
1915 3100 2056 3157 effe-

392 3190 534 3242 runt
559 3184 871 3242 laudando
896 3201 1034 3259 quae
1064 3185 1289 3254 dicunt,
1321 3203 1444 3242 non
1493 3187 1657 3261 quod
1713 3189 1829 3243 eiS‘
1855 3194 2058 3262 torpor

393 3273 769 3330 audientium
794 3273 1088 3346 displicet,
1118 3274 1223 3330 sed
1253 3274 1420 3347 quod
1459 3275 1572 3331 sibi
1596 3276 1895 3332 inhianter
1924 3276 2055 3349 pla-

394 3364 548 3415 cent.
591 3359 869 3432 Sequitur
902 3376 917 3415 :
950 3361 1032 3415 Et
1081 3362 1353 3431 perfecta
1396 3364 1644 3419 scientia
1699 3364 2057 3433 probabitur

396 3448 615 3504 tz'bi.—
644 3447 936 3504 Nimirum
986 3450 1169 3505 sensit
1216 3466 1281 3505 se
1321 3466 1545 3521 magna
1593 3452 1913 3515 dicturum,
1950 3454 2055 3509 sed

395 3536 648 3593 tumenti
676 3537 857 3593 corde
884 3537 1000 3593 hoc
1029 3539 1193 3611 quod
1244 3539 1318 3594 de
1361 3540 1680 3612 semetipso
1725 3541 2059 3598 sublimiter

395 3624 734 3692 aestimavit,
769 3628 963 3681 tacere
1000 3641 1125 3681 non
1154 3626 1366 3699 potuit,
1402 3633 1460 3684 et
1488 3628 1709 3685 idcirco
1739 3631 1905 3703 quod
1929 3647 2057 3687 rec-

395 3715 525 3769 tum
554 3712 758 3782 sensit,
787 3711 1097 3770 laudando
1127 3716 1454 3788 praecurrit,
1485 3717 1628 3790 quia
1650 3718 1779 3790 jam
1811 3720 2057 3793 quidem

395 3799 596 3857 divino
620 3799 847 3872 judicio
870 3817 1009 3859 reus
1052 3808 1226 3873 esset,
1286 3803 1332 3860 si
1383 3821 1607 3877 magna
1655 3806 1729 3863 de
1759 3824 1820 3864 se
1847 3807 2059 3865 saltem
2093 3817 2113 3833 '

397 3888 627 3946 silendo
657 3890 960 3948 sensisset.
993 3892 1143 3949 Ante
1175 3892 1390 3951 subtile
1436 3894 1596 3951 enim
1627 3895 1888 3953 veritatis
1922 3913 2058 3954 exa-

397 3993 538 4035 men
565 3978 758 4034 securi
787 3979 1035 4037 omnino
1060 3996 1183 4036 non
1209 3998 1440 4050 sumus,
1491 3985 1671 4041 etiam
1703 3984 1748 4041 si
1788 3985 2059 4053 humano

392 4066 620 4140 judicio
648 4067 817 4141 quod
840 4068 902 4125 in
926 4069 1101 4126 nobis
1128 4071 1483 4145 reprehendi
1521 4072 1741 4130 debeat
1776 4090 1900 4131 non
1949 4075 2056 4132 ha-

396 4156 631 4213 bemus.
662 4157 940 4231 Sequitur
961 4176 975 4215 :

471 4247 636 4301 Vens.
668 4249 721 4302 5.
753 4247 910 4304 Deus
945 4253 1211 4316 potentes
1240 4264 1361 4306 non
1390 4251 1619 4321 abjicit.
1668 4269 1801 4310 cum
1850 4258 1906 4309 et
1938 4254 2063 4323 ipse

398 4337 476 4392 sit
503 4342 731 4407 potens.
761 4370 828 4379 —
856 4338 923 4394 In
952 4355 1070 4397 usu
1094 4340 1229 4396 vitae
1255 4341 1522 4399 mortalis
1551 4344 1835 4416 quaedam
1868 4361 1942 4401 ex
1969 4361 2059 4402 se-

400 4424 666 4497 metipsis
693 4429 833 4482 sunt
854 4426 1056 4497 noxia,
1084 4428 1367 4501 quaedam
1396 4446 1539 4487 vero
1564 4447 1637 4487 ex
1668 4433 1759 4489 his
1789 4450 1925 4505 quae
1957 4434 2063 4491 cir-

401 4528 476 4569 ca
529 4512 663 4586 ipsa
715 4518 1050 4573 versantur.
1091 4516 1177 4573 Ex
1223 4519 1554 4593 semetipsis
1587 4522 1873 4594 quaedam
1923 4529 2062 4582 sunt

400 4601 601 4673 noxia,
630 4601 783 4660 sicut
804 4607 1053 4677 peccata
1081 4608 1261 4680 atque
1290 4604 1552 4677 ﬂagitia;
1585 4607 1868 4682 quaedam
1918 4624 2062 4665 vero

399 4707 845 4766 nonnunquam
865 4693 1042 4751 nobis
1070 4712 1143 4752 ex
1167 4695 1260 4752 his
1286 4712 1423 4771 quae
1451 4697 1610 4755 circa
1634 4697 1767 4772 ipsa
1790 4703 1931 4756 sunt
1958 4714 2063 4756 no-

401 4786 555 4850 cent,
583 4782 736 4838 sicut
758 4783 1108 4857 temporalis
1138 4786 1402 4859 potentia
1452 4786 1544 4843 vel
1589 4787 1810 4861 copula
1849 4788 2060 4861 conju-

402 4869 572 4939 galis.
633 4872 866 4930 Bonum
912 4889 1179 4949 namque
1225 4879 1332 4944 est,
1385 4877 1735 4948 conjugium
1767 4878 1873 4935 sed
1901 4878 2064 4935 mala

403 4962 699 5032 suntquae
728 4959 887 5018 circa
909 4961 1058 5019 illud
1083 4978 1157 5020 ex
1193 4963 1375 5037 hujus
1404 4966 1617 5023 mundi
1645 4983 1791 5025 cura
1833 4983 2061 5024 succre-

403 5051 599 5104 scunt.
632 5048 796 5106 Unde
817 5053 873 5107 et
902 5051 1122 5109 Paulus
1150 5052 1233 5109 ait
1257 5071 1271 5109 :
1298 5054 1455 5120 «Qui
1484 5059 1683 5112 autem
1710 5073 1849 5113 cum
1876 5074 2061 5114 uxore

402 5139 509 5210 est,
556 5136 780 5210 cogitat
831 5155 968 5212 quae
1021 5145 1159 5198 sunt
1214 5143 1447 5212 mundi,
1489 5145 1800 5218 quomodo
1830 5145 2064 5219 placeat

400 5226 572 5283 uxori
604 5229 661 5293 (Ι
686 5228 825 5287 σον.
858 5245 961 5301 vn,
993 5233 1104 5300 33).
1150 5253 1178 5282 »
1228 5235 1440 5304 Magna
1470 5239 1561 5291 est
1588 5235 1766 5292 etiam
1796 5235 2062 5308 potentia

400 5316 769 5389 temporalis,
800 5318 945 5394 quia
972 5318 1155 5379 habet
1179 5324 1363 5380 Deum
1406 5325 1688 5381 meritum
1741 5341 1940 5396 suum,
1985 5325 2061 5380 de

401 5403 565 5460 bona
590 5407 1111 5469 administratione
1140 5413 1466 5485 regiminis.
1502 5417 1945 5485 Nonnunquam
1973 5418 2059 5470 ta-

402 5508 541 5549 men
571 5509 643 5551 eo
666 5495 798 5569 ipso
818 5515 943 5574 quo
963 5503 1313 5575 praeminet
1342 5503 1590 5566 caeteris,
1642 5502 1913 5558 elationis
1959 5518 2059 5558 co-

400 5580 684 5651 gitatione
713 5585 1074 5663 intumescit,
1105 5592 1407 5664 subjectos
1438 5590 1709 5665 despicit,
1762 5604 1837 5647 ex
1882 5607 2060 5665 aequo

2150 1671 2395 1741 peribus
2426 1670 2657 1726 tribuit.
2687 1702 2751 1710 —
2776 1670 3072 1743 Scriptura
3101 1685 3269 1726 sacra
3290 1668 3647 1741 plerumque
3674 1683 3828 1741 pau-

2158 1775 2329 1833 peres
2358 1759 2615 1815 humiles
2644 1775 2857 1815 vocare
2884 1759 3215 1815 consuevit.
3262 1759 3424 1815 Unde
3453 1758 3513 1814 in
3547 1761 3823 1828 Evange-

2158 1849 2236 1905 lio
2263 1866 2398 1904 cum
2431 1848 2764 1919 adjectione
2796 1848 3035 1922 spiritus
3064 1848 3472 1919 nominantur,
3504 1847 3653 1903 dum
3679 1846 3828 1902 dici-

2159 1942 2255 1995 tur
2287 1955 2300 1992 :
2331 1960 2357 1986 «
2392 1938 2544 1993 Beati
2576 1953 2872 2011 pauperes
2917 1937 3145 2010 spiritu,
3204 1937 3495 2010 quoniam
3542 1937 3824 2010 ipsorum

2159 2032 2248 2083 est
2274 2042 2530 2096 regnum
2561 2024 2848 2083 cmlorum
2877 2027 3115 2098 (Matth.
3148 2042 3226 2083 III.
3257 2031 3331 2081 5i.
3378 2047 3406 2075 ι)
3456 2026 3607 2093 Quia
3659 2025 3828 2081 enim

2160 2116 2377 2172 divitia;
2408 2116 2711 2172 visibiliter
2735 2121 3005 2190 potentes
3034 2114 3380 2185 ostendunt,
3408 2115 3572 2188 apud
3606 2118 3829 2172 semet-

2161 2206 2324 2278 ipsos
2353 2221 2655 2278 pauperes
2680 2210 2836 2272 sunt,
2870 2205 2975 2279 qui
3004 2204 3140 2261 elati
3167 2205 3229 2261 in
3278 2205 3401 2261 suis
3447 2203 3831 2261 conscientiis

2161 2311 2284 2350 non
2311 2299 2468 2351 sunt.
2502 2297 2615 2350 Eos
2647 2311 2785 2351 vero
2814 2294 3032 2368 impios
3060 2300 3257 2363 vocat,
3285 2294 3388 2368 qui
3437 2299 3543 2350 aut
3594 2310 3631 2351 a
3682 2292 3829 2350 ﬁdei

2161 2384 2377 2457 pietate
2428 2383 2712 2455 disjuncti
2760 2388 2918 2454 sunt,
2976 2388 3079 2440 aut
3118 2383 3178 2439 in
3222 2384 3336 2441 hoc
3366 2382 3535 2457 quod
3570 2382 3833 2441 ﬁdeliter

2164 2471 2437 2543 credunt,
2464 2472 2666 2546 pravis
2692 2472 2805 2529 sibi
2833 2472 3105 2529 moribus
3133 2472 3569 2529 contradicunt.
3625 2473 3833 2529 Omni-

2165 2565 2377 2634 potens
2413 2564 2564 2617 Deus
2597 2561 2781 2618 elatos
2811 2562 3077 2629 destruit,
3106 2561 3362 2618 humiles
3391 2577 3533 2618 vero
3574 2577 3687 2635 per
3717 2566 3833 2634 ju-

2164 2651 2382 2707 dicium
2423 2650 2645 2707 liberos
2677 2651 2892 2720 reddit,
2924 2651 3018 2708 vel
3050 2656 3204 2708 certe
3220 2652 3525 2722 judicium
3544 2654 3839 2722 pauperi-

2168 2740 2272 2796 bus
2294 2740 2527 2803 tribuit,
2554 2740 2697 2813 quia
2723 2740 2782 2795 hi
2808 2740 2909 2813 qui
2937 2740 3209 2813 nequiter
3244 2740 3689 2813 opprimuntur,
3712 2740 3835 2814 ipsi

2166 2833 2308 2885 tunc
2338 2844 2518 2902 super
2547 2845 2938 2902 oppressores
2971 2846 3111 2886 suos
3136 2829 3371 2901 judices
3403 2829 3667 2886 veniunt.
3726 2832 3834 2887 Se-
3926 2838 3937 2844 ’

2165 2918 2367 2991 quitur
2393 2935 2407 2973 :
2980 2978 2983 2979 ν

2236 3010 2406 3063 Vens.
2441 3014 2495 3064 7.
2528 3009 2663 3065 Non
2695 3009 2929 3079 auferet
2954 3024 2992 3065 a
3009 3011 3181 3080 justo
3207 3010 3407 3065 oculos
3437 3025 3592 3077 suos,
3639 3016 3697 3067 et
3735 3026 3833 3068 re-

2164 3112 2263 3166 ges
2298 3098 2360 3153 in
2386 3098 2534 3153 solio
2564 3114 2669 3154 suo
2700 3099 2953 3154 collocat
2982 3099 3047 3154 in
3071 3104 3429 3169 perpetuum
3472 3104 3528 3155 et
3567 3100 3670 3155 illi
3713 3101 3834 3157 eri-

2165 3192 2412 3257 guntur.
2473 3219 2542 3228 -η
2605 3187 2934 3244 Abstulisse
2976 3187 3133 3243 enim
3186 3204 3220 3243 a
3246 3188 3421 3259 justis
3447 3188 3653 3245 oculos
3685 3206 3833 3246 suos

2166 3275 2417 3332 fortasse
2452 3276 2738 3332 Dominus
2769 3276 3046 3345 creditur,
3065 3277 3209 3350 quia
3238 3277 3597 3348 injustorum
3621 3279 3836 3336 crude—

2164 3362 2427 3419 litatibus
2453 3363 2548 3420 hic
2575 3364 2700 3420 sine
2727 3364 2986 3421 vindicta
3015 3363 3372 3433 lacerantur,
3421 3365 3524 3422 sed
3563 3364 3834 3423 famulos

2168 3469 2309 3508 suos
2342 3457 2482 3508 tunc
2510 3454 2701 3525 magis
2727 3454 2986 3527 respicit,
3015 3470 3154 3510 cum
3181 3453 3405 3526 injuste
3425 3471 3529 3511 eos
3559 3456 3834 3529 nequitia

2166 3542 2575 3614 persequentis
2606 3541 2833 3613 afﬂigit.
2864 3542 3087 3599 Videns
3113 3543 3273 3599 enim
3316 3543 3483 3617 quod
3527 3543 3835 3602 humiliter

2165 3631 2435 3701 tolerent,
2469 3631 2752 3687 nimirum
2775 3632 2902 3703 jam
2928 3633 3234 3707 praevidet,
3277 3633 3425 3706 quid
3454 3632 3570 3690 illic
3601 3634 3686 3690 eis
3715 3635 3831 3691 mi-

2168 3717 2540 3777 sericorditer
2562 3727 2995 3795 recompenset.
3011 3724 3197 3793 Reges
3231 3727 3432 3778 autem
3459 3722 3613 3779 bene
3641 3724 3833 3781 sancti

2169 3809 2276 3865 viri
2324 3809 2642 3883 Scriptura:
2692 3826 2875 3867 sacrae
2932 3810 3267 3867 testimonio
3320 3817 3629 3882 vocantur,
3682 3814 3833 3886 quia

2168 3899 2561 3955 teutationum
2601 3916 2845 3956 suarum
2898 3900 3163 3957 motibus
3221 3916 3345 3958 non
3394 3901 3833 3959 consentiendo

2168 3988 2581 4057 succumbere,
2616 3989 2719 4044 sed
2750 3989 3013 4059 regendo
3043 4004 3298 4063 praeesse
3331 3995 3645 4046 noverunt.
3678 3992 3834 4057 Quia

2167 4077 2346 4148 igitur
2394 4077 2472 4134 ab
2523 4077 2636 4135 hac
2686 4081 2974 4151 potestate
3012 4079 3339 4152 regiminis,
3368 4079 3447 4136 ad
3476 4084 3833 4152 potestatem

2171 4171 2479 4223 transeunt
2508 4166 2911 4224 retributionis
2942 4167 3176 4224 dicatur
3203 4172 3358 4225 recte
3390 4186 3404 4224 :
3437 4171 3622 4241 Reges
3643 4171 3707 4225 in
3736 4185 3835 4226 so-

2173 4259 2252 4313 lio
2308 4258 2564 4314 collocat
2612 4258 2675 4313 in
2721 4263 3095 4328 perpetuum.
3158 4258 3519 4332 Semetipsos
3548 4259 3709 4315 enim
3746 4274 3842 4314 re-

2170 4345 2368 4417 gendo
2398 4345 2477 4401 ad
2508 4350 2747 4420 tempus
2779 4345 3007 4416 fatigati
3039 4351 3199 4415 sunt,
3247 4348 3352 4403 sed
3390 4348 3450 4404 in
3479 4348 3649 4419 regni
3675 4364 3838 4405 erec-

2170 4433 2347 4491 tionis
2377 4435 2625 4491 internae
2656 4434 2807 4490 solio
2835 4435 2894 4490 in
2927 4440 3283 4508 perpetuum
3332 4435 3721 4506 collocantur,
3774 4440 3839 4493 et

2170 4540 2241 4581 eo
2269 4521 2388 4579 illic
2413 4522 2716 4597 accipiunt
2742 4522 3078 4596 [incipiunt]
3117 4524 3265 4581 alios
3307 4525 3486 4596 digne
3529 4523 3832 4596 judicare,

2169 4629 2293 4687 quo
2343 4613 2440 4669 hic
2495 4612 2768 4669 nesciunt
2823 4612 3161 4686 semetipsis
3227 4615 3508 4688 nequitur
3559 4629 3831 4687 parcere.

2171 4702 2319 4758 Hinc
2348 4700 2509 4757 enim
2538 4700 2685 4757 alias
2715 4699 2930 4756 dicitur
2963 4719 2975 4757 :
3010 4722 3038 4751 (ί
3076 4703 3272 4758 Donec
3302 4702 3529 4773 justitia
3578 4718 3833 4758 conver-

2171 4798 2327 4853 tatur
2354 4794 2414 4849 in
2434 4792 2728 4864 judicium
2756 4792 2879 4860 (Ps.
2914 4808 3069 4864 xcm,
3105 4793 3210 4865 15).
3246 4816 3275 4844 ››
3328 4795 3479 4867 Apte
3518 4798 3721 4851 autem
3766 4796 3836 4849 in

2159 4887 2517 4956 perpetuum
2548 4880 2835 4948 subdens,
2870 4886 3004 4954 apte
3038 4882 3188 4954 quid
3218 4882 3379 4939 dicat
3415 4882 3682 4939 insinuat
3711 4900 3726 4951 ;
3784 4880 3837 4937 si

2171 4973 2331 5030 enim
2352 4971 2426 5026 de
2452 4969 2667 5026 terreni
2695 4970 2864 5040 regni
2890 4969 3039 5026 solio
3086 4971 3324 5037 diceret.
3373 4971 3717 5029 nullatenus
3766 4974 3837 5029 in

2169 5065 2521 5132 perpetuum
2571 5058 2956 5127 subdidisset,
3013 5059 3157 5135 quia
3208 5059 3435 5134 quique
3483 5060 3629 5117 illud
3682 5061 3836 5118 arri-

2171 5149 2361 5221 piunt,
2410 5145 2678 5219 profecto
2734 5161 2857 5203 non
2909 5147 2971 5203 in
3022 5160 3093 5224 eo
3145 5148 3209 5204 in
3255 5155 3652 5220 perpetuum,
3722 5148 3833 5206 sed

2171 5234 2577 5310 temporaliter
2603 5234 2988 5292 collocantur.
3024 5236 3176 5293 Bene
3203 5244 3405 5295 autem
3436 5237 3724 5307 subdidit,
3777 5243 3840 5296 et

2172 5328 2300 5384 illic
2328 5327 2665 5397 eriguntur,
2698 5340 2768 5380 ac
2796 5324 2843 5380 si
2868 5325 3177 5383 intentioni
3215 5327 3512 5385 audientis
3541 5328 3839 5385 invenerit

2172 5416 2470 5491 [innuerit]
2500 5414 2706 5471 dicens
2749 5432 2762 5469 :
2805 5414 2955 5481 Quia
2997 5416 3091 5473 hic
3147 5417 3440 5474 humiliati
3496 5421 3657 5485 sunt,
3715 5417 3835 5474 illic

2172 5505 2497 5575 eriguntur.
2577 5505 2808 5562 Sanctis
2892 5522 3158 5580 namque
3234 5507 3375 5564 viris
3458 5506 3567 5564 iste
3658 5507 3832 5564 locus

2169 5589 2520 5648 humilitatis
2575 5597 2698 5660 est,
2777 5597 2843 5649 ut
2914 5593 3010 5651 ille
3066 5595 3142 5652 sit
3196 5594 3580 5653 celsitudinis.
3665 5595 3835 5655 Unde
