4112 6152
196 155 286 222 409

927 121 931 124 ’
1001 163 1292 220 amona
1323 161 1685 219 MORALIUM
1718 133 1774 217 ς.
1803 161 2004 217 suae.
2038 163 2105 218 IN
2133 163 2275 220 me.
2300 194 2368 204 —
2407 163 2535 220 LIB.
2570 163 2762 220 xxv1.

3497 161 3604 217 410

193 287 323 345 alias
369 285 661 357 scriptum
691 289 814 342 est:
858 308 886 335 «
911 286 1241 342 Humiliasti
1281 303 1392 343 nos
1435 287 1494 342 in
1523 286 1657 342 loco
1687 285 1837 341 atﬂi-
1870 287 1920 340 Α
2021 291 2188 344 Vens.
2226 290 2307 345 13.
2343 289 2738 346 Simulatores
2769 293 2823 344 et
2855 287 3068 344 callidi
3091 291 3418 357 provocant
3448 287 3605 342 iram

190 376 385 434 ctionis
424 377 548 443 (Ps.
576 392 723 441 xun,
757 378 904 434 20).»
931 377 1204 449 Sequitur
1228 395 1240 432 :

255 467 427 521 Vens.
464 468 514 534 8,
547 470 598 520 9.
633 465 730 537 Et,
760 467 814 521 si
834 465 1068 535 fuerint
1098 461 1159 521 in
1193 461 1440 533 catenis,
1475 464 1527 523 et
1568 459 1837 522 vincian-

195 559 288 612 tur
315 552 553 614 funibus
579 557 974 625 paupertatis,
996 556 1286 612 indicabit
1310 557 1391 612 eis
1413 571 1592 626 opera
1614 571 1837 623 eorum,

195 651 244 702 et
270 645 485 700 scelera
516 659 740 713 eorum,
773 645 916 716 quia
950 646 1198 701 violenti
1217 647 1490 715 fuerunt.
1512 677 1580 685 —
1607 645 1839 700 Catente

193 730 556 802 obligationis
597 737 753 799 sunt,
786 733 915 805 ipsa
966 734 1163 790 adhuc
1207 734 1454 791 retentio
1501 733 1840 807 peregrina-

193 822 371 879 tionis.
408 822 676 889 l.igatum
728 838 789 877 se
835 823 928 878 his
976 824 1199 879 catenis
1249 825 1466 880 Paulus
1505 827 1838 896 aspexerat,

195 929 318 968 cum
367 911 641 966 dicebat:
691 912 1113 968 «Desiderium
1170 913 1400 969 habens
1459 912 1726 981 dissolvi,
1786 916 1842 967 et

193 1016 317 1056 cum
343 998 577 1056 Christo
608 1015 735 1054 esse
765 1000 1017 1071 (Philip.
1049 1017 1086 1070 ι,
1121 1005 1265 1072 23).»
1298 1001 1663 1073 Paupertatis
1685 998 1839 1056 funi-

190 1087 294 1143 bus
337 1085 562 1142 victum
595 1103 656 1142 se
697 1103 826 1143 esse
862 1089 1164 1157 cernebat,
1195 1089 1444 1162 quando
1473 1103 1646 1144 veras
1691 1087 1838 1143 divi-

189 1177 288 1233 tias
314 1177 574 1245 intuens,
602 1191 704 1231 eas
730 1177 912 1232 etiam
935 1177 1241 1250 discipulis
1265 1171 1571 1247 exorabat,
1599 1177 1834 1233 dicens:

189 1290 213 1316 «
242 1267 302 1322 Ut
331 1265 531 1321 sciatis
557 1281 692 1338 quae
725 1266 796 1320 sit
822 1282 958 1338 spes
989 1267 1319 1322 vocationis
1351 1268 1502 1338 ejus,
1531 1283 1664 1340 quae
1695 1265 1842 1321 divi-

188 1355 272 1411 tiae
320 1353 523 1424 gloriae
570 1354 929 1410 haereditatis
960 1356 1089 1425 ejus
1142 1355 1201 1410 in
1251 1355 1470 1412 sanctis
1521 1355 1762 1425 (Ephes.
1795 1373 1834 1422 ι,

191 1445 324 1516 18).»
359 1445 514 1499 Bene
540 1448 740 1499 autem
771 1448 909 1515 post
935 1444 1048 1500 ista
1089 1444 1400 1500 subditur:
1435 1445 1733 1501 Indicavit
1757 1444 1838 1500 eis

187 1549 359 1602 opera
391 1547 618 1598 eorum,
649 1534 790 1604 quia
814 1533 1060 1588 violenti
1082 1534 1354 1603 fuerunt.
1379 1535 1530 1589 Cum
1557 1533 1717 1588 enim
1745 1549 1840 1588 su-

1946 379 2071 434 Dei.
2096 400 2164 418 -ε
2193 378 2342 434 Οιιιιι
2365 377 2743 433 simu/ateres
2765 376 3003 442 diceret,
3037 381 3177 449 apte
3202 374 3532 447 subjunxit,
3551 380 3605 431 et

1947 461 2176 533 callidi,
2203 467 2344 539 quia
2376 465 2488 521 nisi
2520 457 2760 534 ingenio
2790 464 3062 532 ealleant,
3095 464 3260 537 quod
3289 459 3475 520 videri
3508 471 3608 536 ap:

1947 560 2175 629 petunt,
2207 571 2467 626 congrue
2497 553 2779 611 simulare
2810 569 2931 609 non
2962 559 3236 626 possunt.
3274 555 3424 611 Sunt
3447 543 3608 610 enim

1946 644 2236 700 nonnulla
2265 644 2418 700 vitiae
2447 660 2581 717 qua:
2603 643 2782 700 etiam
2806 657 2842 698 a
2867 658 3046 698 sensu
3073 641 3437 698 tardioribus
3469 641 3608 698 faci-

1944 733 1999 790 le
2055 738 2492 808 perpetrantur.
2552 733 2814 790 Elatione
2869 746 3136 804 namque
3190 731 3605 799 intumescere,

1948 823 2209 880 avaritite
2227 823 2473 879 testibus
2496 822 2746 893 inhiare,
2765 821 3015 877 luxuriae
3042 819 3308 893 pulsanti
3330 835 3607 876 succum-

1944 910 2084 966 bere
2115 912 2294 968 etiam
2344 912 2594 984 quilibet
2641 911 2892 968 obtusus
2937 914 3158 984 potest.
3206 908 3610 966 Simulationis

1948 1013 2085 1055 vero
2117 997 2429 1056 falsitatem
2460 997 2724 1072 exsequi,
2757 998 2868 1054 nisi
2909 997 3042 1072 quis
3089 995 3500 1054 subtilioribus
3525 994 3610 1051 in-

1948 1088 2103 1157 genii
2133 1088 2326 1154 fuerit,
2354 1103 2477 1144 non
2507 1093 2718 1162 potest.
2753 1087 3033 1160 Quisquis
3060 1086 3219 1143 enim
3247 1083 3380 1142 talis
3407 1087 3513 1149 est,
3529 1079 3611 1136 ad

1948 1177 2342 1233 custodienda
2388 1177 2655 1233 videlicet
2679 1177 2823 1245 duo,
2859 1174 3144 1232 continua
3191 1171 3611 1230 observatione

1945 1265 2249 1335 dividitur,
2284 1272 2346 1322 ut
2373 1265 2582 1322 callide
2614 1266 2842 1322 noverit
2882 1269 2939 1321 et
2981 1259 3278 1321 occultare
3308 1254 3474 1336 quod
3502 1261 3608 1326 est,

1947 1359 2002 1411 et
2029 1360 2323 1412 ostentare
2353 1357 2518 1428 quod
2550 1372 2674 1411 non
2702 1360 2807 1412 est.
2839 1359 2993 1411 Iram
3017 1353 3241 1427 quippe
3271 1351 3373 1408 Dei
3399 1346 3614 1406 mereri

1945 1449 2052 1511 est,
2085 1444 2264 1500 etiam
2296 1445 2617 1501 nesciendo
2644 1459 2928 1517 peccare:
2961 1457 3288 1516 provocare
3328 1453 3472 1496 vero
3502 1442 3612 1501 est,

1947 1534 2247 1590 mandatis
2296 1533 2451 1589 illius
2501 1533 2745 1590 sciendo
2777 1532 3110 1599 contraire;
3165 1530 3316 1586 scire
3355 1528 3610 1596 bonum,

184 1639 429 1696 pernam
462 1623 713 1693 gloriam
734 1623 926 1692 magis
954 1624 1219 1679 amando
1248 1624 1837 1694 cognoscimus,tunc
1868 1637 1910 1692 Β
1946 1622 2050 1678 sed
2081 1623 2388 1696 despicere
2413 1642 2425 1690 ;
2462 1623 2653 1679 facere
2677 1638 2877 1695 posse,
2905 1620 3011 1677 sed
3039 1636 3163 1676 non
3190 1619 3358 1674 velle.
3381 1619 3461 1673 De
3479 1617 3613 1690 qui-

182 1713 357 1780 mala,
386 1729 522 1786 quae
553 1712 806 1783 egimus,
839 1713 1114 1783 graviora
1155 1714 1336 1769 fuisse
1387 1714 1694 1769 sentimus.
1731 1715 1840 1770 Un-

181 1802 252 1858 de
283 1807 338 1858 et
368 1801 585 1858 Paulus
610 1806 748 1874 post
765 1805 1112 1874 perceptam
1143 1803 1396 1872 gratiam
1415 1818 1838 1876 supernorum,

181 1907 250 1948 ea
292 1908 433 1964 quae
474 1892 537 1946 in
585 1907 646 1946 se
691 1891 887 1946 studia
932 1892 1218 1946 virtutum
1269 1891 1601 1948 crediderat
1638 1892 1839 1957 fuisse,

175 1980 302 2051 jam
337 1979 565 2034 scelera
610 1978 1016 2048 cognoscebat
1054 1979 1295 2035 dicens:
1343 1999 1372 2032 ‹
1398 1980 1508 2046 Qui
1548 1981 1713 2052 prius
1760 1978 1843 2034 fui

178 2068 604 2140 blasphemus,
631 2071 688 2122 et
733 2072 1080 2139 persecutor
1125 2073 1182 2123 et
1220 2068 1708 2139 contumeliosus,
1741 2067 1846 2124 sed

181 2155 660 2212 misericordiam
687 2161 1044 2211 consecutus
1076 2173 1230 2223 sum,
1254 2157 1398 2228 quia
1428 2157 1710 2227 ignorans
1736 2156 1847 2212 feci

176 2247 235 2302 in
266 2244 683 2300 incredulitate
716 2246 883 2315 (Tim.
915 2261 954 2311 1,
993 2247 1138 2311 13).»
1171 2244 1268 2301 Vel
1306 2251 1478 2302 certe.
1517 2269 1544 2295 ‹‹
1571 2246 1683 2302 Sed
1709 2262 1845 2318 quae

178 2331 328 2386 mihi
369 2331 610 2388 fuerunt
657 2331 844 2400 lucra,
887 2333 1015 2389 haec
1057 2333 1378 2390 arbitratus
1429 2351 1564 2390 sum
1603 2339 1847 2408 propter

180 2420 481 2476 Christum
511 2420 865 2477 detrimenta
893 2423 1144 2492 (Philip.
1182 2439 1263 2493 ni,
1295 2429 1386 2478 7.»
1421 2423 1723 2496 Sequitur:

248 2512 422 2564 Vens.
462 2513 547 2565 10.
581 2509 883 2567 Revelabit
904 2527 1136 2584 quoque
1163 2528 1370 2569 aurem
1396 2528 1598 2569 eorum
1630 2519 1694 2568 ut
1718 2529 1844 2569 cor-

179 2601 383 2669 ripiat,
419 2605 476 2656 et
508 2601 784 2672 loquetur
801 2606 868 2656 ut
902 2607 1286 2658 revertantur
1311 2603 1385 2658 ab
1416 2603 1750 2674 iniquitate.
1773 2635 1843 2644 —

178 2696 395 2746 Aurem
424 2689 688 2746 revelare
716 2695 804 2746 est
825 2690 1186 2747 intellectum
1209 2693 1561 2762 cognitionis
1592 2692 1842 2765 aperire;

176 2778 439 2835 revelata
472 2795 619 2834 vero
651 2794 795 2834 aure
834 2779 1252 2853 unusquisque
1284 2779 1619 2853 corripitur,
1652 2797 1844 2852 quan-

175 2869 252 2926 do
296 2869 668 2924 intrinsecus
716 2873 1076 2924 zeternorum
1135 2869 1434 2925 bonorum
1480 2870 1845 2926 desiderium

1946 1713 2062 1768 bus
2101 1728 2246 1768 voce
2291 1712 2597 1768 Dominica
2627 1711 2872 1767 dicitur:
2907 1712 3040 1765 «Vae
3067 1708 3270 1779 vobis,
3305 1705 3523 1763 Scribae
3558 1709 3615 1761 et

1949 1801 2252 1870 Pharisaei,
2310 1801 2454 1874 quia
2510 1800 2731 1856 similes
2789 1799 2927 1855 estis
2977 1795 3264 1871 sepulcris
3319 1792 3614 1850 dealbatis

1951 1891 2212 1962 (Matth.,
2253 1907 2416 1953 xxiii,
2447 1890 2609 1962 27).»
2651 1889 2963 1961 Sequitur:
3015 1888 3220 1958 Neque
3265 1883 3615 1941 clamabunt

1952 1995 2085 2035 cum
2113 1979 2299 2035 vincti
2316 1979 2644 2047 fuerint.—-
2665 1978 2870 2034 Omnis
2902 1976 3165 2048 iniquus,
3190 1974 3316 2046 qui,
3348 1988 3488 2028 cum
3508 1969 3615 2026 ini-

1951 2083 2110 2140 quus
2143 2067 2235 2129 sit,
2269 2071 2511 2122 sanctus
2541 2067 2727 2123 videri
2758 2065 3003 2139 appetit,
3030 2066 3090 2120 in
3119 2061 3342 2133 ﬂagelli
3374 2077 3616 2134 percus-

1954 2157 2119 2213 sione
2149 2156 2578 2228 deprehensus,
2605 2155 2770 2212 fateri
2791 2154 2956 2228 quod
2986 2153 3226 2226 iniquus
3257 2155 3345 2208 est
3372 2149 3614 2207 erubes-

1953 2247 2048 2302 cit.
2085 2245 2265 2311 Quasi
2295 2244 2462 2300 liberi
2490 2261 2633 2301 vero
2663 2261 2894 2313 sumus,
2929 2259 3066 2298 cum
3110 2241 3275 2298 nulla
3306 2238 3616 2296 correctio-

1954 2351 2028 2391 ne
2059 2335 2457 2404 castigamur;
2491 2333 2668 2407 quasi
2699 2334 3030 2399 vincemur,
3059 2347 3200 2386 cum
3228 2327 3466 2398 ﬂagello
3490 2341 3620 2399 pere

1953 2424 2248 2480 cussionis
2275 2422 2678 2491 astringimur.
2702 2421 2896 2477 Vincti
2911 2421 3263 2491 igiturtanto
3285 2416 3618 2473 clamamus

1953 2512 2147 2583 altius,
2176 2517 2404 2585 quanto
2429 2512 2489 2567 in
2516 2511 2900 2584 percussione
2927 2509 3127 2583 positi,
3149 2511 3398 2581 peccata
3412 2508 3618 2560 nostra

1953 2603 2224 2658 veracius
2247 2602 2622 2657 conﬁtemur.
2647 2601 3030 2659 Simulatores
3057 2599 3236 2655 etiam
3259 2593 3619 2670 deprehensi

1953 2690 2190 2760 ﬂagello
2220 2688 2625 2763 percussionis
2655 2693 2958 2755 extremae,
2989 2687 3133 2761 quia
3176 2684 3616 2742 confessionem

1955 2795 2171 2851 puram
2203 2778 2293 2834 vel
2320 2778 2520 2834 aﬂlicti
2569 2795 2841 2834 exercere
2871 2777 3198 2846 negligunt,
3230 2774 3410 2848 quasi
3434 2771 3616 2829 vincti

1958 2867 2218 2924 clamare
2241 2871 2654 2934 contemnunt,
2670 2865 2948 2938 quamvis
2973 2863 3218 2932 intelligi
3242 2863 3421 2918 etiam
3453 2860 3620 2917 aliter

173 2959 446 3032 percipit.
489 2959 680 3013 Potest
704 2973 849 3014 vero
878 2957 939 3013 in
970 2959 1192 3014 catenis
1231 2962 1288 3014 et
1320 2958 1562 3014 funibus
1588 2975 1844 3032 pauper-
1880 2988 1920 3044 ε
1953 2961 2164 3030 potest.
2200 2955 2405 3012 Omnis
2437 2956 2597 3010 enim
2623 2955 2745 3028 qui,
2776 2970 2915 3010 cum
2940 2953 3184 3044 iniquus
3212 2951 3309 3044 sit,
3338 2949 3455 3044 dici
3485 2964 3620 3006 san-

173 3048 323 3116 tatis,
358 3061 558 3122 pcena
604 3047 781 3102 etiam
822 3046 1165 3119 temporalis
1209 3046 1543 3104 aﬂlictionis
1580 3047 1843 3118 intelligi.

169 3138 314 3202 Quia
346 3151 523 3209 saepe
564 3135 830 3205 jubentis
876 3135 1062 3191 verba
1111 3151 1235 3190 non
1284 3136 1553 3204 audiunt,
1589 3136 1848 3193 ferientis

170 3226 536 3283 verberibus
571 3225 994 3290 admonentur,
1015 3229 1079 3280 ut
1109 3224 1185 3280 ad
1217 3225 1380 3281 bona
1408 3225 1706 3282 desideria
1725 3243 1849 3298 pte-

166 3332 244 3372 na
285 3315 547 3372 trahant
576 3330 732 3386 quos
778 3313 1024 3385 praemia
1080 3329 1200 3369 non
1249 3315 1516 3370 invitant.
1555 3315 1716 3372 Unde
1745 3329 1851 3386 per

165 3407 542 3481 Prophetam
574 3405 827 3460 dicitur:
879 3408 995 3460 «In
1040 3405 1208 3461 freno
1254 3410 1311 3461 et
1358 3421 1531 3461 camo
1575 3405 1849 3461 maxillas

169 3512 382 3552 eorum
431 3495 805 3564 constringe,
847 3494 952 3567 qui
998 3509 1119 3550 non
1187 3495 1612 3568 approximant
1660 3495 1736 3550 ait
1793 3500 1848 3551 te

171 3582 359 3655 (Psal.
393 3600 563 3654 xxxx,
595 3585 704 3655 9).»
741 3583 1052 3655 Sequitur:

237 3677 421 3730 Vens.
463 3677 551 3729 tt.
585 3673 654 3728 Si
689 3673 990 3728 audierint
1021 3677 1077 3729 et
1107 3673 1571 3735 observaverint,
1601 3675 1850 3743 comple-

171 3762 317 3819 bunt
350 3764 483 3819 dies
514 3777 648 3817 suos
678 3763 740 3816 in
775 3761 943 3826 bono,
967 3767 1024 3817 et
1052 3776 1241 3816 annos
1289 3778 1423 3817 suos
1450 3764 1510 3817 in
1534 3764 1752 3832 glori-1.
1782 3794 1850 3802 —-

169 3854 274 3906 Per
302 3851 552 3906 bonum
585 3854 745 3904 recta
771 3847 975 3918 arctio,
998 3863 1105 3920 per
1136 3849 1388 3918 gloriam
1424 3866 1561 3904 vero
1591 3865 1852 3922 superna

165 3939 494 3996 retributio
522 3937 886 4006 designatur.
922 3936 1032 4001 Qui
1062 3952 1204 4006 ergo
1251 3937 1494 3994 obedire
1539 3938 1852 4010 praeceptis

164 4028 530 4086 caelestibus
584 4024 843 4090 student,
877 4026 998 4080 dies
1043 4027 1104 4080 in
1157 4026 1304 4081 bono
1352 4026 1852 4098 contemplantur,

162 4131 368 4175 annos
405 4115 473 4169 in
509 4114 727 4183 gloria,
751 4111 894 4184 quia
925 4117 980 4167 et
1005 4129 1248 4168 cursum
1282 4113 1596 4185 praesentis
1629 4117 1857 4186 tempo-

161 4208 240 4262 ris
285 4205 352 4260 in
387 4205 562 4258 recto
593 4216 793 4273 opere,
826 4204 883 4256 et
906 4201 1491 4256 consummationem
1521 4217 1694 4256 suam
1726 4218 1858 4274 per-

164 4296 382 4352 ficiunt
414 4291 576 4348 felici
607 4291 1012 4347 retributione.
1051 4291 1328 4362 Sequitur
1358 4309 1370 4346 :

232 4389 422 4442 Vens.
468 4385 557 4437 l2.
589 4381 659 4437 Si
686 4395 822 4437 vero
867 4396 986 4436 non
1017 4381 1344 4443 audierint,
1379 4382 1724 4437 transibunt
1751 4398 1862 4452 per

166 4475 482 4545 gladium,
518 4474 574 4526 et
624 4474 1040 4526 consumenter
1089 4469 1151 4524 in
1200 4470 1482 4525 stultitia.
1517 4501 1584 4509 ——
1627 4471 1770 4534 Quia
1805 4461 1864 4526 et

165 4563 446 4626 vindicta
475 4575 584 4614 eos
614 4558 672 4614 in
706 4557 1086 4613 tribulatione
1131 4557 1401 4628 percutit,
1433 4563 1489 4612 et
1521 4556 1656 4613 ﬁnis
1685 4559 1743 4614 in
1774 4559 1859 4615 fa-

168 4651 378 4706 tuitate
442 4646 774 4704 concludit.
828 4649 977 4702 Sunt
1034 4645 1253 4702 etenim
1306 4647 1581 4702 nonnulli
1626 4663 1778 4719 quos
1824 4663 1859 4704 a

166 4741 424 4812 perditis
479 4735 761 4792 moribus
803 4750 911 4790 nec
958 4740 1257 4792 tormenta
1309 4741 1724 4808 compescunt.
1781 4740 1859 4792 De

168 4829 398 4900 quibus
432 4842 552 4900 per
600 4824 957 4897 prophetam
1009 4822 1254 4878 dicitur:
1307 4846 1334 4872 «
1359 4824 1702 4879 Percussisti
1733 4840 1857 4895 eos,

168 4933 277 4972 nec
308 4916 672 4979 doluerunt,
690 4910 999 4982 ﬂagellasti
1028 4927 1151 4981 eos,
1173 4917 1570 4968 etrcnuerunt
1599 4913 1860 4986 suscipe-

169 5022 228 5061 re
273 5003 680 5077 disciplinam
731 5000 896 5071 (Jer.,
939 5017 996 5068 v,
1042 5001 1156 5072 3).»
1215 5002 1370 5056 Bene
1428 5017 1569 5070 ergo
1621 5002 1856 5072 dicitur,

167 5095 334 5168 quod
364 5109 490 5165 per
535 5091 813 5162 gladium
861 5096 1196 5154 transeunt,
1229 5098 1282 5146 et
1312 5091 1391 5162 (in
1433 5093 1693 5149 stultitia
1726 5108 1860 5148 con-

169 5182 545 5252 sumentur),
575 5180 720 5252 quia
763 5184 1009 5252 peccata
1055 5195 1192 5252 quae
1240 5179 1488 5250 ﬂagellis
1537 5179 1858 5235 emendare

168 5271 552 5339 debuerant,
598 5266 848 5338 ﬂagellis
894 5273 1278 5337 exaggerant.
1313 5272 1373 5324 Et
1423 5267 1516 5322 hic
1562 5268 1688 5338 jam
1730 5269 1859 5338 ejus

169 5361 613 5432 percussiones
663 5357 944 5425 sentiunt,
976 5362 1033 5412 et
1072 5357 1188 5412 illic
1230 5359 1404 5428 justne
1460 5357 1858 5412 retributionis

172 5449 484 5524 supplicia
538 5463 662 5502 non
711 5444 996 5511 evadunt,
1037 5443 1276 5500 fatuitas
1333 5447 1555 5518 quippe
1602 5445 1858 5500 stultitiae

172 5546 284 5611 est,
314 5538 500 5612 quod
532 5534 664 5591 illas
697 5534 782 5590 sic
813 5533 1093 5605 iniquitas
1124 5533 1370 5603 obligat,
1400 5541 1460 5590 ut
1491 5552 1525 5592 a
1556 5534 1737 5608 culpa.
1756 5550 1858 5590 eos

171 5643 284 5686 nec
314 5641 520 5702 pmna
553 5626 920 5697 compescat.
952 5622 1264 5694 Sequitur:

1957 3050 2086 3101 ctus
2140 3045 2217 3100 ab
2259 3043 2606 3099 hominibus
2636 3057 2760 3098 non
2791 3040 3170 3115 pertimescit,
3202 3038 3313 3094 etsi
3341 3037 3620 3109 iniquum

1959 3149 2024 3190 se
2054 3133 2231 3188 tacita
2277 3131 2635 3201 cogitatione
2666 3128 3066 3202 reprehendit,
3098 3132 3301 3183 tamen
3331 3124 3481 3182 dum
3512 3139 3622 3179 saa-

1957 3225 2092 3298 pius
2122 3228 2420 3293 sanctum,
2451 3222 2659 3279 audire
2699 3237 2760 3277 se
2791 3219 3054 3294 creperit,
3087 3219 3202 3275 hoc
3252 3215 3419 3290 quod
3450 3214 3525 3271 de
3557 3229 3622 3270 se

1957 3312 2310 3368 intrinsecus
2350 3310 2589 3367 tenebat
2635 3309 2867 3366 amittit.
2901 3310 3051 3364 Dum
3084 3322 3227 3362 vero
3267 3304 3463 3361 subita
3491 3318 3624 3376 per-

1957 3401 2233 3458 cussione
2276 3399 2584 3466 feriuntur,
2617 3398 2858 3470 iniquos
2902 3413 2965 3454 se
2993 3396 3086 3452 vel
3113 3394 3402 3452 veraciter
3429 3391 3621 3463 fateri,

1960 3489 2053 3545 vel
2083 3489 2233 3544 sicut
2262 3493 2397 3544 sunt
2429 3485 2877 3560 deprehendere
2907 3485 3156 3541 omnino
3183 3499 3306 3539 non
3346 3483 3621 3556 possunt,

1958 3579 2102 3651 quia
2128 3576 2401 3632 videlicet
2427 3579 2668 3632 sanctos
2703 3590 2764 3631 se
2794 3575 3067 3630 humana
3096 3571 3466 3647 professione
3496 3583 3624 3625 cre-

1959 3667 2256 3722 diderunt.
2280 3665 2507 3732 Quibus
2532 3663 2686 3719 bene
2715 3679 2821 3736 per
2842 3663 3201 3735 prophetam
3232 3659 3448 3716 dicitur
3472 3675 3486 3714 :
3512 3659 3624 3713 Re-

1961 3756 2100 3823 dite,
2145 3754 2586 3827 praadicatores,
2619 3751 3154 3822 [Praevaricatores]
3211 3749 3290 3805 ad
3333 3763 3436 3805 cor
3477 3747 3622 3818 (Isa.

1965 3858 2091 3905 va,
2123 3845 2239 3908 8).»
2278 3838 2586 3911 Sequitur:
3081 3828 3092 3840 ”

2034 3933 2202 3984 Vens.
2226 3931 2308 3984 14.
2344 3928 2681 3982 Moriemur
2702 3927 2768 3981 in
2790 3929 3134 3995 tempestate
3153 3925 3374 3979 animle
3398 3936 3623 3978 eorum.

1966 4049 2035 4059 —
2065 4016 2240 4081 Quasi
2291 4014 2680 4086 tranquillum
2723 4028 2986 4085 namque
3017 4011 3376 4066 videbantur
3402 4008 3625 4077 vivere,

1967 4123 2107 4164 cum
2154 4104 2228 4160 de
2275 4102 2601 4159 sanctitatis
2649 4105 2925 4156 curarent
2974 4099 3154 4156 laude
3193 4097 3477 4169 gaudere.
3512 4093 3629 4153 Sed

1968 4198 2320 4267 tempestate
2348 4191 2546 4247 subita
2573 4206 2782 4246 eorum
2813 4190 3016 4244 anima
3046 4187 3314 4253 moritur,
3346 4200 3483 4259 quae
3512 4183 3627 4240 hu-

1970 4300 2166 4341 manm
2185 4282 2380 4340 laudis
2397 4281 2660 4354 pessima
2682 4279 3104 4352 tranquillitate
3124 4277 3456 4333 laetabatur.
3483 4274 3626 4331 Hinc

1969 4374 2194 4448 quippe
2216 4389 2318 4429 eos
2340 4371 2514 4428 turbo
2537 4370 2732 4426 subito
2743 4369 2899 4442 rapit
2920 4367 3341 4442 percussionis,
3358 4382 3515 4439 quos
3535 4381 3628 4422 ar-

1969 4463 2242 4533 rogantia
2285 4460 2509 4518 externi
2557 4459 2775 4516 favoris
2803 4458 3063 4526 extollit;
3097 4461 3171 4524 et,
3195 4456 3344 4512 dum
3371 4454 3629 4528 amplec-

1972 4558 2174 4610 tuntur
2200 4551 2261 4607 in
2291 4549 2467 4606 laude
2498 4549 2664 4622 quod
2705 4563 2830 4604 non
2861 4551 3018 4617 sunt,
3045 4549 3287 4618 repente
3316 4544 3630 4599 inveniunt

1969 4642 2030 4697 in
2059 4641 2281 4697 ultione
2297 4638 2465 4712 quod
2481 4644 2636 4693 sunt.
2665 4637 2970 4707 Sequitur:
2999 4635 3075 4689 Et
3101 4636 3224 4689 vita
3245 4647 3448 4689 eorum
3470 4632 3629 4685 inter

1970 4727 2488 4800 eﬂ'eminatos.—-Si
2514 4725 2676 4781 enim
2706 4723 2938 4779 viriliter
2961 4722 3247 4785 viverent,
3263 4720 3398 4776 laus
3421 4717 3630 4775 transi-

1969 4818 2120 4874 toria
2169 4815 2334 4872 nulla
2371 4831 2474 4870 eos
2522 4811 2900 4884 corruptione
2949 4810 3198 4866 vitiaret.
3229 4810 3298 4864 Ut
3325 4806 3400 4863 de
3430 4806 3629 4863 electis

1970 4905 2261 4977 Propheta
2283 4900 2604 4975 persuadet
2627 4900 2864 4955 dicens:
2900 4921 2928 4947 «
2947 4897 3194 4953 Viriliter
3213 4895 3390 4968 agite,
3416 4899 3472 4952 et
3492 4911 3630 4952 con-

1970 4994 2216 5049 fortetur
2247 5007 2348 5047 cor
2375 4995 2640 5044 vestrum
2675 4988 2862 5060 (Psal.
2894 5004 3028 5054 xxx,
3054 4991 3205 5054 25).»
3236 4986 3418 5058 Igitur
3447 4985 3630 5040 simu-

1969 5084 2228 5140 latorum
2254 5082 2374 5136 vita
2404 5081 2562 5134 inter
2590 5079 2956 5148 effeminatos
2981 5077 3251 5143 moritur,
3270 5075 3414 5148 quia
3431 5072 3629 5129 laudis

1968 5172 2204 5229 luxuria
2253 5174 2535 5242 corrupta
2581 5168 2888 5236 reperitur,
2921 5167 3304 5224 translatione
3341 5176 3480 5217 vero
3512 5158 3630 5214 alia

1967 5279 2091 5320 non
2121 5262 2394 5327 habetur,
2421 5259 2538 5315 vita
2568 5274 2776 5314 eorum
2805 5259 2965 5313 inter
2990 5257 3377 5325 effeminatos,
3409 5246 3514 5301 sed
3543 5244 3628 5300 vi-

1968 5358 2029 5409 ta
2052 5368 2262 5408 eorum
2287 5349 2631 5405 vulneretur
2651 5348 2729 5403 ab
2756 5346 3017 5416 angelis;
3051 5349 3371 5409 utrumque
3402 5339 3632 5408 tamen,

1968 5443 2072 5498 etsi
2103 5455 2377 5497 sermone
2407 5439 2724 5510 discrepat,
2760 5434 2984 5490 ratione
3007 5426 3348 5484 concordat.
3379 5426 3528 5492 Quia
3549 5425 3632 5480 ef-

1970 5533 2393 5588 feminatorum
2423 5529 2608 5584 vitam
2640 5523 2834 5592 angeli
2881 5519 3213 5584 vulnerant,
3247 5516 3395 5572 dum
3435 5513 3630 5572 nuntii

1968 5621 2228 5678 veritatis
2257 5635 2391 5675 eam
2429 5615 2646 5688 jaculis
2692 5613 2911 5666 sanctae
2943 5605 3385 5679 praedicationis
3428 5605 3630 5676 impun
3691 5676 3696 5681 1
