4112 6152
430 101 534 170 4ἠέ

1467 104 1524 160 S.
1567 101 1830 160 ODONIS
1866 97 2160 158 ABBATIS
2199 102 2703 166 CLUNIACENSIS
2741 105 2808 164 ll.

3751 103 3862 162 416

428 233 697 290 titudine.
733 228 915 286 Paulo
959 227 1138 284 etiam
1185 225 1518 297 attestante,
1565 221 1670 299 qui
1716 223 1798 280 ait
1834 239 1846 277 :
1877 245 1906 272 «
1937 221 2089 288 Quia
2122 223 2170 277 Α
2272 227 2437 284 Vens.
2471 233 2560 287 26.
2591 231 2746 288 Ecce
2767 230 2922 286 Deus
2971 241 3228 298 magnus
3266 227 3506 283 vincens
3551 225 3864 284 scientiam

431 321 540 378 etsi
569 317 884 376 cruciﬁxus
901 320 989 372 est
1003 332 1075 371 ex
1100 316 1462 379 inﬁrmitate,
1482 313 1588 371 sed
1611 313 1756 368 vivit
1783 328 1857 367 ex
1877 310 2090 366 virtute

432 410 531 465 Dei
561 408 651 476 (II
673 406 811 462 Cor.
837 421 959 474 χιιι,
991 407 1070 476 4).
1107 425 1135 455 ››
1167 404 1445 477 Sequitur
1473 421 1486 460 :
1531 403 1759 459 Nullus
1789 402 1843 458 ei
1879 399 2090 455 similis

430 497 492 553 in
558 495 1022 567 legislatoribus.
1093 493 1415 564 Legislator
1470 495 1720 564 Moyses,
1787 487 2092 559 legislator

427 581 624 655 Iasus,
677 583 1047 653 legislatores
1095 581 1276 638 etiam
1331 580 1660 654 prophetae.
1705 575 2090 647 Legislatores

430 677 676 730 cunctos
723 667 920 728 dicere
967 683 1316 745 possumus,
1365 685 1520 742 quos
1571 685 1643 725 ex
1689 667 1818 738 lege
1864 665 2089 722 scimus

430 763 817 821 admonuisse
850 767 1012 818 recta
1036 761 1353 834 populum.
1387 759 1502 816 Sed
1528 759 1668 815 huic
1699 756 2000 815 Mediatori
2027 757 2090 811 in

434 853 878 924 legislatoribus
901 853 1113 909 similis
1154 852 1362 907 nullus
1391 855 1495 907 est.
1529 848 1679 915 Quia
1708 847 1802 903 isti
1831 846 2091 918 gratuitu

429 942 626 1000 vocati
637 959 710 998 ex
723 941 980 1014 peccatis
1012 940 1091 997 ad
1112 940 1516 996 innocentiam
1531 938 1802 1008 redeunt,
1820 939 1877 992 et
1901 935 1978 992 ab
1997 931 2092 991 his

433 1049 570 1105 quae
594 1032 656 1088 in
707 1030 1046 1104 semetipsis
1075 1029 1298 1102 experti
1331 1031 1489 1098 sunt,
1521 1025 1911 1101 praedicando
1940 1024 2089 1082 alios

433 1121 745 1178 reducunt.
797 1121 1155 1194 Redemptor
1217 1123 1418 1176 autem
1471 1121 1672 1174 noster
1725 1117 1909 1172 homo
1966 1115 2091 1170 sine

433 1217 678 1285 peccato
707 1215 814 1274 est,
845 1210 1002 1265 filius
1034 1210 1163 1265 sine
1197 1208 1541 1282 adoptione,
1573 1223 1683 1262 nec
1729 1203 2094 1278 perpetravit

433 1315 695 1372 unquam
728 1299 894 1372 quod
915 1298 1240 1369 redarguit,
1275 1302 1332 1354 et
1361 1297 1443 1353 sic
1469 1295 1700 1352 mundo
1721 1310 1795 1351 ex
1819 1292 2093 1350 humani-

431 1393 548 1445 tate
575 1389 857 1462 loquitur,
891 1393 958 1444 ut
985 1392 1186 1444 tamen
1217 1386 1412 1442 eidem
1443 1384 1674 1441 mundo
1705 1386 1842 1439 ante
1874 1381 2093 1437 saecula

432 1495 506 1534 ex
535 1478 847 1534 divinitate
877 1477 1239 1532 dominetur.
1277 1474 1593 1548 Sequitur:

507 1569 670 1622 Vsus.
701 1569 791 1622 23.
823 1566 964 1632 Quis
983 1567 1206 1634 poterit
1230 1564 1497 1620 scrutari
1514 1564 1640 1618 vias
1656 1563 1804 1632 ejus,
1830 1565 1938 1618 aut
1960 1560 2090 1630 quis

436 1657 492 1712 ei
513 1655 746 1711 dicere:
775 1655 1076 1722 Operatur
1102 1653 1476 1725 iniquitatem
1493 1656 1520 1707 ?
1539 1683 1608 1692 ~—
1637 1655 1718 1707 Ac
1743 1651 1791 1706 si
1825 1650 2088 1706 dicatur:

436 1744 619 1814 Cujus
673 1743 1032 1816 perscrutari
1064 1743 1216 1799 actio
1247 1757 1370 1797 non
1409 1745 1624 1814 potest,
1657 1755 1780 1813 quo
1803 1743 1981 1813 pacto
2010 1753 2096 1793 re-

435 1831 727 1904 prehendi
767 1831 1011 1903 potest?
1040 1833 1224 1886 Nemo
1269 1830 1430 1884 enim
1473 1829 1621 1883 bene
1655 1827 1887 1899 judicat
1930 1822 2097 1898 quod

435 1920 691 1988 ignorat.
711 1921 895 1974 Tanto
911 1933 1054 1988 ergo
1081 1917 1374 1973 debemus
1400 1916 1513 1972 sub
1531 1917 1660 1986 ejus
1667 1915 1908 1986 judiciis
1926 1913 2098 1969 silens

436 2007 517 2063 do
537 2007 866 2080 quiescere,
889 2011 1116 2078 quanto
1145 2012 1202 2063 et
1229 2005 1526 2063 rationem
1539 2004 1906 2076 judiciorum
1941 2003 2098 2058 illius

435 2112 546 2153 nos
571 2096 870 2152 cernimus
897 2111 1020 2151 non
1052 2095 1274 2152 videre.
1307 2093 1477 2150 Unde
1509 2099 1566 2150 et
1603 2093 1758 2149 bene
1786 2091 2093 2148 subditur:

513 2187 685 2241 Vsus.
711 2188 801 2241 24.
831 2185 1126 2242 Memento
1181 2185 1342 2257 quod
1401 2186 1638 2255 ignores
1681 2199 1826 2253 opus
1857 2185 2003 2252 ejus“.
2029 2183 2101 2236 de

437 2289 554 2346 quo
592 2275 936 2330 cecinerunt
955 2275 1168 2330 viri.—
1197 2277 1262 2328 In
1293 2273 1595 2345 Scriptura
1623 2288 1794 2328 sacra
1821 2271 2098 2343 aliquan-

437 2362 517 2418 do
547 2363 656 2419 viri
685 2362 902 2433 angeli,
935 2362 1264 2435 aliquando
1303 2366 1506 2417 autem
1531 2361 1806 2434 perfectae
1831 2360 1966 2415 vitae
1990 2360 2099 2414 ho-

437 2453 631 2508 mines
687 2456 1118 2508 memorantur.
1153 2455 1302 2509 Nam
1329 2451 1476 2524 quia
1525 2449 1853 2523 aliquando
1881 2450 1972 2505 vir
2001 2464 2104 2505 an-

448 2540 618 2610 gelus
666 2539 900 2608 dicitur,
950 2539 1154 2596 Daniel
1197 2539 1492 2612 propheta
1531 2543 1800 2607 testatur,
1829 2538 1933 2610 qui
1977 2538 2098 2594 ait:

441 2651 468 2677 «
499 2631 646 2684 Ecce
673 2627 765 2684 vir
795 2626 1032 2684 Gabriel
1089 2629 1267 2699 (Dan.
1289 2643 1370 2697 ix,
1401 2629 1514 2699 2t).
1547 2644 1578 2679 ›
1613 2629 1837 2682 Rursus
1875 2625 1978 2698 qui
2021 2625 2104 2680 vi-

442 2731 652 2772 rorum
681 2715 928 2772 nomine
956 2714 1232 2789 perfectae
1275 2715 1410 2772 vitae
1449 2714 1725 2771 homines
1753 2714 2100 2786 exprimun-

439 2808 552 2872 tur,
585 2803 646 2860 in
697 2803 1031 2860 Proverbiis
1085 2803 1390 2876 Sapientia
1429 2803 1694 2876 loquitur
1727 2803 1972 2858 dicens:
2001 2825 2028 2851 «
2057 2805 2099 2859 Ο

438 2892 546 2948 viri
567 2893 646 2949 ad
683 2907 788 2949 vos
813 2892 1054 2949 clamito
1083 2895 1248 2960 (Pro.
1277 2908 1401 2961 V111,
1427 2894 1505 2964 4).
1540 2914 1570 2942 ›ι
1605 2894 1683 2947 De
1712 2891 1966 2948 Domino
1995 2891 2100 2960 igi-

437 2985 534 3040 tur
554 2981 667 3038 viri
687 2987 934 3054 canunt,
965 2998 1103 3038 cum
1131 2983 1260 3054 ejus
1288 2981 1464 3038 nobis
1506 2981 1838 3054 potentiam
1869 2980 1964 3036 vel
2007 2997 2104 3035 su-

436 3071 607 3145 perni
637 3071 900 3145 spiritu,
947 3071 1041 3128 vel
1079 3071 1324 3145 perfecti
1353 3070 1580 3143 quique
1625 3070 1902 3126 doctores
1931 3070 2102 3124 inno-

436 3163 688 3216 tescunt.
717 3160 831 3217 Sed
869 3163 1074 3216 tamen
1105 3175 1252 3229 opus
1295 3161 1424 3229 ejus
1480 3158 1811 3229 ignoratur,
1842 3158 1989 3230 quia
2017 3158 2104 3212 ni-

437 3249 660 3304 mirum
679 3248 908 3319 judicia
936 3247 1094 3304 illius
1123 3248 1240 3321 ipsi
1271 3247 1450 3304 etiam
1476 3247 1582 3320 qui
1602 3247 1763 3303 hunc
1789 3245 2104 3318 predicant

437 3337 833 3408 impenetrata
859 3341 1241 3392 venerantur.
1262 3337 1330 3391 Et
1358 3335 1554 3391 sciunt
1570 3350 1713 3404 ergo
1731 3351 1868 3407 quae
1889 3335 2101 3408 praedi-

438 3429 596 3492 cant,
651 3429 709 3480 et
765 3428 968 3481 tamen
1025 3424 1156 3495 ejus
1212 3439 1398 3496 opera
1451 3423 1753 3494 ignorant,
1813 3423 1956 3496 quia
2005 3438 2100 3478 co-

439 3517 738 3584 gnoscunt
763 3529 867 3569 eos
895 3527 1004 3585 per
1051 3512 1305 3582 gratiam
1331 3528 1368 3568 a
1405 3527 1528 3584 quo
1571 3511 1710 3567 facti
1753 3515 1911 3568 sunt.
1957 3511 2101 3566 Hinc

439 3603 752 3658 Psalmista
789 3601 908 3657 ait:
957 3623 986 3650 ‹‹
1030 3601 1142 3667 Qui
1197 3601 1404 3674 posuit
1455 3600 1735 3656 tenebras
1781 3599 2101 3656 latibulum

440 3707 618 3747 suum
648 3691 834 3763 (Psal.
863 3705 998 3760 xvn,
1025 3690 1170 3757 12).»
1189 3691 1256 3745 Et
1281 3689 1455 3745 item:
1485 3689 1766 3745 «Judicia
1795 3693 1898 3745 tua
1925 3687 2103 3760 abys-

440 3796 542 3836 sus
569 3779 760 3835 multa
806 3779 998 3850 (Psal.
1029 3794 1206 3844 xxxv,
1237 3779 1314 3844 7).
1347 3800 1374 3828 »
1401 3783 1482 3834 Ac
1512 3777 1562 3833 si
1605 3781 1806 3850 aperte
1835 3777 2095 3834 diceret:

439 3873 520 3926 De
545 3883 670 3941 quo
698 3866 883 3924 fortes
917 3867 1142 3940 quique
1180 3866 1362 3923 locuti
1411 3870 1570 3937 sunt,
1599 3866 1728 3937 ejus
1770 3881 1954 3939 opera
1985 3870 2100 3921 tuae

441 3958 654 4015 mentis
695 3955 886 4012 oculis
915 3955 1393 4022 absconduntur,
1425 3955 1570 4028 quia
1595 3971 1947 4012 mensuram
1988 3959 2100 4010 tuae

438 4047 682 4114 notitiae,
711 4061 782 4103 eo
832 4046 1000 4118 quod
1046 4045 1356 4102 huminate
1389 4043 1904 4113 circumscribetis,
1937 4048 2099 4100 tran-

439 4140 630 4192 seunt.
663 4134 946 4206 Sequitur
970 4152 984 4188 :

511 4227 680 4280 Vens.
712 4226 801 4278 25.
838 4223 1050 4278 Omnes
1073 4221 1336 4278 homines
1366 4221 1571 4278 vident
1599 4236 1754 4281 eum.
1779 4222 2100 4293 unusquis-

441 4327 554 4385 que
571 4315 842 4368 intuetur
869 4312 1106 4381 procul.
1133 4343 1203 4351 —
1247 4311 1453 4367 Omnis
1485 4311 1672 4366 homo
1701 4326 1774 4366 eo
1811 4310 1946 4383 ipso
1975 4327 2098 4384 quo

439 4399 743 4457 rationalis
767 4404 860 4456 est
891 4398 1190 4470 conditus,
1235 4397 1414 4454 debet
1439 4413 1512 4453 ex
1540 4398 1768 4456 ratione
1821 4399 2100 4470 colligere

440 4505 581 4546 eum
609 4489 710 4561 qui
743 4503 805 4544 se
858 4487 1126 4544 condidit
1155 4490 1343 4542 Deum
1397 4501 1548 4552 esse,
1575 4501 1757 4558 quem
1813 4487 2100 4544 nimirum

433 4579 564 4651 jam
593 4577 794 4635 videre
825 4581 936 4649 est,
963 4575 1436 4633 dominationem
1481 4575 1638 4630 illius
1687 4575 2100 4633 ratiocinandi)

440 4669 807 4742 conspicere,
837 4667 1046 4740 procul
1099 4666 1328 4740 quippe
1371 4681 1510 4722 eum
1559 4665 1776 4722 intueri
1823 4671 1930 4734 est,
1977 4683 2102 4722 non

436 4758 562 4828 jam
587 4757 756 4814 illum
786 4773 894 4830 per
920 4756 1182 4830 speciem
1213 4771 1475 4826 cernere,
1503 4753 1609 4811 sed
1633 4754 1833 4812 adhuc
1857 4771 1930 4812 ex
1975 4756 2102 4812 sola

441 4859 698 4916 operum
766 4861 1014 4900 suorum
1085 4843 1484 4900 admiratione
1559 4860 1838 4918 pensare.
1893 4845 2102 4901 Procul

441 4933 612 4989 illum
660 4933 756 4988 hic
787 4934 968 4990 etiam
1021 4933 1189 4990 electi
1237 4933 1631 5006 conspiciunt,
1661 4935 1805 5008 quia
1841 4935 2101 4991 necdum

441 5020 722 5079 claritatis
750 5020 906 5076 illius
931 5037 1039 5093 per
1068 5037 1324 5077 acumen
1354 5021 1578 5078 intimas
1616 5023 1866 5080 visionis
1895 5039 2104 5096 appre-

440 5113 611 5178 dunt,
635 5110 731 5167 cui
760 5115 848 5166 est
879 5109 926 5165 si
951 5110 1082 5182 jam
1113 5126 1220 5183 per
1232 5125 1502 5167 amorem
1524 5113 1697 5184 juxta
1721 5119 1878 5180 sunt,
1904 5113 2102 5169 adhuc

443 5205 643 5257 tamen
664 5200 743 5257 ab
761 5199 862 5257 illo
887 5203 1136 5256 terrenae
1155 5197 1544 5256 habitationis
1581 5201 1848 5273 pondere
1877 5201 2103 5272 disjun-

445 5293 688 5360 guntur,
713 5305 899 5364 quem
923 5286 1209 5344 nimirum
1239 5287 1478 5360 reprobi
1501 5289 1679 5344 etiam
1706 5305 1842 5345 cum
1867 5289 1928 5344 in
1950 5289 2106 5359 judi-

441 5377 603 5432 cium
617 5377 955 5434 venientem
971 5375 1248 5446 viderint,
1267 5375 1476 5447 procul
1496 5375 1966 5448 intuentur,quia
1981 5391 2104 5432 non

443 5481 585 5524 eum
611 5465 672 5521 in
700 5466 1026 5523 divinitatis
1051 5466 1268 5534 forma,
1293 5464 1400 5521 sed
1446 5464 1508 5520 in
1553 5465 1702 5533 sola,
1727 5480 1850 5538 qua
1861 5469 1918 5520 et
1937 5481 2102 5521 com-

2132 2923 2172 2975 C

2135 4271 2181 4325 Ι)

2199 323 2484 374 nostram.
2503 349 2574 360 --
2607 318 2888 391 Superius
2909 316 3171 372 dixerat:
3203 317 3357 372 Ecce
3388 317 3541 372 Deus
3571 315 3864 372 excelsus.

2199 408 2365 462 Nunc
2413 406 2628 462 iterum
2659 407 2832 463 dicit:
2857 408 3012 462 Ecce
3056 406 3215 460 Deus
3253 418 3530 474 magnus.
3567 401 3728 468 Quid
3755 405 3864 472 est,

2199 493 2364 566 quod
2394 495 2468 551 de
2497 497 2618 551 Deo
2670 495 2944 568 loquens,
2986 508 3115 550 ecce
3161 492 3324 562 dicit,
3354 495 3414 548 et
3459 505 3592 548 ecce
3629 490 3868 563 repetit,

2197 582 2314 639 nisi
2353 584 2518 656 quod
2571 599 2707 639 ecce
2737 583 2995 639 dicimus
3031 581 3108 637 de
3135 581 3251 637 hac
3303 596 3366 636 re
3397 596 3584 652 quam
3617 579 3681 636 in
3709 595 3870 652 prm-

2202 673 2352 727 senti
2397 677 2832 738 monstramus,
2867 675 2925 726 et
2964 671 3108 742 quia
3157 672 3310 725 Deus
3340 669 3568 742 ubique
3597 681 3871 741 praesens

2200 764 2305 826 est,
2339 777 2476 816 cum
2503 761 2720 816 dicitur
2739 760 2814 816 de
2845 759 2964 828 illo,
2995 774 3146 827 ecce,
3169 758 3350 814 etiam
3370 773 3494 814 non
3517 757 3872 813 videntibus

2201 848 2410 905 adesse
2440 849 2851 906 memoratur?
2879 849 3037 905 Bene
3059 851 3261 904 autem
3291 846 3528 902 vincere
3560 863 3700 902 eum
3725 861 3872 902 nos-

2199 941 2355 994 tram
2383 939 2690 996 scientiam
2719 942 2942 1008 narrat,
2973 952 3156 1010 quem
3181 935 3370 992 videri
3412 935 3489 992 ab
3511 934 3872 992 hominibus

2201 1026 2447 1094 dixerat,
2481 1027 2623 1099 quia
2649 1025 2758 1082 etsi
2783 1041 2854 1081 ex
2885 1025 3114 1080 ratione
3143 1021 3526 1096 conspicitur,
3559 1022 3870 1092 magnitu-

2201 1115 2280 1170 do
2307 1114 2462 1170 illius
2493 1114 2658 1170 nulla
2691 1114 2878 1169 nostri
2905 1129 3119 1168 sensus
3152 1112 3474 1168 subtilitate
3495 1115 3872 1184 penetratur.

2205 1203 2510 1275 Sequitur:
2535 1203 2835 1259 Numerus
2877 1217 3176 1258 annorum
3221 1203 3350 1271 ejus
3407 1200 3870 1256 inaestimabilis.

2201 1324 2270 1332 ——
2303 1291 2500 1348 Dicere
2547 1296 2854 1364 utcunque
2884 1290 3274 1346 aeternitatem
3325 1289 3530 1356 voluit,
3569 1293 3627 1345 et
3669 1289 3876 1361 ipsam

2201 1380 2544 1437 aeternitatis
2574 1379 3010 1451 longitudinem
3041 1395 3235 1435 annos
3261 1377 3512 1434 vocavit.
3527 1381 3675 1435 Cum
3707 1379 3874 1433 enim

2201 1470 2552 1526 brevitatem
2601 1469 2886 1542 temporis
2938 1468 3186 1524 dilatare
3223 1467 3526 1538 volumus,
3557 1471 3878 1524 momenta

2203 1576 2311 1633 per
2335 1560 2536 1628 horas,
2564 1560 2746 1615 horas
2765 1574 2872 1631 per
2888 1558 3036 1625 dies,
3061 1559 3189 1614 dies
3212 1573 3320 1631 per
3339 1572 3598 1625 menses,
3625 1573 3877 1614 menses

2205 1654 2406 1704 autem
2436 1663 2542 1720 per
2573 1663 2768 1703 annos
2799 1646 3201 1703 extendimus.
3237 1645 3390 1712 Quia
3417 1661 3560 1717 ergo
3590 1644 3874 1717 amplum

2205 1737 2496 1810 quiddam
2525 1736 2722 1792 dicere
2747 1736 2949 1802 voluit,
2983 1735 3086 1790 sed
3117 1735 3266 1808 quid
3287 1734 3510 1790 diceret
3531 1734 3712 1791 latius
3745 1749 3874 1789 non

2204 1825 2449 1894 invenit,
2484 1824 2602 1880 Deo
2627 1839 2821 1879 annos
2863 1823 2990 1879 sine
3019 1822 3413 1878 aestimatione
3441 1821 3680 1878 numeri
3719 1820 3874 1877 mul-

2205 1913 2508 1988 tiplicavit,
2549 1912 2755 1968 dicens
2801 1930 2813 1968 :
2867 1913 3170 1969 Numerus
3199 1927 3498 1968 annorum
3529 1913 3658 1981 ejus
3689 1913 3872 1968 inces-

2209 2003 2515 2072 timabilis,
2547 2005 2610 2057 ut
2647 2001 2794 2056 dum
2833 2016 2904 2056 ea
2931 2017 3068 2073 quas
3131 1999 3298 2073 apud
3353 2015 3416 2055 se
3465 2003 3604 2054 sunt
3635 1997 3874 2072 prolixa

2206 2091 2598 2165 multiplicat;
2649 2090 2986 2146 aeternitatis
3032 2089 3470 2160 longitudinem
3528 2103 3590 2144 se
3631 2087 3876 2144 mentiri

2207 2198 2331 2238 non
2351 2197 2528 2254 posse
2557 2179 2873 2236 inﬁrmitas
2894 2180 3167 2235 humana
3187 2181 3530 2249 cognoscat.
3559 2177 3872 2249 Sequitur:

2279 2274 2450 2327 Vsus.
2482 2274 2570 2326 27.
2602 2269 2716 2337 Qui
2741 2266 2946 2340 aufert
2995 2270 3200 2326 stellas
3231 2269 3481 2339 pluvias,
3523 2273 3576 2324 et
3611 2268 3876 2337 effundit

2208 2361 2422 2417 imbres
2453 2360 2534 2415 ad
2575 2361 2768 2416 instar
2814 2357 3142 2429 gurgitum.
3171 2388 3240 2398 —
3286 2358 3433 2414 Sunt
3459 2357 3618 2411 enim
3647 2355 3708 2411 in
3737 2353 3878 2411 caeli

2213 2449 2358 2506 facie
2397 2448 2526 2504 aliae
2575 2447 2755 2504 stellte
2799 2463 2952 2521 quas
2985 2446 3150 2503 nulla
3193 2445 3399 2520 pluvia
3461 2445 3874 2518 subsequitur,

2210 2543 2266 2594 et
2295 2538 2424 2594 aliae
2453 2537 2755 2611 prodeunt
2805 2553 2941 2609 qua:
2992 2539 3262 2592 arentem
3307 2539 3528 2592 terram
3573 2533 3880 2590 imbribus

2209 2626 2553 2682 infundunt.
2583 2625 2766 2696 Igitur
2790 2625 3024 2698 quoties
3062 2624 3124 2680 in
3166 2628 3376 2680 sancta
3425 2623 3684 2679 Ecclesia
3711 2627 3882 2678 recte

2210 2714 2458 2788 quidam
2483 2714 2694 2770 vivunt
2723 2713 2829 2770 sed
2857 2717 3058 2770 tamen
3089 2713 3415 2786 praedicare
3443 2711 3721 2768 eamdem
3749 2727 3886 2768 rec-

2213 2804 2526 2860 titudinem
2546 2803 2839 2872 nesciunt,
2865 2802 3047 2860 stellae
3075 2801 3322 2876 quidem
3353 2805 3509 2872 sunt,
3539 2801 3644 2858 sed
3659 2802 3721 2856 in
3753 2801 3876 2856 sic-

2213 2893 2382 2949 citate
2407 2895 2560 2950 aeris
2593 2897 2768 2960 natae,
2799 2891 2944 2965 quia
2971 2908 3078 2965 per
3105 2891 3451 2964 exemplum
3477 2890 3632 2948 bene
3668 2890 3876 2946 viven-

2211 2981 2273 3038 di
2311 2982 2509 3039 lucere
2562 2982 2787 3038 caeteris
2841 2985 3116 3054 possunt,
3147 2980 3254 3036 sed
3282 2997 3390 3053 per
3430 2979 3876 3053 praadicationis

2209 3071 2462 3127 verbum
2491 3071 2697 3144 pluere
2728 3073 3054 3143 nequeunt.
3087 3071 3236 3125 Cum
3265 3083 3408 3125 vero
3431 3069 3494 3125 in
3517 3085 3590 3125 ea
3617 3067 3878 3141 quidam

2211 3163 2268 3216 et
2333 3165 2487 3216 recte
2546 3159 2777 3227 vivunt,
2838 3163 2893 3214 et
2945 3157 3074 3214 aliis
3121 3157 3400 3214 eamdem
3455 3155 3878 3213 rectitudinem

2211 3247 2405 3303 verbis
2471 3246 2915 3321 praedicationis
2978 3245 3259 3314 inﬂuunt,
3306 3245 3481 3318 quasi
3525 3243 3604 3300 ad
3671 3243 3876 3318 profe-

2209 3335 2428 3391 rendas
2455 3335 2691 3408 pluvias
2717 3335 2778 3391 in
2809 3334 3030 3390 coelum
3059 3333 3240 3390 stellae
3265 3333 3876 3407 producuntur;qum

2210 3423 2292 3480 sic
2351 3424 2487 3480 vitae
2533 3441 2656 3479 suae
2709 3422 2933 3478 meritis
2974 3421 3212 3478 luceant
3259 3426 3324 3478 ut
3367 3421 3547 3477 etiam
3593 3436 3876 3477 sermone

2207 3507 2650 3586 praedicationis
2683 3511 2911 3584 pluant.
2941 3513 3034 3566 An
3061 3525 3184 3566 non
3222 3511 3284 3566 in
3309 3511 3424 3567 hoc
3459 3509 3610 3566 caelo
3640 3513 3876 3566 astrum

2207 3600 2426 3674 pluviae
2492 3604 2722 3674 Moyses
2787 3600 3068 3656 exstitit?
3118 3599 3214 3656 Sic
3278 3600 3503 3672 quippe
3569 3599 3754 3654 Isaias
3813 3603 3879 3656 et

2205 3689 2512 3760 Jeremias,
2563 3694 2620 3745 et
2673 3689 2866 3745 caeteri
2930 3688 3238 3762 prophetae
3297 3681 3560 3758 fuerunt,
3607 3703 3876 3760 quorum

2205 3777 2498 3846 videlicet,
2531 3779 2766 3834 animas
2815 3777 2892 3833 ab
2937 3778 3053 3833 hac
3096 3776 3467 3850 corruptibili
3507 3793 3686 3834 carne
3735 3792 3874 3832 sus-

2207 3873 2430 3941 ceptas,
2455 3868 2598 3942 quia
2628 3883 2700 3924 ex
2728 3867 3008 3940 praesenti
3023 3867 3146 3924 vita
3176 3883 3440 3940 superna
3454 3867 3682 3939 judicia
3701 3867 3874 3924 aufe-

2205 3961 2365 4028 runt,
2393 3958 2569 4031 quasi
2615 3973 2652 4013 a
2681 3957 2814 4013 caeli
2837 3957 2987 4013 facie
3022 3955 3204 4013 stellae
3251 3956 3469 4030 pluvia
3500 3957 3874 4012 subtrahun-

2209 4051 2321 4114 tur,
2353 4051 2410 4104 et
2435 4047 2515 4103 ad
2543 4046 2846 4103 occultum
2897 4049 3060 4103 astra
3103 4047 3375 4116 redeunt,
3417 4063 3556 4102 cum
3607 4045 3872 4118 peractis

2209 4136 2333 4190 suis
2363 4135 2640 4192 cursibus
2675 4139 3019 4192 sanctorum
3049 4134 3266 4191 animae
3306 4134 3370 4190 in
3415 4135 3712 4190 thesauris
3745 4134 3872 4190 dis-

2207 4224 2519 4298 positionis
2547 4224 2766 4280 intimae
2799 4223 3228 4280 reconduntur.
3265 4222 3404 4293 Sed,
3433 4239 3574 4279 cum
3605 4223 3871 4296 prophe-

2208 4317 2299 4370 tas
2346 4313 2606 4381 abstulit,
2631 4329 2840 4370 eorum
2870 4313 2994 4370 vice
3019 4313 3310 4368 Dominus
3355 4313 3664 4386 apostolos
3688 4311 3869 4376 misit,

2207 4403 2313 4476 qui
2367 4403 2430 4459 in
2473 4403 2926 4460 similitudinem
2974 4403 3280 4474 gurgitum
3321 4402 3624 4476 pluerent,
3667 4403 3730 4458 id
3775 4407 3874 4458 est

2207 4491 2482 4548 uberiore
2505 4491 2930 4566 praedicatione
2949 4496 3320 4548 emanarent.
3349 4493 3604 4546 Possunt
3622 4505 3872 4564 quoque

2208 4597 2314 4654 per
2371 4580 2570 4637 stellas
2614 4581 2834 4654 pillle
2881 4580 3072 4636 sancti
3118 4580 3374 4652 apostoli
3403 4579 3726 4650 designari.
3787 4581 3872 4636 De

2207 4669 2430 4741 quibus
2473 4669 2693 4726 Iudaeas
2731 4668 3066 4742 reprobatae
3103 4683 3210 4740 per
3239 4667 3560 4724 Jeremiam
3603 4667 3822 4724 dicitur
3855 4685 3869 4722 :

2209 4778 2239 4812 ‹
2273 4758 2584 4815 Prohibitaa
2643 4763 2783 4814 sunt
2838 4758 3017 4814 stellae
3067 4757 3408 4830 pluviarum
3459 4762 3516 4814 et
3573 4759 3873 4814 serotinus

2209 4847 2403 4901 imber
2457 4862 2580 4902 non
2640 4847 2745 4903 fuit
2803 4849 2944 4915 (Jer.
3009 4863 3093 4912 ιιι,
3156 4847 3230 4917 3).
3287 4867 3316 4896 »
3386 4845 3591 4903 Stellas
3649 4845 3871 4918 pluvias

2209 4949 2352 5005 ergo
2397 4936 2686 4991 Dominus
2719 4935 3027 5005 abstraxit,
3059 4937 3238 5008 atque
3295 4935 3374 4992 ad
3421 4935 3610 4990 instar
3655 4935 3874 5008 gurgi-

2209 5027 2340 5079 tum
2387 5023 2610 5080 imbres
2653 5024 2825 5092 fudit,
2856 5024 2999 5098 quia
3045 5040 3186 5079 cum
3227 5023 3434 5080 Iudaea
3475 5023 3874 5096 praedicantes

2211 5113 2518 5186 apostolos
2578 5113 2842 5181 abstulit,
2893 5113 3168 5169 doctrina
3212 5129 3383 5169 novae
3439 5113 3638 5184 gratiae
3695 5130 3872 5170 mun-

2211 5203 2360 5259 dum
2389 5203 2672 5274 irrigavit.
2710 5202 2824 5260 Sed
2869 5202 3087 5259 ablatis
3137 5201 3317 5259 stellis
3359 5201 3578 5274 pluviae
3615 5200 3678 5256 in
3703 5216 3871 5258 mare

2213 5291 2516 5362 gurgitum
2553 5291 2777 5348 imbres
2817 5291 3001 5362 dedit,
3031 5291 3137 5364 qui
3163 5290 3343 5348 etiam
3372 5289 3633 5346 reductis
3664 5290 3744 5346 ad
3773 5307 3872 5346 su-

2211 5396 2400 5454 perna
2428 5380 2736 5452 apostolis,
2759 5397 2867 5453 per
2908 5381 3316 5452 expositorum
3357 5379 3740 5452 sequentium
3765 5379 3871 5434 lin-

2215 5485 2383 5541 guas,
2412 5469 2638 5526 ﬂuenta
2661 5470 2880 5526 divinae
2931 5469 3188 5526 scientiae
3238 5469 3344 5525 diu
3371 5468 3732 5525 abscondita
3759 5467 3872 5524 lar-

441 5553 736 5642 prehendi
753 5555 966 5636 potuit,
993 5555 1364 5616 humanitate
1380 5553 1778 5630 conspiciunt.
1799 5555 2101 5629 Sequitur:
2217 5557 2366 5630 giori
2386 5557 2674 5615 effusione
2685 5557 2978 5632 patefecit.
3000 5561 3150 5616 Nam
3164 5557 3334 5632 quod
3346 5556 3426 5614 illi
3449 5556 3563 5614 sub
3579 5557 3870 5614 brevitate
