4120 6156
299 176 406 239 417

1133 186 1429 244 EPITOME
1459 178 1824 246 MORALIUM
1864 187 1921 245 S.
1951 179 2154 246 GREG.
2187 186 2257 249 IN
2281 189 2422 254 JOB.
2453 227 2528 242 —
2557 196 2691 260 LIB.
2723 204 2921 261 XXVII.

3629 215 3738 274 M8

300 304 488 361 locuti
504 307 820 404 sunt,lhoc
849 309 1210 380 exponendo
1230 310 1323 366 isti
1351 311 1752 385 multipliciter
1782 328 1966 368 auxe-
2004 321 2044 373 A
2078 331 2309 389 quoque
2335 325 2522 379 maris
2549 327 2794 395 aperiet.
2826 359 2900 399 ε
2937 331 3326 404 Omnipotens
3365 335 3527 392 enim
3581 339 3736 395 Deus

300 401 464 452 runt.
501 396 776 468 Sequitur
812 414 826 454 :

381 488 547 542 Vnus.
578 490 666 541 28.
705 487 819 554 Qui
865 487 938 542 de
988 489 1244 546 nubibus
1285 492 1506 560 ﬂuunt.
1533 523 1604 534 —
1630 494 1697 549 Hl
1740 493 1967 566 quippe

303 573 570 645 gurgites
616 573 691 630 de
745 574 1010 632 nubibus
1059 576 1276 648 ﬂuunt,
1327 580 1472 652 quia
1525 580 1576 637 si
1622 597 1696 636 ex
1744 581 1967 638 sanctis

305 662 595 735 apostolis
643 663 732 718 vis
779 663 1180 735 intelligentiae
1223 683 1347 724 non
1396 667 1703 742 inciperet,
1743 685 1970 742 nequa-

303 767 496 823 quam
527 766 630 823 per
652 767 760 808 ora
787 751 1103 811 doctorum
1127 753 1348 826 largior
1367 761 1662 814 manaret.
1680 761 1747 813 In
1778 757 1969 829 Scrip-

303 845 442 897 tura
492 841 654 897 enim
708 857 881 898 sacra
931 842 1261 915 aliquando
1291 861 1399 919 per
1454 847 1666 919 nubes,
1717 847 1969 904 mobiles

305 931 532 1003 quique
560 932 836 987 homines
866 931 1281 1003 designantur,
1316 939 1382 991 ut
1409 935 1556 991 illud
1589 936 1965 993 Salomonis:

307 1042 336 1070 «
369 1021 483 1085 Qui
514 1021 795 1077 observat
823 1027 1070 1078 ventum
1099 1037 1223 1079 non
1251 1024 1528 1095 seminat,
1560 1029 1616 1081 et
1644 1026 1750 1098 qui
1779 1025 1969 1082 consi-

301 1108 475 1166 derat
505 1109 696 1166 nubes
723 1125 1040 1183 nunquam
1069 1113 1236 1168 metit
1265 1113 1481 1184 (Eccle.
1511 1129 1589 1182 ιιι,
1629 1116 1706 1186 4).
1740 1137 1767 1164 ››
1811 1114 1967 1170 Ven-

305 1202 438 1255 tum
488 1198 841 1256 immundos
891 1200 1155 1273 spiritus,
1211 1201 1403 1258 nubes
1463 1219 1604 1258 vero
1669 1203 1969 1274 subjectos

302 1288 584 1344 homines
612 1288 898 1362 appellat.
929 1289 1270 1362 Aliquando
1319 1292 1648 1364 prophetas,
1679 1295 1744 1348 ut
1772 1292 1918 1347 illud
1952 1310 1966 1360 ;

305 1401 335 1429 κ
366 1377 713 1434 Tenebrosa
765 1395 928 1451 aqua
973 1379 1036 1434 in
1087 1379 1354 1436 nubibus
1405 1381 1559 1437 aeris
1602 1383 1793 1449 (Psal.
1819 1397 1964 1449 xvu,

309 1471 420 1536 12).
451 1491 480 1518 ››
510 1467 851 1541 Aliquando
877 1469 1135 1541 apostoli
1163 1475 1227 1526 ut
1251 1470 1398 1526 illud
1433 1488 1446 1526 :
1480 1494 1507 1520 ‹‹
1539 1471 1834 1529 Mandabo
1860 1487 1969 1527 nu-

303 1557 490 1615 bibus
519 1558 689 1628 meis,
721 1575 794 1615 ne
840 1574 1020 1632 super
1048 1575 1151 1616 eos
1199 1560 1411 1633 pluant
1451 1560 1708 1616 imbrem
1740 1561 1880 1633 ([sa.
1913 1577 1966 1629 v,

306 1649 386 1713 6).
419 1669 447 1696 ‹‹
481 1646 759 1719 Sequitur
791 1663 804 1702 :
831 1648 972 1715 Quae
1019 1654 1366 1717 praetexunt
1419 1655 1638 1706 cuncta
1694 1650 1964 1720 desuper.

305 1767 380 1777 —
404 1735 601 1792 Nubes
631 1752 770 1792 cum
796 1751 979 1809 super
1004 1752 1206 1793 aerem
1235 1742 1590 1810 praetexunt,
1625 1739 1677 1794 si
1729 1739 1791 1794 in
1818 1738 1968 1795 cmlo

303 1825 516 1882 oculos
545 1825 888 1896 attollimus,
915 1842 1039 1882 non
1060 1827 1422 1896 cmlum,sed
1451 1828 1613 1900 ipsas
1643 1828 1966 1885 intuemur.

305 1915 461 1981 Quia
489 1930 632 1984 ergo
663 1914 933 1972 carnales
963 1915 1239 1971 homines
1267 1933 1504 1985 sumus,
1535 1933 1674 1972 cum
1705 1933 1970 1991 superna

305 2008 590 2076 appetere
614 2003 880 2074 nitimur,
912 2004 1088 2076 quasi
1115 2005 1178 2060 in
1194 2005 1413 2062 caelum
1442 2005 1649 2062 oculos
1675 2006 1966 2075 levamus,

306 2097 366 2148 et
395 2092 554 2148 velut
584 2092 647 2148 in
678 2092 896 2148 coelum
922 2093 1113 2149 aciem
1134 2093 1458 2165 tendimus,
1481 2094 1626 2167 quia
1643 2095 1833 2168 pressi
1855 2113 1969 2151 usu

306 2198 520 2238 eorum
573 2182 1004 2256 corporalium,
1053 2182 1255 2239 doceri
1279 2183 1612 2256 spiritualia
1649 2201 1967 2242 conamur.

305 2270 424 2327 Sed
454 2271 598 2344 quia
627 2271 875 2328 transire
896 2271 1226 2328 intellectus
1252 2272 1329 2328 ad
1359 2273 1560 2329 divina
1579 2289 1704 2330 non
1735 2274 1964 2342 sinitur,

305 2361 427 2417 nisi
472 2361 639 2434 prius
663 2377 770 2434 per
808 2366 1154 2419 sanctorum
1197 2362 1664 2435 praecedentium
1691 2363 1969 2436 exempla

305 2451 618 2520 formetur,
647 2451 823 2524 quasi
846 2451 976 2522 jam
997 2451 1216 2507 caelum
1237 2457 1438 2508 noster
1461 2453 1673 2508 oculus
1696 2453 1963 2526 suspicit,

305 2540 417 2596 sed
474 2540 667 2596 nubes
725 2540 905 2608 videt,
959 2539 1105 2612 quia
1133 2542 1645 2614 comprehendere
1700 2558 1837 2615 quin
1866 2542 1966 2598 Dei

305 2634 470 2700 sunt,
502 2630 766 2703 appetit;
803 2629 908 2685 sed
933 2629 1032 2685 vix
1062 2629 1265 2686 mirari
1308 2646 1381 2687 ea
1420 2647 1558 2704 quas
1613 2631 1965 2688 hominibus

304 2719 529 2776 collata
556 2723 691 2776 sunt
721 2723 937 2792 potest.
965 2718 1132 2775 Unde
1160 2723 1217 2775 et
1242 2719 1390 2776 alias
1410 2719 1625 2776 dicitur
1657 2737 1669 2774 :
1697 2740 1726 2775 ‹
1749 2720 1967 2777 lllumi-

303 2824 464 2865 nans
491 2812 556 2865 tu
583 2808 930 2864 mirabiliter
948 2824 986 2864 a
1004 2808 1313 2864 montibus
1341 2810 1576 2864 aeternis
1591 2809 1782 2880 (Psal.
1799 2827 1963 2874 Lxxv,

304 2902 382 2970 5).
416 2919 446 2948 ››
476 2900 628 2954 More
658 2897 820 2953 enim
850 2896 1106 2953 nubium
1132 2901 1378 2952 extensa
1429 2895 1691 2970 desuper
1719 2913 1833 2953 nos
1865 2900 1967 2954 Pa-

2010 1675 2047 1728 Β

2079 411 2537 497 coruscantibus
2593 415 2860 472 nubibus
2909 419 3183 476 cardines
3237 423 3422 478 maris
3480 427 3733 497 operuit,

2078 494 2220 566 quia
2240 499 2635 559 emicantibus
2651 505 3115 577 praedicatorum
3132 510 3438 568 miraculis
3453 494 3535 569 ad
3553 515 3737 572 ﬁdem

2078 584 2258 642 etiam
2281 589 2568 647 terminos
2598 593 2811 650 mundi
2840 595 3137 667 perduxit.
3190 601 3336 656 Ecce
3392 601 3551 658 enim
3583 619 3737 676 pene

2078 678 2430 733 cunctorum
2451 679 2581 749 jam
2634 682 2903 751 gentium
2955 684 3142 741 corda
3197 690 3548 758 penetravit.
3584 693 3729 747 Ecce

2077 762 2138 817 in
2165 779 2287 820 una
2305 765 2424 824 ﬁde
2445 769 2695 826 Orientis
2723 771 2972 829 limitem
3004 774 3456 850 Occidentisque
3479 782 3732 852 conjun-

2077 852 2181 907 xit.
2213 855 2490 927 Sequitur
2522 875 2535 914 :

2150 942 2323 999 Vens.
2358 949 2445 1000 31.
2475 946 2598 1003 Per
2627 948 2754 1005 haec
2782 951 2938 1011 enim
2957 952 3202 1021 judicat
3222 956 3500 1024 populos,
3549 963 3604 1012 et
3634 958 3738 1014 dat

2076 1045 2239 1086 escas
2286 1034 2491 1089 multis
2548 1037 2925 1094 mortalibus.
2980 1070 3050 1080 -—
3099 1043 3205 1097 Per
3251 1042 3401 1110 haec,
3453 1043 3740 1100 nimirum

2076 1119 2261 1176 verba
2311 1123 2793 1194 praedicatorum,
2845 1127 2907 1182 id
2954 1133 3065 1199 est,
3116 1135 3313 1199 guttas
3352 1132 3604 1202 nivium,
3635 1148 3742 1206 per

2076 1209 2226 1280 haec,
2265 1211 2503 1282 fulgura
2534 1214 2986 1287 miraculorum,
3019 1220 3172 1274 Deus
3193 1222 3449 1290 populos
3471 1223 3737 1291 judicat,

2077 1301 2220 1371 quia
2248 1317 2458 1358 eorum
2488 1308 2708 1360 terrore
2739 1305 2819 1360 ad
2864 1307 3271 1378 paenitentiam
3328 1316 3520 1367 vocat.
3564 1315 3736 1383 Nam,

2077 1387 2227 1442 dum
2249 1405 2511 1461 superna
2538 1393 2814 1462 audiunt,
2847 1395 2996 1451 dum
3012 1397 3166 1452 mira
3187 1413 3371 1470 opera
3398 1399 3737 1472 attendunt,

2077 1492 2220 1532 mox
2249 1477 2328 1533 ad
2379 1480 2562 1536 corda
2619 1497 2732 1537 sua
2761 1483 3030 1551 redeunt,
3063 1490 3121 1541 et
3171 1502 3300 1542 sese
3329 1488 3405 1544 de
3451 1488 3739 1545 anteactis

2075 1566 2470 1638 pravitatibus
2524 1568 2875 1640 aﬁligentes,
2937 1577 3158 1630 interna
3211 1579 3510 1632 tormenta
3559 1577 3739 1649 perti-

2077 1660 2369 1724 mescunt,
2422 1657 2528 1713 sed
2580 1673 2686 1730 per
2714 1659 2960 1715 easdem
2994 1661 3188 1718 nubes
3216 1678 3324 1735 per
3359 1680 3515 1736 quas
3551 1670 3740 1721 terror

2077 1743 2379 1814 afﬂigitur,
2411 1745 2593 1802 etiam
2619 1763 2758 1804 esca
2786 1749 2985 1818 datur,
3012 1766 3149 1822 quae
3178 1767 3403 1821 magna
3451 1753 3738 1824 praedica-

2076 1837 2275 1890 torum
2302 1833 2673 1907 dispensatio
2703 1841 2809 1904 est,
2844 1842 2909 1893 ut
2934 1837 3016 1894 sic
3044 1839 3234 1896 sciant
3265 1841 3739 1913 superbientium

2076 1929 2307 1980 mentes
2329 1924 2613 1995 afﬂigere,
2644 1931 2708 1982 ut
2735 1928 2914 1983 etiam
2945 1927 3194 1985 aﬁlictas
3221 1930 3497 1986 noverint
3515 1946 3736 1987 conso-

2075 2012 2314 2069 lationis
2341 2013 2582 2087 eloquio
2613 2016 2857 2085 nutrire,
2884 2023 3184 2089 quatenus
3213 2023 3270 2074 et
3300 2024 3617 2091 peccantes
3653 2019 3729 2076 de

2077 2102 2310 2157 aeternis
2342 2102 2650 2176 suppliciis
2697 2108 2974 2173 terreant,
3036 2110 3094 2162 et
3139 2106 3495 2178 poenitentes
3523 2107 3599 2164 de
3630 2123 3731 2163 su-

2077 2190 2278 2262 pernis
2305 2192 2475 2261 regni
2533 2192 2770 2262 gaudiis
2799 2198 3070 2265 pascant.
3105 2197 3184 2250 De
3227 2195 3343 2251 hoc
3390 2195 3616 2270 quippe
3636 2197 3734 2268 ju-

2075 2277 2230 2334 dicio
2261 2279 2512 2336 dicitur:
2547 2300 2577 2334 ‹
2600 2280 2858 2353 Accipite
2893 2281 3179 2355 Spiritum
3237 2289 3512 2341 sanctum
3542 2303 3556 2352 ;
3589 2299 3740 2356 quo-

2073 2383 2211 2422 rum
2238 2368 2579 2425 remiseritis
2597 2373 2865 2441 peccata,
2893 2369 3272 2427 remittuntur
3288 2373 3392 2440 eis,
3408 2377 3738 2445 etquorum

2074 2457 2448 2525 retinueritis,
2477 2462 2706 2514 retenta
2732 2464 2906 2515 erunt
2934 2461 3132 2531 (Joan.
3167 2477 3261 2529 xx,
3295 2465 3406 2532 23).
3441 2484 3467 2511 ››
3510 2463 3590 2517 De
3637 2462 3732 2517 his

2074 2562 2318 2619 quoque
2347 2546 2563 2603 dicitur
2590 2564 2603 2601 :
2626 2571 2652 2600 ηι
2675 2550 2815 2603 Date
2839 2547 2952 2602 illis
2971 2565 3074 2604 vos
3100 2549 3468 2605 manducare
3493 2551 3732 2621 (Matth.

2075 2651 2193 2703 xw,
2233 2638 2340 2708 16).
2367 2659 2395 2686 ››
2428 2642 2508 2692 Ac
2539 2635 2586 2692 si
2620 2636 2880 2693 diceret:
2915 2637 2972 2692 Si
3008 2642 3249 2694 sanctos
3281 2653 3423 2693 suos
3441 2638 3505 2693 in
3534 2625 3748 2694 minisJ

2077 2725 2221 2782 terio
2249 2725 2690 2798 praedicationis
2711 2727 2993 2797 extendit,
3027 2743 3360 2801 eorumque
3417 2727 3600 2784 verba
3628 2727 3738 2783 mi-

2075 2813 2293 2869 raculis
2323 2815 2589 2886 adjuvat,
2625 2815 2804 2870 totius
2827 2815 3040 2871 mundi
3062 2815 3280 2872 limites
3311 2817 3589 2883 advocat,
3633 2831 3741 2888 per

2077 2919 2213 2975 quae
2240 2907 2295 2958 et
2325 2903 2489 2974 prius
2519 2903 2930 2975 superbientes
2955 2904 3206 2975 judicat,
3235 2910 3292 2960 et
3319 2909 3458 2978 post
3485 2905 3740 2961 verbum

303 2990 469 3041 trum
497 2985 618 3084 vita
648 2984 924 3055 tegimur,
951 2988 1019 3040 ut
1061 2985 1150 3084 ad.
1171 2985 1433 3084 fructum
1462 2984 1705 3084 fecundi
1750 2985 1966 3084 germi-
2009 3030 2048 3084 Ο
2079 2991 2502 3084 consolationis
2532 2991 2800 3048 nutriens
2826 2992 2886 3048 in
2912 3009 3017 3065 spe
3046 2993 3303 3049 humiles
3331 2994 3594 3050 roborat.
3625 2998 3739 3051 No-

303 3075 402 3130 nis
424 3074 836 3142 infundamur,
895 3078 954 3130 et
981 3073 1156 3148 quasi
1180 3073 1476 3130 intuentes
1535 3073 1755 3130 coelum
1797 3074 1965 3147 prius
2012 3073 2048 3084 ν
2080 3077 2332 3134 tandum
2357 3079 2522 3151 quod
2561 3093 2687 3134 non
2717 3079 2818 3150 ait,
2863 3079 3168 3152 omnibus,
3201 3081 3308 3136 sed
3337 3083 3564 3146 multis,
3595 3081 3740 3154 quia

303 3165 502 3220 nubes
533 3163 876 3236 aspicimus,
905 3163 1049 3236 quia
1083 3168 1219 3220 ante
1258 3163 1559 3219 bonorum
1585 3162 1742 3220 facta
1772 3162 1965 3219 admi-

301 3254 502 3311 rando
527 3255 849 3324 cernimus,
877 3262 933 3308 et
957 3259 1092 3326 post
1121 3253 1222 3310 illa
1251 3269 1388 3326 quae
1412 3258 1554 3310 sunt
1576 3253 1836 3310 coelestia
1865 3269 1966 3309 ex-

303 3343 596 3418 periendo
625 3348 1030 3416 penetramus.
1063 3342 1340 3415 Sequitur
1368 3359 1382 3398 :
1657 3333 1662 3340 ’

379 3435 550 3490 Vnus.
579 3436 668 3489 29.
703 3433 772 3489 Si
797 3434 1052 3490 voluerit
1081 3433 1401 3489 extendere
1428 3432 1610 3489 nubes
1639 3433 1814 3504 quasi
1848 3437 1970 3488 ten-

307 3525 531 3580 torium
553 3539 749 3579 suum.
781 3555 850 3564 —
895 3523 1166 3580 Extendit
1227 3523 1418 3578 nubes
1473 3522 1781 3592 Dominus,
1822 3521 1970 3579 dum

305 3613 595 3669 ministris
626 3613 747 3669 suis
776 3613 938 3669 viam
967 3612 1414 3686 praedicationis
1439 3612 1741 3686 aperiens,
1775 3628 1878 3668 eos
1908 3613 1967 3667 in

303 3703 525 3760 mundi
551 3703 862 3759 latitudine
893 3703 1365 3776 circumquaque
1387 3702 1644 3759 diffudit.
1677 3705 1828 3758 Bene
1860 3719 1967 3758 au-

302 3797 432 3848 tem
449 3792 674 3848 dictum
704 3797 793 3848 est
820 3808 832 3846 :
859 3792 1040 3858 Quasi
1061 3794 1382 3848 tentorium
1410 3808 1604 3848 suum.
1628 3791 1970 3847 Tentorium

302 3883 535 3956 quippe
565 3883 625 3938 in
651 3883 858 3938 itinere
889 3881 1034 3954 poni
1060 3881 1228 3947 solet,
1269 3886 1326 3937 et
1379 3897 1519 3937 cum
1549 3880 1970 3952 praedicatores

302 3971 500 4028 sancti
528 3971 590 4026 in
619 3971 918 4026 mundum
947 3969 1282 4038 mittuntur,
1313 3970 1420 4025 iter
1450 3969 1704 4025 Domino
1719 3969 1968 4025 faciunt.

303 4059 478 4118 Unde
510 4057 797 4129 scriptum
826 4062 914 4113 est
945 4074 958 4112 :
989 4080 1016 4108 ‹‹
1045 4061 1191 4113 Ecce
1221 4059 1390 4114 mitto
1439 4057 1722 4127 angelum
1765 4073 1972 4112 meum

303 4153 449 4205 ante
506 4145 722 4202 faciem
778 4149 967 4214 tuam,
1019 4145 1125 4218 qui
1174 4144 1540 4218 praeparabit
1594 4144 1758 4200 viam
1805 4149 1973 4201 tuam

303 4237 481 4310 (Mal.
519 4252 599 4304 ιιι,
636 4238 708 4308 1).
737 4259 765 4286 ››
799 4236 869 4290 Et
900 4235 1056 4290 unde
1085 4251 1324 4291 rursum
1352 4250 1458 4308 per
1488 4232 1861 4290 Psalmistam
1890 4233 1974 4290 di-

307 4327 461 4382 citur
494 4342 507 4380 :
542 4345 570 4374 ‹‹
604 4328 715 4380 lter
743 4323 916 4381 facite
939 4323 991 4380 ei
1023 4323 1130 4397 qui
1187 4322 1456 4380 ascendit
1477 4338 1658 4395 super
1689 4338 1973 4379 occasum

309 4417 498 4489 (Psal.
530 4430 707 4485 vau,
736 4416 811 4487 5).
845 4435 873 4463 »
932 4417 1041 4470 lter
1071 4413 1297 4486 quippe
1326 4430 1436 4486 per
1483 4428 1587 4468 eos
1646 4413 1791 4483 agit,
1823 4413 1971 4468 dum

305 4504 593 4560 humanis
642 4503 925 4561 cordibus
993 4519 1204 4560 eorum
1262 4501 1502 4576 eloquio
1555 4499 1834 4569 infundit,
1890 4506 1972 4558 at-

309 4611 429 4669 que
459 4594 522 4650 in
551 4594 666 4650 hoc
694 4593 900 4650 itinere
926 4593 1247 4650 tentorium
1272 4593 1374 4648 Dei
1405 4596 1561 4647 sunt.
1595 4591 1732 4647 Haec
1756 4591 1970 4647 eadem

310 4684 498 4740 corda
550 4688 920 4752 sanctorum,
985 4682 1211 4756 quibus
1270 4681 1447 4755 quasi
1496 4681 1559 4736 in
1628 4679 1722 4737 via
1779 4681 1972 4754 quies-

310 4772 503 4829 cendo
532 4772 766 4842 tegitur,
797 4772 947 4828 dum
976 4788 1082 4845 per
1113 4772 1243 4827 haec
1282 4769 1363 4828 ad
1392 4773 1622 4825 mentes
1650 4768 1969 4824 hominum

306 4863 576 4932 veniens,
631 4863 753 4933 agit
805 4877 939 4934 quae
1010 4861 1328 4935 disposuit,
1406 4864 1465 4916 et
1522 4874 1646 4916 non
1712 4857 1965 4914 videtur.

309 4952 590 5024 Sequitur
621 4969 636 5008 :

381 5043 552 5096 Vens.
583 5042 671 5097 30.
704 5041 784 5096 Et
803 5040 1132 5111 fulgurare
1163 5040 1361 5095 lumen
1410 5053 1583 5093 suum
1610 5036 1882 5107 desuper.
1900 5065 1969 5076 —

305 5128 467 5196 Quid
488 5128 650 5186 enim
672 5129 887 5185 sentire
908 5128 1168 5199 fulgura,
1190 5127 1305 5183 nisi
1325 5125 1618 5183 miracula
1644 5124 1968 5182 debemus?

304 5221 393 5274 De
421 5218 643 5291 quibus
673 5233 781 5291 per
809 5216 1197 5274 Psalmistam
1218 5215 1471 5272 dicitur:
1497 5233 1528 5269 ‹
1543 5214 1800 5285 Fulgura
1819 5213 1970 5269 mul-

303 5305 628 5379 tiplicabis,
661 5311 716 5364 et
741 5306 1132 5363 conturbabis
1159 5322 1260 5362 eos
1291 5306 1483 5375 (Psal.
1515 5320 1653 5372 xvu,
1686 5303 1793 5372 t5).
1815 5325 1843 5353 »
1864 5305 1970 5358 Per

301 5397 421 5453 has
451 5412 592 5467 ergo
617 5397 811 5452 nubes
842 5396 1067 5452 lumine
1093 5411 1203 5450 suo
1228 5394 1490 5464 fulgurat
1515 5393 1794 5465 desuper,
1825 5391 1968 5464 quia

301 5501 418 5560 per
446 5485 866 5558 praedicatores
896 5501 1038 5540 suos
1069 5483 1533 5540 insensibilitatis
1562 5486 1780 5538 nostra;
1812 5484 1968 5536 tene-

300 5575 452 5631 bras
481 5577 660 5632 etiam
689 5574 993 5632 miraculis
1023 5573 1292 5628 illustrat.
1330 5573 1603 5645 Sequitur
1635 5588 1647 5626 :
1677 5569 1967 5627 Cardines

384 5666 491 5738 (60)
523 5665 692 5738 Vulg.
724 5667 797 5721 In
829 5663 1126 5723 manibus.

2003 4380 2046 4434 D

2080 3165 2351 3221 videlicet
2397 3165 2684 3238 scriptum
2719 3170 2852 3222 est:
2887 3187 2916 3216 «
2950 3169 3076 3223 Non
3124 3168 3399 3224 omnium
3450 3174 3539 3225 est
3586 3168 3740 3225 ﬁdes

2081 3255 2134 3326 (Ι
2163 3255 2358 3311 Thess.
2389 3271 2470 3326 ιιι,
2496 3259 2587 3324 2):
2615 3278 2643 3306 ››
2692 3257 2758 3311 Et
2784 3255 3155 3328 quibusdam
3213 3257 3430 3314 dicitur
3461 3276 3474 3314 :
3505 3280 3532 3307 ‹‹
3562 3261 3743 3331 Prop-

2077 3349 2238 3401 terea
2262 3360 2366 3401 vos
2387 3360 2511 3400 non
2537 3343 2776 3412 auditis,
2802 3345 2946 3418 quia
2975 3361 3048 3402 ex
3078 3349 3197 3402 Deo
3218 3361 3343 3404 non
3363 3347 3503 3404 estis
3537 3347 3737 3419 (Joan.

2077 3449 2198 3503 vni,
2228 3434 2340 3505 47).
2370 3432 2646 3507 Sequitur
2679 3450 2692 3488 :

2150 3523 2322 3579 Vnus.
2354 3526 2444 3581 32.
2501 3524 2875 3581 Immanibus
2929 3525 3044 3596 (60)
3079 3525 3390 3591 abscondit
3430 3526 3640 3584 lucem.
3669 3557 3741 3568 —

2077 3619 2378 3670 lmmanes
2407 3613 2632 3687 quippe
2664 3618 2822 3684 sunt,
2850 3613 2955 3686 qui
2985 3630 3046 3670 se
3075 3613 3242 3670 elatis
3271 3614 3738 3684 cogitationibus

2077 3703 2482 3758 abscondunt.
2517 3705 2678 3768 Quos
2709 3706 2920 3759 contra
2949 3702 3132 3759 Isaias
3158 3703 3240 3760 ait
3265 3719 3278 3758 :
3321 3724 3349 3753 α
3391 3705 3488 3758 ναι
3509 3704 3615 3777 qui
3644 3719 3737 3760 sa-

2081 3792 2307 3864 pientes
2336 3791 2477 3847 estis
2504 3791 2566 3846 in
2606 3792 2795 3848 oculis
2834 3791 3069 3860 vestris,
3102 3796 3158 3848 et
3207 3807 3413 3848 coram
3444 3793 3739 3850 vobismet

2077 3880 2223 3952 ipsis
2278 3879 2604 3952 prudentes
2656 3882 2799 3946 (Isa.
2829 3896 2884 3945 v,
2905 3884 3021 3948 2|).
3054 3898 3085 3932 ι
3118 3882 3278 3946 Quos
3309 3887 3519 3938 contra
3561 3882 3741 3938 etiam

2079 3967 2297 4024 Paulus
2319 3967 2402 4022 ait
2435 3985 2448 4023 :
2482 3989 2510 4017 «
2543 3967 2729 4023 Nolite
2778 3967 3104 4039 prudentes
3134 3983 3264 4023 esse
3310 3969 3478 4041 apud
3509 3976 3742 4026 vosmet

2078 4055 2241 4127 ipsos
2267 4055 2455 4126 (Rom.
2481 4071 2575 4119 xu,
2611 4057 2718 4126 16).
2748 4076 2784 4105 ι»
2822 4055 2938 4111 Sed
2957 4055 3050 4111 his
3077 4055 3450 4112 immanibus
3473 4055 3580 4112 lux
3609 4056 3744 4112 abs-

2079 4143 2378 4210 conditur,
2431 4143 2575 4216 quia
2623 4143 2910 4199 nimirum
2964 4143 3448 4217 superbientibus
3473 4145 3735 4201 veritatis

2079 4232 2339 4304 cognitio
2365 4233 2715 4303 denegatur.
2749 4233 2914 4290 Unde
2944 4251 3051 4308 per
3080 4239 3268 4291 semet
3289 4234 3489 4309 ipsam
3517 4235 3742 4292 Veritas

2078 4322 2221 4383 dicit
2249 4341 2262 4378 :
2296 4344 2324 4372 «
2347 4321 2644 4380 Conﬁteor
2663 4322 2787 4393 tibi,
2817 4325 3004 4392 Pater,
3024 4323 3272 4380 Domine
3303 4323 3435 4380 caeli
3460 4328 3518 4381 et
3545 4328 3738 4393 terrae,

2078 4412 2221 4485 quia
2250 4411 2618 4468 abscondisti
2641 4413 2770 4469 haec
2794 4429 2831 4469 a
2861 4413 3234 4486 sapientibus
3255 4419 3312 4471 et
3335 4414 3738 4488 prudentibus

2078 4505 2136 4558 et
2164 4501 2435 4558 revelasti
2466 4517 2537 4558 ea
2553 4502 2822 4575 parvulis
2851 4503 3089 4574 (Matth.
3114 4519 3187 4571 ιιι,
3216 4505 3330 4577 25).
3357 4526 3385 4554 ››
3420 4503 3697 4576 Sequitur
3722 4520 3736 4559 :

2076 4591 2155 4646 Et
2179 4591 2465 4660 prmeepit
2487 4591 2560 4655 ei,
2594 4595 2660 4647 ut
2691 4606 2901 4648 rursus
2932 4593 3237 4649 adveniat.
3275 4623 3345 4633 -—
3400 4593 3550 4658 Quia
3587 4591 3740 4648 veri-

2079 4679 2215 4736 tatis
2245 4679 2473 4749 lumen,
2517 4679 2686 4752 quod
2738 4679 2908 4736 elatis
2955 4679 3391 4752 occupatisque
3431 4679 3738 4735 mentibus

2079 4768 2487 4836 absconditur,
2568 4767 2800 4824 afﬂictis
2873 4766 3324 4840 humiliatisque
3414 4767 3734 4824 revelatur.

2080 4859 2205 4913 Lux
2231 4857 2456 4929 quippe
2487 4854 2749 4928 advenit,
2781 4871 2922 4911 cum
2950 4854 3170 4912 afﬂicta
3200 4871 3372 4912 mens
3392 4856 3558 4929 ipsas
3580 4872 3736 4931 quas

2078 4933 2153 5001 de
2181 4944 2456 5018 perituris
2481 4944 2661 5000 rebus
2686 4943 3141 5001 tribulationum
3193 4944 3474 5002 tenebras
3502 4945 3735 5016 tolerat,

2079 5033 2370 5104 agnoscit,
2428 5032 2574 5104 quia
2623 5031 2741 5088 nisi
2795 5031 3022 5106 aliquid
3076 5049 3150 5090 ex
3205 5033 3432 5092 lumine
3503 5035 3738 5092 interno

2077 5123 2425 5196 perciperet,
2481 5138 2557 5178 ne
2605 5122 2720 5179 hoc
2765 5121 2985 5195 ipsum,
3029 5123 3175 5197 quia
3202 5123 3411 5181 lumen
3457 5122 3736 5197 perdide-

2077 5216 2189 5282 rat,
2239 5211 2480 5267 videret.
2538 5210 2711 5277 Quod
2763 5211 3097 5285 specialiter
3146 5213 3392 5284 intelligi
3422 5212 3602 5267 etiam
3660 5209 3736 5264 de

2075 5300 2299 5357 Judaeis
2328 5303 2542 5374 potest,
2564 5300 2670 5374 qui
2716 5299 2938 5358 idcirco
2985 5301 3367 5374 Redemptori
3421 5301 3626 5353 nostro
3674 5296 3737 5351 in

2076 5407 2256 5448 carne
2284 5389 2543 5446 venienti
2569 5390 2975 5447 contradicere
3027 5391 3158 5446 ausi
3189 5393 3345 5453 sunt,
3373 5385 3517 5458 quia
3569 5385 3735 5460 apud

2076 5478 2427 5552 semetipsos
2482 5478 2779 5535 immanes
2839 5477 3206 5533 exstiterunt.
3241 5473 3355 5530 Sed
3403 5473 3495 5530 his
3526 5473 3738 5530 imma-

2075 5570 2255 5626 nibus
2283 5568 2387 5625 lux
2413 5568 2714 5626 absconsa
2742 5572 2849 5635 est,
2875 5565 3021 5638 quia
3055 5563 3298 5637 superbi
3326 5563 3534 5621 lumen
3589 5563 3733 5620 veri-
