4130 6146
479 124 587 184 ιω

1541 108 1600 168 8.
1641 107 1900 164 ODOHIS
1943 101 2240 164 ABBA'HS
2277 103 2778 166 CLUNIACENSIS
2815 107 2863 164 II

3797 119 3903 174 4-20

482 243 619 304 tatis
663 241 808 298 dum
865 238 1326 312 persequuntur,
1367 231 1714 292 amiserunt.
1753 230 1865 286 Sed
1901 228 2046 300 quia
2075 227 2135 282 in
2177 227 2226 280 A
2257 225 2472 282 eodem
2521 235 2730 288 nostro
2753 231 2954 302 Capite
2985 231 3240 288 dicitur:
3277 255 3304 282 «
3339 233 3686 307 Ubicunque
3738 237 3904 296 fuerit

480 331 663 392 ﬁnem
691 325 904 386 mundi
932 325 1012 382 ad
1041 324 1225 382 tidem
1255 320 1581 393 recipiendi
1614 323 1774 385 sunt,
1807 316 2138 376 recte.sub-

474 417 746 489 jungitur
779 431 792 470 :
825 415 902 474 Et
928 414 1218 483 prim-epit
1239 413 1294 474 ei
1325 417 1390 466 ut
1417 425 1629 466 rursus
1651 407 1954 464 adveniat.
1978 403 2144 462 Unde

477 509 536 564 et
564 521 671 578 per
699 503 918 564 Isaiam
943 501 1156 562 dicitur
1185 519 1198 560 z
1232 523 1259 552 α
1287 500 1346 562 Si
1366 499 1542 558 fuerit
1563 513 1852 554 numerus
1879 495 2140 554 filiorum
2189 517 2194 522 ’

475 593 660 654 Israel
712 592 889 666 quasi
935 607 1120 652 arena
1171 590 1382 659 maris,
1441 587 1706 660 reliquiae
1759 585 1939 642 salvae
1997 584 2143 640 fient

479 683 618 756 (Isa.
665 700 723 751 11,
751 687 864 752 22).
917 685 1078 740 Tunc
1131 680 1356 752 quippe
1407 679 1507 736 lux
1561 677 1642 736 ad
1671 691 1776 732 eos
1803 674 2135 742 revertitur,

478 789 618 830 cum
647 772 762 844 ipsi
791 771 868 828 ad
899 769 1302 827 conﬁtendam
1359 765 1768 837 Redemptoris
1821 763 2006 820 nostri
2035 778 2138 834 po—

478 862 726 924 tentiam
773 865 1191 921 convertentur
1265 856 1324 914 Si
1357 861 1556 914 autem
1588 857 1650 912 in
1691 853 1990 919 manibus,
2030 867 2136 906 ne-

477 965 789 1022 quaquam
817 964 926 1020 per
953 947 1218 1004 dativum
1249 959 1458 1004 casum
1503 959 1688 1000 unum
1737 956 1982 1006 nomen,
2033 939 2137 994 sed

475 1039 632 1106 duas
659 1041 861 1110 partas
895 1035 1180 1094 orationis
1209 1033 1560 1105 accipimus.
1615 1035 1809 1092 Potest
1861 1034 1918 1086 et
1971 1028 2138 1084 aliter

476 1127 744 1197 intelligi,
785 1126 930 1198 quia
979 1129 1040 1188 in
1081 1124 1358 1184 manibus
1387 1123 1492 1180 lux
1541 1120 1952 1184 absconditur,
1995 1133 2134 1174 cum

475 1217 640 1289 apud
669 1219 897 1276 rectum
920 1214 1188 1286 judicem
1241 1213 1430 1285 iniqui
1458 1210 1682 1283 quique
1737 1210 1796 1266 in
1843 1208 1967 1264 suis
1997 1221 2135 1279 ope-

473 1305 642 1364 ribus
669 1307 988 1366 caecantur.
1027 1303 1130 1362 Cui
1162 1307 1364 1358 tamen
1395 1299 1743 1373 praecipitur
1793 1303 1856 1354 ut
1887 1311 2134 1354 rursum

473 1394 777 1460 adveniat,
807 1393 952 1465 quia
979 1392 1126 1448 dum
1176 1394 1520 1463 peccatores
1553 1403 1614 1442 se
1649 1403 1680 1446 e
1737 1386 1861 1444 suis
1910 1385 2136 1442 viribus

475 1481 694 1546 salvari
721 1497 844 1542 non
874 1495 1048 1552 posse
1077 1477 1490 1548 cognoverint,
1553 1475 1757 1546 gratiae
1797 1475 2002 1530 lumen
2033 1489 2134 1534 ac-

2255 329 2495 386 corpus,
2527 315 2665 372 illuc
2723 319 3250 390 congregabuntur
3303 323 3520 394 aquilm
3559 327 3902 392 (Lucuxvn,

2253 407 2366 468 37).
2401 425 2432 460 n
2453 407 2730 477 Sequitur
2763 425 2776 462 :

2835 498 3062 554 CAPUT
3109 501 3352 556 XXXVII.

2327 582 2489 640 Vsus.
2527 588 2576 638 1.
2607 583 2802 654 Super
2832 586 2942 642 hoc
2969 589 3212 657 expavit
3242 603 3349 645 cor
3375 604 3590 645 meum.
3623 621 3695 632 —
3727 595 3810 646 Ac
3857 592 3906 647 si

2249 668 2409 726 dicat
2441 687 2453 724 :
2489 675 2550 730 In
2589 673 3003 736 admirationis
3035 693 3353 733 excessum
3401 693 3464 732 se
3497 680 3823 746 transtulit;
3853 685 3908 735 et

2249 757 2393 827 quia.
2413 775 2588 820 novre
2619 763 2745 834 spei
2790 765 3000 836 spiritu
3037 781 3206 820 mens
3237 765 3442 820 attlata
3469 771 3579 834 est,
3629 769 3906 840 semetip—

2251 861 2403 915 saui,
2435 849 2630 920 qualis
2661 851 2724 906 in
2755 859 2988 908 vetusta
3019 854 3378 922 cogitatione
3405 853 3620 921 fuerat,
3671 855 3909 926 reliquit

2249 934 2394 1004 quia
2423 951 2634 1006 pavor,
2667 939 2816 998 dum
2849 947 3102 998 mortem
3134 941 3406 1013 percutit,
3439 941 3598 998 hanc
3655 959 3690 998 a
3719 959 3914 998 seme-

2247 1021 2404 1094 tipsa
2433 1024 2690 1086 alienam
2739 1028 2952 1086 reddit.
3007 1033 3460 1104 Nonnunquam
3513 1031 3703 1088 Latini
3733 1031 3914 1088 inter-

2247 1116 2442 1182 pretes
2501 1115 2784 1170 exstasim
2842 1133 3130 1188 pavorem
3189 1123 3429 1176 vocant.
3487 1121 3810 1191 Sequitur:
3843 1123 3915 1176 Et

2247 1206 2470 1258 motum
2501 1208 2584 1260 est
2613 1204 2685 1260 de
2715 1205 2844 1262 loco
2871 1222 2996 1262 suo.
3031 1237 3099 1252 -ς-
3145 1211 3332 1264 Locus
3377 1207 3603 1282 quippe
3653 1209 3918 1266 humani

2248 1289 2444 1352 cordis
2471 1290 2782 1352 delectatio
2803 1299 2888 1354 est
2911 1296 3042 1354 vita:
3073 1296 3406 1367 prmsentis,
3425 1296 3531 1352 sed
3547 1311 3688 1352 cum
3703 1296 3920 1352 divina

2247 1378 2612 1448 aspiratione
2661 1383 2942 1452 tangitur.
2989 1384 3159 1440 locus
3189 1384 3376 1442 nostri
3411 1384 3608 1440 cordis
3639 1383 3706 1440 ﬁt
3737 1401 3920 1442 amor

2247 1469 2607 1532 aeternitatis.
2669 1472 3156 1534 Consideratione
3203 1475 3383 1544 igitur
3419 1475 3668 1532 internae
3699 1475 3920 1547 patriae

473 1571 721 1644 cipiunt,
757 1573 815 1630 et
845 1567 1226 1641 protectionis
1252 1567 1478 1622 intimae
1531 1565 1712 1624 radiis
1742 1563 2132 1631 illustrantur,
2175 1577 2217 1630 Β
2245 1556 2321 1612 de
2349 1557 2484 1616 loco
2509 1577 2619 1620 suo
2649 1562 2890 1620 animus
2915 1569 3208 1632 movetur,
3241 1564 3388 1636 quia
3425 1563 3720 1622 derelictis
3777 1565 3920 1622 inﬁ-

473 1664 542 1718 ut
593 1659 808 1730 majori
853 1659 1068 1718 ardore
1101 1655 1492 1727 postmodum
1547 1653 1848 1710 caelestem
1877 1652 2134 1724 patriam

473 1747 744 1818 diligant,
777 1763 966 1820 quam
989 1746 1156 1819 prius
1187 1746 1247 1802 in
1301 1749 1456 1804 terra
1485 1743 1876 1800 delectatione
1919 1742 2135 1811 ﬂagra-

471 1837 638 1896 bant.
699 1837 814 1896 Sed
843 1836 971 1892 haec
1021 1851 1160 1894 cum
1205 1835 1279 1890 de
1311 1833 1534 1890 crrlesti
1583 1833 1776 1906 patria
1804 1830 2130 1904 loquimur,

473 1943 616 1987 cum
691 1927 886 1986 inesse
943 1925 1097 1984 mira
1157 1923 1424 1984 claritate
1477 1922 1714 1994 prodita
1779 1920 2134 1990 angelorum

471 2015 722 2087 agmina
767 2015 1068 2080 audimus,
1115 2013 1194 2070 ad
1223 2013 1629 2084 nosmetipsos
1665 2017 1927 2068 mentem
1959 2010 2136 2066 reduc

473 2105 688 2176 cimus,
719 2109 778 2168 et
805 2103 970 2176 quod
999 2108 1230 2162 terrena
1277 2105 1606 2170 gestamus,
1639 2107 1918 2158 mem‘.:ra
1973 2099 2133 2169 cogi-

471 2198 692 2258 tamus.
759 2195 888 2259 Qua
947 2192 1423 2250 consideratione
1489 2195 1834 2264 permotum
1889 2205 1992 2244 cor
2063 2205 2135 2248 ac

471 2283 632 2340 male
653 2282 768 2340 sibi
793 2282 1104 2338 conscium
1137 2281 1408 2354 trepidat,
1439 2285 1497 2336 et
1538 2284 1716 2336 tantas
1757 2277 1914 2336 illius
1945 2293 2130 2349 quam

469 2372 644 2430 audit
689 2371 896 2444 patriae
949 2370 1142 2428 civem
1187 2386 1250 2426 se
1293 2369 1420 2426 ﬁeri
1463 2383 1644 2441 posse
1693 2367 1994 2439 desperat.
2031 2368 2130 2424 Se-

471 2461 676 2534 quitur
708 2479 720 2516 :

543 2551 714 2606 Vnus.
748 2553 836 2606 33.
863 2549 1208 2604 Annuntiat
1237 2547 1310 2604 de
1338 2562 1408 2604 ea
1453 2547 1646 2602 amico
1675 2561 1784 2602 suo
1809 2546 1971 2617 quod
1993 2561 2128 2615 pos-

471 2639 650 2696 sessio
681 2640 808 2707 ejus
835 2638 936 2694 sit.
969 2667 1036 2684 ——.
1067 2636 1309 2692 Amicus
1341 2635 1600 2692 veritatis
1633 2641 1722 2692 est
1747 2641 1920 2692 rectae
1960 2651 2129 2692 ama-

472 2732 566 2784 tor
589 2726 860 2784 actionis.
895 2727 1060 2784 Unde
1095 2731 1154 2782 et
1175 2726 1310 2798 ipsa
1341 2726 1560 2782 Veritas
1591 2725 1898 2797 discipulis
1943 2725 2084 2780 dicit
2113 2743 2125 2779 ε

471 2833 500 2870 ει
535 2813 650 2866 Vos
677 2811 858 2868 amici
881 2811 998 2868 mei
1015 2811 1174 2880 estis,
1195 2810 1240 2866 si
1271 2810 1522 2866 feceritis
1552 2827 1687 2884 qum
1705 2825 1817 2879 ego
1844 2809 2128 2882 praecipio

469 2900 646 2960 VObis.
677 2903 876 2970 (Joan.
909 2917 1006 2970 xv,
1039 2901 1145 2970 14).
1181 2923 1210 2952 υ
1241 2900 1484 2958 Amicus
1511 2899 1738 2972 quippe
1781 2899 1968 2958 animi
1999 2915 2130 2956 0110-
2165 2933 2208 2987 C

471 2994 563 3054 tos
619 2989 852 3050 dicitur.
915 2993 992 3048 De
1057 2990 1172 3046 hac
1221 2989 1400 3060 igitur
1447 2989 1582 3046 luco
1629 2995 1864 3048 aeternas
1919 2988 2126 3060 patrias

465 3081 660 3138 amico
685 3095 792 3136 suo
821 3083 978 3136 Deus
1007 3080 1334 3138 annuntiat
1366 3079 1527 3148 quod
1551 3079 1838 3148 possessio
1865 3081 1996 3148 ejus
2025 3079 2120 3144 sit,

467 3174 534 3234 ut
552 3183 943 3242 nequaquam
959 3185 1020 3223 se
1043 3167 1402 3224 inﬁrmitatis
1425 3167 1718 3239 desperet,
1736 3183 2124 3240 nequaquam

467 3259 582 3316 hoc
609 3257 780 3330 quod
807 3261 1058 3322 creatus,
1093 3255 1198 3312 sed
1223 3255 1390 3328 quod
1419 3261 1720 3314 recreatus
1749 3261 1856 3322 est,
1873 3261 2084 3329 penset
2111 3274 2124 3322 ;

469 3346 578 3402 sed
603 3349 770 3402 tanto
800 3346 1013 3401 certius
1040 3344 1206 3412 sciat,
1240 3346 1383 3416 quia
1413 3344 1568 3400 illius
1595 3345 1746 3408 lucis
1795 3345 2124 3406 claritatem

465 3434 791 3509 possideat,
841 3439 1070 3508 quanto
1108 3449 1270 3490 nunc
1313 3434 1590 3492 vitiorum
1631 3435 2001 3506 pulsantium
2037 3439 2121 3490 te-

465 3523 686 3582 nebras
715 3522 914 3582 verius
945 3521 1157 3587 calcat,
1207 3521 1482 3596 Sequitur
1513 3539 1526 3576 :
1557 3523 1636 3578 Et
1667 3523 1748 3578 ad
1777 3538 1908 3580 eam
1935 3523 2123 3592 possit

465 3612 802 3670 «cendere.
831 3641 899 3650 —
929 3609 1084 3676 Quid
1115 3609 1277 3668 enim
1307 3609 1606 3668 difﬁcilius
1649 3627 1838 3683 quam
1867 3611 2120 3680 homini,

461 3700 528 3758 in
553 3703 708 3758 terra
731 3699 890 3758 edito
917 3703 1149 3760 terrena
1175 3703 1232 3756 et
1259 3697 1492 3769 fragilia
1539 3699 1814 3756 membra
1843 3701 2118 3769 gestanti,

465 3788 756 3848 striarum
804 3787 924 3846 alta
1001 3787 1422 3858 conscendere,
1479 3803 1878 3861 supernorum
1957 3788 2122 3861 spiri-

463 3880 634 3938 tuum
655 3893 878 3936 arcana
897 3881 1208 3950 penetrare
1225 3876 1253 3933 ‘t
1281 3875 1398 3938 Sed
1427 3877 1779 3936 earumdem
1801 3876 2122 3950 spirituum

463 3966 544 4026 ad
569 3982 682 4024 nos
713 3961 996 4028 Conditor
1021 3965 1202 4032 venit,
1237 3981 1420 4038 seque
1458 3965 1766 4026 hominem
1795 3966 1975 4022 etiam
2007 3965 2119 4022 sub

461 4050 610 4125 ipsis
663 4051 948 4114 exhibuit.
1005 4051 1166 4112 Sicut
1193 4049 1269 4106 de
1305 4049 1405 4106 illo
1435 4051 1586 4110 Patri
1617 4067 1724 4123 per-
1761 4051 2116 4123 Prophetam

419 4139 426 4144 ’
459 4140 676 4206 «11011111-
709 4157 722 4198 :
755 4162 782 4192 «
815 4139 1069 4204 Minuisti
1097 4155 1237 4198 eum
1266 4139 1450 4211 paulo
1497 4139 1699 4200 minus
1753 4140 1832 4196 ad
1889 4139 2118 4209 angelis

461 4230 651 4297 (Ρωι.
675 4245 793 4298 vui,
819 4229 895 4300 6).
929 4251 960 4282 u
991 4231 1058 4284 Et
1078 4228 1225 4300 quia
1253 4227 1403 4282 inter
1439 4243 1551 4284 nos
1579 4232 1638 4284 et
1667 4227 1912 4290 eosdem
1943 4228 2114 4300 spiri-

460 4320 557 4378 tus
581 4316 994 4380 discordantes
1049 4314 1410 4378 scandalum
1457 4316 1694 4388 reperit,
1730 4317 1885 4374 mira
1909 4321 2116 4390 poten-

461 4403 564 4472 tia,
593 4401 942 4460 mirabiliori
972 4403 1154 4466 etiam
1183 4399 1400 4474 pietate
1433 4419 1680 4468 summa
1719 4419 1950 4474 creans,
1993 4405 2118 4466 ima

463 4491 820 4564 suscipiens,
867 4507 991 4550 una
1051 4507 1192 4552 cum
1245 4491 1498 4554 summis
1549 4491 1764 4562 junxit.
1827 4493 1972 4550 Hinc
2027 4498 2120 4552 est

459 4582 624 4646 enim
651 4581 837 4654 quod,
893 4581 1110 4642 eodem
1167 4582 1322 4648 Rege
1373 4584 1536 4647 nato,
1565 4581 1921 4651 angelorum
1951 4582 2117 4640 chori

460 4671 520 4728 in
559 4672 690 4743 ejus
721 4671 1176 4732 annuntiatione
1205 4670 1525 4742 prodeunt,
1557 4671 1856 4742 hymnum
1885 4671 2112 4740 dicunt,

459 4760 610 4822 etde
635 4760 790 4824 victa
807 4775 1010 4832 pravae
1021 4759 1160 4820 vitae
1187 4757 1491 4822 discordia
1519 4759 1652 4828 hos,
1683 4775 1839 4832 quos
1877 4760 2112 4818 dudum

459 4847 878 4921 despexerunt,
903 4848 1062 4910 cives
1091 4851 1449 4918 agnoscunt,
1479 4865 1748 4912 consono
1775 4866 1878 4914 ore
1902 4850 2116 4924 praedi-

457 4941 666 5000 cantes
699 4954 711 4992 :
741 4955 772 4992 c
803 4937 998 4996 Gloria
1037 4939 1100 4998 in
1137 4937 1382 4998 excelsis
1414 4942 1552 5008 Deo,
1602 4944 1659 4998 et
1701 4940 1764 4996 in
1793 4944 1950 5002 terra
1993 4957 2114 5014 pax

457 5025 806 5086 hominibus
815 5026 992 5084 bonas
1006 5026 1326 5088 voluntatis
1343 5030 1510 5096 (Luc.
1525 5045 1584 5096 11,
1609 5032 1717 5094 lt).
1743 5051 1768 5078 »
1787 5034 1840 5086 ls
1851 5045 1996 5100 ergo
2005 5029 2112 5102 qui

457 5119 702 5190 propter
742 5130 856 5178 nos
885 5115 1088 5174 minor-
1129 5115 1360 5187 angelis
1399 5117 1639 5188 exstitit,
1691 5117 1952 5190 aequales
1997 5133 2110 5176 nos

453 5203 686 5274 angelis
714 5204 928 5264 virtute
953 5221 1081 5266 sum
1099 5204 1514 5264 minorationis
1533 5205 1688 5264 fecit.
1717 5206 1880 5264 Unde
1901 5209 1958 5262 et
1983 5222 2110 5266 mo-

451 5293 664 5354 riendo
683 5295 886 5352 docuit
897 5299 1150 5356 mortem
1163 5310 1286 5352 non
1303 5295 1884 5364 metui,resurgendo
1899 5294 1974 5350 de
1991 5294 2111 5352 vita

455 5381 700 5452 conﬁdi,
729 5383 1114 5440 ascendendo
1147 5383 1222 5440 de
1247 5383 1500 5440 cmlestis
1527 5381 1732 5452 patrias
1765 5383 2107 5440 haereditate

456 5469 728 5540 gloriari;
759 5476 822 5526 ut
839 5487 964 5543 quo
977 5477 1161 5544 caput
1177 5472 1440 5544 prmiisse
1463 5470 1862 5543 conspiciunt,
1885 5471 2024 5527 illuc
2045 5489 2106 5528 se

451 5559 740 5632 subsequi
765 5564 822 5616 et
853 5563 1130 5619 membra
1161 5560 1512 5630 gratuletur.
1549 5561 1714 5616 Unde
1755 5560 1908 5617 bene
1961 5567 2016 5619 et
2045 5562 2126 5622 ab

2247 1645 2382 1716 mis,
2419 1647 2479 1704 in
2503 1650 2780 1721 supernis
2801 1652 3262 1721 cogitationibus
3293 1653 3554 1728 ponitur.
3581 1654 3875 1725 Sequitur
3905 1673 3917 1708 :

2319 1739 2484 1798 Vens.
2518 1741 2574 1796 2.
2603 1741 2828 1798 Audite
2847 1742 3210 1800 auditionem
3239 1745 3302 1800 in
3329 1749 3556 1800 terrore
3577 1745 3734 1800 vocis
3759 1747 3920 1813 ejus.

2247 1855 2314 1866 —
2344 1829 2464 1884 Mos
2491 1828 2642 1884 sacri
2675 1829 2896 1901 eloquii
2923 1834 3033 1896 est,
3067 1835 3132 1886 ut
3161 1847 3300 1888 cum
3323 1831 3516 1888 audiri
3543 1831 3776 1904 aliquid
3813 1849 3920 1905 per

2245 1915 2520 1974 auditum
2547 1917 2836 1981 insinuat.
2869 1919 3064 1978 audiri
3105 1920 3388 1978 eumdem
3419 1921 3700 1978 auditum
3725 1923 3916 1982 dicat.

2243 2003 2402 2060 Sicut
2455 2005 2738 2064 Habacuc
2795 2007 2878 2066 ait
2923 2026 2999 2064 :«
3037 2009 3310 2077 Domine,
3367 2009 3574 2066 audivi
3629 2010 3918 2066 auditum

2245 2097 2438 2162 tuum,
2493 2099 2549 2152 et
2603 2095 2775 2154 timui
2813 2096 3074 2165 (Habac.
3105 2113 3190 2168 m,
3217 2100 3294 2170 2).
3325 2121 3355 2148 η
3391 2099 3742 2158 Notandum
3767 2117 3917 2158 vero

2243 2187 2335 2238 est
2364 2183 2528 2254 quod
2559 2201 2678 2244 vox
2729 2185 2826 2242 Dei
2883 2201 3007 2242 non
3057 2187 3121 2242 in
3165 2187 3409 2256 gaudio,
3443 2187 3552 2246 sed
3581 2189 3646 2244 in
3675 2195 3921 2248 terrore

2243 2273 2436 2330 audiri
2466 2274 2831 2345 perhibetur.
2849 2275 2994 2348 quia
3013 2276 3300 2336 nimirum
3325 2283 3604 2350 peccator
3621 2293 3918 2350 quisque,

2242 2361 2390 2418 dum
2418 2363 2546 2422 sola
2573 2379 2710 2434 quas
2743 2369 2976 2420 terrena
3007 2369 3166 2436 sunt,
3203 2365 3444 2436 cogitat,
3485 2365 3636 2424 dum
3665 2381 3776 2424 cor
3815 2383 3920 2440 op-

2240 2465 2517 2521 pressum
2544 2453 2604 2514 in
2633 2452 2855 2510 inlimis
2877 2455 3342 2523 cogitationibus
3357 2459 3566 2525 gestat,
3589 2455 3640 2512 si
3659 2463 3920 2528 repente

2239 2539 2458 2598 divinae
2489 2542 2694 2610 gratias
2723 2543 3084 2616 aspiratione
3121 2545 3400 2616 tangitur,
3435 2546 3552 2602 hoc
3607 2551 3754 2604 ante
3787 2563 3922 2606 om-

2239 2631 2342 2692 nia
2371 2631 2640 2702 intelligit
2667 2633 2834 2704 quod
2865 2639 3082 2690 cuncta
3109 2649 3244 2706 qum
3299 2635 3378 2692 ait
3403 2635 3670 2692 districta
3699 2637 3922 2696 aeterni

2237 2721 2460 2780 iudicis
2491 2721 3012 2780 animadversione
3064 2723 3412 2795 puniantur.
3453 2725 3694 2782 Auditio
3727 2726 3920 2796 igitur

2239 2810 2404 2866 vocis
2447 2810 2567 2880 Dei,
2599 2811 2766 2882 prius
2797 2813 2862 2868 in
2891 2818 3121 2870 terrore
3147 2812 3234 2885 ﬁt,
3265 2819 3332 2870 ut
3378 2817 3518 2886 post
3543 2821 3827 2872 vertatur
3861 2817 3922 2874 in

2239 2897 2644 2968 dulcedinem,
2679 2901 2786 2973 qui
2831 2907 2970 2958 ante
3000 2919 3110 2958 nos
3141 2903 3388 2960 districti
3433 2903 3644 2974 judicii
3688 2905 3920 2962 timore

2235 2989 2510 3058 castigat,
2561 2993 2626 3048 ut
2666 2989 2795 3059 jam
2841 2991 3160 3059 castigatos
3217 3007 3493 3064 superum
3557 2991 3920 3050 dulcedinis

2237 3077 2646 3134 consolatione
2698 3078 2940 3136 reficiat.
2989 3080 3266 3151 Sequitur
3298 3083 3408 3136 :Et
3435 3097 3648 3138 sonum
3679 3083 3762 3140 de
3817 3099 3922 3141 ore

2237 3166 2406 3224 illius
2433 3169 2868 3236 procedentem.
2899 3199 2966 3208 ——
2991 3171 3184 3226 Sonus
3213 3169 3292 3225 de
3323 3185 3424 3226 ore
3457 3171 3556 3228 Dei
3585 3175 3676 3228 est
3715 3173 3822 3230 vis
3851 3175 3916 3232 ti-

2235 3256 2424 3311 moris
2447 3256 2521 3311 de
2548 3273 2810 3330 superna
2835 3258 3068 3314 irruens
3095 3259 3476 3331 aspiratione,
3529 3261 3704 3334 quia,
3763 3279 3916 3320 cum

2235 3357 2347 3400 nos
2377 3344 2452 3400 de
2483 3347 2750 3402 venturis
2781 3346 3066 3404 Dominus
3095 3348 3422 3419 aspirando
3447 3349 3654 3421 replet,
3687 3351 3918 3424 procul

2235 3431 2424 3492 dubio
2477 3433 2552 3492 de
2589 3433 2746 3490 male
2785 3435 2966 3504 gestis
2995 3437 3302 3507 praeteritis
3331 3441 3526 3494 terret.
3553 3440 3774 3498 Potest
3803 3459 3918 3500 au-

2233 3526 2354 3580 tem
2382 3538 2489 3594 per
2507 3539 2575 3578 os
2597 3523 2699 3580 Dei
2729 3524 3069 3593 unigenitus
3101 3525 3280 3584 Filius
3299 3526 3621 3597 designari.
3651 3531 3734 3586 Os
3759 3547 3914 3603 ergo

2233 3611 2468 3670 Domini
2495 3627 2618 3668 non
2643 3613 2940 3672 immerito
2968 3614 3170 3686 ipsum
3193 3615 3544 3688 accipimus,
3579 3633 3690 3689 per
3711 3635 3914 3692 quem

2228 3702 2407 3758 nobis
2437 3703 2644 3762 omnia
2695 3703 2980 3775 loquitur.
3015 3705 3156 3762 Hinc
3201 3711 3290 3764 est
3343 3707 3524 3766 etiam
3555 3709 3730 3780 quod
3769 3728 3914 3784 pro-

2229 3791 2414 3862 pheta
2437 3791 2518 3848 ait
2547 3810 2559 3850 :
2591 3814 2618 3842 «
2649 3793 2724 3850 Os
2775 3792 2938 3850 enim
2983 3794 3222 3854 Domini
3251 3795 3520 3852 locutum
3559 3803 3648 3854 est
3675 3800 3836 3870 (Isa.
3871 3819 3910 3872 1,

2227 3879 2340 3951 20).
2379 3903 2406 3930 »
2435 3883 2544 3940 Per
2599 3896 2816 3938 sonum
2877 3897 3020 3940 vero
3075 3883 3216 3954 oris,
3249 3889 3448 3956 potest
3473 3885 3760 3956 ejusdem
3787 3892 3912 3948 Do—

2227 3969 2376 4028 mini
2403 3970 2654 4043 Spiritus
2675 3975 2918 4032 sanctus
2943 3972 3270 4041 designari.
3333 3973 3497 4032 Unde
3555 3980 3614 4034 et
3649 3976 3818 4036 alias
3847 3981 3912 4038 in

2227 4055 2502 4124 ejusdem
2571 4055 2822 4127 Spiritus
2893 4056 3328 4126 signiﬁcatione
3397 4059 3694 4132 scriptum
3757 4071 3906 4122 est:

2233 4162 2260 4196 α
2292 4147 2501 4202 Factus
2527 4149 2616 4200 est
2642 4150 2886 4216 repente
2909 4145 2986 4202 de
3011 4146 3164 4202 coelo
3196 4163 3403 4219 sonus,
3447 4153 3752 4224 tanquam
3793 4154 3909 4212 ad-

2225 4233 2512 4290 venientis
2541 4233 2784 4316 spiritus
2811 4235 3176 4294 vehementis
3207 4237 3364 4308 (Act.
3399 4253 3459 4304 n,
3491 4241 3570 4310 2).
3605 4261 3636 4290 »
3689 4243 3903 4302 Sonus

2225 4319 2403 4390 igitur
2427 4322 2502 4382 de
2531 4339 2634 4380 ore
2664 4323 2900 4382 Domini
2929 4325 3218 4398 procedit,
3249 4344 3388 4388 cum
3409 4329 3909 4392 consubstantia-

2223 4409 2296 4470 lis
2325 4411 2376 4468 ei
2403 4413 2651 4485 Spiritus
2677 4413 2757 4472 ad
2791 4430 2906 4470 nos
2931 4431 3039 4487 per
3069 4417 3277 4472 Filium
3327 4419 3600 4490 veniens,
3631 4423 3907 4484 surdita-

2226 4505 2348 4562 tem
2377 4507 2594 4562 nostris
2623 4503 3092 4564 insensibilitatis
3121 4508 3364 4580 rumpit.
3401 4509 3565 4568 Unde
3593 4512 3660 4568 in
3693 4515 3904 4572 Evan-

2223 4590 2379 4661 gelio
2433 4591 2682 4652 dicitur:
2721 4614 2749 4642 ‹‹
2769 4596 2848 4650 De
2897 4609 3034 4652 meo
3081 4595 3334 4668 accipiet
3389 4601 3446 4656 et
3497 4602 3906 4662 annuntiabit

2223 4681 2390 4738 vobis
2445 4683 2642 4752 (Joan.
2673 4698 2794 4754 xw,
2827 4683 2937 4754 14).
2963 4701 2994 4736 ›
3051 4685 3246 4744 Potest
3267 4701 3430 4757 ergo,
3455 4691 3520 4746 et
3555 4704 3666 4764 per
3707 4694 3904 4750 terro-

2219 4787 2348 4830 rem
2373 4772 2536 4828 vocis
2561 4772 2652 4832 vis
2681 4771 3064 4836 fortitudinis,
3093 4779 3150 4830 et
3183 4790 3290 4846 per
3319 4792 3540 4836 sonum
3595 4779 3724 4838 oris
3751 4781 3901 4840 dul-

2223 4861 2372 4915 cedo
2421 4861 2844 4917 consolationis
2895 4862 3158 4933 intelligi,
3205 4865 3350 4938 quia
3407 4882 3564 4938 quos
3629 4869 3901 4942 Spiritus

2219 4949 2465 5006 sanctus
2493 4945 2882 5018 replet,prius
2909 4961 3014 5004 eos
3044 4947 3122 5004 de
3149 4952 3383 5008 terrena
3409 4951 3646 5010 actione
3675 4955 3902 5012 terriﬁ-

2219 5038 2334 5105 cat,
2361 5039 2420 5092 ct
2459 5034 2849 5106 postmodum
2881 5051 2984 5107 spe
3038 5036 3364 5098 omlestium
3413 5041 3788 5112 consolatur,
3827 5049 3900 5104 ut

2218 5127 2450 5180 tantum
2471 5129 2608 5197 post
2637 5125 2980 5182 conﬁtendo
3001 5127 3264 5198 praemiis
3287 5129 3616 5200 gaudeant,
3647 5137 3899 5206 quanto

2217 5215 2384 5288 prius
2411 5215 2538 5272 sola
2570 5214 2863 5287 supplicia
2893 5215 3321 5288 conspicienda
3351 5220 3726 5280 metuebant.
3763 5225 3898 5282 Sed

2217 5300 2361 5372 quia
2391 5303 2528 5358 sunt
2557 5299 2828 5356 nonnulli
2857 5299 2960 5372 qui
2993 5303 3178 5362 Deum
3203 5319 3299 5360 res
3327 5303 3632 5364 humanas
3663 5324 3896 5368 curare

2217 5404 2340 5446 non
2370 5389 2688 5456 aestimant,
2719 5395 2776 5446 et
2827 5405 2930 5446 eas
2956 5389 3106 5446 ferre
3145 5391 3400 5448 fortuitis
3451 5395 3720 5452 motibus
3767 5413 3896 5469 pu-

2218 5478 2362 5544 tant,
2396 5476 2662 5548 sequitur
2695 5495 2706 5532 :

2293 5569 2459 5621 Vens.
2493 5569 2543 5619 3.
2566 5565 2781 5623 Subter
2809 5583 3006 5624 omnes
3046 5571 3221 5628 cretes
3261 5571 3384 5640 ipse
3423 5573 3792 5638 comidmt,
3823 5583 3890 5632 et
