4130 6146
565 183 674 238 423
1599 173 1656 230 s.
1697 174 1958 232 onoms
1993 170 2286 229 ABBATIS
2327 171 2828 228 cwmaoessrs
2878 171 2944 228 ιι.
3827 145 3921 244 iii

569 319 686 373 xm,
731 306 843 371 4).»
887 301 979 356 Sic
1020 303 1224 356 autem
1271 296 1461 354 sancti
1505 297 1611 354 viri
1655 297 2044 354 humanitatis
2091 296 2220 368 ejus
2257 293 2308 350 Α
2337 311 2462 367 qua
2489 293 2804 366 desideria,
2835 299 3050 367 etpost
3073 294 3282 368 iniqua
3323 293 3606 356 desideria
3649 317 3814 376 usque
3853 309 3918 366 ad

569 393 808 449 inﬁrma
830 388 1182 463 pradicant,
1233 392 1296 443 ut
1343 387 1688 444 auditorum
1743 404 1994 443 suorum
2040 385 2228 442 cordi-
2335 382 2704 455 nequissima
2727 397 2914 454 opera
2941 381 3122 438 ducit.
3159 382 3477 454 Sequitur:

565 481 708 544 bus,
766 479 944 535 etiam
993 477 1316 534 divinitatis
1379 476 1556 533 fortia
1615 476 1956 532 infundant.
2011 474 2229 530 Audia-
2405 473 2577 526 Vens.
2610 475 2660 527 9.
2693 471 2786 526 Ab
2811 471 3196 526 interioribus
3227 472 3586 540 ingredietur
3638 482 3916 549 tempestas,

567 586 703 628 mus
757 583 865 642 per
919 567 1248 626 tonitruum
1303 566 1482 622 nubis
1535 566 1792 622 imbrem
1845 563 2226 622 fortitudinis.
2335 571 2386 616 et
2408 561 2484 616 ab
2509 566 2758 616 arcturo
2782 561 3006 631 frigus.
3037 591 3106 600 —
3137 559 3286 625 Quia
3309 559 3482 628 igitur
3501 562 3757 622 interiora
3773 573 3924 626 austri

568 682 596 710 «
625 662 694 715 In
721 658 1016 732 principio
1047 663 1174 713 erat
1202 656 1482 725 Verbum,
1513 660 1571 712 et
1611 655 1874 711 Verbum
1900 659 2027 711 erat
2065 653 2229 728 apud
2335 647 2426 704 sol
2455 647 2770 704 ferventior
2799 653 2975 716 tenet,
3004 647 3066 703 in
3097 652 3332 704 arcturo
3354 664 3486 704 vero
3515 667 3740 709 cursum
3769 659 3926 713 omni-

567 753 778 816 Deum,
825 752 884 804 et
939 748 1093 802 Deus
1123 749 1248 802 erat
1275 745 1532 802 Verbum
1559 746 1756 812 (Joan.
1789 761 1826 812 1,
1857 749 1926 814 l).
1959 767 1987 794 »
2013 743 2232 800 Audia-
2333 737 2520 794 modo
2541 753 2666 794 non
2683 738 2883 806 habet,
2900 739 3250 794 interiorum
3270 738 3508 796 nomine
3525 740 3684 814 plebs
3701 744 3925 815 judaica,

566 855 707 895 mus
739 837 920 894 etiam
959 836 1218 892 imbrem
1269 834 1650 890 infirmitatis.
1705 856 1732 884 «
1781 834 2042 890 Verbum
2091 849 2230 889 caro
2335 827 2556 882 arcturi
2585 843 2728 883 vero
2753 827 3069 894 vocabulo,
3099 827 3214 884 hoc
3253 828 3313 882 in
3351 827 3480 884 loco
3529 832 3769 903 populus
3811 850 3928 904 gen.

567 927 794 984 factum
818 931 926 995 est,
959 929 1016 982 et
1043 924 1336 982 habitavit
1363 923 1423 978 in
1453 922 1628 978 nobis
1673 923 1871 994 (Ibid.,
1907 927 2012 990 14).
2047 939 2077 974 ›
2137 924 2233 978 Se-
2337 915 2452 971 tilis
2483 915 2851 988 exprimitur.
2887 917 2953 972 Hi
2979 916 3140 972 enim
3169 916 3272 988 qui
3303 932 3487 972 unum
3518 923 3685 991 atque
3713 920 3934 980 invisibi-

569 1017 774 1090 quitur
807 1033 822 1070 :
2335 1003 2455 1060 lem
2485 1007 2670 1060 Deum
2697 1008 3005 1071 noverant,
3037 1005 3088 1076 ej
3100 1021 3288 1078 usque
3323 1005 3439 1076 legi
3483 1006 3680 1062 saltem
3725 1011 3935 1068 carnali-

641 1106 818 1162 Vms,
841 1111 895 1160 7,
931 1105 1081 1172 Quia
1113 1103 1176 1158 in
1192 1117 1378 1158 manu
1405 1101 1712 1158 hominum
1733 1101 1996 1156 omnium
2027 1101 2230 1170 signat
2337 1096 2424 1148 ter
2463 1092 2818 1160 serviebant,
2871 1093 3048 1165 quasi
3095 1092 3208 1148 sub
3253 1093 3580 1150 meridiano
3611 1095 3724 1152 sole
3745 1097 3933 1155 ferven-

567 1199 636 1251 ut
673 1193 950 1250 noverint
975 1191 1204 1262 singuli
1239 1205 1422 1260 opera
1450 1205 1580 1246 sua.
1625 1221 1694 1230 —-
1725 1189 1878 1244 Dum
1925 1203 2069 1259 ergo
2122 1188 2230 1244 im-
2337 1185 2425 1237 tes
2445 1181 2508 1236 in
2524 1181 2666 1236 ﬁdei
2685 1179 2882 1236 calore
2905 1181 3311 1238 elevabantur.
3333 1181 3587 1238 Gentiles
3599 1188 3802 1252 autem,
3823 1187 3940 1259 quia

565 1281 676 1339 ber
703 1279 1063 1338 fortitudinis
1093 1278 1156 1334 in
1181 1281 1339 1334 terra
1363 1277 1692 1348 descendit,
1717 1277 1780 1332 in
1809 1292 1998 1334 manu
2028 1276 2233 1332 unius-
2335 1268 2568 1327 nullam
2597 1269 2906 1326 scientiam
2927 1285 3202 1344 supernae
3233 1270 3599 1342 cogitationis
3648 1276 3936 1346 attigerant,

567 1370 863 1443 cujusque
894 1367 1184 1439 signatur,
1219 1371 1284 1422 ut
1307 1382 1420 1423 sua
1444 1382 1630 1440 opera
1671 1366 1836 1434 sciat,
1887 1365 2033 1438 quia
2077 1365 2226 1420 dum
2335 1357 2499 1414 velut
2527 1359 2652 1414 sine
2679 1357 2802 1415 sole
2831 1357 3028 1431 frigidi
3067 1357 3181 1414 sub
3217 1357 3499 1430 aquilone
3549 1360 3868 1418 manebant.
3907 1369 3942 1418 Α

564 1459 752 1516 virtus
794 1455 1422 1531 incomprehensibilis
1475 1455 1804 1528 majestatis
1861 1454 2226 1525 agnoscitur,
2336 1445 2557 1502 ludatis
2585 1445 2774 1516 surgit
2801 1445 3029 1502 malitia
3073 1462 3462 1520 persequens,
3501 1451 3559 1504 et
3595 1463 3632 1504 a
3671 1449 3945 1519 gentilibus

567 1548 649 1606 ab
677 1561 1050 1620 unoquoque
1083 1544 1360 1602 subtilius
1389 1559 1504 1600 sua.
1547 1543 1668 1600 vita,
1721 1547 2028 1616 pensatur.
2060 1545 2230 1602 (ΣΙ-θα-
2339 1537 2602 1607 potesms
2629 1549 2930 1606 premens,
2962 1534 3112 1590 dum
3141 1535 3308 1608 quod
3323 1535 3532 1592 Judaa
3549 1536 3802 1594 occidere
3819 1537 3949 1594 Chri—

564 1639 660 1695 tor
685 1650 952 1708 namque
981 1633 1364 1706 omnipotens
1395 1649 1430 1690 a
1475 1632 1702 1688 cunctis
1759 1631 2228 1698 insensibilibus,
2255 1644 2300 1699 Β
2339 1626 2501 1677 stum
2527 1637 2600 1678 ex
2623 1620 2845 1678 ίῑινίάὶδι
2869 1622 3051 1694 Petilli
3078 1623 3193 1678 110°
3233 1621 3469 1693 gentilis
3511 1621 3693 1694 inde!
3719 1627 3948 1682 Romana

567 1721 1204 1794 irrationabilibusque
1234 1719 1609 1786 distractum,
1628 1718 1984 1777 rationalem
2003 1723 2230 1774 creatu-
2339 1709 2685 1767 auctoritate
2711 1711 3094 1783 perpetravit.
3121 1711 3400 1784 Sequitur
3427 1729 3442 1768 :

565 1827 702 1870 ram
753 1811 1066 1868 hominem
1113 1809 1402 1879 condidit,
1451 1813 1751 1882 quatenus
1809 1807 1976 1882 quod
2046 1808 2231 1879 egerit
2410 1801 2574 1854 Vens.
2611 1802 2698 1854 to.
2751 1800 2974 1856 Flante
3013 1801 3136 1856 Deo
3181 1802 3510 1857 concrescit
3553 1802 3793 1873 gelu,—
3833 1801 3951 1874 quia

567 1900 846 1971 ignorare
871 1917 995 1958 non
1023 1904 1244 1974 posset,
1278 1901 1514 1956 Natura;
1541 1899 1702 1954 enim
1727 1897 1856 1968 lege
1888 1898 2036 1954 scire
2066 1913 2230 1953 com-
2337 1901 2462 1960 quo
2490 1885 2760 1942 ﬁdelium
2785 1886 3069 1944 cordibus
3099 1892 3342 1944 sanctus
3391 1889 3639 1962 Spiritus
3689 1889 3950 1962 aspiravit.

568 1990 830 2064 pellitur,
861 2006 966 2046 seu
991 2005 1252 2062 pr..vum
1283 1987 1408 2044 sive
1432 1992 1662 2043 rectum
1689 1987 1762 2043 sit
1803 1987 1970 2060 quod
2023 2002 2231 2058 opera-
2337 1992 2461 2048 quo
2491 1976 2728 2046 majora.
2751 1975 3038 2032 Virtutum
3059 1977 3350 2034 miracula
3381 1978 3647 2048 contulit,
3675 1995 3742 2035 eo
3781 1978 3954 2034 inﬁde-

569 2083 683 2136 τως,
715 2081 865 2136 Nam
889 2078 940 2134 si
967 2078 1131 2134 bona
1167 2076 1360 2133 facere
1417 2092 1480 2132 se
1531 2076 1830 2144 nesciunt,
1863 2091 1968 2130 cur
1994 2075 2071 2130 de
2129 2075 2232 2131 aii-
2336 2064 2486 2120 lium
2510 2064 2812 2122 mentibus
2843 2066 3144 2136 gravioris
3178 2066 3422 2123 invidia
3461 2072 3664 2142 torpor
3717 2066 3952 2134 excrevit,

567 2169 792 2242 quibus
815 2167 986 2225 factis
1029 2167 1092 2222 in
1139 2165 1601 2222 ostentationem
1657 2164 1984 2235 gloriantur
2012 2165 2040 2220 ‘I
2091 2167 2231 2220 Rur-
2339 2158 2518 2242 atque
2537 2154 2676 2210 inde
2708 2159 2917 2242 contra
2939 2158 3124 2210 Deum
3155 2155 3327 2229 Plebs
3380 2157 3639 2214 inﬁdelis
3691 2156 3954 2222 Obdm'ujt,

569 2241 706 2313 sum
736 2256 784 2312 si
811 2255 974 2312 mala
994 2272 1056 2312 se
1085 2269 1262 2325 agere
1282 2253 1582 2324 ignorant,
1605 2253 1782 2308 curin
1809 2252 2034 2308 eisdem
2061 2253 2230 2308 factis
2339 2241 2500 2297 “ﬁde
2537 2241 2796 2298 humiles
2839 2243 3124 2315 [humilis]
3164 2243 3376 2317 populi
3421 2245 3722 2318 [populus]
3767 2249 3956 2302 arctam

568 2346 798 2404 alienos
827 2345 1034 2402 oculos
1065 2344 1370 2400 declinant
1395 2343 1423 2398 εἰ
1459 2346 1540 2398 Eo
1585 2343 1746 2398 enim
1775 2342 1908 2415 ipso
1937 2343 2102 2415 quod
2131 2358 2229 2398 ra-
2337 2331 2640 2398 duritiam,
2673 2347 2810 2404 qua
2841 2349 2904 2387 se
2935 2333 3310 2401 astrinxerat,
3336 2334 3644 2391 emollivit.
3687 2337 3958 2408 Sequitur:

543 2435 854 2493 -tionalem
881 2439 1218 2491 creaturam
1249 2435 1405 2488 Deus
1455 2432 1767 2488 hominem
1819 2431 2106 2498 condidit,
2165 2432 2228 2488 in
2337 2419 2414 2474 Et
2446 2435 2688 2476 rursum
2715 2421 3020 2478 ίαιίπῖπιδ
3042 2422 3402 2492 funduntur
3431 2426 3826 2496 aqum—Post
3847 2421 3958 2493 88111

567 2541 756 2583 manu
778 2526 1044 2581 omnium
1083 2525 1306 2594 signat,
1353 2529 1418 2578 ut
1462 2523 1740 2578 noverint
1787 2522 2015 2592 singuli
2047 2537 2198 2592 operi

2337 2507 2562 2580 quippe
2595 2508 2882 2564 Dominus
2903 2509 3229 2566 latissimas
3258 2527 3457 2585 aquas
3485 2512 3657 2582 fudit,
3683 2513 3820 2586 quia
3835 2514 3964 2586 post-

566 2629 698 2671 sua.
731 2613 1042 2686 Sequitur:
2337 2612 2524 2686 quam
2551 2597 2894 2654 Judaorum
2921 2599 3142 2656 savitia
3164 2617 3360 2674 usque
3400 2601 3484 2660 ad
3511 2606 3762 2658 mortem
3801 2603 3964 2674 pertu-

639 2685 895 2760 Vsas.i8.
927 2701 1313 2773 Ingredietur
1340 2700 1526 2757 bestia
1558 2699 1882 2756 latibulum
1925 2715 2120 2767 suum,
2173 2708 2226 2758 et
2335 2685 2419 2753 Ῑίῖν
2447 2702 2659 2744 eorum
2688 2687 2872 2744 corda
2903 2688 3175 2762 Ρνοῐίῐιι]8
3219 2691 3298 2746 ab
3341 2691 3714 2749 inﬁdematis
3759 2689 3962 2756 duritia.

566 2793 631 2848 in
662 2797 840 2848 antro
865 2807 972 2846 suo
997 2789 1352 2846 morabitur.
1385 2820 1454 2836 -.—
1485 2787 1627 2854 Quis
1658 2787 1810 2844 alius
1835 2789 2080 2846 nomine
2094 2789 2197 2846 bes

2337 2776 2562 2832 amoris
2591 2776 2686 2832 sui
2716 2777 3082 2850 aspiratione
3117 2777 3445 2852 liquefecit.
3465 2783 3612 2838 Hinc
3628 2781 3863 2854 quidam
3883 2781 3962 2836 Sa-

569 2879 683 2945 ιίω,
713 2879 828 2936 nisi
855 2879 1140 2952 antiquus
1181 2877 1370 2932 hostis
1424 2875 1730 2948 accipitur,
1777 2876 1882 2949 qui
1931 2877 2227 2950 deceptio-
2335 2864 2508 2936 piens
2537 2865 2661 2922 ait:
2699 2888 2726 2916 ‹‹
2753 2867 2912 2924 Sicut
2939 2867 3158 2937 glacies
3189 2868 3250 2924 in
3281 2885 3522 2940 sereno,
3565 2871 3649 2927 sic
3699 2869 3965 2928 solventur

565 2984 708 3025 nem
736 2967 914 3040 primi
941 2965 1204 3023 hominis
1253 2981 1445 3021 savus
1497 2963 1768 3052 impetiit,
1825 2969 1884 3021 et
1927 2965 2196 3036 integrita

1979 2966 2228 3036 negl-ita-
2263 2995 2308 3052 ο
2335 2959 2581 3052 peccata
2611 2959 2713 3011 tua
2741 2955 2948 3052 (_Eccli.
2985 2972 3066 3024 ιιι,
3101 2957 3246 3028 17).»
3279 2960 3567 3032 Sequitur
3597 2977 3610 3016 :

564 3060 687 3113 tem
717 3056 852 3112 vita
881 3055 1038 3112 illius
1085 3053 1245 3111 male
1299 3052 1616 3110 suadendo
1669 3051 1917 3109 laniavit
1945 3052 1973 3107 εἰ
2008 3053 2227 3110 Contra
2269 3044 2302 3052 ⁷
2407 3046 2579 3100 VEBS-
2612 3049 2694 3100 Η-
2728 3045 3120 3102 Μηῑεηεωη
3163 3046 3470 3106 ἀϐείίίθναι
3515 3049 3718 3106 nubes.
3749 3079 3813 3090 --
3839 3044 3968 3113 (inid

566 3161 754 3219 quem
784 3144 1091 3218 propheta
1119 3141 1372 3199 vocibus
1401 3141 1476 3198 de
1508 3145 1716 3198 sancta
1745 3140 2070 3200 electorum
2123 3145 2227 3198 Ec-
2335 3133 2496 3189 enim
2523 3133 2748 3208 quique
2777 3133 2950 3190 electi
2977 3139 3117 3191 sunt
3146 3137 3262 3192 nisi
3283 3136 3597 3196 frumenta
3625 3138 3722 3196 Dei
3759 3135 3972 3194 calesti-

566 3234 748 3290 clesia
779 3234 840 3289 in
878 3233 1126 3305 antiquo
1177 3235 1336 3287 statu
1389 3230 1786 3286 restauranda
1841 3231 2222 3302 promittitur,
2333 3221 2450 3278 bus
2490 3222 2719 3279 horreis
2774 3223 3161 3280 recondenda
3181 3225 3209 3281 ?
3257 3227 3408 3292 Qua
3457 3243 3624 3284 nunc
3677 3227 3739 3284 in
3789 3226 3970 3282 tritura

565 3326 623 3377 et
650 3320 814 3377 mala
838 3319 1032 3376 bestia
1059 3335 1184 3376 non
1223 3317 1504 3375 transibit
1552 3334 1660 3390 per
1715 3333 1872 3374 eam.
1931 3318 2046 3374 Sed
2095 3319 2225 3376 hac
2335 3328 2488 3369 area
2517 3312 2725 3386 paleas
2749 3313 3026 3384 tolerant,
3053 3315 3202 3388 quia
3221 3316 3284 3372 in
3307 3317 3430 3374 hac
3460 3319 3820 3391 purgatione
3855 3331 3970 3372 san-

562 3408 778 3476 bestia,
803 3424 948 3464 cum
965 3413 1108 3480 post
1129 3407 1902 3480 Redemptorisadventum,
1921 3413 2224 3481 postpra-
2333 3405 2440 3457 ctae
2465 3401 2740 3459 Ecclesiae
2783 3419 2984 3459 mores
3033 3403 3366 3462 contrarios
3419 3407 3818 3480 reproborum
3857 3421 3968 3479 por-

564 3499 906 3555 dicatorum
930 3511 1110 3554 voces
1129 3497 1305 3570 quasi
1329 3501 1465 3569 post
1497 3496 1826 3552 tonitruum
1856 3497 2134 3567 nubium,
2161 3498 2224 3554 in
2331 3495 2480 3547 tant.
2514 3491 2628 3550 Sed
2651 3491 2769 3548 hoc
2809 3491 3180 3552 frumentum
3207 3512 3542 3571 quousque
3571 3497 3653 3555 ad
3699 3494 3971 3571 perfectio-

562 3586 684 3642 ﬁne
713 3584 926 3642 mundi
955 3585 1124 3641 illum
1151 3585 1510 3640 damnatum
1559 3583 1888 3656 hominem,
1916 3585 2022 3655 qui
2067 3585 2226 3642 Anti-
2331 3594 2472 3636 nem
2501 3579 2806 3637 fructuum
2836 3581 3056 3654 veniat,
3089 3584 3347 3642 nubium
3391 3587 3640 3660 pluvias
3683 3589 3970 3660 exspectat,

565 3675 824 3731 christus
849 3679 1119 3742 vocatur,
1152 3672 1437 3730 invaserit
1469 3690 1481 3728 :
1510 3671 1658 3745 quid
1686 3671 1852 3728 aliud
1870 3688 2058 3746 quam
2089 3675 2226 3730 lati—
2331 3673 2398 3724 ut
2425 3673 2674 3726 crescat.
2708 3669 2854 3736 Quia
2875 3670 3178 3730 bonorum
3203 3691 3382 3730 mens
3403 3677 3864 3750 pradicantium
3877 3689 3976 3730 ver-

567 3764 772 3820 bulum
791 3779 967 3822 suum
985 3762 1336 3836 ingreditur,
1371 3766 1438 3819 ut
1463 3763 1526 3818 in
1555 3767 1736 3819 antro
1764 3762 2224 3835 propriodemo-
2330 3755 2425 3812 bis
2453 3756 2806 3829 infunditur,
2837 3775 2914 3816 ne
2941 3759 3021 3816 ab
3050 3761 3305 3819 humore
3331 3765 3653 3822 charitatis
3685 3761 3971 3822 desiderio-

561 3857 726 3910 retur
751 3853 780 3908 Ἰ
809 3855 926 3910 Vas
955 3853 1180 3926 quippe
1205 3851 1350 3907 illud
1381 3849 1610 3908 diaboli
1639 3853 1880 3907 antrum
1909 3866 1980 3908 ac
2009 3851 2224 3909 latibu—
2331 3861 2471 3902 rum
2501 3846 2832 3904 carnalium
2867 3849 2990 3905 sole
3021 3850 3290 3908 siccetur.
3327 3853 3504 3911 Unde
3531 3859 3593 3912 et
3617 3854 3893 3912 Dominus
3927 3850 3976 3906 in

559 3942 690 4000 lum
714 3941 918 4000 bestia
945 3947 1052 4011 est,
1085 3946 1152 3999 ut
1175 3940 1470 3998 insidians
1487 3939 1836 3997 hominibus
1857 3940 2020 3998 viam
2041 3941 2224 4014 hujus
2331 3935 2656 4007 Evangelia
2691 3954 2705 3993 :
2734 3959 2762 3986 «
2785 3937 2987 3996 Messis
3017 3939 3268 4012 quidem
3315 3943 3544 4016 multa,
3596 3942 3848 4018 operarii
3889 3957 3973 3996 au-

561 4032 694 4091 vita
723 4033 1133 4106 carpentibus,
1163 4030 1226 4088 in
1255 4030 1356 4087 illo
1387 4034 1444 4088 et
1469 4046 1576 4104 per
1606 4029 1781 4100 signa
1801 4029 2003 4102 lateat,
2033 4035 2092 4087 et
2115 4046 2223 4103 per
2331 4029 2452 4082 tem
2473 4027 2674 4100 pauci.
2701 4029 2924 4098 Rogate
2953 4029 3274 4085 Dominum
3303 4032 3534 4089 messis
3567 4039 3634 4090 ut
3661 4032 3851 4089 mittat
3867 4041 3978 4101 ope-

559 4122 854 4180 malitiam
873 4122 1126 4180 occidat.
1157 4120 1268 4188 Qui
1297 4124 1500 4178 tamen
1519 4119 1794 4176 omnium
1823 4119 2222 4193 reproborum
2329 4113 2523 4171 rarios
2552 4113 2615 4170 in
2643 4131 2906 4171 messem
2933 4132 3109 4172 suam
3151 4118 3399 4185 (Matth.
3457 4137 3544 4190 IX,
3593 4125 3685 4188 37,
3721 4122 3825 4192 38).
3853 4141 3878 4168 »
3899 4117 3976 4170 Se-

561 4211 747 4268 corda
774 4211 956 4268 etiam
985 4225 1168 4277 nunc,
1214 4208 1572 4281 priusquam
1614 4211 1856 4281 apertus
1911 4212 2221 4281 appareat,
2331 4203 2534 4276 quitur
2566 4222 2580 4259 :
2607 4204 2686 4260 Et
2718 4204 2902 4262 nubes
2931 4213 3230 4276 Spargant
3276 4209 3490 4267 lumen
3541 4227 3742 4268 suum.
3793 4240 3856 4249 -
3889 4207 3980 4262 Nu-

559 4298 847 4398 possidet,
875 4314 1102 4401 easque
1129 4313 1238 4401 per
1255 4295 1556 4401 occultam
1575 4295 1866 4352 malitiam
1889 4296 2068 4401 quasi
2088 4313 2222 4369 pro-
2257 4345 2300 4401 Β
2329 4291 2438 4401 bes
2467 4293 2629 4350 enim
2655 4293 2874 4401 lu‘menl
2907 4310 3187 4401 spar‘gere
3235 4303 3342 4401 est,
3397 4300 3832 4401 praedicatores
3873 4309 3984 4351 san-

560 4387 762 4459 prium
789 4391 1032 4444 antrum
1063 4389 1238 4452 tenet,
1274 4389 1453 4458 atque
1479 4383 1560 4440 ad
1589 4399 1770 4440 omne
1798 4383 1968 4456 quod
2005 4400 2223 4441 nocere
2257 4381 2300 4401 ¹¹
2331 4385 2458 4438 ctos
2485 4381 2764 4454 exempla
2793 4381 2928 4438 vita
2955 4387 3012 4439 et
3040 4382 3346 4456 loquendo
3375 4391 3440 4443 et
3471 4389 3721 4459 agendo
3745 4387 3981 4444 dilatare-

558 4475 740 4532 bonis
770 4475 1018 4549 appetit,
1045 4475 1109 4531 in
1137 4489 1344 4530 eorum
1373 4489 1436 4530 se
1461 4473 1737 4530 obscuris
1765 4474 2070 4531 mentibus
2089 4475 2224 4532 abs-
2335 4471 2611 4544 Sequitur
2639 4487 2652 4526 :

559 4563 784 4622 condit.
815 4569 906 4620 An
961 4564 1311 4621 Judaorum
1363 4562 1852 4636 persequentium
1881 4562 2068 4619 corda
2115 4577 2224 4620 an-
2403 4559 2578 4616 Vsus.
2615 4561 2700 4614 t2.
2763 4559 2904 4628 Quae
2947 4561 3169 4618 lustrat
3219 4569 3446 4622 cuncta
3501 4583 3624 4638 per
3672 4565 3983 4628 circuitum,

559 4657 721 4711 trum
765 4653 950 4726 hujus
990 4653 1198 4710 bestia
1249 4667 1373 4708 non
1415 4651 1674 4720 fuerunt,
1703 4651 1768 4708 in
1815 4667 2078 4724 quorum
2116 4652 2222 4708 diu
2331 4663 2682 4720 quocunque
2748 4663 2846 4705 eas
2901 4651 3177 4706 voluntas
3223 4653 3632 4724 gubernandi
3703 4652 3981 4713 direxerit.

561 4743 824 4801 consiliis
847 4743 1040 4813 latuit,
1071 4741 1182 4798 sed
1209 4745 1451 4816 repente
1480 4740 1938 4813 vocibuserupit
1959 4739 2224 4798 claman-
2329 4769 2400 4778 —
2429 4737 2628 4794 Nubes
2680 4737 2860 4808 igitur
2909 4739 3010 4794 Dei
3067 4745 3284 4797 cuncta
3333 4759 3453 4815 per
3514 4745 3838 4802 circuitum
3884 4740 3984 4797 lus-

559 4833 711 4901 tium
745 4850 759 4888 :
807 4855 835 4884 α
871 4832 1184 4904 Cruciﬁge,
1242 4829 1521 4902 cruciﬁge
1575 4831 1770 4902 (Joan,
1797 4847 1906 4899 xxx,
1933 4833 2044 4904 6).»
2075 4832 2220 4888 Hinc
2331 4831 2507 4898 trant,
2563 4826 2708 4900 quia
2735 4828 3180 4900 pradicationis
3231 4829 3369 4886 luce
3421 4835 3656 4892 mundi
3684 4836 3834 4891 ﬁnes
3881 4829 3984 4886 illu-

562 4920 852 4994 scriptum
872 4926 996 4978 est:
1031 4943 1060 4971 «
1091 4919 1298 4976 Posuit
1325 4919 1622 4987 tenebras,
1659 4923 1718 4976 et
1761 4919 1918 4976 facta
1957 4928 2048 4976 est
2097 4936 2234 4986 nox,
2329 4916 2581 4972 minent.
2641 4915 2756 4973 Sed
2802 4917 2947 4991 quia
2999 4917 3219 4974 divinis
3275 4921 3544 4980 nutibus
3601 4923 3858 4982 subdita:
3907 4933 3987 4975 ne-

561 5009 750 5082 (Psal.
783 5025 946 5080 cxxx,
977 5013 1128 5078 20).»
1151 5008 1494 5066 Notandum
1519 5023 1660 5065 vero
1679 5024 2049 5082 magnopere
2071 5008 2220 5066 asti-
2329 5009 2558 5077 queunt
2587 5004 2825 5077 explere
2856 5007 3024 5080 quod
3052 5007 3282 5080 volunt,
3309 5009 3401 5066 ire
3423 5029 3558 5070 non
3587 5017 3864 5088 possunt,
3893 5007 3988 5065 nisi

561 5114 665 5156 mo
695 5098 864 5172 quod
891 5099 1020 5155 hac
1049 5097 1242 5155 bestia
1269 5113 1394 5155 non
1425 5097 1622 5154 solum
1647 5103 1888 5154 antrum
1915 5115 2096 5154 suum
2135 5097 2222 5153 in-
2329 5109 2453 5167 qua
2481 5109 2584 5151 eas
2612 5093 2889 5152 voluntas
2921 5097 3310 5168 gubernantis
3355 5100 3634 5160 duxerit.
3699 5101 3984 5177 Sequitur:

560 5187 748 5261 gredi,
778 5187 884 5245 sed
913 5187 975 5244 in
1000 5203 1072 5244 eo
1104 5187 1286 5244 etiam
1316 5186 1539 5243 morari
1585 5186 1952 5260 perhibetur.
1997 5187 2219 5242 Intrare
2327 5185 2426 5241 Ad
2451 5202 2622 5243 omne
2649 5187 2810 5258 quod
2833 5191 3188 5257 praeceperit
3214 5190 3296 5245 eis
3339 5206 3542 5262 super
3578 5195 3806 5265 faciem
3856 5189 3989 5250 orbis

559 5293 704 5350 ergo
733 5277 796 5335 in
827 5281 1057 5335 mentes
1079 5277 1382 5334 bonorum
1409 5279 1628 5350 potest,
1663 5274 1771 5332 sed
1815 5275 1878 5331 in
1903 5276 1986 5332 eis
2017 5291 2219 5331 mora-
2329 5279 2652 5332 terrarum.
2709 5307 2778 5316 ——
2837 5279 3004 5348 Sape
3057 5277 3220 5332 enim
3279 5294 3427 5335 cum
3473 5281 3875 5353 gubernantis
3905 5293 3988 5334 vo-

559 5365 611 5422 ri
641 5383 762 5424 non
789 5370 1006 5440 potest,
1033 5365 1178 5440 quia
1209 5365 1474 5437 corjusti
1501 5365 1683 5434 hujus
1723 5363 1929 5420 bestia
1977 5367 2219 5420 antrum
2326 5363 2552 5420 luntate
2581 5364 3012 5437 perducuntur,
3067 5365 3236 5422 aliter
3292 5383 3487 5438 agere
3537 5377 3856 5446 appetunt,
3903 5365 3990 5424 sed

561 5469 688 5510 non
717 5459 821 5512 est.
856 5459 1018 5522 Quos
1042 5456 1204 5512 enim
1255 5454 1428 5528 quasi
1457 5451 1770 5526 proprium
1799 5455 2042 5507 antrum
2079 5467 2217 5524 pos-
2329 5451 2494 5509 aliter
2522 5452 2942 5526 disponuntur.
2977 5457 3124 5511 Nam
3151 5455 3529 5531 plerumque
3559 5463 3867 5534 quosdam
3907 5473 3994 5512 au-

564 5542 735 5612 sidet,
771 5560 978 5600 corum
1007 5549 1237 5602 mentes
1266 5545 1476 5617 procul
1513 5540 1699 5596 dubio
1744 5539 2096 5608 immorans,
2143 5545 2223 5596 te-
2328 5541 2548 5598 ditores
2571 5558 2712 5598 suos
2753 5543 2993 5600 student
3036 5543 3258 5602 blande
3301 5547 3644 5623 corrigere,
3703 5557 3761 5608 et
3815 5555 3992 5606 tamen

560 5635 699 5690 net:
731 5631 876 5705 quia
903 5632 1070 5705 prius
1101 5634 1163 5688 in
1207 5633 1292 5690 eis
1341 5629 1728 5701 cogitationes
1779 5645 1966 5701 usque
1999 5629 2079 5686 ad
2107 5629 2215 5686 ini-
2329 5645 2539 5687 eorum
2597 5646 2792 5688 sermo
2821 5632 2884 5688 in
2937 5633 3254 5706 asperitate
3311 5633 3616 5706 ducitur;
3653 5639 3991 5711 plerumque
