4120 6156
274 126 371 179 425
961 193 964 198 _
1054 128 1358 184 EPITOME
1398 128 1762 185 MORALIUM
1803 129 1859 184 S.
1902 126 2105 183 GBEG.
2151 132 2217 185 lN
2255 134 2395 190 JOB.
2422 166 2489 176 -—
2531 141 2659 197 LIB.
2704 145 2906 199 XXVII.

3586 159 3691 214 426

271 247 569 347 quosdam
618 263 885 306 resecare
932 267 1141 324 aspere
1192 256 1503 351 appetunt,
1562 252 1669 309 sed
1725 235 1925 351 tamen
1960 254 2006 306 A
2039 254 2371 351 mittuntur.
2403 264 2587 319 Nemo
2616 264 2795 335 igitur
2823 267 2929 324 scit
2957 269 3206 341 quando
3243 271 3441 332 lucem
3479 278 3693 351 pluvia

271 350 480 392 eorum
510 337 685 407 vigor
712 354 819 410 per
847 340 1328 396 mansuetudinis
1364 341 1637 414 spiritum
1668 341 1927 397 refrena-

271 428 382 481 tur.
426 426 587 481 Sicut
614 442 755 498 ergo
797 443 922 483 non
974 435 1230 501 possunt
1278 430 1362 486 ire
1408 447 1530 503 quo
1576 432 1801 498 volunt,
1850 430 1932 487 ita

271 515 451 571 etiam
480 521 785 589 nequeunt
816 533 993 587 agere
1025 518 1176 576 sicut
1203 520 1428 577 volunt.
1464 521 1741 595 Sequitur
1773 538 1786 575 :

342 607 509 660 Vens.
549 605 631 661 l3.
664 605 801 662 Sive
828 607 891 661 in
922 623 1047 664 una
1078 609 1259 678 tribu,
1309 611 1431 666 sive
1477 611 1538 665 in
1587 616 1751 667 terra
1799 625 1927 677 sua,

270 709 371 752 seu
397 696 458 752 in
487 710 841 767 quocunque
870 698 996 753 loco
1025 698 1445 755 misericordia
1469 715 1593 756 sua
1622 715 1718 756 eas
1733 703 1930 770 jusse-

272 786 351 841 rit
381 785 660 840 inveniri.
696 816 762 825 —
790 786 988 841 Nubes
1021 786 1267 859 quidem
1299 804 1439 844 suas
1488 788 1777 844 Dominus
1824 788 1932 844 du-

272 872 367 940 cit,
387 873 508 928 sive
531 872 595 927 in
618 888 741 929 una
771 874 953 943 tribu,
984 876 1106 932 sive
1132 877 1193 931 in
1212 881 1375 933 terra
1406 893 1537 946 sua,
1568 893 1669 934 seu
1700 879 1761 934 in
1792 894 1932 949 quo-

271 976 503 1032 cunque
533 961 659 1017 loco
689 962 1110 1018 misericordiae
1134 980 1256 1019 sua
1272 979 1370 1020 eas
1394 967 1627 1021 usserit
1652 966 1930 1031 inveniri,

270 1050 414 1123 quia
440 1048 862 1122 pradicatores
887 1052 1105 1108 Veteris
1134 1053 1400 1126 Novique
1426 1054 1802 1123 Testamenti,
1833 1054 1933 1111 ali-

268 1139 518 1213 quando
545 1139 653 1196 soli
684 1140 863 1196 tribui
912 1141 1085 1198 Juda
1128 1143 1397 1211 contulit,
1448 1148 1506 1200 et
1550 1144 1728 1200 Israel
1781 1159 1933 1217 pene

268 1233 462 1285 totum
500 1246 575 1285 ex
604 1244 790 1301 prava
827 1245 1041 1300 regum
1086 1231 1520 1301 gubernatione
1572 1232 1933 1306 reprobavit.

267 1317 611 1391 Aliquando
632 1322 690 1373 et
714 1318 777 1374 in
810 1323 972 1375 terra
998 1334 1109 1376 sua
1138 1319 1250 1376 has
1280 1320 1485 1394 pluere
1535 1321 1729 1378 nubes
1771 1321 1931 1388 facit,

267 1407 414 1481 quia
437 1406 720 1463 eumdem
750 1408 928 1463 Israel
956 1408 1210 1465 electum
1231 1408 1312 1465 ad
1336 1410 1651 1483 antiquam
1681 1410 1935 1481 gratiam

268 1501 409 1570 post
431 1495 877 1569 corruptionem
909 1497 1433 1571 captivitatemque
1479 1499 1791 1556 revocavit.
1822 1499 1937 1554 Ali-

269 1585 519 1659 quando
552 1587 678 1642 loco
708 1601 831 1643 sua
858 1587 1281 1645 misericordiae
1311 1604 1413 1645 eas
1459 1588 1781 1646 clarescere
1827 1606 1932 1646 vo-
1964 1603 2006 1658 Β

267 1675 396 1743 luit,
427 1675 573 1748 quia
598 1691 705 1748 per
727 1675 1147 1749 praedicatores
1180 1683 1419 1734 sanctos
1449 1678 1629 1735 etiam
1656 1678 1935 1750 gentibus

266 1764 553 1820 virtutum
583 1763 875 1821 miracula
903 1765 1180 1834 ostendit,
1225 1771 1288 1823 ut
1340 1767 1468 1824 sola
1523 1767 1936 1825 misericordia

267 1853 348 1910 ab
368 1854 517 1925 jugo
541 1853 757 1910 erroris
805 1853 1142 1911 absolveret
1192 1872 1347 1928 quos
1392 1856 1618 1928 ingenti
1667 1857 1934 1931 perﬁdia

271 1942 360 1999 ira
388 1941 787 2015 deprimebat.
823 1945 950 1999 Una
972 1943 1196 2018 quippe
1227 1944 1416 2001 tribus
1461 1945 1725 2019 profecto
1768 1946 1935 2002 Juda

268 2030 631 2101 intelligitur.
678 2034 854 2088 Terra
904 2038 1107 2088 autem
1139 2033 1241 2089 Dei
1285 2033 1463 2090 simul
1506 2034 1704 2091 omnis
1731 2034 1937 2092 Iudaea

269 2119 639 2188 nominatur,
665 2119 835 2175 locus
858 2136 998 2177 vero
1028 2120 1452 2177 misericordiae
1483 2123 1582 2178 Dei
1622 2127 1710 2179 est
1754 2123 1937 2193 genti-

270 2208 423 2277 litas,
455 2208 531 2265 de
560 2224 685 2281 qua
713 2208 857 2265 dicit
883 2209 1207 2282 Apostolus
1240 2228 1253 2265 :
1299 2230 1328 2263 α
1362 2213 1573 2267 Gentes
1604 2215 1807 2267 autem
1838 2229 1935 2268 su-

270 2313 378 2371 per
405 2297 810 2355 misericordia
835 2299 1133 2356 honorare
1179 2300 1370 2356 Deum
1423 2301 1612 2372 (Rom.
1660 2317 1755 2369 xv,
1797 2306 1872 2374 9).
1904 2324 1932 2351 ››

270 2386 546 2459 Sequitur
567 2405 580 2442 :

340 2477 513 2531 Vnus.
551 2477 638 2530 14.
685 2475 982 2533 Ausculta
1023 2476 1169 2545 hac,
1212 2478 1346 2542 Job,
1389 2482 1484 2533 sta
1531 2483 1587 2534 et
1623 2478 1935 2535 considera

268 2563 570 2620 miracula
602 2564 729 2619 Dei.
776 2594 840 2602 -—
897 2563 1079 2630 Quasi
1129 2563 1190 2620 in
1239 2564 1686 2638 comparatione
1717 2564 1809 2620 sui
1848 2565 1935 2636 ja-

267 2655 500 2707 centem
530 2649 697 2721 vidit,
730 2667 913 2724 quem
939 2650 1018 2708 ad
1061 2652 1245 2708 verba
1272 2657 1449 2709 tanta
1498 2652 1934 2725 praedicationis

268 2745 335 2796 ut
364 2744 563 2807 staret,
594 2739 931 2805 admonuit,
961 2740 1067 2797 sed
1095 2741 1231 2798 licet
1259 2741 1385 2797 Elin
1413 2741 1579 2799 bona
1606 2758 1741 2815 quae
1795 2742 1937 2799 dicit

266 2830 495 2887 nesciat
549 2846 804 2903 pensare
856 2830 953 2886 cui
1007 2830 1166 2899 dicit,
1227 2847 1339 2887 nos
1393 2835 1594 2887 tamen
1645 2831 1934 2903 indagare

2039 344 2384 434 ostendunt,
2417 366 2556 406 cum
2577 368 2758 409 nemo
2787 357 3242 429 comprehendit
3266 344 3515 434 quando
3542 371 3696 425 Deus

2040 431 2315 522 virtutem
2345 438 2785 509 praedicationis
2816 444 3095 515 praebeat,
3130 451 3196 504 ut
3238 431 3697 522 pradicantium

2041 520 2229 590 gloria
2252 523 2555 616 clarescat.
2571 533 2653 585 Ac
2669 530 2717 586 si
2748 546 2889 602 ergo
2914 538 3116 605 aperte
3138 520 3323 595 dicat:
3353 544 3633 616 Nunquid
3649 546 3700 602 si

2039 617 2319 670 venturos
2348 615 2408 671 in
2438 618 2737 675 mundum
2765 620 3186 693 pradicatores
3209 626 3338 697 jam
3377 615 3694 706 conspicis,

2038 702 2287 793 quando
2315 721 2417 762 eos
2446 706 2527 763 ad
2553 709 3011 781 pradicandum
3055 715 3343 774 Dominus
3373 702 3699 793 repletione

2041 790 2290 862 Spiritus
2306 793 2593 867 impellat,
2627 798 2923 870 quibusve
2952 801 3146 857 modis
3180 820 3388 863 eorum
3428 790 3561 867 vita
3587 812 3703 870 cla-

2038 880 2276 936 ritatem
2296 884 2527 939 mundo
2543 884 2895 956 innotescat,
2923 891 3368 962 apprehendit?
3393 897 3698 970 Sequitur:

2112 1024 2280 1081 Vens.
2316 1024 2396 1080 16.
2418 1028 2709 1100 Nunquid
2729 1032 2886 1087 nosti
2900 1034 3137 1091 semitas
3166 1038 3408 1094 nubium
3434 1056 3703 1113 magnas,

2041 1116 2098 1166 et
2117 1114 2417 1183 perfectas
2447 1116 2726 1175 scientius
2748 1122 2877 1189 ejus
2903 1125 2931 1176 ?
2960 1154 3029 1162 —
3068 1123 3299 1181 Habent
3334 1126 3464 1183 ista
3513 1132 3706 1190 nubes

2042 1202 2304 1271 semitas,
2329 1204 2770 1277 subtilissimas,
2814 1210 3033 1268 scilicet
3076 1218 3296 1270 sancta
3339 1217 3709 1289 praedicatio-

2042 1290 2135 1346 nis
2162 1292 2310 1348 vias.
2344 1316 2371 1342 ‹‹
2394 1299 2665 1365 Angusta
2689 1317 2718 1350 »
2749 1299 2974 1372 quippe
3010 1324 3037 1351 «
3062 1308 3236 1374 porta
3265 1309 3371 1373 est,
3418 1324 3554 1379 qua
3598 1309 3706 1366 du-

2043 1379 2121 1435 cit
2145 1380 2223 1435 ad
2253 1381 2435 1438 vitam
2467 1384 2712 1455 (Matth.
2734 1404 2834 1457 vn,
2859 1391 2965 1461 14).
2998 1413 3026 1439 ››
3050 1391 3191 1457 Qua
3219 1394 3441 1449 semitae
3468 1412 3707 1466 magna

2043 1474 2202 1541 sunt,
2234 1471 2379 1543 quia
2405 1479 2632 1546 quanto
2663 1475 2725 1531 in
2745 1479 3025 1549 prasenti
3048 1481 3166 1537 vita
3183 1498 3292 1554 pro
3309 1483 3441 1556 ipsa
3466 1485 3708 1542 vivendi

2043 1557 2313 1615 custodia
2334 1566 2603 1630 angusta
2626 1568 2788 1634 sunt,
2811 1569 2977 1622 tanto
3003 1568 3265 1640 amplius
3293 1570 3354 1627 in
3374 1576 3594 1630 aeterna
3614 1590 3706 1630 re-

2042 1647 2359 1705 tributione
2390 1649 2733 1708 dilatantur.
2784 1654 3044 1711 Perfecta
3091 1657 3316 1731 quippe
3345 1661 3592 1718 scientia
3621 1668 3711 1720 est

2042 1735 2191 1791 scire
2238 1740 2466 1807 omnia,
2516 1743 2575 1796 et
2622 1745 2824 1797 tamen
2864 1743 3038 1814 juxta
3082 1747 3414 1817 quemdam
3453 1750 3708 1807 modum

2042 1825 2328 1882 scientem
2361 1844 2423 1883 se
2445 1845 2573 1885 esse
2614 1831 2864 1903 nescire,
2894 1832 3059 1890 bona
3100 1834 3343 1893 sollicite
3372 1854 3569 1909 agere,
3603 1841 3709 1897 sed

2043 1914 2117 1970 de
2141 1914 2264 1971 suis
2287 1916 2435 1972 scire
2454 1917 2540 1973 nil
2560 1933 2709 1976 esse.
2746 1922 2845 1977 Hic
2866 1922 3088 1978 Veritas
3114 1923 3195 1980 ait
3220 1941 3232 1979 :
3268 1948 3294 1976 «
3320 1929 3473 1983 Dum
3503 1928 3707 1985 feceri-

2042 2003 2115 2059 tis
2135 2005 2339 2061 omnia
2368 2021 2504 2077 qua
2542 2015 2841 2082 praecepta
2872 2016 3010 2067 sunt
3032 2012 3228 2081 vobis,
3275 2013 3449 2072 dicite
3480 2034 3493 2071 :
3545 2018 3710 2075 Servi

2041 2091 2277 2148 inutiles
2298 2110 2509 2150 sumus
2549 2095 2717 2166 (Luc.
2760 2114 2896 2161 xvn,
2928 2100 3031 2171 10).
3067 2124 3095 2150 ››
3126 2104 3192 2158 Et
3221 2104 3438 2160 Paulus
3465 2106 3660 2179 inquit
3689 2127 3703 2164 :

2044 2203 2073 2231 «
2100 2181 2211 2247 Qui
2233 2199 2294 2239 se
2314 2183 2614 2241 existimat
2643 2186 2871 2259 aliquid
2912 2189 3081 2258 scire,
3111 2193 3387 2249 nondum
3431 2196 3709 2266 cognovit

2040 2270 2563 2342 quemadmodum
2585 2280 3008 2346 oporteateum
3033 2278 3181 2334 scire
3199 2280 3257 2351 (Ι
3288 2282 3425 2337 Cor.
3442 2300 3561 2353 Vlll,
3585 2285 3697 2357 2).»

2040 2361 2122 2413 Ac
2152 2358 2201 2414 si
2229 2375 2371 2431 ergo
2414 2360 2636 2418 diceret
2667 2380 2679 2417 :
2736 2365 2869 2420 Jam
2921 2381 3163 2424 summa
3197 2374 3331 2425 acta
3377 2372 3707 2443 pradican-

2040 2448 2192 2504 tium
2223 2449 2549 2521 conspicis,
2596 2452 2701 2523 qui
2748 2459 3072 2528 postquam
3122 2472 3230 2529 per
3267 2458 3579 2519 scientiam
3625 2463 3705 2521 ad

2041 2535 2162 2593 alta
2190 2552 2252 2592 se
2278 2536 2532 2605 elevant,
2556 2538 2839 2595 deorsum
2867 2557 2929 2597 se
2958 2542 3259 2600 humilitcr
3288 2562 3396 2618 per
3422 2550 3706 2619 cognitio-

2040 2639 2182 2680 nem
2205 2641 2329 2681 sua
2360 2625 2713 2697 ignorantia
2745 2628 3126 2687 inclinantur.
3164 2634 3441 2706 Sequitur
3473 2654 3486 2692 :

2111 2751 2288 2807 Vrsas.
2339 2756 2425 2808 17.
2476 2754 2689 2810 Nonne
2740 2757 3087 2814 vestimenta
3136 2765 3240 2816 tua
3292 2762 3496 2819 calida
3540 2770 3701 2832 sunt,

2042 2853 2176 2894 cum
2204 2841 2465 2909 per/lata
2489 2841 2681 2909 fuerit
2712 2848 2877 2900 terra
2901 2852 3108 2901 austro
3126 2851 3155 2901 ?
3173 2879 3242 2888 —
3273 2851 3437 2922 Saepe
3457 2849 3717 2908 beatum

266 2919 457 2977 verba
512 2918 797 2975 doctrina
854 2920 986 2991 ejus
1047 2920 1339 3010 subtiliter
1394 2920 1706 2977 debemus.
1770 2924 1933 2979 Stare
1969 2954 2011 3010 ρ
2038 2928 2151 2984 Job
2175 2928 2436 2999 ﬁguram
2468 2937 2689 2988 sancta
2723 2934 2995 2990 Ecclesia
3022 2940 3220 2993 tenere
3245 2918 3383 3010 jam
3417 2940 3701 3000 diximus.

265 3009 492 3085 quippe
524 3014 611 3066 est
639 3013 799 3066 recta
826 3025 1025 3080 agere.
1058 3009 1229 3066 Unde
1258 3026 1366 3084 per
1388 3010 1639 3067 Paulum
1670 3010 1886 3068 dicitur
1916 3029 1929 3068 :

267 3098 384 3167 Qui
406 3114 468 3155 se
492 3097 791 3155 existimat
820 3103 974 3155 stare
997 3098 1200 3155 videat
1239 3115 1317 3156 ne
1346 3100 1522 3157 cadat
1577 3101 1637 3169 (Ι
1684 3104 1823 3158 Cor.
1870 3119 1931 3171 x,

275 3188 381 3261 l2).
415 3211 445 3238 ››
468 3190 739 3244 Iacentes
766 3202 908 3258 ergo
933 3187 1035 3244 Dei
1055 3187 1348 3245 miracula
1376 3188 1776 3258 considerant,
1829 3191 1933 3265 qui

266 3279 402 3351 ejus
429 3278 761 3351 potentiam
792 3278 1036 3334 sciendo
1065 3283 1342 3351 pensant,
1386 3278 1492 3336 sed
1520 3279 1780 3336 vivendo
1809 3296 1932 3337 non

267 3370 497 3424 amant.
526 3367 638 3423 Per
660 3365 1228 3439 contemplationem
1256 3366 1503 3440 quidem
1544 3368 1607 3423 in
1660 3368 1934 3426 conside-

266 3455 500 3512 ratione
530 3454 738 3511 oculos
784 3454 1059 3523 tendunt,
1106 3454 1215 3510 sed
1261 3458 1465 3510 tamen
1516 3469 1623 3527 per
1664 3453 1934 3512 intentio-

267 3559 414 3601 nem
445 3559 578 3600 sese
610 3560 646 3600 a
670 3548 826 3601 terra
850 3559 971 3600 non
998 3543 1252 3615 erigunt.
1288 3543 1452 3600 Unde
1481 3542 1636 3601 bene
1665 3544 1726 3600 in
1755 3544 1934 3602 Balac

267 3632 485 3689 dicitur
510 3650 525 3688 :
559 3652 579 3684 ι
617 3633 727 3700 Qui
757 3632 980 3689 cadens
1011 3636 1250 3706 apertos
1279 3631 1488 3688 oculos
1516 3632 1699 3690 habet
1726 3634 1932 3701 (Num.

265 3738 425 3786 xxxv,
460 3726 569 3790 16).
631 3741 662 3776 α
686 3720 811 3778 Eliu
860 3722 1060 3796 itaque
1098 3722 1212 3779 ista
1256 3720 1482 3790 dicens,
1542 3736 1935 3796 nequaquam

268 3810 523 3867 credidit
543 3810 793 3868 beatum
817 3810 932 3868 Job
962 3811 1222 3868 vivendo
1264 3810 1521 3867 tenuisse
1551 3810 1719 3884 quod
1766 3810 1929 3867 dixit.

267 3900 549 3974 Sequitur
580 3918 595 3956 :

341 3993 518 4048 Vens.
562 3996 646 4047 t5.
675 3990 970 4061 Nunquid
1004 3991 1118 4045 scis
1158 3990 1399 4061 quando
1450 3991 1735 4061 praecepit
1777 3992 1935 4047 Deus

259 4081 518 4154 pluviis,
551 4084 617 4134 ut
646 4079 1023 4135 ostenderent
1066 4078 1253 4134 lucem
1284 4079 1535 4135 nubium
1563 4081 1688 4149 ejus
1710 4082 1738 4134 ?
1763 4110 1835 4119 —
1879 4078 1936 4135 Si

266 4170 472 4228 nubes
505 4167 694 4226 sancti
739 4167 1162 4242 pradicatores
1206 4171 1363 4236 sunt,
1413 4166 1629 4241 pluvia
1678 4167 1935 4223 nubium

269 4262 414 4316 sunt
458 4257 648 4315 verba
685 4255 1203 4331 pradicationum.
1251 4256 1367 4314 Sed
1404 4272 1545 4313 cum
1596 4255 1791 4313 nubes
1829 4272 1936 4331 per

268 4365 416 4406 aera
440 4345 829 4416 transvolant,
856 4346 971 4403 nisi
996 4345 1201 4420 pluvia
1238 4345 1525 4403 deorsum
1563 4346 1779 4414 veniat,
1829 4361 1934 4402 ne-

267 4440 456 4496 scitur
481 4441 776 4511 quantam
822 4451 1121 4510 aquarum
1163 4434 1630 4492 immensitatem
1670 4439 1932 4509 portant.

265 4528 391 4585 Nisi
423 4543 709 4584 coruscus
736 4525 889 4583 inter
915 4525 1149 4599 pluvias
1177 4529 1476 4599 erumpat,
1524 4524 1768 4597 intelligi
1810 4541 1935 4582 non

262 4618 430 4676 valet
452 4617 618 4691 quod
645 4616 708 4673 in
737 4616 821 4673 eis
850 4616 1032 4673 etiam
1070 4615 1351 4673 claritatis
1381 4614 1544 4672 latet.
1573 4616 1723 4682 Quia
1763 4615 1936 4671 nimi-

261 4724 411 4765 rum
456 4705 880 4780 pradicatores
947 4705 1140 4762 sancti
1190 4704 1240 4761 si
1296 4709 1550 4773 taceant,
1614 4708 1673 4761 et
1714 4720 1937 4778 nequa-

263 4814 463 4872 quam
494 4795 807 4870 loquentes
821 4794 1163 4864 ostendant,
1190 4799 1420 4868 quanta
1441 4794 1514 4851 sit
1537 4793 1791 4851 caelestis
1811 4793 1938 4867 spei

264 4886 511 4944 claritas
538 4901 727 4959 quam
755 4884 818 4940 in
844 4884 1126 4941 cordibus
1156 4888 1410 4955 gestant,
1442 4887 1548 4941 aut
1575 4882 1817 4956 reliquis
1833 4883 1938 4939 ho-

262 4974 539 5032 minibus
568 4972 811 5045 similes,
842 4976 946 5029 aut
968 4971 1146 5042 longe
1170 4971 1263 5027 his
1292 4971 1693 5045 despectiores
1734 4971 1937 5028 viden-

264 5068 390 5122 tur.
442 5064 595 5119 Cum
644 5066 847 5119 autem
877 5060 1108 5135 aperire
1150 5076 1258 5134 per
1298 5059 1786 5134 praedicationem
1817 5076 1935 5116 ca-

265 5152 490 5227 perint,
514 5167 652 5225 qua
683 5150 757 5208 sit
785 5165 1061 5225 superna
1086 5149 1297 5223 patria
1322 5148 1727 5206 remuneratio
1746 5164 1931 5221 quam

264 5241 633 5299 intrinsecus
685 5242 910 5310 tenent,
958 5256 1099 5296 cum
1164 5238 1578 5313 persecutione
1628 5237 1822 5310 pressi
1877 5237 1934 5293 in

267 5346 397 5404 qua
424 5329 657 5386 virtutis
690 5344 827 5385 arce
854 5327 1215 5402 profecerim
1240 5327 1644 5384 innotescunt.
1675 5325 1790 5381 Sed
1816 5325 1935 5399 ple-

267 5434 532 5493 rumque
561 5417 983 5492 pradicatores
1012 5416 1200 5473 sancti
1229 5414 1543 5473 ostendere
1585 5413 1939 5486 semetipsos

270 5513 339 5564 ut
360 5508 615 5581 prosint,
647 5506 918 5580 cupiunt,
951 5521 1062 5561 nec
1093 5509 1295 5561 tamen
1339 5508 1630 5578 possunt;
1677 5502 1935 5575 plerum-

267 5614 394 5672 que
422 5598 605 5655 latere
633 5600 700 5654 ut
725 5594 911 5670 quieti
939 5594 1055 5651 sint
1080 5598 1388 5668 appetunt,
1434 5610 1544 5651 nec
1576 5597 1778 5650 tamen
1807 5606 1937 5664 per-

668 5688 910 5741 PATROL.
953 5686 1199 5741 CXXXIII

2040 3017 2400 3075 Vestimenta
2428 3036 2569 3076 vero
2601 3021 2873 3078 Ecclesia
2903 3028 3045 3081 sunt
3071 3040 3283 3081 omnes
3321 3030 3425 3100 qui
3468 3028 3520 3085 ei
3563 3030 3704 3088 ﬁdei

2040 3104 2409 3164 adunatione
2431 3108 2789 3179 junguntur.
2824 3113 2904 3166 De
2932 3112 3153 3184 quibus
3174 3113 3404 3170 eisdem
3428 3117 3703 3175 Ecclesia

2039 3210 2148 3268 per
2172 3196 2528 3268 Prophetam
2545 3198 2835 3254 Dominus
2864 3199 3043 3256 dicit:
3099 3202 3295 3258 «Vivo
3334 3219 3467 3275 ego,
3512 3206 3705 3263 omni-

2038 3283 2156 3339 bus
2180 3284 2272 3339 his
2300 3285 2464 3342 velut
2493 3292 2850 3343 ornamento
2880 3288 3148 3345 vestieris
3174 3291 3317 3361 (Isa.
3351 3309 3501 3362 xux,
3541 3295 3645 3367 18).
3672 3319 3702 3347 ››

2039 3375 2147 3427 Per
2174 3377 2450 3429 austrum
2470 3390 2637 3447 vero,
2664 3375 2771 3448 qui
2800 3376 3085 3434 nimirum
3108 3379 3338 3435 calidus
3362 3387 3573 3439 ventus
3594 3388 3703 3454 est,

2039 3476 2165 3518 non
2219 3461 2517 3518 immerito
2565 3468 2807 3520 sanctus
2853 3464 3105 3537 Spiritus
3158 3467 3529 3539 designatur,
3578 3487 3704 3543 quo

2040 3549 2317 3622 quisque,
2349 3549 2499 3606 dum
2529 3551 2813 3622 tangitur,
2844 3555 2922 3608 ab
2951 3553 3279 3627 iniquitatis
3308 3573 3433 3613 sua
3466 3562 3705 3632 torpore

2038 3637 2343 3695 liberatur.
2386 3640 2553 3695 Unde
2581 3639 2737 3697 bene
2764 3641 2825 3697 in
2852 3642 3099 3699 canticis
3141 3644 3524 3703 Canticorum
3570 3648 3708 3703 dici-

2041 3728 2137 3782 tur
2166 3742 2180 3780 :
2215 3748 2243 3775 ‹‹
2274 3727 2479 3797 Surge,
2513 3726 2737 3800 aquilo,
2772 3733 2830 3784 et
2857 3730 3030 3798 veni;
3084 3735 3302 3800 auster,
3336 3733 3527 3805 perﬂa
3568 3735 3706 3791 hor-

2043 3817 2171 3869 tum
2199 3830 2428 3886 meum,
2459 3819 2516 3870 et
2536 3815 2726 3872 ﬂuant
2748 3823 3022 3874 aromata
3042 3818 3198 3875 illius
3226 3822 3422 3892 (Cant.
3457 3840 3535 3894 1v,
3562 3823 3705 3895 16).»

2042 3903 2403 3960 Vestimenta
2431 3918 2574 3973 ergo
2606 3909 2828 3961 sancta
2859 3906 3131 3962 Ecclesia
3160 3908 3356 3966 calida
3379 3915 3539 3977 sunt,
3557 3912 3708 3968 dum

2044 3996 2209 4047 terra
2237 3998 2444 4047 austro
2474 3992 2782 4064 perﬂatur,
2834 3994 2979 4065 quia
3007 3995 3070 4050 hi
3115 3996 3221 4068 qui
3265 3998 3320 4052 ei
3366 4015 3475 4070 per
3520 4000 3706 4055 ﬁdem

2042 4078 2335 4134 inbarent
2358 4078 2723 4134 ferventibus
2744 4080 3047 4137 charitatis
3063 4083 3274 4139 studiis
3299 4084 3704 4155 inardescunt,

2043 4165 2192 4222 dum
2223 4176 2435 4222 eorum
2463 4182 2638 4222 mens
2672 4168 2860 4224 sancti
2888 4169 3138 4243 Spiritus
3168 4170 3378 4229 afﬂatu
3403 4173 3710 4245 perfundi-

2043 4259 2156 4312 tur.
2186 4258 2532 4313 Moaaurnn.
2564 4256 2987 4330 Unusquisque
3018 4258 3180 4315 enim
3210 4260 3316 4333 qui
3360 4266 3517 4319 recte
3546 4262 3705 4334 vivit,

2043 4349 2222 4419 atque
2269 4346 2383 4401 hoc
2431 4349 2489 4401 et
2539 4344 2687 4402 alios
2734 4346 2948 4403 docere
3018 4349 3353 4423 consuevit,
3404 4352 3578 4423 quasi
3626 4356 3710 4409 tot

2041 4435 2397 4492 vestimenta
2448 4434 2632 4492 habet
2679 4441 2828 4509 quot
2881 4437 3184 4495 auditores
3241 4440 3294 4495 ei
3336 4441 3709 4497 concorditer

2041 4523 2375 4580 inhaerent:
2415 4523 2521 4597 qui
2564 4524 2809 4597 quidem
2861 4542 3027 4583 more
3074 4527 3348 4596 vestium,
3379 4529 3557 4602 quasi
3602 4545 3710 4603 per

2043 4629 2226 4687 poros
2256 4613 2526 4687 corporis
2560 4613 2822 4670 calorem
2862 4615 3096 4688 accipit,
3124 4617 3270 4689 quia
3313 4616 3395 4673 ad
3438 4633 3710 4674 amorem

2045 4702 2146 4760 Dei
2177 4703 2454 4776 exemplo
2494 4703 2745 4760 actionis
2774 4703 3042 4776 impulsu
3084 4706 3513 4762 exhortationis
3544 4707 3712 4778 igno-

2046 4793 2176 4850 scit.
2208 4793 2319 4858 Qui
2342 4793 2506 4849 velut
2534 4792 2721 4863 frigus
2747 4793 3058 4867 proprium
3087 4796 3331 4869 respuit,
3365 4796 3512 4853 dum
3539 4814 3576 4855 a
3595 4798 3713 4872 pri-

2047 4882 2204 4937 stina
2231 4880 2539 4954 iniquitate
2568 4879 2819 4938 discedit
2846 4882 3111 4939 calorem
3151 4900 3333 4957 quem
3366 4886 3598 4959 accipit,
3626 4904 3713 4944 re-

2047 4969 2210 5037 tinet,
2240 4970 2405 5043 quia,
2451 4969 2514 5025 in
2555 4986 2627 5025 eo
2674 4986 2858 5043 quem
2886 4987 2993 5044 per
3040 4973 3509 5045 pradicamenta
3555 4994 3714 5033 sum-

2046 5061 2252 5133 pserit,
2284 5057 2515 5116 fervore
2543 5059 2924 5117 convalescit.
2960 5064 3112 5119 Dum
3138 5079 3281 5134 ergo
3301 5065 3487 5122 verbo
3512 5066 3712 5122 docto-

2048 5163 2186 5203 rum
2243 5147 2657 5205 accenduntur
2728 5149 3051 5224 auditores,
3104 5154 3280 5226 quasi
3353 5171 3426 5211 ex
3491 5152 3715 5209 viventi

2049 5251 2300 5309 corpore
2329 5235 2687 5294 vestimenta
2714 5236 3018 5310 caleﬁunt,
3051 5241 3154 5297 sed
3166 5241 3315 5296 dum
3344 5257 3417 5296 ex
3446 5239 3712 5310 profectu

2052 5324 2395 5381 auditorum
2448 5324 2628 5382 etiam
2670 5325 2792 5383 vita
2839 5327 3185 5385 docentium
3236 5325 3489 5399 proﬁcit,
3539 5325 3716 5400 quasi

2050 5429 2124 5471 ex
2178 5413 2477 5472 calefactis
2524 5415 2891 5473 vestimentis
2932 5417 3095 5473 calor
3142 5416 3221 5471 ad
3274 5430 3495 5488 corpus
3540 5417 3710 5473 redit.

2056 5502 2172 5559 Sed
2202 5520 2588 5578 nequaquam
2634 5505 2746 5560 sibi
2775 5505 3049 5561 doctores
3080 5503 3362 5573 tribuant,
3394 5506 3563 5578 quod
3610 5523 3716 5578 per

2056 5594 2531 5652 exhortationem
2552 5610 2726 5651 suam
2749 5594 2827 5650 ad
2844 5609 3088 5650 summa
3102 5593 3392 5666 proﬁcere
3413 5596 3717 5653 auditores

3253 5688 3318 5739 14
