4112 6152
453 107 561 161 427

1509 99 1565 155 8.
1600 99 1859 156 ODONIS
1887 90 2178 154 ABBATIS
2218 92 2717 152 CLUNIACENSIS
2745 98 2809 151 ll.

3762 91 3865 146 428

453 226 679 296 vident,
708 224 852 298 quia
877 221 990 280 nisi
1021 223 1269 297 Spiritus
1299 227 1541 281 sanctus
1569 238 1780 280 eorum
1806 222 1992 280 corda
2017 235 2105 277 re—
2141 204 2191 276 Α
2217 219 2373 276 intra
2401 219 2599 275 sinum
2622 219 2817 276 cordis
2845 222 3006 275 recta
3026 214 3336 273 sentiendo
3347 228 3411 271 se
3422 213 3721 283 colligant,
3736 214 3869 269 etin

454 313 635 387 pleat,
663 313 738 371 ad
765 311 1067 369 auditores
1090 326 1380 386 corporea
1404 328 1523 369 vox
1544 311 1886 369 docentium
1914 311 2107 367 ineas-

455 418 591 458 sum
619 404 811 457 sonat.
838 403 1163 475 Postquam
1191 416 1330 459 vero
1367 402 1497 458 haec
1548 401 1772 458 fortiter
1812 399 1961 457 dixit
2001 415 2109 473 per

453 490 881 561 arrogantiam,
910 490 1116 547 leviter
1149 494 1350 548 motus
1393 490 1681 548 irrisionis
1724 491 1880 548 illico
1925 488 2108 546 verba

454 579 782 651 subjunxit,
809 579 1014 636 dicens
1046 595 1060 636 :

524 670 696 724 Vnus.
720 671 804 725 18.
828 671 915 723 Ἠι
941 670 1203 739 forsitan
1230 684 1360 726 cum
1393 682 1457 725 eo
1473 669 1813 740 fabricatus
1831 683 1889 725 es
1910 668 2106 737 ccelos,

451 757 559 829 qui
579 756 923 813 solidissimi
950 758 1125 829 quasi
1148 772 1263 814 aere
1289 758 1417 827 fusi
1444 763 1601 814 sunt.
1626 788 1695 799 ——
1727 761 1979 814 Possunt
2000 770 2109 829 per

454 846 638 903 cmlos
663 844 746 911 hi,
775 843 965 918 quiin
1004 846 1345 902 caelestibus
1387 851 1525 903 sunt
1567 847 1811 911 conditi,
1856 844 2109 917 angelici

457 934 700 1007 spiritus
731 933 1048 1004 designari.
1086 934 1249 990 Unde
1278 934 1339 990 in
1370 936 1638 992 oratione
1668 940 1873 992 nostra
1914 934 2110 989 dicere

454 1036 602 1078 voce
628 1020 898 1079 Veritatis
923 1021 1306 1081 instruimur:
1342 1046 1370 1073 «
1400 1025 1529 1081 Fiat
1576 1025 1848 1081 voluntas
1878 1027 1999 1090 tua,
2034 1022 2110 1077 si-

457 1116 557 1168 cut
583 1112 643 1168 in
670 1113 819 1169 coelo
849 1116 906 1168 et
934 1111 995 1168 in
1044 1117 1199 1169 terra
1247 1114 1485 1186 (Matth.
1530 1131 1606 1182 vi,
1656 1114 1763 1185 lO).
1800 1137 1828 1164 »
1878 1117 2111 1170 Naturae

454 1217 720 1276 namque
750 1203 882 1259 teris
909 1207 1001 1259 est
1022 1202 1298 1273 rubigine
1328 1203 1566 1261 difﬁcile
1592 1204 1887 1276 consumi,
1917 1208 1975 1259 et
2002 1203 2114 1259 vir-

455 1294 607 1348 tutes
633 1292 932 1364 angelicae,
964 1309 1096 1366 quae
1124 1293 1186 1349 in
1217 1292 1418 1350 divino
1448 1311 1653 1351 amore
1682 1292 1816 1350 ﬁxae
1847 1294 2114 1367 perstite-

452 1385 609 1452 runt,
636 1380 823 1455 lapsis
853 1381 1335 1455 superbientibus
1374 1382 1603 1455 angelis
1629 1381 1744 1440 hoc
1770 1383 2111 1458 in‘munere

450 1469 854 1527 retributionis
909 1476 1287 1544 acceperunt,
1334 1476 1401 1529 ut
1446 1472 1612 1529 nulla
1661 1473 1791 1544 jam
1837 1472 2112 1543 rubigine

2213 307 2386 365 vanis
2416 308 2875 379 cogitationibus
2897 323 3019 363 non
3049 306 3401 378 liquescant.
3452 302 3729 374 Sequitur
3755 319 3769 357 :
3800 303 3871 357 Et

2215 404 2424 455 ventus
2454 399 2750 455 transiens
2782 398 3028 469 fugavit
3048 411 3167 453 eas.
3200 396 3419 449 Ventus
3443 391 3672 465 quippe
3712 396 3868 446 tran-

2218 487 2378 543 siens
2401 490 2489 543 est
2507 487 2628 543 vita
2649 500 2935 560 prtesens.
2961 485 3190 540 Ventus
3213 497 3355 552 ergo
3374 480 3667 537 transiens
3684 479 3871 535 nubes

2215 575 2400 645 fugat,
2433 575 2577 649 quia
2614 575 2885 632 mortalis
2921 573 3046 631 vita
3069 586 3425 646 percurrens
3453 569 3872 643 praedicatores

2217 669 2515 722 sanctosa
2541 665 2757 722 nostris
2802 664 2989 721 oculis
3029 660 3415 734 corporaliter
3457 658 3736 716 occultat.
3785 659 3875 715 See

2216 755 2421 828 quitur
2455 772 2468 810 :

2292 847 2456 900 Vsus.
2499 848 2587 900 22.
2622 844 2714 899 Ab
2736 844 3246 915 aquiloneaurum
3271 841 3480 897 veniet.
3502 868 3577 880 -—-
3593 837 3745 905 Quid
3767 854 3876 911 per

2219 934 2584 1007 aquilonem,
2611 934 2730 990 nisi
2751 933 2980 1006 peccati
3000 932 3215 1001 frigore
3238 929 3559 986 constricta
3580 928 3877 1000 gentilitas

2217 1023 2614 1094 designatur?
2634 1027 2821 1090 Quam
2843 1022 2941 1078 ille
2968 1021 3081 1078 sub
3099 1022 3247 1092 jugo
3272 1036 3397 1076 sure
3427 1018 3763 1092 tyrannidis
3792 1023 3876 1073 te-

2218 1112 2362 1185 nuit,
2396 1114 2500 1185 qui
2525 1112 2671 1168 dixit
2717 1111 3101 1184 superbiens:
3146 1132 3173 1159 ‹‹
3196 1109 3428 1165 Sedebo
3466 1108 3528 1164 in
3552 1111 3759 1163 monte
3782 1110 3880 1162 Te-

2220 1201 2496 1257 stamenti
2525 1200 2585 1256 in
2606 1200 2891 1257 lateribus
2914 1198 3234 1273 aquilonis,
3253 1197 3579 1254 ascendam
3602 1210 3788 1268 super
3803 1194 3882 1250 al-

2218 1291 2533 1347 titudinem
2561 1290 2839 1355 nubium,
2872 1289 3080 1346 similis
3113 1303 3214 1345 ero
3254 1287 3555 1343 Altissimo
3584 1286 3726 1357 (Isa.
3761 1301 3880 1353 XVI,

2226 1381 2329 1451 14).
2354 1402 2382 1432 ››
2416 1380 2570 1447 Quid
2598 1396 2741 1437 vero
2771 1381 2900 1436 auri
2930 1378 3195 1449 nomine,
3243 1377 3360 1434 nisi
3406 1376 3623 1433 animm
3670 1374 3882 1430 ﬁdeles

2219 1469 2681 1543 exprimunttrr?
2709 1472 2788 1525 De
2830 1468 3055 1541 quibus
3100 1482 3207 1540 per
3253 1465 3570 1523 Jeremiam
3623 1464 3878 1521 dicitur:

455 1558 839 1633 subripientis
868 1558 1056 1633 culpae
1082 1561 1491 1630 mordeantur,
1521 1566 1586 1618 ut
1632 1561 1693 1618 in
1740 1562 2110 1635 contempla-
2148 1574 2189 1631 Β
2220 1582 2247 1610 ‹‹
2280 1559 2595 1625 Quomodo
2639 1559 3026 1615 obscuratum
3056 1560 3147 1614 est
3190 1572 3428 1625 aurum,
3472 1558 3744 1611 mutatus
3793 1558 3885 1608 est

452 1648 611 1705 tione
640 1648 972 1706 Conditoris
998 1647 1124 1704 sine
1154 1649 1444 1707 felicitatis
1472 1648 1592 1706 ﬁne
1618 1656 2032 1724 permaneant,
2057 1656 2113 1709 et

452 1736 515 1793 in
540 1738 657 1794 hoc
672 1737 838 1811 quod
859 1738 1268 1795 suntconditae
1294 1743 1516 1795 aeterna
1545 1738 1864 1797 subtilitate
1886 1740 2110 1797 subsis-

455 1831 599 1884 tant.
631 1828 886 1883 Possunt
911 1826 1088 1884 etiam
1119 1844 1226 1902 per
1254 1828 1459 1898 ccelos,
1512 1834 1576 1886 ut
1619 1847 1774 1904 saepe
1823 1830 2109 1901 diximus,

454 1914 777 1973 electorum
806 1920 1034 1973 mentes
1065 1917 1317 1990 exprimi
1348 1935 1384 1974 a
1426 1917 1656 1975 cunctis
1686 1919 1929 1976 terrenis
1974 1936 2113 1977 con-

452 2005 627 2075 tagiis
656 2004 867 2061 intimo
893 2021 1098 2062 amore
1128 2022 1455 2080 suspensae.
1490 2007 1636 2064 Hinc
1664 2007 1879 2065 dicitur
1906 2027 1919 2065 :
1955 2033 1984 2060 «
2006 2014 2114 2068 No-

454 2098 577 2151 stra
608 2095 981 2152 conversatio
1009 2095 1072 2151 in
1101 2095 1264 2151 ccelis
1295 2100 1382 2153 est
1412 2096 1659 2169 (Philip.
1689 2114 1769 2169 111,
1795 2103 1907 2168 20).
1944 2122 1972 2150 ››
2001 2100 2117 2168 Qui

449 2184 795 2240 solidissimi
837 2184 1012 2256 quasi
1056 2201 1171 2241 aere
1208 2186 1339 2256 fusi
1384 2192 1545 2257 sunt,
1578 2186 1723 2260 quia
1768 2187 1846 2243 ab
1873 2187 2111 2258 integri-

448 2275 570 2329 tate
617 2276 827 2346 coeptae
879 2271 1238 2329 fortitudinis
1284 2273 1450 2332 nulla
1492 2275 1904 2334 mutabilitatis
1950 2275 2113 2332 rubi-

449 2361 586 2433 gine
617 2365 1075 2419 consumuntur.
1110 2363 1418 2436 Sequitur:

520 2454 690 2508 Vnus.
735 2454 820 2507 19.
857 2450 1108 2508 Ostende
1151 2451 1318 2508 nobis
1347 2455 1494 2525 quid
1542 2455 1811 2512 dicamus
1842 2457 1940 2511 ei:
1985 2456 2109 2511 Nos

450 2542 670 2613 quippe
696 2541 956 2597 involuti
976 2541 1249 2597 tenebris.
1268 2573 1339 2582 —
1358 2546 1440 2598 Ac
1462 2543 1510 2598 si
1530 2543 1719 2601 dicat:
1744 2547 1827 2601 Tu
1852 2544 1956 2618 qui
1974 2545 2109 2616 jam

449 2644 678 2699 magna
700 2626 1098 2699 intelligentia:
1126 2628 1258 2685 luce
1278 2630 1616 2703 perfrueris,
1641 2632 1855 2689 docere
1872 2649 1984 2689 nos
2005 2633 2111 2707 qui

448 2715 802 2789 ignorantiae
833 2715 1092 2774 tenebris
1130 2718 1494 2777 involvimur
1535 2719 1740 2778 debes.
1796 2721 1928 2790 Qui,
1965 2738 2110 2779 mox

446 2807 529 2864 ab
557 2805 829 2863 irrisione
856 2805 1147 2876 resiliens,
1175 2807 1563 2881 despiciendo
1584 2810 1716 2882 subj
1727 2809 1896 2882 ungit
1927 2830 1939 2868 :

525 2898 688 2952 Vens.
718 2899 810 2952 20.
852 2896 995 2964 Quis
1026 2905 1240 2954 narrat
1280 2902 1335 2954 ei
1371 2915 1505 2970 quae
1552 2900 1811 2972 loquor?
1848 2930 1917 2941 --
1946 2901 2030 2956 Ac
2061 2901 2111 2956 si

446 2989 651 3059 aperte
680 2984 876 3042 dicat:
907 2987 1050 3052 Quae
1079 3000 1214 3058 ego,
1242 2987 1292 3043 ei
1322 2987 1399 3044 de
1433 2988 1557 3046 suis
1602 2988 1888 3047 laudibus
1938 2994 2109 3047 acute

448 3077 712 3133 sentiens
737 3090 861 3132 non
886 3077 1073 3145 audit,
1127 3077 1396 3151 eloquor,
1428 3080 1532 3152 qui
1559 3079 1689 3136 haec
1716 3096 1981 3151 narrare,
2012 3081 2110 3138 vel

447 3171 778 3240 postquam
809 3166 1084 3238 audierit,
1116 3168 1357 3239 potest?
1388 3170 1702 3241 Sequitur:
1734 3172 1996 3228 Etiamsi
2024 3173 2109 3229 lo-

446 3264 621 3314 cutus
642 3259 835 3326 fuerit
859 3258 1051 3325 homo,
1085 3257 1490 3314 devorabitur.
1515 3292 1584 3300 —
1605 3260 1794 3316 Omne
1825 3260 1993 3334 quod
2011 3260 2113 3318 ali-

444 3346 596 3418 quid
623 3345 873 3401 devorat
894 3345 1010 3400 hoc
1038 3345 1330 3402 introrsus
1360 3348 1603 3404 trahens
1630 3347 1709 3405 ab
1750 3350 2110 3407 intuentium

446 3434 639 3492 oculis
666 3433 943 3502 occultat,
976 3437 1033 3489 et
1058 3449 1208 3505 rem,
1240 3452 1376 3509 quae
1422 3436 1612 3493 videri
1654 3438 1967 3511 superﬁcie
2005 3456 2113 3513 po-

448 3525 577 3592 tuit,
625 3524 688 3580 in
732 3522 1107 3596 profundum
1149 3525 1326 3597 rapit.
1376 3528 1565 3582 Homo
1618 3526 1816 3599 igitur,
1850 3543 1990 3584 cum
2037 3528 2112 3585 de

451 3615 571 3669 Deo
601 3616 756 3668 tacet
781 3626 890 3685 per
915 3611 1210 3669 rationem
1257 3612 1320 3668 in
1358 3628 1481 3686 qua
1523 3618 1611 3671 est
1662 3615 1938 3672 conditus
1980 3631 2112 3673 esse

452 3698 679 3774 aliquid
707 3700 957 3757 videtur.
990 3705 1062 3757 At
1091 3700 1141 3757 si
1170 3701 1400 3776 aliquid
1419 3702 1494 3759 de
1524 3704 1644 3760 Deo
1674 3704 1842 3778 loqui
1870 3706 2114 3779 coeperit

448 3790 607 3848 illico
632 3806 820 3865 quam
850 3790 998 3847 nihil
1026 3791 1100 3848 sit
1123 3792 1475 3865 ostenditur,
1506 3794 1651 3868 quia
1679 3795 2112 3867 magnitudinis

448 3880 606 3938 illius
633 3880 1032 3938 immensitate
1060 3880 1402 3953 devoratur,
1434 3887 1492 3940 et
1534 3885 1710 3956 quasi
1756 3884 1818 3941 in
1862 3885 2113 3959 profun-

330 4002 333 4007 -
446 3969 597 4028 dum
626 3976 836 4044 raptus
867 3970 1275 4041 absconditur,
1308 3972 1452 4046 quia
1473 3972 1587 4030 fari
1615 3973 1982 4031 ineffabilem
2013 3991 2114 4032 cu-

446 4062 644 4136 piens,
701 4063 837 4134 ipsa
882 4077 1008 4117 suae
1037 4061 1392 4132 ignorantiae
1444 4064 1723 4134 angustia
1768 4064 2110 4136 deglutitur.

454 4150 567 4209 Sed
597 4166 733 4206 ecce
759 4151 1052 4206 aeternitas
1079 4155 1218 4208 tunc
1265 4152 1613 4208 hominibus
1655 4168 1790 4208 vere
1832 4152 2111 4224 innotuit,

2219 1648 2382 1705 color
2410 1649 2717 1722 optimus?
2740 1672 2767 1699 »
2803 1648 3050 1720 (Thren.
3080 1663 3161 1714 Iv,
3198 1647 3273 1717 t.)
3302 1646 3394 1702 Ab
3423 1644 3707 1718 aquilone
3736 1657 3881 1713 ergo

2219 1754 2435 1796 aurum
2464 1738 2666 1803 venire
2691 1737 2925 1805 dicitur,
2957 1737 3101 1810 quia
3134 1748 3242 1808 per
3286 1722 3625 1808 respectum
3674 1733 3880 1804 gratia:

2218 1829 2629 1902 Redemptoris
2662 1844 2699 1886 a
2731 1828 3052 1899 gentilitate
3081 1827 3316 1883 dudum
3343 1824 3608 1898 perﬁdia:
3638 1829 3880 1897 torpore

2216 1918 2453 1991 frigida,
2481 1919 2636 1975 intra
2666 1922 2936 1975 sanctam
2966 1916 3287 1973 Ecclesiam
3317 1912 3576 1988 pretiosa
3606 1917 3728 1969 Deo
3761 1913 3882 1968 vita

2217 2008 2487 2065 ﬁdelium
2517 2008 2960 2082 multiplicatur.
3010 2007 3153 2063 Hinc
3198 2020 3307 2078 per
3346 2004 3560 2061 Isaiam
3611 2002 3876 2059 dicitur:

2220 2120 2248 2151 ‹‹
2274 2100 2477 2156 Dicam
2503 2099 2790 2173 aquiloni,
2818 2098 3019 2154 dicam
3049 2101 3104 2153 et
3123 2099 3358 2153 austro:
3405 2093 3530 2151 Noli
3558 2093 3881 2167 prohibere

2220 2191 2364 2256 (Isa.
2387 2205 2546 2256 xun,
2571 2189 2690 2260 6).»
2714 2186 3019 2260 Sequitur:
3041 2187 3116 2242 Et
3133 2200 3171 2243 a
3192 2187 3310 2243 Deo
3329 2183 3725 2255 formidolosa
3755 2184 3883 2240 lau-

2218 2280 2401 2336 datio.
2427 2311 2496 2319 —
2517 2278 2609 2334 Sic
2636 2277 2796 2334 enim
2823 2293 2859 2334 a
2880 2279 3000 2333 Deo
3022 2275 3255 2347 dicitur,
3280 2291 3350 2331 ac
3391 2274 3439 2330 si
3460 2274 3539 2330 ab
3558 2274 3653 2329 his
3683 2277 3789 2347 qui
3820 2273 3883 2329 in

2217 2372 2385 2441 parte
2407 2368 2507 2424 Dei
2524 2372 2682 2439 sunt,
2710 2367 2772 2423 id
2793 2371 2899 2434 est,
2923 2365 3202 2422 ﬁdelibus
3222 2364 3546 2421 diceretur:
3581 2365 3746 2419 Auro
3776 2362 3882 2433 lgi-

2217 2462 2313 2514 tur
2333 2457 2411 2513 ab
2424 2455 2703 2530 aquilone
2718 2456 3011 2519 veniente,
3027 2470 3062 2511 a
3072 2456 3193 2510 Deo
3206 2452 3596 2511 formidolosa
3611 2451 3882 2508 laudatio

2218 2545 2457 2619 prodiit,
2513 2544 2673 2617 quia,
2712 2543 2861 2600 dum
2901 2542 3227 2600 claritatem
3256 2559 3380 2599 suae
3416 2540 3558 2597 ﬁdei
3585 2541 3884 2611 gentilitas

2219 2634 2480 2706 abstulit,
2506 2633 2823 2690 multitudo
2841 2633 3226 2689 Hebrmorum
3253 2630 3521 2688 ﬁdelium
3550 2630 3759 2687 divina
3783 2631 3882 2702 ju-

2218 2723 2375 2781 dicia
2423 2722 2908 2798 pertimescenda
2951 2722 3239 2779 laudavit.
3298 2720 3411 2778 Sed
3458 2719 3774 2794 quomodo
3802 2719 3882 2776 ab

2219 2815 2500 2889 aquilone
2512 2830 2729 2871 aurum
2744 2813 2962 2886 veniat,
2977 2811 3289 2886 quomodo
3306 2811 3383 2867 ab
3396 2810 3491 2867 his
3511 2811 3616 2884 qui
3628 2809 3743 2866 sub
3763 2813 3883 2867 Deo

2146 2930 2188 2987 ρ
2219 2910 2377 2971 sunt,
2432 2903 2820 2960 formidolosa
2874 2901 3141 2958 laudatio
3189 2904 3484 2974 erumpat,
3528 2899 3662 2973 ipsa
3701 2899 3882 2957 nobis

2216 2994 2463 3051 historia
2475 2993 2627 3050 sacri
2653 2992 2874 3066 eloquii
2899 2993 3190 3058 ostendat,
3219 2990 3323 3047 ubi
3353 2989 3428 3046 de
3459 2989 3712 3047 Cornelii
3742 3006 3884 3046 con-

2215 3082 2485 3139 versione
2514 3085 2735 3139 narrat.
2760 3082 2872 3138 Sed
2892 3078 3112 3137 idcirco
3143 3078 3443 3135 conversis
3476 3078 3778 3148 gentibus,
3804 3077 3883 3135 ab

2217 3170 2479 3229 Hebraeis
2504 3172 2633 3242 jam
2681 3169 2960 3226 ﬁdelibus
3003 3167 3390 3226 formidolosa
3431 3166 3700 3224 laudatio
3751 3182 3885 3240 pro-

2219 3261 2344 3328 diit,
2363 3260 2507 3334 quia
2523 3258 2808 3315 nimirum
2824 3259 2980 3330 juste
3000 3257 3206 3314 Judaaa
3226 3256 3468 3330 repulsa
3487 3261 3596 3327 est,
3609 3255 3763 3312 dum
3783 3256 3884 3329 pia

2220 3356 2311 3408 est
2339 3349 2634 3423 gentilitas
2654 3351 2885 3417 vocata,
2917 3352 2976 3404 et
3016 3347 3242 3404 damna
3275 3362 3397 3403 suae
3426 3346 3788 3420 repulsionis
3810 3346 3882 3403 ti-

2219 3439 2391 3509 muit,
2414 3440 2561 3495 dum
2590 3438 2757 3496 lucra
2785 3437 2993 3494 alienae
3023 3437 3356 3494 vocationis
3380 3435 3541 3492 vidit.
3560 3436 3879 3509 Sequitur:

2290 3530 2457 3585 Vens.
2490 3532 2581 3585 23.
2610 3528 2802 3599 Digne
2826 3543 2957 3585 eum
2984 3527 3253 3583 invenire
3292 3541 3411 3582 non
3442 3539 3784 3595 possumus.
3816 3557 3882 3567 —

2221 3619 2290 3673 Et
2320 3616 2370 3672 si
2397 3616 2801 3688 invenirejam
2834 3617 3024 3672 Deum
3064 3629 3413 3689 possumus,
3458 3629 3581 3670 non
3625 3618 3752 3669 tam
3792 3613 3881 3669 di-

2223 3722 2360 3779 gne,
2385 3706 2530 3779 quia
2550 3704 2716 3779 quod
2744 3706 2805 3762 in
2834 3704 2934 3761 illo
2962 3704 3271 3775 sentimus,
3304 3719 3377 3759 ex
3422 3703 3560 3769 ﬁde,
3602 3703 3881 3759 nondum

2222 3812 2296 3853 ex
2323 3795 2539 3869 specie.
2575 3795 2851 3867 Sequitur
2883 3812 2896 3850 :
2936 3794 3195 3865 Magnus
3215 3792 3578 3863 fortitudine
3615 3798 3671 3849 et
3709 3792 3881 3863 judi-

2222 3888 2333 3951 cio,
2365 3892 2421 3943 et
2442 3887 2709 3957 justitia,
2742 3891 2795 3942 et
2827 3885 3112 3942 enarrari
3136 3900 3257 3941 non
3278 3889 3490 3953 potest.
3524 3914 3592 3922 —
3620 3882 3883 3954 Magnus

2221 3975 2447 4049 quippe
2477 3978 2565 4031 est
2588 3974 2969 4045 fortitudine,
3010 3974 3154 4047 quia
3206 3971 3420 4029 fortem
3468 3972 3882 4029 adversarium

2223 4068 2486 4137 superat,
2513 4067 2572 4120 et
2599 4062 2674 4119 de
2703 4062 2887 4120 domo
2925 4062 3081 4118 illius
3109 4076 3255 4119 vasa
3302 4061 3675 4118 contumeliae
3720 4060 3882 4118 aufe.

2221 4170 2384 4223 rens,
2414 4154 2475 4209 in
2494 4152 2916 4210 misericordiae
2936 4167 3083 4208 vasa
3105 4155 3423 4225 permutat.
3448 4154 3695 4222 Magnus
3715 4152 3884 4221 judi-

452 4255 592 4296 cum
620 4255 684 4294 se
712 4239 796 4294 eis
825 4239 1199 4297 humanitate
1252 4244 1530 4313 suscepta
1567 4242 1936 4309 monstravit,
1979 4258 2115 4314 quae
2142 4287 2186 4316 η
2224 4245 2335 4315 cio,
2361 4243 2525 4316 quia,
2558 4243 2664 4300 etsi
2689 4243 2785 4299 hic
2815 4241 3030 4298 electos
3071 4256 3214 4298 suos
3252 4254 3360 4314 per
3404 4241 3661 4297 adversa
3690 4240 3884 4314 depri-

452 4328 598 4400 quia
633 4327 896 4383 necdum
944 4327 1208 4385 revelata
1236 4328 1448 4398 fuerat,
1478 4330 1554 4386 de
1583 4329 1811 4386 eisdem
1863 4330 2118 4387 homini-

450 4416 568 4472 bus
595 4421 751 4473 recte
783 4415 1167 4488 subjungitur
1200 4435 1212 4472 :

527 4510 693 4564 Vsus.
723 4506 814 4564 21.
841 4506 929 4563 At
954 4522 1115 4564 nunc
1144 4523 1264 4563 non
1292 4507 1495 4565 vident
1520 4506 1734 4575 lucem,
1767 4513 1849 4567 De
1878 4524 2001 4584 qua
2022 4510 2116 4567 ni-

454 4597 678 4655 mirum
715 4597 896 4655 etiam
947 4611 1055 4671 per
1084 4596 1445 4671 prophetam
1484 4596 1739 4655 dicitur:
1791 4622 1819 4649 «
1851 4598 2117 4672 Populus

454 4686 559 4762 qui
589 4686 836 4745 sedebat
862 4686 925 4743 in
950 4687 1212 4744 tenebris
1247 4686 1393 4745 vidit
1414 4687 1613 4745 lucem
1654 4703 1943 4761 magnam
1973 4689 2114 4762 (Isa.

453 4778 624 4847 ix,2).
648 4799 675 4827 ››
712 4777 1031 4850 Sequitur:
1085 4777 1294 4835 Subito
1321 4785 1566 4850 cogetur
1603 4792 1729 4850 aer,
1782 4786 2026 4852 cogetur
2053 4781 2117 4836 in

456 4866 658 4921 nubes.
689 4898 756 4906 —
786 4871 897 4921 Aer
919 4866 1142 4940 quippe
1172 4866 1253 4923 ita
1285 4883 1397 4923 sua
1441 4867 1579 4940 ipsa
1616 4867 1900 4925 tenuitate
1947 4882 2116 4943 spar-

457 4953 633 5024 gitur,
662 4958 728 5009 ut
773 4954 941 5011 nulla
987 4954 1267 5012 ﬁrmitate
1317 4955 1621 5028 solidetur,
1671 4958 1866 5014 nubes
1915 4963 2117 5016 autem

454 5044 620 5099 tanto
647 5041 941 5099 ﬁrmiores
973 5046 1111 5100 sunt
1137 5047 1366 5118 quanto
1410 5042 1739 5103 densiores.
1773 5046 1925 5112 Quid
1974 5061 2117 5119 ergo

452 5146 562 5205 per
591 5144 813 5204 aerem,
842 5131 962 5188 nisi
999 5136 1230 5189 mentes
1260 5132 1639 5191 saecularium
1683 5135 2118 5208 designantur?

450 5222 594 5287 Quae
620 5221 950 5279 innumeris
980 5221 1162 5294 hujus
1189 5220 1325 5278 vita;
1357 5220 1666 5281 desideriis
1707 5223 1948 5295 deditte,
1996 5225 2116 5281 huc

448 5309 710 5385 illucque
738 5328 907 5369 more
935 5310 1088 5368 acris
1112 5310 1314 5367 ﬂuidae
1354 5310 1800 5387 disperguntur.
1856 5312 1970 5370 Sed
2011 5328 2117 5370 aer

452 5400 515 5453 in
559 5402 740 5456 nubes
769 5404 1024 5474 cogitur,
1071 5416 1209 5457 cum
1242 5401 1419 5459 ﬂuxae
1465 5408 1693 5460 mentes
1733 5419 1840 5476 per
1871 5404 2115 5476 superni

450 5492 756 5560 respectus
787 5492 1038 5559 gratiam
1064 5491 1293 5548 virtutis
1322 5491 1616 5549 soliditate
1642 5492 2025 5561 roborantur,
2049 5496 2115 5548 ut

525 5578 639 5649 (61)
666 5577 766 5634 Hic
791 5577 989 5637 deﬁcit
1018 5580 1267 5654 aliquod
1290 5579 1566 5639 verbum.

2223 4333 2350 4401 mit,
2382 4333 2493 4387 hos
2523 4331 2892 4405 quandoque
2922 4331 2985 4386 in
3014 4329 3203 4401 gloria
3243 4334 3477 4387 aeterna:
3514 4330 3883 4403 prosperita-

2222 4421 2298 4478 tis
2324 4421 2565 4478 extollit.
2598 4423 2845 4492 Magnus
2871 4421 3130 4492 iustitia,
3164 4420 3326 4494 quia,
3362 4419 3471 4477 etsi
3512 4419 3610 4476 hic
3652 4419 3762 4475 diu
3803 4424 3885 4476 to-

2221 4509 2391 4581 lerat,
2449 4510 2817 4583 quandoque
2871 4514 3072 4566 tamen
3113 4508 3254 4581 sinej
3280 4510 3533 4566 termino
3586 4508 3882 4582 reprobos

2223 4600 2492 4656 damnat.
2524 4600 2834 4657 Enarrari
2859 4614 2979 4656 non
3026 4604 3241 4669 potest,
3283 4599 3488 4655 sentiri
3530 4597 3715 4670 digne
3762 4614 3885 4655 non

2221 4689 2398 4758 valet,
2426 4693 2655 4762 quanto
2682 4688 2884 4744 minus
2909 4687 3069 4743 dici?
3100 4688 3213 4745 Sed
3237 4687 3451 4744 melius
3491 4687 3634 4744 hinc
3675 4692 3886 4744 utcun-

2223 4792 2342 4853 que
2372 4777 2647 4848 dicimus,
2672 4778 2719 4833 si
2742 4777 2855 4833 sub
2884 4776 3375 4834 considerationis
3406 4779 3537 4850 ejus
3564 4776 3883 4833 formidine

2224 4866 2584 4924 admirando
2612 4869 2944 4923 taceamus.
2977 4866 3253 4939 Sequitur
3281 4884 3292 4922 :

2298 4959 2466 5013 Vnus.
2481 4957 2576 5013 24.
2600 4957 2738 5013 ideo
2758 4956 3044 5013 timebunt
3062 4971 3193 5014 eum
3215 4956 3352 5024 viri,
3367 4963 3423 5014 et
3438 4972 3555 5013 non
3576 4954 3883 5013 audebunt

2223 5046 2622 5117 contemplari
2640 5061 2839 5103 omnes
2864 5048 2971 5119 qui
2987 5045 3102 5103 sibi
3128 5046 3411 5103 videntur
3427 5060 3549 5102 esse
3566 5046 3883 5116 sapientes.

2221 5137 2424 5192 —Hoc
2437 5134 2571 5192 loco
2588 5135 2715 5192 Eliu
2733 5151 2834 5193 eos
2847 5134 2952 5209 qui
2969 5134 3047 5191 ad
3074 5133 3525 5209 intelligentiam
3542 5139 3685 5191 sunt
3704 5134 3885 5192 fortes

2222 5222 2501 5299 appellat,
2530 5227 2587 5281 et
2611 5224 2951 5281 notandum
2970 5223 3138 5296 quod
3166 5239 3288 5281 non
3318 5225 3418 5282 ait.
3453 5227 3521 5281 Et
3544 5238 3670 5280 non
3696 5223 3884 5281 aude—

2220 5312 2373 5370 bunt
2393 5312 2785 5387 contemplari
2802 5312 3118 5385 sapientes,
3151 5313 3374 5387 quibus
3392 5312 3667 5370 videlicet
3683 5312 3884 5370 verbis

2220 5404 2441 5477 peritos
2462 5403 2728 5476 quidem,
2749 5403 2855 5458 sed
2879 5405 3375 5475 arrogantes(6t).
3413 5404 3537 5460 Eliu
3567 5418 3712 5473 ergo
3738 5402 3882 5459 dum

2221 5493 2411 5549 multa
2427 5492 2650 5548 fortiter
2670 5492 2863 5562 sentit,
2886 5492 2947 5548 in
2967 5492 3282 5550 locutionis
3300 5510 3424 5551 suae
3441 5494 3564 5550 ﬁne
3588 5509 3652 5548 se
3674 5491 3880 5563 tetigit.
