4112 6152
244 164 341 221 429

902 159 906 163 ’
999 157 1307 215 EPITOME
1345 156 1709 214 MOBALIUM
1748 156 1804 212 S.
1846 155 2049 211 GREG.
2092 158 2158 211 IN
2197 156 2339 211 JOB.
2374 186 2441 197 -η
2475 156 2601 211 LIB.
2633 156 2869 213 XXVIII.

3533 158 3640 211 4‘30

241 284 346 341 Viri
374 297 630 354 namque
650 285 999 353 arrogantes
1028 285 1087 338 et
1106 280 1266 337 docti
1293 297 1434 337 cum
1459 284 1614 336 recte
1637 295 1758 335 non
1780 279 1867 335 vi-
1897 282 1946 335 Λ
1975 278 2119 352 quia
2139 282 2304 335 tanto
2334 279 2413 335 ab
2442 280 2571 350 ejus
2601 280 2779 349 longe
2807 282 2968 348 sunt,
2987 282 3215 352 quanto
3241 278 3404 351 apud
3434 283 3644 335 semet-

242 376 399 443 vunt,
429 371 528 429 sed
559 376 762 429 tamen
780 375 939 428 recta
967 370 1161 427 dicere
1194 368 1480 426 doctrinae
1510 367 1880 442 impulsioni-

239 463 349 519 bus
395 460 844 533 compelluntur,
896 459 1008 532 ipsi
1055 458 1461 516 damnationis
1509 474 1632 513 sua;
1676 458 1879 530 aliquo

241 550 416 609 modo
457 565 758 623 praecones
801 549 970 606 ﬁunt.
1003 547 1406 621 Contemplari
1451 548 1612 603 enim
1664 547 1763 603 Dei
1792 563 1883 603 sa-

239 640 511 714 pientiam
557 642 878 711 nequeunt,
927 638 1032 712 qui
1080 638 1192 695 sibi
1242 637 1540 711 sapientes
1582 637 1875 709 videntur,

1986 370 2151 442 ipsos
2176 370 2435 426 humiles
2474 385 2597 426 non
2624 374 2783 441 sunt,
2814 370 2959 442 quia
2999 370 3062 425 in
3101 386 3310 425 eorum
3345 368 3647 426 mentibus

1988 458 2135 515 dum
2166 464 2366 515 tumor
2401 458 2671 515 elationis
2718 459 2944 527 crescit,
2978 459 3169 515 aciem
3204 457 3647 531 contemplatio-

1989 548 2083 604 nis
2115 550 2338 619 candit,
2353 554 2409 605 et
2438 549 2594 605 unde
2612 565 2673 605 se
2695 548 2891 604 lucere
2921 564 3043 620 prae
3074 550 3298 605 caeteris
3328 548 3645 615 aestimant,

1987 638 2127 694 inde
2155 653 2218 695 se
2243 655 2279 695 a
2307 637 2533 694 lumine
2563 638 2823 695 veritatis
2850 637 3107 710 privant.

1141 1088 1476 1179 LIBER
1562 1090 2152 1179 VICESIMUS
2226 1091 2744 1180 OCTAVUS.

1739 1280 2149 1293 ῃ*-

782 1428 1018 1486 CAPUT
1054 1431 1324 1487 XXXVIII.

300 1519 461 1573 Vsns.
498 1521 551 1573 1.
582 1518 962 1587 Respondeas
990 1525 1189 1577 autem
1208 1521 1496 1576 Dominus
1519 1520 1632 1577 Job
1658 1521 1733 1577 de
1756 1526 1885 1577 tur-

232 1606 379 1673 bine,
405 1607 586 1664 dixit.
616 1638 686 1647 —
712 1606 889 1664 Aliter
918 1608 1079 1664 enim
1109 1608 1397 1666 Dominus
1437 1611 1623 1665 servis
1652 1610 1776 1665 suis
1803 1610 1886 1665 lo-

227 1693 449 1767 quitur,
480 1711 621 1751 cum
662 1710 766 1752 eos
805 1695 1163 1753 intrinsecus
1206 1714 1314 1770 per
1360 1699 1888 1770 compunctionem

227 1788 569 1856 promovet;
610 1783 797 1852 aliter,
827 1802 969 1843 cum
1000 1802 1106 1858 per
1127 1786 1577 1851 districtionem,
1608 1804 1684 1844 ne
1707 1787 1888 1845 extol-

224 1871 447 1941 lantur,
473 1872 707 1946 premit.
762 1878 826 1930 In
864 1873 965 1931 illa
1002 1875 1163 1931 enim
1207 1875 1380 1932 discit
1425 1877 1588 1948 quod
1625 1881 1888 1949 appetat,

222 1960 287 2017 in
324 1961 442 2018 ista
486 1961 653 2034 quod
683 1966 929 2019 metuat.
959 1962 1109 2026 Quia
1143 1963 1305 2020 enim
1333 1964 1744 2021 humiliandus
1767 1969 1895 2021 erat

225 2048 444 2106 beatus
486 2049 618 2119 Job,
651 2050 778 2122 qui,
827 2054 1160 2121 prostratus
1190 2051 1512 2118 ulceribus,
1546 2052 1631 2108 sic
1673 2052 1897 2109 virtuti-

223 2137 344 2194 bus
371 2135 590 2205 stabat,
621 2152 698 2193 ne
725 2137 1217 2202 robustissimum
1244 2145 1453 2211 pectus
1472 2140 1604 2210 ejus
1626 2139 1895 2197 elationis

228 2223 346 2281 tela
370 2224 780 2294 confoderent,
808 2226 977 2299 quod
1001 2226 1322 2284 constabat
1360 2232 1517 2285 certe
1545 2228 1690 2301 quia
1731 2228 1896 2285 illata

220 2312 478 2370 vulnera
516 2329 639 2371 non
687 2313 988 2382 vicissent,
1021 2314 1076 2370 ei
1104 2314 1369 2387 profecto
1417 2316 1706 2373 Dominus
1728 2316 1895 2390 loqui

222 2400 301 2457 de
326 2400 568 2458 turbine
590 2402 956 2475 perhibetur.
978 2403 1299 2461 Sciendum
1321 2408 1608 2477 preterea
1625 2406 1894 2477 estquod

221 2493 284 2550 in
309 2493 558 2552 duobus
586 2494 786 2552 modis
835 2494 1054 2553 locutio
1093 2495 1296 2552 divina
1341 2496 1743 2566 distinguitur.
1778 2501 1896 2556 Aut

222 2597 333 2655 per
381 2581 773 2656 semetipsum
821 2598 1087 2655 namque
1131 2583 1420 2641 Dominus
1458 2584 1743 2658 loquitur,
1791 2591 1896 2643 aut

222 2685 332 2743 per
358 2675 701 2728 creaturam
726 2669 992 2742 aliquam
1022 2671 1151 2742 ejus
1175 2671 1253 2728 ad
1279 2687 1392 2729 nos
1422 2673 1606 2730 verba
1626 2674 1891 2731 forman-

1914 1433 1958 1485 B
1996 1433 2171 1488 nibus
2192 1434 2481 1503 imperitis
2503 1436 2531 1487 ?
2560 1463 2627 1471 —
2650 1429 2795 1496 Quis
2826 1433 2914 1485 est
2941 1430 3048 1485 iste
3079 1444 3204 1485 non
3233 1427 3509 1495 dicimus,
3541 1428 3656 1485 nisi

1994 1521 2069 1576 de
2099 1538 2170 1577 eo
2195 1523 2401 1595 utique
2429 1537 2616 1594 quem
2649 1518 2973 1575 nescimus.
3005 1518 3162 1575 Scire
3193 1522 3394 1575 autem
3428 1517 3529 1574 Dei
3558 1533 3661 1590 ap-

1993 1611 2252 1684 probare
2282 1616 2406 1679 est;
2449 1610 2677 1666 nescire
2719 1608 3061 1681 reprobare.
3098 1606 3262 1663 Unde
3293 1606 3660 1679 quibusdam

1995 1715 2149 1774 quos
2195 1700 2497 1774 reprobat,
2544 1698 2723 1755 dicit:
2773 1718 2801 1747 «
2829 1695 3035 1752 Nescio
3089 1712 3199 1751 vos
3241 1695 3484 1763 (Matth.
3524 1711 3659 1764 xxv,

1999 1792 2117 1863 t2):
2150 1814 2177 1842 »
2225 1791 2286 1846 in
2316 1807 2388 1847 eo
2418 1806 2557 1846 vero
2605 1787 2772 1860 quod
2811 1785 3158 1853 sententias,
3190 1789 3250 1841 et
3276 1800 3401 1841 non
3431 1783 3664 1841 addidit

1996 1880 2227 1953 quales,
2250 1880 2444 1937 bonas
2476 1878 2678 1951 utique
2711 1877 3062 1949 accipimus,
3086 1892 3243 1948 quas
3273 1875 3517 1947 quidem
3551 1876 3661 1932 im-

1993 1969 2206 2038 peritis
2253 1967 2512 2024 asseritis
2559 1965 2925 2022 sermonibus
2960 1963 3277 2032 involutas,
3332 1964 3479 2036 quia
3521 1978 3662 2021 cum

1999 2055 2196 2113 verbis
2213 2057 2515 2127 jactantiae
2539 2054 2780 2110 fuerunt
2804 2053 3073 2126 prolatae.
3099 2051 3413 2125 lmperitiae
3437 2052 3663 2125 quippe

2000 2143 2212 2200 vitium
2235 2147 2343 2215 est,
2373 2146 2606 2199 rectum
2634 2158 2759 2198 non
2786 2146 2944 2198 recte
2974 2157 3205 2213 sapere,
3236 2141 3296 2196 id
3327 2145 3435 2209 est,
3461 2140 3661 2197 caeles-

2004 2238 2060 2291 te
2087 2233 2319 2290 donum
2348 2233 2427 2289 ad
2471 2232 2802 2306 appetitum
2854 2236 3100 2287 terrenae
3128 2230 3326 2286 laudis
3358 2230 3663 2286 inclinare.

2007 2323 2166 2380 Sicut
2194 2321 2514 2395 Apostolus
2569 2321 2681 2377 ait:
2735 2319 2848 2376 «Si
2891 2318 3027 2391 quis
3076 2334 3138 2373 se
3191 2317 3490 2373 existimat
3519 2317 3668 2373 scire

2003 2410 2251 2484 aliquid,
2282 2410 2557 2466 nondum
2604 2407 2881 2479 cognovit
2934 2405 3456 2479 quemadmodum
3497 2421 3671 2478 opor-

2000 2504 2120 2557 teat
2148 2516 2289 2556 eum
2314 2500 2464 2555 scire
2495 2500 2550 2571 (Ι
2577 2499 2715 2554 Cor.
2740 2513 2860 2568 vui,
2892 2501 3008 2565 2).»
3043 2495 3356 2568 Sequitur:

2073 2591 2246 2646 Vens.
2275 2594 2326 2646 3.
2365 2589 2628 2659 Accinge
2665 2588 2819 2642 sicut
2866 2587 2959 2642 vir
3006 2586 3233 2641 lumbos
3264 2592 3415 2641 tuos.
3448 2617 3518 2629 ——
3547 2585 3669 2642 Viri

2000 2680 2287 2738 nimirum
2314 2683 2475 2749 sunt,
2499 2678 2603 2751 qui
2624 2677 2749 2734 vias
2772 2674 3008 2732 Domini
3034 2675 3287 2732 fortibus
3320 2680 3378 2732 et
3403 2691 3528 2733 non
3547 2675 3669 2732 dis-

224 2762 336 2816 tur.
374 2758 494 2817 Sed
524 2775 666 2816 cum
693 2774 800 2831 per
827 2759 1219 2833 semetipsum
1247 2760 1532 2833 loquitur,
1563 2763 1691 2820 sola
1718 2764 1894 2820 nobis
1923 2779 1965 2834 c
2002 2768 2215 2825 solutis
2267 2767 2574 2838 gressibus
2623 2769 2976 2839 sequuntur,
3031 2769 3097 2820 ut
3136 2764 3318 2822 illud:
3366 2788 3397 2817 α
3421 2765 3669 2825 Viriliter

222 2847 280 2905 vi
328 2848 586 2907 internae
636 2848 1047 2922 inspirationis
1096 2850 1379 2922 aperitur,
1412 2851 1717 2925 verboque
1764 2854 1895 2925 ejus

221 2936 351 2995 sine
411 2937 619 2995 verbis
677 2954 749 2994 ac
796 2937 1047 3009 syllabis
1097 2953 1202 2995 cor
1251 2938 1518 2996 docetur.
1579 2942 1681 2998 Dei
1734 2943 1896 2998 enim

217 3025 467 3096 locutio,
499 3027 588 3085 ad
638 3042 752 3083 nos
798 3026 1157 3085 intrinsecus
1209 3027 1386 3098 facta,
1417 3029 1651 3087 videtur
1697 3032 1896 3103 potius

218 3132 409 3190 quam
441 3114 711 3175 auditur.
745 3114 897 3171 Cum
942 3115 1105 3173 enim
1153 3132 1260 3188 per
1289 3116 1574 3187 angelum
1602 3120 1895 3176 Dominus

217 3206 607 3265 voluntatem
642 3220 822 3262 suam
863 3204 1108 3273 indicat,
1140 3204 1472 3278 aliquando
1513 3225 1651 3266 eam
1680 3210 1894 3279 verbis,

212 3294 567 3368 aliquando
620 3293 803 3351 rebus
860 3292 1275 3361 demonstrat;
1323 3295 1543 3358 verbis.
1600 3302 1667 3354 ut
1714 3298 1893 3355 illud:

216 3387 342 3442 «Et
386 3381 744 3453 clariﬁcavi,
790 3386 851 3441 et
899 3382 1114 3440 iterum
1166 3382 1507 3441 clariﬁcabo
1555 3386 1754 3457 (Joan.
1792 3404 1895 3460 xu,

216 3475 342 3545 28);
364 3496 396 3524 υ
440 3472 660 3540 rebus,
693 3476 757 3528 ut
809 3470 1092 3539 Ezechiel,
1128 3472 1235 3544 qui
1282 3472 1367 3529 nil
1408 3474 1604 3531 verbis
1651 3475 1895 3547 audivit,

219 3561 427 3621 electri
458 3566 670 3620 tamen
691 3559 953 3633 speciem
975 3559 1037 3618 in
1061 3561 1263 3619 medio
1292 3561 1445 3633 ignis
1472 3563 1637 3621 vidit.
1671 3568 1736 3621 In
1764 3565 1897 3638 qui-

214 3651 336 3709 bus
352 3652 571 3724 itaque
600 3649 881 3708 Mediator
903 3648 1005 3706 Dei
1019 3653 1078 3706 et
1089 3649 1407 3707 hominum
1431 3651 1894 3723 demonstratur,

216 3740 568 3815 aliquando
596 3738 796 3796 verbis
843 3738 1023 3796 simul
1062 3742 1121 3797 et
1147 3739 1350 3809 rebus,
1381 3744 1448 3797 ut
1473 3740 1650 3798 illud:
1695 3766 1723 3794 ‹‹
1749 3746 1896 3801 Cum

210 3831 507 3890 audisset
532 3829 729 3888 Adam
748 3844 962 3887 vocem
984 3829 1222 3887 Domini
1250 3830 1351 3886 Dei
1376 3830 1822 3890 deambulantis
1837 3833 1900 3889 in

213 3919 523 3994 paradiso
560 3918 645 3976 ad
692 3932 909 3974 auram
950 3922 1087 3990 post
1127 3917 1512 3987 meridiem,»
1560 3924 1620 3976 et
1668 3920 1901 3994 reliqua

2004 2857 2159 2928 agite
2188 2856 2377 2928 (Paul.
2409 2872 2546 2923 xxx,
2575 2856 2689 2926 25).
2720 2877 2746 2903 η
2794 2857 2861 2909 Et
2905 2853 2968 2908 in
2998 2853 3354 2909 Proverbiis.
3404 2876 3433 2905 ‹‹
3456 2856 3502 2911 Ο
3534 2853 3665 2926 viri,

2005 2946 2084 3002 ad
2112 2961 2221 3001 vos
2253 2943 2495 3000 clamito
2524 2944 2730 3011 (Prov.
2763 2958 2887 3008 vni,
2918 2941 2993 3012 4).
3020 2964 3050 2991 ››
3090 2941 3352 2997 Lumbos
3396 2957 3540 2998 vero
3567 2958 3668 2999 ac-

2005 3035 2242 3105 cingere
2266 3037 2375 3100 est,
2405 3030 2501 3087 vel
2544 3032 2606 3086 in
2654 3045 2835 3102 opere
2864 3029 3188 3101 luxuriam,
3220 3030 3316 3085 vel
3352 3030 3413 3085 in
3442 3030 3669 3100 cogita-

2004 3124 2165 3180 tione
2214 3122 2535 3178 refrenare.
2585 3119 2732 3175 Hinc
2781 3118 2942 3174 enim
2992 3118 3283 3190 scriptum
3321 3122 3445 3174 est:
3493 3141 3521 3167 «
3546 3118 3672 3178 Sint

2004 3214 2197 3272 lumbi
2223 3212 2403 3270 vestri
2431 3209 2737 3285 praecincti
2763 3210 2930 3277 (Luc.
2962 3225 3068 3280 xu,
3098 3213 3210 3275 35).
3234 3231 3263 3259 κ
3292 3211 3468 3266 Beato
3492 3208 3671 3279 igitur

2003 3304 2114 3360 Job
2178 3300 2519 3376 praecipitur
2570 3303 2652 3367 ut,
2706 3297 3229 3371 quemadmodum
3284 3296 3452 3370 prius
3502 3297 3673 3353 luxu-

2003 3393 2160 3450 riam
2206 3390 2603 3464 corruptionis
2649 3388 2896 3457 vicerat,
2922 3404 3088 3444 nunc
3138 3388 3319 3445 etiam
3367 3388 3671 3444 luxuriam

2003 3482 2323 3553 restringat
2379 3479 2671 3537 elationis.
2734 3478 2876 3535 Hinc
2940 3494 3049 3551 per
3102 3481 3344 3551 Moysen
3413 3478 3664 3534 dicitur:

2006 3595 2036 3623 ‹‹
2059 3570 2471 3628 Circumcidite
2531 3568 2830 3643 praeputia
2873 3568 3071 3625 cordis
3128 3568 3306 3624 vestri
3359 3568 3553 3639 (Deut.
3605 3583 3666 3635 x,

2009 3666 2118 3731 t6).
2145 3682 2172 3712 »
2206 3660 2518 3733 Sequitur:
2552 3658 2945 3729 Interrogabo
2977 3664 3051 3727 te,
3082 3663 3138 3715 et
3170 3659 3460 3729 responde
3496 3658 3665 3715 mihi.

2005 3782 2075 3793 —
2098 3750 2307 3807 Tribus
2336 3748 2534 3805 modis
2560 3765 2672 3804 nos
2697 3748 2982 3803 Conditor
3019 3747 3384 3817 interrogare
3415 3764 3668 3804 consue-

2008 3839 2126 3895 vit:
2154 3854 2295 3893 cum
2325 3840 2430 3892 aut
2472 3835 2695 3905 ﬂagelli
2746 3834 3111 3890 districtione
3152 3851 3264 3890 nos
3307 3836 3580 3907 percutit,
3613 3840 3672 3892 et

2004 3931 2236 3999 quanta
2261 3924 2439 3981 nobis
2467 3923 2628 3992 insit,
2659 3922 2756 3979 vel
2778 3922 2952 3991 desit,
2983 3922 3270 3994 patientia
3300 3924 3574 3989 ostendit,
3609 3927 3672 3979 ut

204 4010 395 4084 (Gen.
430 4024 522 4074 in,
573 4008 649 4079 8).
685 4005 1028 4078 Aliquando
1076 4006 1465 4078 imaginibus,
1515 4009 1670 4065 sicut
1713 4009 1899 4066 Jacob
2008 4014 2070 4069 in
2099 4013 2276 4069 beato
2302 4011 2412 4067 Job
2442 4009 2811 4075 ostenditur;
2861 4013 2984 4075 aut,
3015 4008 3298 4080 quaedam
3335 4025 3471 4080 quae
3498 4009 3670 4064 volu-

206 4094 746 4190 wa
768 4093 999 4190 “figam
1017 4094 1324 4190 dom???”
1343 4096 1489 4190 Viqu
1508 4098 1673 4168 (θεη.
1690 4113 1894 4190 ξινιῐι,
1934 4134 1981 4190 D
2008 4117 2147 4190 mus
2174 4098 2463 4190 praecipit,
2488 4100 2846 4190 etnostram
2875 4096 3051 4151 nobis
3070 4095 3475 4190 obedientiam
3504 4100 3670 4190 pate-

208 4188 332 4261 l2).
362 4185 535 4245 sicut
558 4187 763 4242 Petrus
782 4182 1033 4241 linteum
1054 4182 1364 4256 reptilibus
1384 4184 1633 4258 plenum
1652 4187 1811 4254 (Act.
1842 4205 1895 4257 x,
1934 4182 1974 4190 ⁷
2008 4189 2166 4247 facit.
2193 4188 2354 4246 Sicut
2382 4186 2692 4242 Abraham
2722 4189 2941 4241 terram
2973 4201 3148 4241 suam
3172 4184 3418 4256 jubetur
3446 4185 3667 4255 egredi,

212 4282 333 4343 M).
370 4274 727 4349 Aliquando
748 4272 1092 4331 caelestibus
1122 4273 1491 4344 substantiis,
1518 4279 1585 4332 ut
1625 4275 1794 4346 illud,
1822 4277 1899 4334 de
2004 4279 2375 4351 unicumque
2404 4275 2718 4333 immolare
2738 4273 2925 4331 ﬁlium
2956 4275 3126 4343 (Gen.
3153 4291 3301 4339 XXII,
3322 4279 3403 4343 ‘2).
3434 4278 3548 4333 Aut
3572 4274 3674 4331 ali-

206 4366 390 4427 nnbe
418 4364 674 4424 sonuit:
704 4383 740 4419 ς
759 4362 863 4423 Hie
891 4366 984 4422 est
1002 4362 1179 4420 Filius
1200 4380 1374 4421 meus
1393 4364 1642 4422 dilectus
1656 4367 1897 4438 (Matth.
2006 4384 2131 4443 qua
2174 4366 2352 4424 nobis
2392 4365 2628 4422 occulta
2681 4364 2870 4438 aperit
2918 4368 2976 4420 et
3006 4364 3210 4438 aliqua
3252 4365 3584 4432 abscondit,
3615 4369 3673 4422 et

211 4475 360 4528 xvn,
390 4461 523 4523 5).»
550 4452 889 4528 Aliquando
921 4453 1171 4511 terrenis
1208 4454 1585 4527 substantiis,
1618 4456 1771 4513 sicut
1793 4459 1901 4514 Ba-
2008 4474 2296 4517 mensura
2323 4457 2498 4513 nobis
2523 4461 2741 4513 nostrae
2772 4455 3121 4513 humilitatis
3152 4456 3483 4513 innotescit.
3528 4457 3670 4514 Hinc

207 4546 392 4607 ham
446 4542 743 4617 corripuit
782 4542 847 4601 in
884 4558 991 4599 ore
1033 4542 1219 4599 asinae
1262 4543 1536 4601 humana
1579 4546 1763 4603 verba
1788 4546 1904 4603 for-
2010 4549 2300 4622 scriptum
2346 4553 2476 4604 est:
2536 4566 2567 4601 ‹
2590 4546 2892 4619 Palpebrae
2946 4546 3078 4617 ejus
3122 4546 3491 4616 interrogant
3516 4545 3671 4602 ﬁlios

210 4652 408 4695 mane
438 4635 654 4708 (Num.
680 4648 825 4700 nn,
856 4633 971 4704 28).
992 4631 1334 4705 Aliquando
1362 4634 1611 4690 terrenis
1641 4634 1821 4691 simul
1846 4638 1905 4693 et
2008 4638 2327 4696 hominum
2387 4638 2572 4709 (Psal.
2600 4652 2661 4703 χ,
2693 4635 2767 4706 5).
2790 4657 2818 4685 η
2866 4638 2946 4690 Ac
2985 4633 3035 4689 si
3063 4650 3205 4704 ergo
3234 4634 3411 4690 beato
3439 4634 3552 4689 Job
3582 4634 3671 4689 di-

210 4723 586 4785 emlestibus
627 4718 811 4779 simul
840 4719 1211 4783 substantiis,
1238 4721 1394 4778 sicut
1436 4722 1621 4796 Moysi
1648 4723 1904 4798 loquens
2011 4732 2210 4785 catur:
2241 4725 2452 4782 Verbis
2482 4724 2562 4780 ad
2601 4722 2883 4778 sublimia
2912 4721 3352 4783 consideranda
3381 4725 3435 4777 te
3460 4721 3668 4790 excito,

862 4809 1110 4867 sociavit
1132 4810 1355 4881 (ΕΜ.
1385 4827 1467 4882 m,
1497 4813 1572 4884 3).
1614 4817 1904 4870 Nonnun-
2006 4821 2070 4874 et
2119 4816 2288 4883 dum,
2342 4830 2416 4870 ea
2469 4828 2608 4885 quae
2657 4826 2838 4883 super
2886 4815 2944 4866 te
3002 4815 3159 4880 sunt,
3220 4811 3448 4867 nescire
3502 4828 3671 4885 pers-

210 4920 422 4979 quam
464 4915 617 4958 vero
643 4898 929 4957 humanis
974 4898 1258 4956 cordibus
1290 4901 1475 4958 etiam
1520 4919 1633 4975 per
1655 4903 1904 4975 angelos
2008 4903 2181 4978 picis,
2212 4900 2556 4973 tibimetipsi
2598 4903 2655 4956 te
2702 4898 2997 4955 notiorem
3042 4899 3251 4956 reddo.
3301 4900 3469 4958 Tunc
3509 4902 3673 4958 enim

216 4996 386 5054 Deus
412 4993 665 5051 secreta
698 5003 911 5047 eorum
956 4989 1271 5061 praesentia
1297 4990 1573 5048 virtutem
1601 5008 1726 5049 sum
1751 4994 1907 5068 aspi-
2013 4991 2162 5049 mihi
2214 5005 2350 5047 vere
2392 4987 2749 5062 respondes,
2798 4988 2849 5043 si
2892 5004 3031 5061 quae
3080 4989 3326 5061 ignoras
3373 4990 3668 5062 intelligis.

212 5082 486 5143 rationis
506 5078 753 5139 infudit.
778 5077 945 5137 Unde
972 5077 1292 5136 Zacharias
1316 5080 1439 5137 ait:
1472 5102 1503 5132 ι(
1527 5081 1679 5140 Dixit
1708 5084 1790 5140 ad
1808 5099 1906 5140 me
2014 5080 2329 5155 Sequitur:

206 5173 492 5245 angelus
535 5168 647 5242 qui
690 5166 1056 5241 loquebatur
1084 5166 1150 5224 in
1197 5184 1297 5226 me
1339 5170 1551 5240 (Zaeh.
1584 5188 1625 5240 ι,
1659 5172 1820 5245 13);››
1846 5176 1910 5228 et
2084 5174 2256 5228 Vens.
2278 5172 2332 5225 4.
2372 5169 2486 5227 Ubi
2511 5183 2646 5225 eras
2674 5168 2916 5240 quando
2943 5171 3233 5239 ponebam
3271 5170 3671 5239 fundamenta

212 5261 418 5338 paulo
458 5260 639 5334 past:
678 5258 806 5315 «Ει
850 5271 990 5313 ecce
1035 5256 1289 5327 angelus
1314 5258 1423 5331 qui
1459 5259 1819 5333 loquebatur
1844 5261 1907 5317 in
2016 5265 2237 5317 terrae?
2259 5289 2330 5300 —
2372 5258 2438 5313 In
2485 5256 2785 5330 Scriptura
2835 5274 3005 5314 sacra
3053 5258 3200 5329 quid
3244 5256 3407 5312 aliud
3452 5252 3671 5308 funda-

217 5368 346 5421 me,
384 5346 842 5422 egrediebatur,
860 5367 890 5395 »
939 5349 997 5401 et
1022 5345 1254 5419 reliqua
1280 5348 1485 5417 (Zach.
1516 5364 1576 5418 n,
1600 5350 1674 5422 3).
1704 5352 1909 5407 Utrum
2017 5353 2219 5406 menta
2248 5363 2436 5422 quam
2463 5346 2885 5421 praedicam-es
2914 5345 3285 5419 accipimus?
3314 5345 3495 5411 Quos,
3522 5341 3672 5399 dum

220 5445 445 5500 ω
476 5437 664 5494 beato
690 5432 803 5491 Job
824 5448 934 5505 per
964 5433 1374 5506 semetipsum,
1407 5451 1486 5493 an
1514 5436 1570 5493 ei
1597 5453 1704 5510 per
1732 5454 1911 5509 ange-
2016 5440 2245 5512 primos
2274 5438 2562 5495 Dominus
2591 5438 2651 5493 in
2684 5441 2892 5494 sancta
2925 5433 3183 5489 Ecclesia
3212 5431 3430 5502 posuit,
3460 5436 3582 5490 tota
3610 5433 3670 5488 in

213 5529 359 5588 lu-
382 5529 470 5585 sit
494 5526 760 5593 locutus,
790 5520 1134 5592 ambigitur.
1170 5524 1481 5596 Sequitur:
2018 5529 2103 5585 eis
2132 5529 2437 5603 sequentis
2466 5528 2708 5585 fabricae
2736 5528 3031 5580 structura
3056 5521 3327 5578 surrexit.
3352 5523 3494 5579 Hinc
3517 5522 3674 5577 Psal-

301 5620 489 5676 πω.
523 5617 581 5671 2.
618 5613 764 5682 Quis
786 5615 871 5668 est
894 5610 1328 5669 iucundum
1346 5615 1671 5673 sententias
1688 5631 1909 5673 sermo-
2020 5618 2195 5675 mista
2221 5619 2337 5675 ait:
2374 5640 2403 5670 «
2424 5616 2835 5674 Fundamenta
2863 5609 2993 5680 ejus
3026 5609 3087 5665 in
3117 5611 3423 5668 montibus
3452 5608 3670 5667 sanctis

1649 5799 1683 5828 ν
