4120 6156
423 124 522 180 431

1487 109 1544 163 S.
1577 104 1832 164 ODONIS
1867 96 2160 158 ABBATIS
2189 100 2688 163 CLUNIACENSIS
2718 107 2762 160 II

3735 108 3844 167 L32

427 247 617 316 (Psal.
651 256 873 306 Lxxxw,
909 237 979 302 1).
1001 257 1028 285 »
1073 231 1369 304 Singulari
1419 235 1620 288 autem
1665 243 1920 286 numero
1947 225 2076 281 fun-
2107 230 2150 283 Α
2193 222 2409 316 insuis
2439 228 2672 284 actibus
2694 234 2902 286 servet.
2927 223 3066 285 Ideo
3095 227 3255 285 enim
3283 244 3392 302 per
3411 245 3578 286 sacra
3609 230 3850 306 eloquia

427 339 778 395 damentum
830 327 1116 386 Dominus
1161 323 1469 398 accipitur,
1501 322 1576 378 de
1619 338 1743 394 quo
1774 328 1830 376 et
1867 317 2080 374 Paulus

431 428 542 484 ait:
596 419 1126 478 «Fundamentum
1163 413 1327 471 aliud
1365 428 1544 468 nemo
1589 414 1788 484 potest
1834 420 2079 480 ponere,

428 518 640 589 praeter
669 510 731 567 id
759 508 926 582 quod
955 505 1219 580 positum
1242 505 1350 594 est,
1366 501 1545 594 quod
1578 503 1668 594 est
1989 497 2081 550 Je-

428 583 529 659 sus
565 601 624 668 (Ι
643 605 776 657 Cor.
809 614 889 660 ιιι,
925 597 1062 663 lt)»
1093 599 1174 648 Ac
1205 591 1256 647 si
1285 590 1447 646 enim
1473 589 1650 644 beato
1693 585 1803 642 Job
1831 583 2078 639 dicitur:

428 687 716 742 Virtutem
764 683 1004 739 fortium
1053 678 1384 745 considera,
1423 691 1636 748 meque
1689 686 1898 729 eorum
1946 671 2082 724 ante

429 775 649 832 sacula
677 776 991 829 Auctorem
1014 783 1224 841 pensa,
1252 770 1309 822 et
1334 781 1472 821 cum
1515 780 1617 819 eos
1659 777 1814 834 quos
1846 759 1907 814 in
1933 761 2080 812 tem-

427 880 572 938 pore
623 859 864 918 condidi
908 855 1208 914 mirabiles
1261 853 1533 927 suspicis,
1564 847 1876 942 perpende
1895 859 2083 942 quan-

428 935 560 1009 tum
589 949 766 1007 subdi
795 948 1036 1018 debeas,
1069 961 1253 1018 quem
1282 947 1597 999 Auctorem
1623 935 1988 995 mirabilium
2013 935 2084 988 si-

430 1057 506 1098 ne
537 1046 804 1114 tempore
854 1052 983 1093 esse
1025 1033 1359 1104 cognoscis.
1391 1035 1735 1088 Mouauraa.
1769 1025 1827 1083 Si
1868 1038 2080 1098 pecca-

432 1131 576 1187 toris
609 1129 846 1186 animus
875 1123 1070 1199 pulvis
1108 1127 1214 1190 est,
1245 1121 1475 1177 dicente
1517 1115 1872 1174 Psalmista:
1903 1135 1930 1162 «
1957 1115 2082 1168 Non

433 1219 516 1276 sic
545 1217 734 1290 impii,
766 1231 889 1272 non
921 1213 1022 1282 sic,
1047 1211 1153 1268 sed
1185 1215 1470 1282 tanquam
1488 1206 1751 1281 pulvis,»
1777 1208 1835 1260 et
1855 1201 2086 1298 reliqua

431 1309 673 1381 (Psal.1,
699 1307 772 1377 4),
803 1305 884 1360 nil
913 1303 1112 1360 obstat
1127 1299 1372 1369 intelligi
1395 1303 1610 1354 terram
1627 1295 1892 1352 animam
1917 1292 2080 1390 justi,

430 1400 505 1456 de
533 1413 656 1472 qua
699 1395 984 1468 scriptum
1029 1395 1148 1448 est:
1205 1412 1232 1438 «
1253 1392 1429 1446 Terra
1459 1387 1620 1442 enim
1659 1399 1818 1456 sape
1847 1387 2085 1472 venien-

429 1469 759 1560 tem—super
789 1501 849 1539 se
880 1483 1092 1538 bibens
1124 1479 1400 1543 imbrem,
1425 1481 1480 1532 et
1509 1489 1802 1546 generans
1831 1469 2084 1560 herbam

2193 313 2422 370 subtilis
2448 321 2582 372 ante
2597 332 2710 374 nos
2739 323 3086 374 sanctorum
3109 317 3228 373 vita
3251 317 3632 390 expanditur,
3657 325 3725 377 ut
3747 335 3852 378 no-

2191 405 2311 458 stra
2338 418 2522 476 opera
2549 405 2641 462 vel
2683 405 2920 464 minora
2965 405 3302 479 proﬁciant,
3333 406 3427 463 vel
3458 409 3697 479 majora
3729 425 3853 466 mo-

2191 489 2490 563 derentur,
2543 499 2844 566 quatenus
2895 509 3005 552 nec
3057 493 3260 554 minus
3309 500 3556 552 conetur
3611 497 3852 571 explere

2189 595 2361 636 mens
2389 597 2578 654 quam
2605 582 2841 654 sufﬁcit,
2875 599 2984 640 nec
3023 583 3160 658 plus
3191 585 3438 658 arripiat
3472 603 3663 660 quam
3689 602 3856 644 acce-

2191 668 2294 741 pit.
2327 669 2634 742 Sequitur:

2261 759 2426 814 Vens.
2461 764 2512 816 6.
2553 760 2748 832 Super
2774 777 2944 833 quem
2979 763 3142 819 bases
3171 763 3340 819 illius
3367 764 3640 822 solidata
3660 764 3854 821 sunt?

2190 877 2260 886 —
2291 847 2609 917 Subaudis,
2642 850 2755 906 nisi
2781 867 2960 924 super
2988 867 3105 918 me,
3131 851 3235 924 qui
3259 855 3474 910 cuncta
3501 852 3859 910 mirabiliter

2191 938 2384 1004 teneo,
2415 942 2472 993 et
2497 937 2674 994 bonis
2697 939 3088 996 exterioribus
3119 939 3276 996 intus
3303 940 3708 1015 principaliter
3730 942 3861 999 ori-

2191 1021 2392 1092 ginem
2430 1027 2695 1098 prasto?
2729 1028 2916 1099 Hujus
2946 1033 3114 1084 terra
3157 1027 3355 1099 bases,
3401 1035 3620 1086 sancta
3661 1029 3864 1088 Eccle-

2193 1110 2294 1167 sia
2343 1113 2617 1170 doctores
2670 1119 2830 1186 sunt,
2861 1115 2966 1188 qui
3013 1115 3162 1172 dum
3213 1123 3376 1174 recta
3420 1117 3755 1190 pradicant
3796 1123 3865 1174 et

2190 1200 2600 1272 pradicationi
2633 1219 2756 1260 sua
2784 1204 3041 1261 vivendo
3068 1206 3457 1278 concordant,
3485 1222 3666 1262 omne
3700 1221 3868 1280 pon-

2190 1288 2305 1346 dus
2328 1291 2597 1348 Ecclesia
2619 1293 2740 1350 ﬁxa
2771 1311 3008 1351 morum
3040 1311 3287 1352 suorum
3310 1297 3600 1368 gravitate
3621 1301 3866 1352 susten-

2191 1383 2336 1436 tant.
2383 1383 2634 1438 Possunt
2670 1399 2779 1456 per
2812 1383 2992 1440 bases
3041 1385 3216 1442 etiam
3262 1387 3570 1459 propheta
3601 1385 3859 1456 signari,

2191 1468 2295 1539 qui
2325 1467 2474 1524 dum
2520 1471 2698 1542 primi
2746 1477 2946 1544 aperte
2999 1472 3073 1529 de
3105 1473 3412 1530 Dominica
3441 1473 3864 1530 incarnatione

429 1556 834 1650 opportunam
865 1571 978 1626 illis
1007 1585 1043 1624 a
1069 1567 1292 1640 quibus
1323 1566 1553 1634 colitur,
1587 1561 1800 1634 accipit
1840 1557 2082 1650 benedi-
2115 1577 2154 1630 Β
2191 1556 2372 1650 locuti
2397 1563 2553 1650 sunt,
2577 1560 2752 1633 quasi
2775 1561 3075 1634 quasdam
3103 1561 3287 1618 bases
3312 1578 3416 1619 eos
3437 1561 3864 1636 conspicimus

431 1647 688 1722 ctionem
737 1661 942 1731 (Hebr.
972 1675 1045 1729 vi,
1078 1657 1199 1728 7).»
1257 1654 1371 1712 Sed
1422 1653 1604 1724 hujus
1655 1656 1823 1706 terra
1875 1647 2088 1704 funda-

431 1758 705 1810 mentum
732 1749 883 1805 fides
909 1753 1012 1803 est.
1050 1749 1197 1804 Cum
1227 1743 1386 1800 enim
1416 1758 1538 1798 non
1584 1739 1846 1796 credenti
1866 1742 2087 1796 aterua

431 1842 582 1898 ﬁdes
611 1840 808 1907 datur,
831 1836 910 1892 ad
935 1833 1256 1891 aditicium
1287 1828 1710 1903 subsequentis
1741 1826 1937 1900 operis
1957 1825 2085 1896 jam

430 1930 891 1987 fundamentum
923 1925 1182 1998 ponitur.
1216 1924 1364 1979 Cum
1397 1925 1596 1976 autem
1639 1918 1692 1974 ei
1721 1917 1826 1990 qui
1851 1913 2086 1972 venturi

426 2017 636 2092 judicii
664 2021 947 2072 terrorem
975 2010 1242 2083 despicit,
1274 2008 1532 2082 peccatis
1561 2023 1623 2062 se
1653 2004 1850 2061 carnis
1889 2007 1943 2060 et
1974 2001 2087 2075 spi-

430 2109 578 2164 ritus
627 2105 915 2161 audenter
959 2099 1227 2165 involvit,
1259 2101 1500 2170 repente
1538 2095 1879 2151 futurorum
1912 2092 2088 2148 timor

431 2195 782 2260 infunditur,
834 2197 895 2248 ut
941 2191 1116 2246 bona
1163 2188 1290 2244 vita
1336 2190 1542 2256 surgat
1587 2183 1928 2250 aediﬁcium,
1957 2182 2087 2253 jam

429 2285 826 2342 fundamenta
872 2281 1316 2336 construuntur.
1367 2279 1446 2332 Ac
1483 2274 1533 2330 si
1580 2289 1722 2343 ergo
1761 2270 2087 2344 justiﬁcato

429 2371 728 2448 peccatori
748 2370 970 2428 Veritas
1006 2368 1167 2424 dicat
1193 2384 1206 2422 :
1240 2365 1498 2422 Virtutes
1525 2379 1562 2418 a
1590 2377 1686 2418 me
1716 2365 1992 2434 acceptas
2023 2358 2089 2416 ti-

429 2463 493 2519 bi
521 2477 645 2518 non
671 2459 934 2526 tribuas,
986 2455 1111 2512 noli
1163 2459 1372 2510 contra
1419 2467 1516 2508 me
1568 2449 1642 2506 de
1673 2465 1808 2506 meo
1841 2463 2088 2504 munere

432 2549 650 2608 extolli.
687 2547 962 2620 Sequitur
981 2562 992 2599 :

503 2642 675 2694 Vens.
722 2641 772 2692 5.
819 2635 1032 2690 Indica
1074 2632 1223 2688 mihi
1261 2632 1314 2687 si
1362 2629 1540 2686 habes
1582 2627 2040 2699 intelligentiam
2066 2641 2090 2682 .’

437 2729 578 2797 Quis
603 2727 802 2797 posuit
827 2737 1136 2780 mensuras
1163 2723 1312 2791 ejus,
1334 2720 1388 2776 si
1405 2721 1602 2774 nosti?
1632 2717 1735 2773 Vel
1758 2718 1889 2788 quis
1912 2722 2092 2774 teten-

433 2820 524 2875 dit
553 2832 735 2886 super
763 2830 890 2871 eam
921 2827 1262 2869 mensuram
1307 2811 1514 2866 lineae?
1541 2840 1611 2848 —
1636 2808 1701 2862 In
1726 2823 1966 2863 carnem
1989 2822 2091 2862 au-

433 2907 553 2960 tem
587 2901 873 2958 Dominus
903 2899 982 2956 ad
1013 2897 1335 2955 Ecclesiam
1367 2896 1608 2952 veniens
1637 2910 1952 2951 mensuras
1984 2899 2090 2950 ter-

432 3008 514 3048 rze
541 2989 714 3046 lineis
754 3004 998 3045 mensus
1039 2991 1146 3058 est,
1175 2985 1320 3058 quia
1364 2983 1514 3040 ﬁnes
1560 2981 1836 3040 Ecclesia
1874 2981 2091 3038 occulti

427 3079 638 3152 judicii
663 3077 983 3134 subtilitate
1004 3075 1292 3132 distinxit.
1318 3072 1532 3130 Paulus
1561 3087 1826 3144 namque
1852 3075 2090 3144 aposto-

429 3169 550 3236 lus,
581 3185 721 3226 cum
751 3165 1106 3224 Macedonia
1135 3163 1464 3237 pradicare
1493 3161 1838 3232 negligeret,
1870 3176 1978 3234 per
2005 3159 2090 3216 vi-

433 3273 569 3313 sum
597 3257 679 3312 illi
709 3254 988 3328 apparuit
1025 3252 1116 3308 vir
1161 3251 1400 3309 Macedo
1429 3251 1535 3322 qui
1563 3250 1819 3306 diceret:
1867 3272 1894 3298 «
1915 3252 2091 3306 Tran-

433 3345 592 3401 siens
619 3345 682 3398 in
710 3341 1119 3398 Macedoniam
1145 3339 1365 3412 adjuva
1393 3354 1505 3394 nos
1538 3339 1695 3408 (Act.
1721 3354 1844 3406 xvx,
1875 3339 1988 3409 2).»
2019 3341 2091 3393 At

433 3438 640 3491 contra
669 3431 821 3487 sicut
845 3430 1130 3503 scriptum
1157 3430 1280 3485 est:
1313 3450 1340 3477 ‹‹
1360 3425 1695 3489 Tentabant
1723 3427 1981 3499 apostoli
2003 3426 2088 3482 ire

431 3524 494 3579 in
526 3519 884 3592 Bithyniam,
917 3523 974 3574 et
1021 3533 1145 3572 non
1191 3515 1460 3588 permisit
1501 3531 1604 3570 eos
1659 3515 1908 3587 Spiritus
1949 3517 2090 3571 Jesu

435 3612 588 3682 (Act.
616 3625 732 3676 xvi,
763 3611 839 3676 7).
857 3628 884 3660 »
921 3608 1072 3663 Dum
1091 3621 1235 3675 ergo
1255 3603 1674 3676 praedicatores
1700 3602 1884 3658 sancti
1912 3607 1969 3659 et
1991 3620 2090 3660 vo-

434 3703 646 3756 cantur
693 3697 770 3754 ad
811 3693 1239 3760 Macedoniam,
1271 3697 1328 3748 et
1369 3692 1448 3748 ab
1495 3692 1634 3748 Asia
1675 3691 2086 3765 prohibentur,

430 3788 544 3844 ista
572 3786 940 3843 occultarum
973 3797 1396 3839 mensurarum
1425 3780 1582 3837 linea
1625 3779 1742 3836 illic
1769 3779 1950 3836 ducta
1979 3784 2086 3852 est,

431 3876 570 3933 hinc
594 3876 857 3932 reducta.
878 3877 1032 3929 Intra
1058 3871 1170 3928 has
1201 3886 1342 3940 ergo
1365 3885 1680 3926 mensuras
1711 3873 1851 3926 sunt
1877 3884 2088 3925 omnes

431 3964 619 4032 electi,
648 3968 813 4037 extra
837 3962 947 4018 has
971 3975 1184 4016 omnes
1213 3957 1473 4031 reprobi,
1495 3957 1730 4014 etiamsi
1759 3956 1917 4014 intra
1944 3955 2088 4012 ﬁdei

429 4054 679 4111 limitem
710 4069 838 4109 esse
863 4049 1202 4108 videantur.
1234 4051 1577 4105 ΜοιιΑιιτειι.
1608 4046 1750 4112 Quis
1782 4047 1942 4102 enim
1973 4051 2086 4103 ter-

429 4131 545 4210 ra,
563 4143 625 4199 id
654 4147 761 4212 est,
784 4143 961 4212 justa
992 4138 1210 4194 anima
1235 4153 1552 4192 mensuras
1582 4135 1770 4208 ponit,
1795 4135 1910 4192 nisi
1941 4139 2088 4194 Con-

428 4231 584 4287 ditor
611 4234 836 4299 noster,
863 4226 967 4299 qui
994 4225 1208 4281 interni
1232 4223 1440 4294 judicii
1472 4228 1699 4280 secreto
1727 4223 2087 4279 moderami-

428 4335 525 4386 ne,
559 4318 656 4374 alii
682 4331 1020 4372 sermonem
1051 4313 1330 4380 scientia,
1364 4312 1463 4368 alii
1489 4312 1734 4384 plenam
1757 4311 1964 4382 ﬁdem,
1988 4311 2086 4368 alii

428 4407 683 4478 gratiam
716 4404 1062 4468 sanitatum,
1093 4401 1192 4457 alii
1219 4401 1631 4473 operationem
1659 4401 1965 4472 virtutum,
1987 4401 2085 4458 alii

426 4495 805 4570 prophetiam
833 4491 1081 4548 tribuit?
1107 4492 1166 4562 [Ι
1188 4493 1318 4548 Cor.
1350 4506 1442 4557 xu,
1471 4495 1524 4560 8,
1549 4495 1602 4562 9,
1640 4490 1750 4560 10.)
1773 4491 1864 4548 Sic
1883 4491 2085 4564 itaque

425 4587 666 4642 Creator
693 4587 896 4640 noster
943 4597 1012 4636 ac
1042 4579 1419 4652 dispensator
1457 4582 1672 4635 cuncta
1715 4579 2082 4652 moderatur,

427 4682 490 4734 ut
511 4677 615 4750 qui
645 4674 843 4754 extolli
873 4675 1105 4746 poterat
1144 4686 1217 4726 ex
1259 4669 1422 4726 dono
1451 4669 1619 4742 quod
1665 4668 1865 4736 habet,
1896 4669 2086 4726 humi-

420 4767 594 4822 lietur
623 4783 692 4822 ex
712 4765 925 4820 virtute
952 4778 1137 4835 quam
1165 4776 1286 4816 non
1316 4759 1516 4816 habet.
1545 4758 1636 4816 Sic
1665 4759 2082 4834 unusquisque

422 4857 589 4927 quod
619 4869 738 4908 non
791 4851 1040 4922 accepit,
1072 4850 1132 4904 in
1163 4847 1347 4904 altero
1389 4847 1714 4920 possideat,
1747 4851 1812 4904 ut
1838 4848 1965 4922 ipse
1995 4848 2080 4906 al-

422 4942 528 4999 teri
557 4940 926 5015 possidendo
969 4938 1136 5011 quod
1166 4935 1395 5008 accepit
1421 4935 1724 4992 humiliter
1748 4936 2078 5010 impendat.

419 5033 568 5090 Hinc
601 5032 805 5087 i‘etrus
837 5029 954 5084 ait:
998 5049 1024 5076 ‹‹
1052 5025 1472 5099 Unusquisque
1502 5025 1653 5082 sicut
1685 5026 1914 5099 accepit
1943 5044 2078 5099 gra-

418 5123 563 5180 tiam
623 5120 685 5176 in
741 5117 1093 5176 alterutrum
1152 5114 1318 5172 il.am
1368 5113 1876 5185 administrantes,
1929 5115 2080 5174 sicut

415 5211 562 5268 boni
581 5209 1030 5282 dispensatores
1057 5201 1435 5260 multiformis
1460 5201 1666 5273 gratia
1698 5202 1800 5260 Dei
1824 5203 1884 5274 (Ι
1909 5203 2072 5260 Petr.

417 5317 492 5367 iv,
525 5300 628 5370 tu).
647 5321 674 5349 »
707 5301 897 5370 Super
945 5295 1103 5350 hanc
1153 5291 1315 5348 enim
1345 5295 1563 5348 terram
1606 5289 1766 5346 linea
1795 5289 2072 5360 tenditur,

415 5387 662 5461 quando
718 5386 917 5442 electa
966 5381 1290 5454 unicuique
1338 5380 1554 5438 anima
1603 5379 1682 5436 ad
1713 5379 2074 5436 sumendam

417 5474 657 5531 vivendi
702 5473 968 5543 regulam
1023 5475 1259 5527 Patrum
1299 5467 1765 5542 praecedentium
1796 5467 2071 5540 exempla

416 5565 842 5630 monstrantur,
875 5564 937 5615 ut
979 5576 1052 5616 ex
1097 5559 1336 5616 illorum
1389 5557 1504 5613 vita
1547 5555 1879 5612 consideret
1921 5556 2066 5628 quid

2193 1660 2230 1700 a
2281 1645 2678 1704 fundamento
2731 1664 2994 1720 surgere,
3053 1654 3111 1707 et
3162 1651 3554 1724 superposita
3609 1650 3866 1707 fabricae

2192 1733 2462 1806 pondera
2492 1735 2800 1793 sustinere.
2834 1737 2999 1794 Unde
3026 1738 3103 1795 ad
3133 1741 3374 1810 Moysen
3403 1739 3691 1796 Dominus
3707 1754 3868 1796 cum

2193 1822 2558 1880 tabernaculi
2611 1825 2851 1882 tabulas
2905 1826 3052 1897 erigi
3091 1828 3392 1901 praecepit,
3425 1827 3596 1884 fundi
3642 1843 3868 1884 earum

2192 1911 2374 1968 bases
2403 1919 2714 1984 argenteas
2739 1915 2928 1986 jubet.
2963 1919 3313 1974 MORALITER.
3348 1921 3522 1975 Bases
3570 1918 3871 1975 uniuscu-

2189 2000 2414 2074 jusque
2438 2002 2656 2060 anima
2679 2010 2818 2061 sunt
2848 2005 3206 2063 intentiones
3235 2023 3380 2064 sua.
3415 2011 3565 2064 Nam
3597 2007 3751 2064 sicut
3769 2007 3872 2064 fa-

2193 2090 2362 2146 brica
2391 2091 2705 2161 columnis,
2739 2093 3034 2151 columna
3063 2100 3266 2152 autem
3305 2096 3558 2152 basibus
3585 2097 3871 2153 innitun-

2193 2183 2322 2236 tur:
2353 2180 2435 2236 ita
2464 2181 2580 2238 vita
2627 2186 2832 2240 nostra
2872 2183 2934 2240 in
2963 2183 3301 2253 virtutibus,
3332 2186 3576 2242 virtutes
3609 2201 3746 2242 vero
3787 2185 3871 2241 in

2193 2269 2404 2326 intima
2425 2269 2752 2328 intentione
2783 2273 3136 2331 subsistunt.
3164 2277 3234 2331 Et
3259 2275 3402 2348 quia
3419 2276 3701 2350 scriptum
3717 2279 3819 2332 est
3849 2293 3868 2330 :

2196 2379 2225 2410 (ί
2248 2357 2733 2418 Fundamentum
2781 2362 2946 2418 aliud
2973 2379 3154 2420 nemo
3179 2368 3375 2437 potest
3410 2381 3650 2438 ponere,
3673 2387 3703 2414 ι»
3736 2369 3870 2420 etc.

2198 2448 2253 2520 (Ι
2278 2449 2414 2504 Cor.
2466 2465 2548 2520 ιιι,
2580 2452 2688 2523 Η),
2722 2456 2866 2509 tunc
2917 2452 3096 2510 bases
3148 2454 3211 2510 in
3256 2453 3648 2511 fundamento
3687 2458 3868 2524 sunt,

2196 2553 2340 2595 cum
2360 2539 2716 2596 intentiones
2743 2547 2960 2598 nostra
2981 2543 3042 2599 in
3061 2543 3288 2602 Christo
3309 2543 3681 2601 roborantur.
3699 2547 3872 2600 Nam

2195 2627 2450 2685 inaniter
2474 2629 2756 2702 quislibet
2783 2647 3024 2688 summa
3051 2647 3236 2705 opera
3265 2633 3403 2690 facit
3432 2633 3480 2689 si
3511 2637 3633 2690 tota
3655 2633 3873 2689 inten-

2198 2718 2356 2776 tione
2386 2719 2582 2776 cordis
2622 2736 2776 2776 vera
2827 2721 2961 2778 vita
3003 2722 3251 2795 praemia
3292 2739 3416 2780 non
3459 2723 3718 2796 requirit.
3751 2725 3872 2781 Se-

2197 2807 2429 2880 quitur:
2459 2811 2582 2864 Aut
2609 2811 2740 2880 quis
2761 2809 2987 2867 dimisit
3017 2811 3276 2880 lapidem
3299 2813 3652 2884 angularem
3677 2814 3818 2882 ejus
3835 2814 3873 2868 ?

2195 2927 2269 2938 —
2295 2897 2468 2970 Lapis
2517 2899 2823 2968 angularis
2875 2899 2969 2956 ille
3021 2905 3110 2957 est
3135 2901 3211 2957 de
3255 2917 3376 2974 quo
3407 2902 3690 2975 scriptum
3719 2906 3822 2958 est
3849 2919 3868 2958 :

2199 3009 2227 3036 «
2253 2987 2538 3060 Lapidem
2567 3003 2750 3060 quem
2779 2989 3256 3062 reprobaverunt
3283 2991 3664 3059 adiﬁcantes,
3684 3013 3714 3041 »
3734 2995 3866 3048 etc.

2197 3077 2386 3148 (Psal.
2419 3092 2590 3144 cxvu,
2621 3077 2733 3150 22.)
2765 3077 2874 3142 Qui
2903 3077 3050 3134 dum
3091 3077 3153 3136 in
3191 3095 3254 3136 se
3299 3079 3618 3137 Judaicum
3657 3081 3864 3150 genti-

2195 3163 2436 3237 lemque
2464 3164 2761 3238 populum
2785 3167 3065 3240 suscepit,
3083 3166 3145 3222 in
3175 3183 3300 3226 una
3323 3167 3596 3225 Ecclesia
3625 3167 3873 3226 fabrica

2197 3252 2370 3325 quasi
2412 3253 2568 3310 duos
2613 3253 2869 3326 parietes
2911 3255 3126 3326 junxit.
3161 3255 3306 3314 Hinc
3359 3257 3520 3314 enim
3567 3256 3872 3330 scriptum

2199 3343 2322 3398 est:
2374 3360 2404 3396 ‹
2429 3341 2583 3398 Fecit
2625 3347 2878 3416 utraque
2923 3359 3116 3399 unum
3155 3345 3393 3416 (Ephes.
3427 3361 3498 3413 ιι,
3530 3349 3678 3418 14),››
3706 3347 3872 3418 quia

2201 3429 2550 3500 angulares:
2585 3447 2647 3487 se
2675 3430 2939 3504 lapidem
2973 3447 3097 3489 non
3138 3433 3334 3490 solum
3363 3435 3424 3490 in
3453 3433 3866 3508 inferioribus,

2199 3517 2306 3574 sed
2337 3521 2394 3573 et
2415 3516 2478 3573 in
2507 3519 2783 3590 supernis
2825 3519 3112 3590 exhibuit,
3141 3521 3288 3595 quia
3315 3527 3374 3578 et
3410 3523 3475 3578 in
3505 3527 3657 3580 terra
3691 3522 3866 3596 plebi

2198 3605 2529 3662 Israelitica
2557 3607 2830 3664 nationes
2869 3609 3138 3679 gentium
3167 3615 3224 3667 et
3267 3615 3520 3684 utraque
3551 3611 3727 3668 simul
3748 3626 3866 3669 an-

2197 3693 2343 3766 gelis
2366 3693 2431 3750 in
2459 3695 2610 3752 coelo
2641 3697 2908 3765 sociavit,
2931 3714 3002 3755 eo
3025 3698 3250 3772 quippe
3274 3705 3416 3756 nato
3447 3699 3867 3758 clamaverunt

2197 3783 2395 3856 angeli
2417 3801 2430 3838 :
2465 3806 2493 3834 «
2519 3783 2713 3842 Gloria
2741 3785 2804 3841 in
2825 3785 3071 3842 excelsis
3104 3791 3242 3857 Deo,
3262 3793 3320 3845 et
3344 3787 3408 3845 in
3429 3793 3588 3846 terra
3608 3805 3730 3863 pax
3747 3788 3863 3846 ho-

2195 3871 2461 3929 minibus
2489 3872 2666 3930 bona
2689 3873 3012 3932 voluntatis
3040 3878 3207 3948 (Luc.
3231 3893 3294 3950 ιι,
3315 3879 3460 3949 14).»
3487 3878 3857 3936 Μοιιιιιιιτειι.

2195 3959 2372 4032 Lapis
2415 3960 2720 4030 angularis
2768 3966 2857 4018 est
2902 3962 2980 4019 ad
3029 3979 3200 4020 sacra
3240 3963 3480 4038 eloquia
3521 3965 3862 4024 intellectus

2195 4047 2439 4121 duplex,
2469 4049 2614 4122 quia
2642 4053 2784 4106 tunc
2813 4049 3096 4107 divinitus
3124 4051 3458 4124 dimittitur,
3475 4054 3728 4128 quando
3755 4071 3862 4114 ne-

2195 4151 2505 4209 quaquam
2531 4137 3032 4210 districtojudicio
3061 4139 3416 4210 ignorantia
3445 4159 3566 4199 sua
3593 4144 3859 4202 tenebris

2119 4275 2162 4328 Β
2194 4223 2472 4325 illigatur,
2508 4225 2612 4328 sed
2642 4226 2910 4328 quadam
2939 4226 3210 4328 libertate
3237 4229 3580 4328 perfruitur,
3612 4232 3764 4289 dum
3793 4233 3856 4289 in

2195 4313 2506 4386 praceptis
2561 4313 2662 4372 Dei
2707 4314 2924 4374 suﬂicit
2975 4316 3069 4374 vel
3119 4320 3508 4394 exsequendo
3559 4323 3854 4379 exteriora

2195 4417 2393 4474 agere,
2421 4401 2512 4458 vel
2538 4403 3004 4478 contemplanda
3027 4405 3262 4466 interna
3295 4409 3532 4466 sentire.
3569 4414 3853 4468 lncarna-

2193 4493 2292 4547 tus
2321 4490 2482 4548 enim
2511 4491 2872 4568 Redemptor
2898 4495 3142 4552 veniens
3182 4501 3439 4570 utraque
3467 4499 3761 4568 exhibuit,
3787 4500 3850 4556 in

2194 4595 2256 4636 se
2287 4585 2542 4656 utraque
2591 4581 2861 4651 sociavit,
2886 4583 3156 4643 videlicet
3197 4587 3452 4647 activam
3490 4593 3549 4645 et
3587 4593 3854 4646 contem-

2193 4669 2479 4742 plativam
2531 4671 2737 4740 vitam,
2797 4672 2875 4730 ad
2923 4673 3090 4747 quod
3141 4691 3462 4750 nunquam
3513 4683 3719 4736 noster
3767 4679 3854 4736 in-

2192 4758 2456 4816 tellectus
2521 4765 2878 4832 assurgeret,
2931 4763 3047 4820 nisi
3100 4763 3197 4821 ille
3255 4765 3334 4824 ad
3397 4767 3848 4841 suscipiendam

2189 4853 2459 4904 nostram
2511 4847 2738 4906 veniret
2783 4855 3085 4910 naturam.
3142 4859 3224 4910 Ac
3273 4855 3324 4910 si
3371 4871 3516 4926 ergo
3559 4858 3844 4914 Dominus

2189 4937 2410 4996 diceret
2433 4955 2446 4994 :
2473 4939 2616 5004 Quis
2645 4939 2870 4999 dimisit
2893 4941 3160 5016 lapidem
3185 4946 3540 5016 angularem
3567 4947 3684 5004 nisi
3713 4964 3843 5021 ego,

2189 5027 2436 5084 unicum
2477 5043 2662 5101 quem
2707 5029 2835 5087 sine
2878 5034 3146 5105 tempore
3177 5035 3378 5104 genui,
3410 5036 3722 5095 servandis
3747 5039 3847 5096 ho-

2187 5114 2451 5172 minibus
2484 5132 2624 5174 cum
2667 5120 2933 5192 tempore
2973 5121 3246 5180 ostendi?
3283 5127 3348 5180 In
3377 5124 3552 5197 cujus
3582 5125 3709 5183 vita
3735 5126 3846 5184 dis-

2187 5206 2387 5262 cerent
2411 5203 2592 5262 etiam
2622 5204 2856 5280 diverse
2895 5207 3138 5266 vivendi
3166 5210 3366 5270 studia
3393 5227 3519 5269 non
3545 5212 3845 5288 discrepa-

2189 5307 2274 5348 re.
2309 5291 2617 5366 Sequitur:
3727 5345 3736 5350 .

2257 5384 2424 5438 Vens.
2440 5382 2495 5440 7.
2515 5386 2659 5439 Cum
2683 5398 2776 5439 me
2791 5384 3116 5443 laudarent
3135 5389 3317 5445 simul
3331 5395 3501 5446 astra
3519 5393 3842 5450 matutim.

2189 5503 2257 5510 —
2272 5471 2421 5535 Quia
2449 5470 2606 5526 enim
2637 5471 2814 5544 primi
2835 5473 3033 5544 angeli
3063 5476 3286 5533 conditi
3306 5482 3466 5544 sunt,
3477 5493 3603 5535 non
3631 5479 3844 5538 imme-

2186 5559 2298 5616 rito
2321 5566 2490 5617 astra
2517 5561 2818 5619 matutina
2842 5567 3150 5634 vocantur,
3181 5565 3288 5638 qui
3335 5570 3658 5625 venturum
3683 5569 3841 5627 diem
