4130 6146
228 171 325 227 433
993 170 1294 226 ΕΡΙΤΟΜΕ
1338 166 1716 224 MORALIUM
1757 168 1809 223 S.
1855 170 2061 230 GREG.
2104 180 2171 235 IN
2209 182 2353 239 IOB.
2406 215 2476 223 —
2525 186 2654 239 LIB.
2698 186 2918 242 XXVIII.

228 289 653 365 subsequentis
676 289 875 345 saeculi
897 307 1004 363 per
1032 293 1223 349 lucem
1253 290 1577 363 sapientia:
1598 292 1910 350 existendo
1940 300 1986 351 A

224 383 669 458 praevenerunt.
703 379 856 433 Bene
881 385 1084 437 autem
1111 381 1363 438 additur
1387 380 1594 443 simul,
1644 380 1789 453 quia
1818 383 1908 439 ni-

225 471 449 529 mirum
478 467 596 541 ipsi
622 467 807 535 electi,
842 470 1041 539 angeli
1072 471 1249 528 etiam
1276 485 1432 525 cum
1462 469 1812 544 redemptis,
1846 473 1910 529 in

224 562 343 618 ﬁne
370 557 591 615 mundi
630 555 981 613 hominibus
1005 558 1345 630 largitatem
1373 559 1581 627 gratim
1632 576 1910 633 supernae

227 645 586 721 gloriﬁcant,
622 643 799 701 simul
825 643 1103 715 laudant,
1130 648 1269 721 quia
1299 645 1456 702 dum
1509 663 1621 704 nos
1670 651 1909 724 conspi-

225 739 389 796 ciunt
418 736 624 809 recipi,
653 750 828 791 suum
856 737 1132 805 gaudent
1173 752 1503 793 numerum
1534 739 1771 811 repleri,
1818 740 1908 796 di-

224 831 427 884 centes
459 844 473 881 :
502 848 529 875 «
558 823 749 882 Gloria
778 823 840 879 in
865 825 1126 882 excelsis
1154 829 1293 898 Deo,
1330 848 1359 876 »
1390 829 1764 896 etc.(Luc.u,
1799 829 1907 901 14).

222 915 405 972 Aliter
426 915 726 972 matutina
751 918 922 969 astra
956 913 1266 983 dicuntur,
1299 915 1449 988 quia
1479 932 1642 990 saepe
1683 920 1763 973 ad
1806 930 1921 974 ex-‘

221 1002 557 1061 hortandos
586 1000 854 1059 homines
883 1001 1068 1058 missi
1097 1008 1276 1072 sunt;
1304 1008 1383 1074 et,
1406 1005 1556 1060 dum
1583 1010 1910 1062 venturum

221 1109 409 1150 mane
468 1091 761 1161 nuntiant,
816 1089 895 1146 ab
946 1092 1245 1149 humanis
1283 1094 1571 1151 cordibus
1599 1096 1911 1168 praesentis

217 1182 359 1237 vitae
432 1179 706 1237 tenebras
758 1178 1003 1248 fugant.
1064 1181 1345 1253 Sequitur
1388 1199 1401 1236 :
1446 1182 1527 1237 Et
1564 1182 1911 1251 jubitarent

219 1286 429 1327 omnes
451 1270 573 1339 ﬁlii
595 1270 718 1326 Dei.
750 1299 818 1308 —
859 1267 1158 1325 Jubilatio
1197 1270 1426 1343 quippe
1480 1270 1717 1333 dicitur,
1770 1288 1912 1327 cum

219 1359 428 1417 cordis
456 1358 675 1428 laetitia,
697 1358 813 1414 oris
840 1356 1145 1428 efﬁcacia,
1165 1374 1287 1414 non
1324 1360 1618 1432 expletur.
1641 1360 1914 1417 Laudent

216 1449 430 1521 itaque
459 1447 677 1518 angeli,
703 1446 801 1519 qui
822 1447 963 1518 jam
998 1451 1177 1503 tantae
1219 1447 1504 1504 claritatis
1529 1448 1911 1505 latitudinem

215 1539 280 1595 in
318 1537 683 1595 sublimibus
708 1535 958 1603 vident;
989 1536 1244 1608 jubilent
1284 1553 1429 1592 vero
1473 1538 1774 1606 homines,
1808 1540 1913 1611 qui

3581 185 3684 238 434-

2094 302 2341 362 Vens.9.
2372 308 2520 363 Cum
2550 324 2829 377 ponerem
2860 312 3070 366 nubem
3100 312 3507 366 vestimentum
3533 309 3680 376 ejus,

2018 396 2073 447 et
2121 394 2385 464 caligine
2432 397 2596 451 illud
2641 400 2815 467 quasi
2856 401 3079 467 pannis
3124 401 3187 453 in
3220 398 3379 466 facie
3408 396 3685 465 infantiae

2019 481 2413 539 obvolverem.
2444 516 2514 524 —
2544 488 2697 541 Mare
2728 487 2979 541 saeviens
3012 486 3170 541 nube
3216 484 3499 552 induitur,
3541 482 3687 554 quia

2019 569 2340 626 crudelitas
2373 574 2862 645 persequentium
2886 574 3145 631 stultitiae
3194 589 3313 626 suae
3344 570 3686 626 velamento

2018 658 2283 713 vestitur.
2320 660 2676 731 Interposita
2707 661 2864 716 enim
2888 657 3513 727 caligincinfidelitatis
3536 671 3684 720 suae,

2019 747 2406 819 perspicuam
2442 750 2701 805 veritatis
2736 750 2929 806 lucem
2958 749 3158 804 videre
3200 764 3320 803 non
3363 745 3598 809 sufﬁcit,
3631 746 3689 798 et

2018 835 2080 891 id
2109 835 2276 908 quod
2305 841 2431 905 agit
2460 854 2564 910 per
2596 839 2958 895 crudelitatis
2988 838 3337 911 impulsum,
3385 851 3489 907 per
3519 832 3687 888 caeci-

2020 925 2158 981 tatis
2186 941 2305 979 suae
2337 927 2618 983 meritum
2646 944 2764 984 non
2794 929 3082 997 agnoscit.
3117 947 3147 979 «
3180 931 3326 982 Nam
3376 928 3419 978 si
3462 937 3689 991 cogno-

2017 1013 2319 1083 vissent,»
2376 1013 2528 1071 sicut
2571 1016 2651 1071 ait
2700 1016 3040 1089 Apostolus,
3073 1040 3099 1065 «
3130 1030 3446 1086 nunquam
3489 1009 3689 1067 Domi-

2019 1116 2170 1156 num
2229 1100 2431 1170 gloriae
2489 1104 2920 1159 crucifixissent
2966 1106 3027 1171 (Ῑ
3061 1106 3296 1169 007211,
3349 1103 3421 1162 8).
3473 1123 3498 1149 »
3553 1099 3690 1151 Haec

2020 1194 2224 1246 autem
2250 1189 2445 1245 nubes
2473 1208 2593 1247 non
2627 1192 2820 1247 solum
2852 1193 3000 1249 solet
3026 1192 3297 1248 inﬁdeles
3328 1195 3492 1246 extra
3532 1186 3692 1260 posi-

2021 1283 2113 1334 tos
2141 1293 2436 1350 premere,
2462 1284 2565 1336 sed
2598 1282 2895 1353 quosdam
2927 1283 3101 1337 etiam
3133 1282 3395 1335 viventes
3434 1275 3690 1333 carnali-

2022 1370 2109 1423 ter
2133 1366 2290 1422 intra
2320 1368 2642 1425 Ecclesiam
2676 1370 3003 1426 tenebrare.
3038 1370 3183 1424 Hinc
3204 1369 3363 1424 enim
3396 1366 3687 1436 scriptum

2021 1458 2113 1509 est
2139 1471 2152 1509 :
2182 1476 2209 1502 «
2243 1456 2509 1528 Opposui
2540 1458 2785 1524 nubem,
2818 1474 2893 1513 ne
2925 1462 3183 1513 transeat
3211 1456 3401 1511 oratio
3431 1454 3684 1523 (Tltren.

2020 1559 2104 1610 ιιι,
2138 1544 2247 1615 44).
2297 1567 2325 1593 ››
2371 1546 2481 1611 Qui
2510 1546 2669 1601 enim
2701 1552 2931 1603 terrena
2970 1547 3209 1602 assidue
3262 1544 3498 1612 cogitat,
3539 1540 3688 1612 quia

218 1628 428 1684 adhuc
473 1625 847 1683 inferioribus
905 1625 1036 1680 oris
1088 1626 1180 1682 sui
1229 1626 1548 1696 angustias
1594 1628 1908 1687 sustinent.
1943 1648 1984 1701 Β
2020 1631 2170 1698 vult,
2198 1632 2324 1688 haec
2355 1633 2536 1689 etiam
2568 1634 2777 1690 tolerat
2805 1635 2866 1690 in
2896 1636 3161 1690 oratione
3194 1649 3334 1687 cum
3384 1646 3503 1686 non
3534 1628 3682 1684 vult.

217 1718 392 1784 Quae,
419 1715 567 1789 quia
594 1719 747 1771 certo
771 1714 987 1771 futura
1014 1716 1301 1772 Dominus
1331 1722 1607 1787 noverat,
1637 1732 1766 1773 non
1788 1722 1910 1773 tam

216 1803 507 1861 faeienda
534 1803 794 1859 insinuat
820 1819 1024 1874 quam
1053 1804 1211 1860 facta
1237 1808 1463 1860 narrat.
1509 1806 1790 1878 Sequitur
1823 1823 1835 1860 :

296 1892 484 1948 Vnus.
541 1896 596 1947 8.
664 1891 801 1959 Quis
859 1892 1161 1949 conclusit
1213 1895 1378 1949 ostiis
1432 1909 1619 1962 mare,
1668 1896 1911 1965 quando

217 1981 576 2051 erumpebat
621 1982 794 2051 quasi
848 1982 928 2037 de
980 1983 1164 2038 vulva
1200 1984 1536 2052 procedens
1558 1987 1587 2037 ?
1632 2016 1702 2023 —
1757 1984 1912 2049 Quid

219 2071 384 2129 enim
417 2068 736 2133 mare,nisi
764 2072 1270 2142 persequentium
1302 2070 1510 2127 turbas
1538 2072 1912 2145 accipimus?

221 2158 428 2215 Vulvae
460 2158 624 2214 enim
653 2158 926 2225 nomine,
961 2160 1217 2227 occulta,
1247 2164 1306 2216 et
1336 2160 1661 2231 malitiosa,
1690 2166 1748 2217 et
1778 2177 1912 2217 car-

218 2247 455 2305 nalium
487 2246 766 2315 cogitatio
793 2246 1168 2316 designatur.
1217 2251 1297 2303 De
1350 2249 1463 2304 hac
1500 2248 1681 2305 vulva
1710 2250 1914 2305 cordis

218 2336 573 2409 iniquorum
616 2334 767 2391 alias
821 2334 1043 2390 dicitur
1088 2353 1101 2390 :
1153 2358 1181 2386 «
1226 2335 1513 2409 Concepit
1551 2336 1852 2407 dolorem,
1882 2357 1913 2390 »

219 2430 330 2483 etc.
362 2424 562 2490 (Psat.
594 2439 689 2493 vu,
716 2423 827 2495 15).
861 2424 1228 2496 Erumpebat
1248 2425 1415 2481 enim
1440 2441 1606 2482 mare
1636 2428 1821 2496 quasi
1842 2427 1918 2482 de

220 2516 408 2571 vulva
436 2512 788 2584 procedens,
823 2528 961 2568 cum
1003 2513 1306 2569 minarum
1358 2513 1741 2569 saecularium
1794 2516 1915 2572 ﬂu-

221 2609 352 2660 ctus
395 2603 461 2658 in
509 2606 726 2658 sanctae
757 2600 1039 2657 Ecclesiae
1081 2602 1388 2660 interitum
1418 2603 1691 2659 saevirent
1724 2622 1737 2671 ;
1803 2604 1937 2665 sed.

224 2698 476 2750 auctore
512 2693 630 2746 Deo
660 2691 832 2746 ostiis
865 2690 1216 2748 conclusum
1246 2696 1361 2759 est,
1403 2692 1547 2764 quia
1575 2698 1788 2750 contra
1827 2700 1915 2751 tu-

222 2798 428 2840 mores
455 2780 952 2854 persequentium
983 2782 1168 2836 sancti
1197 2781 1310 2837 viri
1341 2781 1606 2853 oppositi
1651 2788 1818 2851 sunt,
1854 2788 1917 2842 ut

224 2887 443 2929 eorum
477 2869 797 2925 miraculis
828 2874 1008 2941 atque
1038 2870 1373 2925 reverentia
1412 2869 1512 2924 iraa
1542 2885 1915 2943 persequen-

226 2961 375 3017 tium
410 2959 856 3028 frangerentur.
886 2956 1061 3012 Aliter
1096 2977 1109 3013 :
1139 2959 1250 3013 Per
1275 2972 1446 3013 mare
1473 2957 1589 3012 hoc
1619 2958 1915 3016 sseculum

227 3048 510 3121 accipere
540 3046 839 3102 debemus
873 3063 887 3100 :
917 3046 1181 3102 secundo
1209 3050 1421 3101 contra
1449 3044 1563 3100 hoc
1608 3061 1775 3101 mare
1808 3049 1917 3104 Do-

228 3138 439 3195 minus
465 3138 623 3193 ostia
649 3135 956 3210 opposuit,
983 3135 1125 3208 quia
1154 3141 1211 3192 et
1241 3135 1409 3209 prius
1436 3133 1707 3191 humano
1738 3151 1917 3205 gene-

229 3228 283 3284 ri
348 3230 659 3301 praecepta
714 3225 886 3295 legis,
941 3229 999 3280 et
1045 3224 1437 3297 postmodum
1486 3240 1657 3279 novae
1708 3228 1913 3293 gratiae

230 3318 689 3372 Testamentum
718 3312 905 3369 dedit.
930 3311 1094 3367 Prius
1124 3313 1284 3368 enim
1316 3315 1469 3367 Deus
1513 3312 1592 3368 ab
1631 3313 1917 3385 Operibus

231 3403 572 3477 iniquitatis
596 3400 909 3474 prohibuit
937 3399 1193 3456 dicendo
1226 3418 1239 3454 :
1276 3420 1306 3453 ‹
1338 3403 1465 3455 Non
1496 3400 1752 3456 occides.
1786 3403 1917 3457 Non

234 3491 673 3559 mcechaberis,
710 3512 737 3539 ››
770 3494 887 3546 etc.
928 3490 1141 3560 (Εωοιί.
1176 3506 1275 3558 xx,
1330 3488 1413 3553 l3,
1478 3490 1583 3560 14).
1639 3490 1915 3546 Postmo-

234 3583 389 3638 dum
441 3581 626 3637 etiam
676 3596 714 3636 a
767 3578 1129 3649 cogitatione
1170 3578 1378 3651 culpas
1427 3578 1796 3648 constrinxit,
1828 3579 1917 3636 di-

236 3673 442 3730 cendo
474 3690 488 3728 :
534 3695 561 3721 ‹‹
599 3671 808 3728 Omnis
836 3669 942 3743 qui
969 3669 1182 3725 viderit
1210 3668 1523 3724 mulierem
1573 3668 1653 3725 ad
1691 3685 1915 3726 concu-

234 3760 608 3835 piscendum
638 3775 795 3825 eam,
832 3780 861 3807 »
890 3761 1001 3813 etc.
1034 3757 1276 3828 (Matth.
1316 3773 1370 3825 v,
1399 3758 1488 3827 28)
1521 3775 1534 3825 ;
1583 3761 1640 3813 et
1671 3774 1684 3812 :
1719 3779 1746 3806 ‹‹
1783 3757 1917 3814 Dili-

236 3853 360 3923 gite
391 3849 674 3907 inimicos
705 3852 956 3914 vestros,
991 3870 1019 3897 »
1052 3851 1165 3903 etc.
1197 3847 1371 3917 (Ibid.
1418 3847 1527 3918 44).
1580 3846 1688 3902 Ubi
1733 3847 1918 3903 etiam

239 3944 490 4015 tempus
538 3937 822 4003 ostendit,
881 3952 1021 3992 cum
1069 3935 1144 3991 de
1184 3934 1362 3991 vulva
1392 3934 1714 4007 procedere
1744 3935 1915 3993 dixit.

240 4032 395 4094 Quia
425 4027 705 4085 videlicet
728 4030 867 4083 tunc
896 4026 1168 4081 humano
1200 4025 1402 4095 generi
1428 4025 1741 4098 praeceptis
1765 4024 1916 4095 legis

243 4118 539 4184 obviavit,
574 4116 823 4189 quando
891 4115 1055 4170 dhuc
1082 4130 1326 4170 sensum
1358 4130 1483 4169 suae
1512 4112 1726 4184 origini
1773 4115 1915 4170 vici-

244 4224 400 4265 num
431 4206 611 4279 quasi
639 4204 718 4260 ab
743 4208 878 4259 ortu
906 4202 1150 4275 proprio
1172 4203 1250 4258 ad
1277 4201 1606 4276 perfectum
1630 4202 1764 4258 vitae
1795 4219 1919 4259 car-

246 4297 406 4353 nalis
436 4293 691 4351 exiebat.
730 4296 809 4348 De
842 4291 1018 4347 vulva
1063 4292 1290 4364 quippe
1343 4290 1665 4363 procedere
1718 4295 1810 4347 est
1854 4293 1914 4347 in

242 4384 449 4440 lucem
476 4380 783 4455 praesentis
809 4379 1009 4450 gloriae
1042 4378 1357 4435 carnaliter
1382 4393 1693 4451 apparere.
1721 4381 1914 4434 Mom-

250 4489 435 4528 mreu.
468 4469 622 4536 Quid
652 4473 741 4525 est
760 4484 947 4535 mare,
974 4467 1091 4523 nisi
1125 4483 1228 4523 cor
1255 4471 1529 4523 nostrum
1569 4467 1767 4523 furore
1797 4472 1916 4523 tur-

248 4559 492 4629 bidum,
548 4558 688 4614 rixis
742 4573 1042 4623 amarum,
1102 4555 1356 4612 elatione
1406 4555 1700 4628 superbiae
1739 4558 1915 4611 tumi-

255 4648 427 4714 dum,
491 4646 699 4703 fraude
756 4645 996 4702 malitia:
1053 4644 1387 4700 obscurum
1416 4646 1443 4699 ?
1521 4643 1694 4709 Quod
1750 4661 1917 4701 mare

249 4742 556 4812 quantum
600 4735 804 4792 saeviat
841 4733 1090 4790 attendit
1117 4733 1390 4806 quisquis
1429 4732 1489 4788 in
1542 4749 1606 4789 se
1655 4733 1917 4790 occultas

249 4824 687 4897 cogitationum
747 4822 1099 4879 tentationes
1157 4821 1446 4893 intelligit.
1506 4822 1694 4878 Vulva
1756 4822 1917 4879 enim

250 4930 459 4989 pravae
506 4912 879 4983 cogitationis
935 4910 1337 4967 adolescentia
1378 4915 1484 4966 est.
1532 4913 1611 4967 De
1658 4928 1782 4984 qua
1812 4927 1920 4985 per

252 5009 521 5076 Moysem
548 5002 837 5060 Dominus
865 5000 1010 5057 dicit
1037 5017 1050 5054 :
1075 5022 1103 5049 «
1129 5002 1348 5056 Sensus
1373 5000 1534 5056 enim
1557 5005 1613 5056 et
1639 5002 1918 5072 cogitatio

254 5098 545 5151 humanae
573 5092 771 5149 cordis
799 5105 993 5164 prona
1020 5090 1190 5145 estin
1221 5089 1449 5145 malum
1476 5090 1554 5145 ab
1576 5090 1917 5147 adolescen-

257 5183 348 5237 tia
397 5180 502 5237 sua
550 5182 711 5253 (Gen.
773 5195 892 5245 vm,
946 5177 1057 5248 2t).
1110 5199 1138 5225 »
1198 5176 1604 5249 Corruptionis
1652 5193 1917 5250 namque

257 5268 494 5327 malum
527 5267 941 5340 unusquisque
971 5270 1245 5320 nostrum
1285 5264 1364 5320 ab
1413 5270 1545 5320 ortu
1594 5265 1916 5321 desiderio-

256 5376 402 5417 rum
454 5356 785 5416 carnalium
829 5354 1102 5427 sumpsit.
1160 5354 1448 5409 Dominus
1499 5358 1700 5410 autem
1755 5356 1917 5411 ostiis

260 5464 434 5506 mare
459 5446 781 5515 concludit,
811 5444 956 5517 quia
984 5442 1185 5515 pravis
1217 5441 1481 5497 motibus
1508 5442 1767 5499 claustra
1791 5459 1912 5499 cor-

262 5538 365 5595 dis
394 5536 680 5610 inspirata
709 5531 1022 5589 formidine
1043 5530 1251 5603 judicii
1295 5535 1352 5587 et
1394 5531 1597 5588 aeterni
1639 5532 1918 5588 tormenti

264 5625 544 5686 immensi
567 5620 854 5698 temporis
875 5634 1098 5695 pavore
1120 5618 1377 5691 subjicit.
1404 5620 1679 5694 Sequitur
1707 5637 1719 5675 :

2023 1720 2244 1775 Pannis
2264 1723 2491 1795 quippe
2522 1722 2783 1778 infantiae
2814 1724 2998 1795 pedes
3028 1728 3085 1778 et
3114 1722 3356 1776 brachia
3396 1718 3687 1774 constrin-

2024 1814 2265 1877 guntur.
2301 1812 2451 1877 Quia
2490 1827 2632 1882 ergo
2677 1818 3084 1885 persecutores
3142 1815 3363 1865 sanctae
3416 1804 3686 1862 Ecclesiae

2021 1900 2275 1970 puerilia
2307 1902 2567 1973 sapiunt,
2595 1903 2775 1973 justis
2804 1918 3044 1975 semper
3071 1916 3285 1956 nocere
3314 1898 3541 1963 volunt,
3576 1895 3684 1950 sed

2024 1986 2245 2056 divina,
2278 1990 2723 2063 dispensatione
2779 1992 3099 2061 constricti,
3136 1991 3279 2062 quia
3309 1988 3512 2043 volunt
3540 1985 3683 2040 bra-

2024 2075 2159 2131 chia
2189 2093 2311 2133 non
2341 2080 2688 2143 extendunt,
2740 2085 2796 2136 et
2825 2081 2873 2135 si
2903 2084 3117 2135 cuncta
3148 2078 3308 2134 mala
3336 2080 3682 2149 perpetrare

2022 2162 2223 2221 leviter
2250 2172 2561 2239 appetunt,
2592 2184 2983 2240 nequaquam
3018 2174 3212 2223 tamen
3247 2165 3493 2236 implere
3539 2177 3683 2217 cun-

2024 2257 2118 2308 cta
2174 2271 2307 2327 quae
2362 2261 2652 2328 appetunt
2707 2258 3148 2328 permittuntur.
3207 2254 3401 2309 Aliter.
3447 2251 3681 2306 Nubem

2026 2350 2179 2397 Deus
2210 2346 2617 2400 vestimentum
2660 2345 2879 2417 posuit,
2912 2344 3054 2399 dum
3105 2341 3400 2415 populum
3448 2339 3681 2395 Iudaeo-

2023 2447 2159 2487 rum
2218 2433 2296 2488 ab
2342 2450 2540 2489 errore
2589 2433 2851 2506 perﬁdiae
2895 2433 3126 2504 eripuit,
3178 2447 3288 2485 nec
3332 2436 3531 2485 tamen
3560 2426 3678 2481 illis

2025 2520 2350 2578 claritatem
2380 2522 2472 2578 sui
2494 2522 2738 2578 luminis
2763 2522 3056 2595 patefecit,
3088 2520 3263 2592 quasi
3309 2535 3382 2574 ex
3421 2515 3679 2572 tenebris

2024 2627 2127 2667 eos
2156 2611 2416 2680 abstulit,
2444 2613 2548 2668 sed
2580 2612 2779 2668 adhuc
2808 2612 2970 2667 nube
2997 2610 3248 2665 vestivit.
3282 2610 3471 2673 Quem
3500 2605 3681 2661 etiam

2023 2701 2346 2757 verborum
2378 2718 2625 2757 suorum
2675 2702 2925 2772 caligine
2968 2699 3144 2772 quasi
3173 2697 3397 2770 pannis
3422 2694 3682 2752 infantiae

2023 2789 2290 2856 involvit,
2349 2791 2496 2845 dum
2540 2807 2663 2846 non
2713 2796 2919 2863 aperta
2963 2788 3201 2861 spiritus
3236 2785 3678 2858 praedicatione,

2025 2878 2129 2933 sed
2159 2879 2467 2950 praeceptis
2492 2878 2693 2933 litterae
2743 2877 3029 2933 astrinxit.
3092 2876 3367 2929 Infirmus
3417 2886 3682 2943 namque

1945 2992 1987 3048 ρ
2024 2964 2286 3037 populus
2317 2982 2454 3019 cum
2485 2972 2919 3038 praeceptorum
2958 2979 3193 3036 pannos
3224 2964 3438 3017 uolens
3486 2965 3685 3032 pertu-

2024 3052 2108 3117 lit,
2141 3052 2219 3108 ad
2240 3052 2565 3108 ﬁrmiorem
2598 3059 2817 3109 statum
2849 3070 2919 3108 ex
2946 3054 3077 3125 ipsa
3099 3068 3211 3107 sua
3238 3051 3518 3120 ligatione
3548 3063 3681 3120 per-

2027 3142 2201 3197 venit.
2255 3142 2396 3197 Ilinc
2448 3148 2538 3198 est
2579 3144 2737 3199 enim
2782 3142 2948 3215 quod
2996 3142 3079 3197 eis
3108 3141 3167 3195 in
3201 3140 3327 3209 lege
3363 3162 3391 3188 ‹‹
3431 3136 3683 3194 Oculum

2025 3245 2137 3302 pro
2164 3230 2338 3286 oculo
2371 3231 2583 3300 (Exod.
2612 3247 2734 3299 xxx,
2762 3232 2853 3302 24)
2894 3250 2923 3282 ›
2976 3230 3207 3299 exigere
3243 3226 3597 3299 praecipitur,
3628 3228 3685 3279 et

2026 3317 2396 3388 quandoque
2428 3322 2629 3373 tamen
2656 3317 2917 3374 revelata
2950 3317 3136 3385 gratia
3174 3314 3431 3389 perculsi
3480 3310 3685 3368 maxil-

2027 3403 2150 3460 lam
2181 3405 2361 3461 aliam
2384 3406 2673 3476 jubentur
2698 3407 2983 3481 praebere.
3019 3410 3371 3462 Mannum.
3422 3406 3571 3459 Mare
3598 3405 3687 3456 tu-

2027 3493 2400 3549 multuosum
2454 3495 2723 3551 videlicet
2763 3495 3222 3566 cogitationibus
3266 3508 3369 3548 cor
3410 3496 3685 3547 nostrum

2028 3582 2191 3637 nube
2218 3584 2484 3655 vestitur,
2515 3585 2660 3657 quia
2698 3602 2772 3641 ne
2801 3585 2862 3639 in
2890 3589 3187 3640 terrenam
3230 3582 3493 3656 quietem
3538 3595 3687 3651 pure

2030 3671 2381 3742 conspiciat,
2415 3672 2843 3745 inquietudinis
2872 3689 2993 3727 suae
3024 3673 3374 3728 confusione
3419 3668 3689 3726 tenebra-

2027 3762 2142 3814 tur.
2177 3763 2297 3815 Hoc
2324 3776 2490 3816 mare
2522 3761 2791 3832 caligine,
2815 3763 2987 3834 quasi
3013 3763 3279 3831 infantia
3313 3761 3535 3830 pannis
3583 3757 3688 3812 ob-

2028 3846 2306 3919 volvitur,
2337 3850 2481 3921 quia
2510 3866 2546 3905 a
2574 3850 3055 3922 contemplandis
3085 3850 3443 3904 sublimibus
3486 3847 3688 3902 adhuc

2028 3937 2276 3992 terrenis
2320 3938 2595 3993 sensibus
2650 3957 2769 3993 suae
2820 3938 3178 3993 infirmitatis
3242 3938 3479 4005 ligatur.
3541 3935 3687 3990 Hinc

2030 4025 2253 4081 Paulus
2287 4027 2369 4081 ait
2392 4044 2404 4081 :
2426 4027 2750 4083 «Videmus
2770 4044 2932 4083 nunc
2960 4043 3067 4100 per
3093 4027 3405 4099 speculum
3432 4025 3494 4078 in
3525 4023 3687 4091 enig-

2027 4117 2210 4183 mate,
2242 4134 2271 4166 »
2304 4119 2413 4170 etc.
2468 4117 2521 4186 ([
2545 4118 2682 4171 Cor.
2716 4132 2795 4185 ιιι,
2833 4118 2939 4186 12).
2993 4138 3020 4163 ‹‹
3056 4119 3220 4171 Nunc
3258 4127 3560 4182 cognosco
3613 4126 3686 4165 ex

2029 4206 2219 4272 parte,
2249 4222 2277 4253 »
2305 4208 2413 4258 etc.
2447 4204 2687 4273 (Ibid);
2721 4210 2779 4260 ct
2837 4222 2848 4258 :
2903 4228 2927 4251 ‹‹
2962 4208 3107 4260 Cum
3152 4218 3343 4257 essein
3378 4197 3683 4273 parvulus,

2031 4290 2342 4363 sapiebam
2365 4296 2428 4347 ut
2456 4293 2763 4365 parvulus,
2789 4313 2818 4345 ›
2851 4298 2959 4360 etc,
2996 4294 3217 4362 (Ibit!)
3254 4292 3530 4362 Sequitur
3562 4304 3574 4341 :

2023 4391 2028 4396 '
2102 4381 2277 4435 Vens.
2314 4382 2393 4437 10.
2438 4384 2822 4438 Circumdedi
2868 4382 3029 4438 illud
3083 4382 3351 4437 terminis
3398 4380 3558 4434 meis.
3615 4407 3686 4417 —

2028 4470 2314 4525 Terminis
2346 4470 2468 4526 suis
2502 4471 2789 4527 Dominus
2819 4488 2985 4527 mare
3012 4471 3363 4538 circumdat,
3396 4468 3539 4541 quia
3567 4466 3685 4522 iras

2028 4559 2517 4631 persequentium
2548 4560 2913 4632 judiciorum
2960 4576 3206 4615 suorum
3237 4556 3685 4629 dispensatione

2026 4647 2356 4717 modiﬁcat,
2410 4654 2472 4703 ut
2522 4649 2716 4703 insani
2744 4649 2953 4704 tumidi
2996 4647 3159 4703 unda
3190 4646 3462 4709 fervoris,
3502 4643 3684 4715 pleno

2028 4735 2384 4805 frangantur
2412 4737 2602 4791 littore
2641 4736 2884 4791 occultae
2924 4734 3407 4807 dispensationis.
3462 4732 3679 4787 Aliter:

2027 4825 2315 4880 Terminis
2358 4825 2504 4880 illud
2560 4825 2850 4879 Dominus
2903 4823 3295 4879 circumdedit
3351 4821 3495 4885 suis,
3540 4820 3684 4892 quia

2028 4918 2463 4985 praeceptorum
2492 4911 2675 4968 limite
2707 4912 3003 4985 populum
3030 4912 3245 4967 rudem
3278 4912 3355 4966 ab
3405 4910 3685 4965 immora-

2027 4999 2100 5054 tis
2127 5000 2581 5071 [immoderatis]
2616 5001 2802 5056 animi
2828 5000 3283 5069 evagationibus
3326 4998 3525 5056 cinxit.
3572 5001 3683 5055 Mo-

1989 5102 1993 5106 '
2028 5105 2282 5145 RALITER.
2312 5089 2600 5145 Terminis
2629 5091 2752 5145 suis
2774 5090 3063 5146 Dominus
3093 5089 3207 5146 hoc
3239 5106 3402 5146 mare
3428 5090 3680 5143 circum-

2027 5176 2148 5244 dat,
2191 5179 2334 5250 quia
2382 5194 2484 5234 cor
2530 5184 2807 5235 nostrum
2860 5180 3058 5235 adhuc
3115 5177 3508 5249 corruptionis
3556 5192 3677 5229 suae

2025 5266 2301 5323 molestia
2346 5272 2403 5323 et
2452 5284 2596 5324 cura
2644 5268 3054 5325 turbulentum
3102 5269 3216 5323 sub
3242 5280 3527 5321 mensura
3559 5281 3678 5319 suae

2027 5355 2544 5428 contemplationis
2595 5357 2890 5425 humiliat,
2942 5363 3007 5413 ut
3054 5357 3189 5412 licet
3235 5354 3369 5425 plus
3410 5356 3675 5424 appetat,

2025 5444 2180 5500 ultra
2212 5449 2407 5501 tamen
2440 5464 2627 5520 quam
2658 5448 2769 5503 sibi
2801 5446 3162 5507 conceditur,
3215 5457 3338 5498 non
3369 5442 3673 5498 ascendat.

2026 5533 2245 5589 Aliter:
2280 5536 2517 5591 Furenti
2548 5536 2697 5592 mari
2724 5536 3006 5592 terminos
3053 5532 3328 5604 imponit,
3382 5531 3527 5603 quia
3575 5547 3677 5587 cor

2026 5625 2297 5678 nostrum
2328 5624 2750 5681 tentationibus
2771 5622 3352 5691 tumidum,occultis
3375 5619 3675 5675 donorum
