4112 6152
407 167 512 222 435

1438 156 1494 211 S.
1538 153 1798 211 ODONIS
1837 148 2134 208 ABBATIS
2172 147 2675 208 CLUNIACENSIS
2715 151 2818 212 11.,

3723 149 3830 210 486

407 280 922 340 distributionibus
981 277 1230 345 mitigat,
1285 276 1469 332 modo
1519 290 1704 346 agens
1750 289 1824 328 ne
1871 285 2061 344 prava
2089 273 2138 324 A
2177 284 2318 325 nem
2347 271 2606 328 veritatis
2648 271 2897 328 veniens
2947 285 3129 329 omne
3183 271 3352 346 quod
3399 271 3674 346 nequiter
3715 272 3838 344 egit

409 373 710 444 suggestio
739 369 817 425 ad
849 367 1302 424 delectationem
1333 365 1552 426 veniat,
1607 363 1790 420 modo
1819 375 2073 434 pravam
2174 358 2486 416 erubescit.
2516 361 2682 418 Unde
2708 377 2816 434 per
2853 361 3106 418 Paulum
3157 360 3528 434 quibusdam
3575 361 3832 420 dicitur:

408 461 860 518 delectationem
889 473 1082 530 usque
1122 456 1202 512 ad
1233 471 1602 512 consensum
1627 452 1826 509 venire
1872 449 2072 525 prohi-

405 552 524 607 bet.
555 549 832 622 Sequitur
859 567 874 604 :
906 549 984 603 Et
1004 547 1182 616 posui
1206 551 1422 602 vectem
1474 550 1528 600 et
1570 545 1743 599 ostia.
1805 573 1875 582 —
1923 538 2074 606 Quid

406 655 512 712 per
539 638 714 708 ostia,
742 637 858 692 nisi
881 635 1306 708 praedicatores
1334 633 1576 689 sancti?
1625 631 1778 698 Quid
1827 646 1934 703 per
1980 644 2078 685 ve-

2179 470 2206 497 ‹‹
2237 450 2424 512 Quem
2454 465 2597 520 ergo
2649 450 2911 507 fructum
2959 450 3254 507 habuistis
3292 454 3456 519 tunc,
3509 450 3572 506 in
3615 450 3840 524 quibus

2177 553 2338 592 nunc
2393 537 2778 596 erubescitis?
2811 559 2840 589 »
2895 539 3084 610 (Rom.
3123 555 3202 606 vr,
3255 538 3370 610 21).
3425 537 3626 596 Aliter.
3686 541 3840 595 Mare

2177 623 2402 695 quippe
2421 623 2667 696 propria
2687 623 2840 680 ostia
2870 623 3338 692 transcenderat,
3385 623 3531 696 quia
3580 621 3844 680 claustra

410 711 586 796 etem,
639 727 757 782 nisi
811 726 1160 782 incarnatus
1210 723 1499 778 Dominus
1539 719 1928 790 designatur?
1967 716 2077 783 Qui
2176 711 2324 782 legis
2349 713 2636 785 oppositae
2663 713 2916 770 humani
2945 712 3196 770 tumoris
3242 711 3409 769 unda
3446 711 3726 770 satiebat.
3772 715 3846 769 At

407 819 532 873 haec
560 816 835 872 videlicet
857 815 1029 882 ostia,
1062 817 1273 869 contra
1312 813 1616 867 saevientes
1665 809 1846 866 maris
1891 807 2080 879 impe-

408 909 539 960 tum
567 909 732 960 tanto
755 903 1082 960 valentiora
1113 900 1417 974 opposuit,
1445 903 1674 972 quanto
1703 888 1774 954 ea
1822 912 1932 952 sua
1974 895 2080 951 ob-

413 993 746 1048 servatione
775 988 1100 1046 roboravit.
1147 993 1274 1044 Non
1325 987 1487 1043 enim
1540 987 1838 1042 immerito
1890 985 2081 1048 sancti

413 1081 569 1138 ostia
592 1084 905 1147 vocantur,
935 1079 1081 1151 quia
1129 1081 1184 1134 et
1223 1077 1562 1147 ingressum
1609 1075 1892 1130 ﬁdelibus
1943 1088 2082 1144 ape-

413 1169 592 1237 riunt,
647 1173 704 1224 et
758 1182 1000 1223 rursum
1053 1181 1180 1222 sese
1227 1165 1498 1237 perﬁdis,
1538 1181 1613 1220 ne
1637 1163 2074 1232 ingrediantur,

415 1261 748 1332 opponunt.
781 1259 857 1312 De
889 1255 1110 1328 quibus
1137 1254 1288 1310 ostia
1313 1253 1530 1310 exstitit
1561 1255 1770 1308 Petrus
1805 1251 1912 1324 qui
1941 1251 2081 1305 Cor-

414 1346 640 1402 nelium
671 1344 878 1417 recipit
907 1348 963 1400 et
1016 1343 1320 1400 Simonem
1372 1341 1590 1414 repulit
1640 1341 1848 1396 dicens
1883 1355 1895 1394 :
1948 1359 1976 1388 «
2014 1338 2078 1392 In

414 1434 656 1490 veritate
715 1432 982 1506 comperi
1033 1431 1326 1504 quoniam
1381 1445 1506 1486 non
1559 1435 1646 1485 est
1683 1443 2078 1502 personarum

329 1517 340 1524 ’
415 1527 694 1595 acceptor
751 1525 908 1578 Deus
962 1521 1112 1591 (Act.
1147 1537 1207 1586 x,
1241 1518 1351 1587 3i).
1387 1539 1414 1568 »
1470 1518 1632 1574 Ostia
1684 1517 1863 1572 etiam
1909 1519 2082 1571 erant

2179 804 2508 874 postquam
2537 802 2805 869 mundus
2834 801 3182 875 oppositum
3203 801 3317 858 sibi
3346 801 3729 873 Unigenitum
3755 815 3850 858 re-

2181 890 2352 962 perit,
2382 889 2656 947 elationis
2683 907 2806 946 suae
2833 891 3127 964 impetum
3152 891 3345 962 fregit,
3364 896 3422 948 et
3445 891 3698 948 transire
3713 901 3847 947 non

2181 979 2386 1051 valuit,
2411 981 2553 1053 quia
2578 982 2709 1053 ejus
2739 982 3082 1038 fortitudine
3110 981 3328 1038 furoris
3376 980 3472 1038 sui
3517 981 3846 1038 terminum

2183 1068 2456 1126 clausum
2483 1070 2726 1127 invenit.
2757 1071 2904 1127 Hinc
2931 1071 3091 1128 enim
3121 1071 3411 1144 scriptum
3439 1075 3529 1128 est
3559 1089 3574 1127 :
3627 1093 3656 1120 ‹‹
3689 1073 3848 1128 lare

2181 1159 2329 1215 vidit
2354 1164 2411 1216 et
2431 1159 2790 1232 fugit(Psa.l.
2823 1177 3015 1233 cexm,
3047 1161 3121 1234 3).
3151 1183 3180 1212 »
3227 1163 3480 1218 Possunt
3529 1175 3638 1234 per
3686 1159 3851 1216 ostia

2182 1247 2361 1303 etiam
2393 1253 2608 1321 apertae
2634 1249 2946 1321 passiones
2993 1251 3125 1322 ejus
3173 1265 3299 1306 non
3358 1249 3853 1306 inconvenienter

2182 1335 2448 1407 intelligi,
2481 1337 2702 1410 quibus
2732 1343 2790 1393 et
2811 1337 3116 1394 occultum
3142 1343 3376 1394 vectem
3424 1337 3646 1411 posuit,
3699 1335 3855 1410 quia

2184 1440 2288 1480 eas
2311 1440 2384 1480 ex
2410 1425 2690 1482 invisibili
2711 1427 3020 1483 divinitate
3048 1427 3370 1484 roboravit.
3425 1429 3646 1484 Contra
3688 1439 3855 1499 quas

2185 1514 2399 1570 mundi
2425 1514 2642 1570 ﬂuctus
2669 1517 2936 1584 veniunt,
2969 1515 3078 1572 sed
3121 1516 3292 1573 fracti
3334 1515 3654 1583 dissiliunt,
3703 1513 3855 1588 quia

407 1612 596 1683 hujus
629 1610 897 1666 Ecclesiae
922 1609 1144 1681 quibus
1175 1607 1413 1663 dicebat
1439 1607 1765 1663 Dominus:
1797 1629 1823 1654 «
1850 1604 2078 1671 Quibus
2106 1618 2152 1673 Β
2187 1605 2432 1678 superbi
2458 1621 2562 1662 eas
2590 1605 2851 1662 videndo
2881 1607 3236 1680 despiciunt,
3279 1607 3389 1663 sed
3431 1621 3641 1663 earum
3685 1605 3854 1662 vires

416 1699 760 1757 remiseritis
793 1703 1040 1770 peccata
1067 1697 1446 1754 remittuntur
1476 1697 1580 1766 eis,
1629 1719 1658 1746 ››
1713 1699 1822 1751 etc.
1877 1694 2076 1766 (Joan.

417 1805 518 1856 xx,
583 1789 692 1861 22).
753 1788 950 1843 Aliter.
1003 1785 1216 1844 Clausa
1265 1801 1530 1858 namque
1582 1785 1737 1841 ostia
1801 1783 2078 1856 opposito

419 1881 582 1933 vecte
607 1875 987 1932 roborantur.
1022 1874 1264 1930 Vectem
1292 1889 1436 1944 ergo
1463 1873 1750 1928 Dominus
1774 1871 2076 1946 opposuit,

421 1967 563 2040 quia
592 1970 798 2022 contra
825 1964 1078 2021 lascivos
1108 1968 1305 2020 motus
1331 1963 1584 2019 humani
1615 1961 1845 2032 generis
1874 1961 2080 2032 Unige-

419 2055 614 2110 nitum
643 2053 823 2122 misit,
854 2053 997 2125 quia
1025 2057 1324 2126 praecepta
1360 2051 1647 2126 spiritalia
1671 2068 1804 2124 quae
1835 2051 2082 2124 loquen-

420 2143 501 2200 do
529 2143 734 2200 docuit
755 2142 992 2212 agendo
1015 2142 1306 2198 solidavit.
1333 2142 1646 2214 Sequitur:

491 2233 668 2288 Vens.
706 2236 792 2288 11.
843 2233 1004 2288 Hinc
1061 2247 1246 2302 usque
1300 2233 1493 2288 venies
1539 2237 1596 2288 et
1645 2247 1764 2287 non
1800 2231 2080 2300 procedes

421 2323 701 2391 amplius.
731 2353 799 2360 —
821 2323 972 2388 Quia
1001 2320 1286 2376 nimirum
1316 2321 1532 2376 occulti
1558 2319 1766 2392 judicii
1797 2335 2082 2376 mensura

423 2415 528 2474 est,
560 2415 617 2466 et
639 2411 888 2483 quando
919 2410 1352 2484 persecutionis
1380 2409 1644 2482 procella
1681 2409 1973 2482 prosiliat,
2025 2412 2082 2465 et

423 2499 671 2572 quando
696 2500 1117 2571 conquiescat;
1146 2515 1222 2554 ne
1247 2503 1355 2556 aut
1383 2515 1506 2554 non
1535 2499 1835 2568 exagitata
1862 2498 2080 2555 electos

423 2603 548 2642 non
595 2591 887 2656 exerceat,
941 2592 1045 2643 aut
1099 2603 1224 2642 non
1270 2588 1584 2642 moderata
1611 2587 1672 2642 in
1711 2587 2079 2658 profundum

425 2679 677 2746 mergat.
723 2675 1000 2747 Sequitur
1029 2692 1042 2730 :
1073 2677 1152 2730 Et
1185 2675 1282 2732 hic
1309 2677 1654 2747 confringes
1687 2683 1948 2733 tumente
1971 2679 2086 2746 ﬂu-

427 2772 556 2821 ctus
585 2771 734 2821 tuos.
764 2795 838 2805 —
865 2765 1014 2820 Cum
1048 2781 1184 2820 vero
1208 2765 1417 2822 notitia
1445 2765 1584 2821 ﬁdei
1625 2781 1818 2838 usque
1845 2765 1924 2822 ad
1952 2781 2083 2838 per-

426 2857 744 2926 sequentes
769 2853 1125 2923 extenditur,
1159 2853 1384 2910 turbari
1409 2853 1594 2910 maris
1617 2854 1795 2910 timor
1820 2854 2082 2922 sedatur,

428 2941 634 3016 ibique
663 2943 880 3000 ﬂuctus
913 2958 1056 2998 suos
1080 2958 1247 2999 mare
1276 2942 1517 3015 frangit,
1548 2942 1654 3016 qui
1688 2943 1766 3000 ad
1795 2943 2084 3013 cognitio-

2185 1695 2547 1768 experiendo
2599 1697 3048 1768 pertimescunt.
3107 1701 3451 1756 MORALITER.
3515 1697 3670 1764 Quid
3737 1709 3854 1769 per

2185 1786 2355 1855 ostia,
2387 1785 2501 1840 nisi
2527 1785 2772 1842 virtutes
2800 1788 2828 1842 ?
2871 1785 3026 1852 Quid
3053 1802 3160 1860 per
3201 1791 3458 1856 vectem,
3507 1785 3623 1842 nisi
3659 1784 3856 1841 robur

2185 1874 2486 1931 charitatis
2515 1875 2847 1948 accipimus
2867 1878 2894 1932 ?
2922 1875 3110 1932 Facile
3133 1880 3333 1933 autem
3353 1890 3536 1932 omne
3558 1875 3852 1932 virtutum

2183 1963 2414 2020 bonum
2443 1963 2762 2019 tentatione
2798 1964 2996 2020 cordis
3037 1964 3297 2021 irruente
3337 1963 3686 2031 destruitur,
3731 1961 3854 2018 nisi

2185 2053 2262 2109 ab
2287 2053 2510 2110 intimis
2539 2053 2662 2110 ﬁxa
2681 2053 2968 2109 charitate
2995 2053 3301 2110 solidatur.
3337 2053 3503 2110 Unde
3533 2057 3588 2109 et
3628 2050 3855 2108 Paulus

2186 2159 2325 2198 cum
2354 2141 2726 2215 quibusdam
2765 2141 2916 2198 ostia
2944 2142 3232 2199 virtutum
3259 2146 3612 2215 opponeret,
3659 2137 3856 2196 robur

2183 2231 2365 2286 vectis
2417 2229 2692 2301 adjunxit
2719 2273 2732 2297 ,
2807 2230 3009 2286 dicens
3067 2247 3080 2286 :
3139 2232 3330 2304 Super
3381 2229 3589 2286 omnia
3643 2233 3854 2285 autem

2186 2319 2537 2375 charitatem
2565 2318 2875 2388 habentes,
2905 2318 3070 2392 quod
3098 2324 3188 2374 est
3209 2317 3520 2375 vinculum
3539 2317 3855 2391 perfectio-

2185 2411 2278 2465 nis
2305 2408 2558 2480 (001.111,
2594 2408 2698 2480 ti).
2734 2430 2762 2458 η
2793 2409 2945 2475 Quia
2975 2423 3113 2480 ergo
3146 2409 3430 2465 Dominus
3461 2423 3570 2482 per
3595 2407 3857 2480 inspira-

2188 2503 2258 2554 tae
2289 2496 2595 2552 cbaritatis
2623 2496 3032 2553 fortitudinem
3061 2497 3370 2554 nascentia
3397 2497 3460 2554 in
3502 2495 3682 2552 corde
3707 2495 3856 2552 vitia

2167 2585 2472 2660 .reprimit,
2505 2585 2866 2656 insurgentis
2887 2602 3072 2644 maris
3094 2585 3389 2659 impetum
3415 2600 3522 2659 per
3543 2585 3856 2642 obstructa

2190 2677 2450 2732 claustra
2480 2675 2824 2750 compescit.
2860 2679 3071 2732 Beatus
3095 2675 3276 2746 igitur
3297 2675 3429 2744 Job,
3481 2689 3561 2732 ne
3606 2673 3719 2730 sibi
3747 2673 3854 2730 tri-

2189 2765 2340 2822 buat
2385 2764 2553 2837 quod
2597 2769 2804 2820 contra
2853 2764 3147 2837 procellas
3195 2763 3396 2820 cordis
3449 2763 3676 2820 fortiter
3709 2767 3852 2827 stat,

2191 2869 2334 2910 voce
2359 2853 2562 2910 divina
2607 2853 2813 2910 audiat
2871 2869 2886 2910 :
2941 2854 3084 2922 Quis
3106 2854 3401 2918 cont-(usit
3431 2853 3596 2910 ostiis
3626 2866 3798 2908 mare
3826 2854 3858 2908 Ρ

2193 2947 2261 3000 Et
2286 2943 2536 3016 reliqua.

1306 3374 1695 3470 LIBER
1756 3375 2437 3471 VICESIMUS
2513 3375 2968 3471 NONUS.

500 3740 679 3797 Vens.
713 3744 797 3796 12.
844 3739 1138 3811 Nunquid
1158 3744 1295 3809 post
1325 3745 1520 3795 ortum
1550 3744 1718 3796 tuum
1745 3739 2086 3810 praecepisti
2119 3745 2168 3796 A
2197 3743 2336 3798 sunt
2363 3739 2625 3810 agimus,
2652 3744 2710 3798 et
2737 3745 2939 3798 tamen
2966 3741 3339 3816 quibusdam
3361 3742 3563 3800 adhuc
3577 3742 3857 3801 tenebra-

429 3832 720 3900 dt'luculo,
777 3836 832 3887 et
884 3830 1195 3886 ostendisti
1235 3844 1471 3886 aurorae
1514 3830 1708 3886 locum
1749 3845 1924 3886 suum
1951 3832 1980 3887 ?
2016 3861 2086 3870 —

433 3919 753 3992 Subaudis,
783 3923 851 3976 ut
877 3935 988 3991 ego
1017 3922 1192 3976 Ortus
1215 3919 1441 3992 quippe
1473 3919 1798 3976 divinitatis
1847 3919 2088 3976 Domini

431 4014 568 4068 ante
613 4013 671 4066 et
719 4013 858 4084 post
905 4024 1029 4065 non
1069 4008 1272 4065 habet.
1317 4009 1490 4066 Ortus
1519 4025 1661 4065 vero
1700 4009 2088 4066 humanitatis

427 4098 580 4170 ejus,
610 4097 756 4172 quia
781 4097 960 4171 coepit
988 4099 1046 4154 et
1062 4097 1297 4164 desinit,
1330 4101 1388 4153 et
1415 4101 1550 4154 ante
1589 4101 1646 4154 et
1690 4105 1826 4170 post
1867 4097 2088 4154 habere

425 4204 471 4252 ε.
508 4192 778 4260 tempore
821 4187 1076 4260 accepit.
1129 4187 1244 4244 Sed
1273 4186 1421 4260 quid
1457 4187 1606 4242 dum
1647 4187 1775 4259 ipse
1806 4187 2090 4244 umbram

429 4281 646 4333 nostrae
694 4275 1150 4348 temporalitatis
1191 4275 1473 4348 suscepit,
1503 4275 1712 4331 lumen
1754 4276 1932 4332 nobis
1964 4292 2087 4332 suae

433 4363 769 4420 aeternitatis
797 4362 1034 4426 infudit,
1074 4365 1230 4418 recte
1279 4378 1388 4435 per
1435 4363 1598 4420 hunc
1643 4367 1860 4431 ortum,
1905 4380 2090 4437 quem

431 4451 673 4508 Creator
727 4449 841 4507 sibi
897 4449 960 4506 in
1010 4455 1280 4523 tempore
1331 4451 1627 4514 concedit,
1668 4451 1870 4508 locum
1912 4469 2091 4509 suum

433 4540 561 4598 sine
590 4543 859 4612 tempore
888 4554 1108 4596 aurora
1143 4539 1446 4610 cognovit.
1489 4539 1638 4604 Quia
1683 4539 1846 4596 enim
1889 4541 2093 4597 dilicu-

432 4630 560 4687 lum
588 4629 683 4687 vel
709 4645 930 4687 aurora
955 4647 992 4687 a
1019 4629 1276 4686 tenebris
1303 4629 1366 4686 in
1411 4628 1608 4686 lucem
1657 4628 1923 4696 vertitur,
1966 4645 2091 4686 non

431 4719 730 4777 immerito
757 4719 1000 4778 diliculo
1027 4719 1117 4776 vel
1149 4735 1378 4776 aurorae
1403 4719 1647 4776 nomine
1677 4719 1876 4776 omnis
1904 4718 2094 4776 Eccle-

433 4809 524 4866 sia
579 4809 902 4866 electorum
957 4810 1326 4882 designatur,
1381 4826 1516 4882 quae
1581 4808 1659 4866 ab
1724 4807 2090 4866 inﬁdelitatis

431 4902 609 4955 nocte
628 4897 703 4954 ad
744 4898 939 4955 lucem
968 4900 1111 4957 ﬁdei
1137 4899 1395 4956 ducitur.
1431 4899 1579 4955 Hinc
1607 4899 1770 4956 enim
1803 4899 2092 4974 scriptum

431 4990 523 5044 est
549 5003 562 5042 :
595 5008 624 5038 α
657 4989 798 5054 Quae
829 4993 919 5044 est
933 4988 1046 5046 ista
1073 5005 1207 5062 quae
1233 4989 1632 5063 progreditur,
1667 4989 1843 5062 quasi
1871 5004 2092 5047 aurora

2191 3844 2330 3886 rum
2358 3829 2622 3902 reliquiis
2654 3845 2777 3886 non
2805 3845 3082 3888 caremus
3121 3833 3150 3888 ?
3197 3831 3344 3888 Hine
3389 3834 3678 3906 scriptum
3725 3835 3855 3890 est:

2195 3937 2227 3974 ι
2261 3923 2385 3976 Non
2407 3918 2836 3991 justiﬁeabitur
2855 3921 2915 3976 in
2945 3925 3270 3994 ronspectu
3300 3923 3404 3978 tuo
3431 3922 3632 3978 omnis
3649 3920 3860 3978 vivens

2195 4007 2385 4080 (Psal.
2417 4024 2552 4078 xm,
2578 4012 2661 4078 2).
2693 4027 2723 4062 »
2751 4009 2970 4066 Paulus
2999 4025 3246 4083 quoque
3271 4011 3380 4067 ait:
3398 4032 3426 4062 α
3455 4010 3644 4068 Video
3674 4009 3860 4067 aliam

2194 4097 2391 4169 legem
2417 4098 2482 4155 in
2509 4099 2798 4156 membris
2823 4101 2974 4156 meis
2993 4105 3451 4173 repugnantem,
3475 4123 3502 4152 ››
3517 4105 3630 4157 etc.
3663 4102 3858 4173 (Rom.

2195 4204 2300 4260 vu,
2330 4189 2458 4260 23);
2489 4192 2547 4246 et
2569 4203 2813 4248 rursum
2845 4207 2858 4246 :
2889 4211 2922 4240 «
2955 4193 3082 4246 Nox
3113 4191 3434 4263 praecessit,
3487 4190 3614 4247 dies
3651 4195 3861 4248 autem

2197 4277 2726 4351 appropinquavit,
2777 4283 2885 4335 etc.
2935 4279 3119 4350 (Rom.
3147 4296 3271 4347 xm,
3307 4280 3408 4352 12).
3468 4280 3600 4336 Dies
3653 4284 3859 4336 autem

2198 4371 2424 4424 sanctas
2454 4367 2730 4424 Ecclesiae
2759 4373 2900 4425 tunc
2919 4369 3046 4438 erit,
3091 4385 3232 4426 cum
3261 4370 3315 4427 ei
3343 4370 3602 4427 admista
3627 4368 3862 4444 peccati

2199 4456 2418 4514 umbra
2436 4458 2566 4529 jam
2591 4473 2716 4514 non
2739 4458 2868 4515 erit.
2901 4461 3092 4516 Locus
3135 4465 3338 4518 autem
3383 4460 3568 4532 hujus
3624 4475 3861 4516 aurora

2199 4550 2286 4602 est
2309 4546 2571 4620 perfecta
2597 4547 2836 4605 claritas
2861 4548 3106 4606 visionis
3137 4549 3406 4606 internae.
3431 4551 3654 4606 Locum
3679 4561 3863 4605 suum

2198 4650 2417 4692 aurora
2440 4635 2798 4705 considerat,
2829 4637 3077 4710 quando
3099 4641 3308 4695 sancta
3333 4637 3539 4695 anima
3585 4637 3664 4694 ad
3711 4651 3862 4694 con-

2197 4725 2612 4798 templandam
2641 4726 2974 4783 Conditoris
3006 4727 3100 4784 sui
3125 4727 3340 4784 faciem
3357 4726 3858 4798 ﬂagrat,dieens:

2197 4836 2230 4864 «
2261 4813 2448 4870 Sitivit
2471 4815 2676 4871 anima.
2705 4830 2841 4872 mea
2871 4815 2951 4872 ad
2979 4819 3164 4873 Deum
3190 4816 3428 4886 vivum,
3458 4839 3486 4867 η
3511 4819 3622 4874 etc.
3661 4816 3859 4888 (Psal.

2195 4915 2314 4968 xm,
2373 4904 2452 4970 3).
2512 4901 2680 4958 Hunc
2738 4902 2934 4973 signat
2988 4903 3190 4960 locum
3243 4903 3534 4961 Dominus
3591 4903 3858 4961 dicens:

2197 5007 2232 5044 ‹
2264 4989 2616 5064 Ubicunque
2645 4991 2822 5048 fuerit
2847 5008 3088 5066 corpus,
3119 5015 3147 5044 ››
3179 4997 3289 5050 etc.
3337 4994 3503 5065 (Luc.
3551 5008 3694 5064 xm,
3743 4994 3858 5066 37).

431 5091 802 5148 consurgens
821 5078 848 5133 ?
881 5099 908 5126 ››
935 5077 1130 5148 (Cant.
1151 5093 1231 5145 vi,
1257 5081 1337 5146 9).
1369 5076 1566 5133 Aliter.
1605 5081 1836 5134 Aurora
1884 5077 1977 5135 vel
2003 5077 2088 5134 di-
2126 5093 2171 5147 Β
2198 5083 2340 5146 Quae
2371 5079 2678 5138 beatitudo
2708 5081 2917 5139 futurae
2941 5082 3362 5155 retributionis,
3374 5083 3732 5156 priusquam
3753 5097 3864 5156 per

431 5165 722 5234 luculum,
754 5169 995 5222 noctem
1014 5165 1261 5239 quidem
1289 5166 1616 5239 praeterisse
1640 5166 1937 5236 nuntiant,
1977 5182 2090 5224 nec
2199 5181 2420 5241 corpus
2449 5169 2582 5242 ipse
2608 5169 3024 5237 innotesceret,
3064 5171 3128 5228 in
3173 5186 3511 5244 paucorum
3561 5170 3863 5229 intellectu

429 5259 636 5314 tamen
677 5255 796 5313 diei
848 5255 1177 5313 claritatem
1230 5255 1524 5328 integram
1566 5256 1926 5326 ostendimt;
1959 5257 2086 5328 sed,
2198 5257 2510 5316 continuit.
2544 5260 2857 5334 Sequitur:

431 5362 574 5403 cum
599 5346 768 5404 illam
791 5345 1038 5421 pellunt,
1093 5347 1252 5404 hanc
1291 5346 1644 5420 suscipiunt,
1694 5347 1892 5404 lucem
1928 5350 2089 5404 tene-
2266 5350 2434 5406 Vsus.
2473 5353 2556 5407 13.
2588 5349 2882 5422 Nunquid
2917 5350 3162 5408 tenuisti
3202 5351 3546 5408 concutiens
3590 5355 3863 5408 summa

429 5433 556 5491 bris
605 5437 957 5508 permiatam
993 5439 1212 5493 tenent.
1274 5435 1428 5503 Quid
1470 5436 1670 5510 itaque
1711 5436 1775 5492 in
1811 5437 1927 5493 hac
1964 5435 2088 5492 vita
2198 5442 2393 5509 term,
2407 5445 2462 5496 et
2484 5441 2799 5497 εει-σαεείεεὶ
2816 5441 3028 5510 impios
3047 5455 3124 5498 ex
3145 5441 3252 5498 ea?
3280 5470 3350 5484 —-
3379 5441 3658 5498 Extrema
3685 5444 3861 5498 terrae

431 5539 664 5592 omnes,
695 5526 802 5598 qui
829 5527 1140 5584 veritatem
1192 5527 1520 5601 sequimur,
1569 5526 1680 5582 nisi
1729 5541 1948 5583 aurora
1990 5524 2088 5582 vel
2196 5527 2484 5584 Dominus
2504 5527 2712 5598 tenuit,
2735 5528 2880 5603 quia
2897 5528 2959 5586 in
2979 5528 3098 5587 ﬁne
3128 5528 3486 5587 saeculorum
3508 5527 3588 5586 ad
3607 5527 3862 5587 destitu-

429 5613 761 5673 diluculum
791 5631 1024 5689 sumus,
1051 5617 1199 5694 quia
1225 5622 1284 5674 et
1305 5617 1590 5692 quaedam
1611 5617 1742 5688 jam
1767 5632 1905 5690 quae
1933 5615 2086 5674 lucis
2194 5620 2321 5676 tam
2337 5619 2466 5690 jam
2479 5621 2538 5677 et
2553 5616 2760 5678 alienis
2777 5617 3021 5691 regibus
3042 5618 3862 5694 subditamSynagogamve—
