4130 6146
212 190 296 249 637

982 173 1285 231 EPITOME
1325 164 1704 229 MORALIUM
1740 162 1799 218 S.
1842 161 2061 221 GREG.
2110 164 2179 221 IN
2218 161 2367 223 JOB.
2398 193 2470 207 --
2504 165 2633 222 LIB.
2666 168 2840 223 XXIX.

3541 170 3649 226 438

208 312 298 379 nit,
318 312 496 381 atque
526 320 598 361 ex
624 301 723 359 illa
748 299 961 370 impios
982 299 1267 370 excussit,
1290 293 1436 368 quia
1467 286 1764 381 spiritalia
1792 286 1859 342 ﬁ-
1898 291 1948 347 A
1977 288 2219 381 quippe
2240 287 2554 381 Dominus,
2604 305 2789 381 quem
2833 290 2912 347 ad
2969 306 3145 348 suam
3194 288 3647 347 simnjtudinem

206 377 292 458 dei
314 377 770 472 praedicamenta
789 394 1136 458 renuentes,
1168 388 1347 444 etiam
1372 399 1410 441 a
1439 377 1704 472 carnalis
1763 392 1861 433 sa-

207 469 391 549 criﬁcii
413 484 604 557 gloria
632 479 858 553 repulit.
892 478 1273 549 Aliter.,Quia
1294 491 1366 532 ex
1387 469 1599 531 Judaea
1620 481 1860 557 paucos

208 555 458 650 abiectos
484 578 541 630 et
562 568 812 627 humiles
837 566 1041 640 elegit,
1075 572 1342 624 extrema
1380 568 1563 618 terrae
1620 555 1861 650 tenuit;

205 644 340 737 legis
368 663 529 721 enim
545 660 813 716 doctores
842 655 1134 725 deseruit,
1167 659 1223 710 et
1263 653 1591 726 piscatores
1646 644 1862 737 tenuit,

208 733 462 827 dumque
491 751 617 822 ejus
646 748 913 803 extrema
947 749 1127 814 tenet,
1162 760 1234 801 ex
1255 758 1326 799 ea
1351 740 1575 815 impios
1614 733 1862 827 enotuit,

209 846 339 920 quia
362 822 514 899 dum
532 836 800 896 inﬁrmos
826 833 1046 890 ﬁdeles
1075 833 1333 899 roborat,
1384 828 1612 920 fortiter
1651 822 1866 920 inmilla

208 912 464 994 inﬁdeles
489 931 750 988 damnat.
784 927 901 982 Res
934 930 1139 982 autem
1170 920 1503 980 concutitur
1530 916 1651 972 huc
1674 912 1867 969 illluc-

208 1042 316 1102 que
339 1025 519 1082 ducta
537 1018 830 1088 fatigatur.
857 1016 1173 1072 Concussa
1193 1029 1333 1102 ergo
1379 1008 1607 1102 Judaea
1645 1003 1863 1102 iuerat,

207 1092 334 1191 quae
389 1127 498 1188 per
541 1108 683 1167 alios
728 1104 1015 1161 dicebat:
1045 1127 1073 1155 «
1121 1102 1270 1170 Quia
1297 1101 1497 1191 bonus
1527 1098 1616 1151 est
1658 1092 1863 1191 (.I-oan.

206 1184 301 1274 vn,
335 1184 419 1270 t2)
454 1220 467 1269 ;
503 1202 607 1255 set
630 1210 736 1269 per
766 1193 922 1249 alios
968 1191 1305 1260 resistebat,
1363 1187 1605 1243 dicens:
1641 1203 1669 1231 «
1711 1184 1865 1250 Non,

208 1293 311 1350 sed
338 1288 567 1347 seducit
584 1284 787 1344 turbas
819 1283 983 1355 (Ibid
992 1284 1051 1353 .).
1077 1300 1107 1334 ›
1134 1281 1330 1337 Aliter.
1361 1279 1653 1334 Extrema
1688 1277 1867 1328 terrae

207 1381 506 1439 concussit
523 1382 577 1434 et
603 1376 812 1441 tenuit,
844 1372 997 1446 quia
1021 1387 1161 1428 cum
1184 1369 1425 1426 inﬁrma
1456 1362 1642 1421 corda
1661 1359 1865 1419 humi-

206 1471 349 1528 lium
368 1469 473 1542 pio
496 1467 702 1524 timore
732 1461 965 1528 terruit,
998 1473 1390 1532 nequaquam
1417 1470 1489 1511 ea
1499 1451 1727 1542 judicio
1744 1448 1869 1542 dis-

207 1540 733 1629 tricto—dereliquit.
768 1552 915 1609 inde
946 1550 1109 1607 enim
1135 1546 1454 1607 multitudo
1495 1540 1869 1603 credentium

1977 376 2268 448 condidit,
2299 377 2478 450 quasi
2503 377 2819 451 quoddam
2865 396 2988 438 suae
3041 379 3320 453 potentiae
3371 381 3649 451 signacw

1978 467 2108 521 lum
2129 465 2285 533 fecit,
2312 465 2482 538 quod
2514 471 2716 523 tamen
2739 473 2808 523 ut
2840 469 3033 527 tutum
3085 470 3453 538 restituetur,
3501 468 3650 542 quia

1974 553 2116 611 licet
2143 558 2370 612 interna
2396 555 2693 628 supplicia
2712 572 2819 629 per
2845 557 3297 614 conversionem
3320 556 3528 628 fugiat,
3582 558 3648 615 in

1974 641 2207 699 ultione
2236 647 2443 700 tamen
2471 648 2826 717 perpetratae
2855 645 3171 718 superbiae,
3202 645 3399 702 carnis
3453 651 3646 705 morte

1975 730 2328 788 damnatur.
2359 732 2636 805 Sequitur
2668 751 2682 790 :
2712 736 2793 792 Et
2827 734 3007 791 stabit
3037 734 3186 790 sicut
3212 736 3642 793 vestimentum.

1975 853 2050 863 —
2079 822 2358 895 Impolita
2382 838 2649 896 namque
2680 828 2738 881 et
2767 823 3072 895 grossiora
3091 823 3446 881 vestimenta
3461 825 3644 881 etiam

1977 926 2127 967 cum
2154 910 2367 968 induta
2392 911 2630 981 fuerint,
2662 913 2806 986 quia
2835 912 3156 969 induendis
3178 913 3465 969 membris
3488 913 3644 968 bene
3690 904 3707 909 ’

1978 1000 2289 1073 applicata
2317 1017 2441 1058 non
2465 1002 2772 1071 inhaerent,
2815 1008 2970 1060 stare
3023 1003 3377 1059 referuntur.
3434 1002 3647 1058 Judaaa

1978 1087 2166 1159 igitur
2197 1091 2354 1148 circa
2379 1092 2638 1148 veritatis
2690 1092 2963 1148 notitiam
3009 1092 3186 1149 etiam
3233 1107 3373 1148 cum
3425 1091 3646 1147 servire

1979 1177 2305 1247 videretur,
2328 1182 2479 1236 sicut
2538 1184 2947 1239 vestimentum
2997 1180 3171 1251 stetit,
3205 1181 3351 1253 quia
3391 1195 3499 1253 per
3540 1195 3646 1236 ex-

1980 1267 2203 1324 teriora
2232 1269 2522 1328 mandata
2550 1270 2768 1326 servire
2799 1285 2861 1325 se
2886 1268 3139 1325 Domino
3194 1269 3474 1339 ostendit,
3535 1268 3645 1324 sed

1982 1357 2293 1414 adhterere
2322 1359 2375 1414 ei
2416 1375 2524 1432 per
2578 1357 2880 1415 charitatis
2924 1357 3374 1427 intelligentiam
3430 1357 3641 1414 noluit.

1980 1446 2163 1505 Aliter
2194 1464 2207 1503 :
2238 1450 2342 1503 Tot
2364 1463 2527 1504 nunc
2552 1447 2730 1520 quasi
2757 1446 3024 1503 vestibus
3046 1450 3252 1504 sancta
3274 1446 3532 1503 Ecclesia
3546 1446 3641 1501 in-

1980 1536 2204 1609 duitur,
2235 1542 2384 1610 quot
2405 1537 2677 1593 ﬁdelium
2708 1536 3089 1594 veneratione
3113 1536 3449 1593 decoratur.
3475 1536 3643 1592 Unde

206 1651 263 1707 in
296 1653 485 1707 Deum
516 1624 822 1702 robustius
853 1640 1030 1710 stetit,
1064 1638 1224 1695 unde
1265 1637 1328 1692 in
1385 1650 1447 1690 se
1493 1630 1746 1690 humilia
1783 1633 1869 1687 te—
1911 1648 1951 1702 Β
1981 1631 2039 1684 et
2067 1628 2121 1683 ei
2149 1628 2406 1685 ostensis
2436 1627 2716 1698 gentibus
2750 1642 2787 1683 a
2815 1626 3069 1683 Domino
3124 1642 3232 1699 per
3282 1624 3651 1699 prophetali!

207 1739 349 1796 nuit.
384 1735 529 1792 Hinc
561 1732 849 1791 Salomon
871 1729 952 1786 ait
985 1746 1052 1784 ;‹‹
1078 1729 1289 1782 Beatus
1327 1723 1419 1783 vir
1473 1720 1578 1795 qui
1630 1733 1872 1791 semper

207 1834 289 1887 est
315 1825 578 1903 pavidus
613 1840 626 1890 ;
658 1821 777 1893 qui
793 1822 993 1876 autem
1022 1816 1239 1872 mentis
1284 1817 1377 1869 est
1397 1812 1584 1876 durae,
1635 1810 1873 1864 corruet

206 1920 263 1975 in
292 1898 528 1973 malum
561 1913 766 1980 (Prov.
796 1922 1003 1976 xxviii,
1034 1905 1141 1977 l4).
1174 1922 1204 1956 ›
1238 1902 1418 1958 Aliter
1448 1904 1623 1967 terra,
1658 1898 1871 1953 sancta

207 2005 483 2069 Ecclesia.
516 2003 811 2058 Extrema
831 1996 1009 2067 igitur
1044 2001 1216 2051 terra?
1268 1990 1559 2048 Dominus
1608 1989 1768 2044 tenet
1815 1987 1874 2041 et

206 2095 482 2163 concutit,
514 2091 661 2166 quia
684 2086 961 2145 Ecclesiae
985 2100 1110 2140 suae
1132 2082 1340 2138 ultima
1380 2095 1488 2154 per
1543 2077 1871 2166 adventum

204 2165 546 2243 Antichristi
576 2176 992 2254 persecutione
1013 2169 1457 2228 immanissima
1488 2165 1728 2223 turbare
1747 2176 1873 2254 per-

204 2276 397 2334 mittit.
428 2276 501 2329 Et
522 2252 671 2345 quia
701 2266 973 2342 plerique
994 2263 1148 2319 intra
1176 2259 1500 2316 Ecclesiam
1526 2259 1684 2318 sunt,
1719 2252 1873 2309 sicut

204 2362 532 2440 Apostolus
553 2358 700 2415 dicit
726 2375 739 2413 :
770 2376 802 2410 «
822 2354 973 2421 Quia
1002 2351 1360 2408 conﬁtentur
1379 2364 1443 2440 se
1463 2361 1643 2403 nosse
1662 2347 1871 2411 Deum,

204 2437 368 2512 factis
398 2454 612 2509 autem
642 2448 874 2515 negant
903 2443 1037 2515 (Tit.
1060 2458 1099 2509 1,
1128 2437 1513 2511 46).»lmpios
1542 2449 1684 2504 ergo
1713 2448 1786 2488 ex
1802 2446 1876 2486 ea

1981 1716 2197 1773 dicitur
2228 1736 2241 1774 :
2268 1740 2297 1767 α
2324 1717 2474 1774 Vivo
2501 1731 2634 1786 ego,
2661 1715 2806 1788 quia
2824 1716 2917 1771 his
2949 1715 3232 1772 omnibus
3262 1715 3424 1772 velut
3468 1730 3644 1770 orna-

1981 1808 2187 1861 mento
2243 1805 2512 1861 vestieris
2552 1805 2692 1875 (Isa.
2750 1821 2906 1874 xux,
2975 1807 3083 1871 l8).
3114 1825 3142 1854 »
3195 1803 3383 1860 Multis
3438 1807 3645 1859 tamen

1982 1892 2158 1964 quasi
2198 1892 2480 1949 ﬁdelibus
2537 1908 2698 1947 nunc
2744 1891 2941 1964 specie
2987 1895 3161 1948 tenus
3203 1890 3489 1959 induitur,
3539 1888 3648 1946 sed

1982 1980 2258 2053 pulsante
2284 1979 2718 2053 persecutionis
2743 1979 2971 2052 impetu
2995 1984 3137 2036 tunc
3168 1980 3252 2035 eis
3304 1984 3484 2036 exuta
3531 1994 3646 2035 nu-

1983 2068 2243 2125 dabitur.
2274 2071 2441 2127 Stare
2472 2083 2613 2125 vero
2643 2068 2758 2125 hoc
2782 2069 2915 2125 loco
2966 2068 3229 2142 ponitur,
3286 2067 3347 2125 in
3397 2071 3647 2141 peccato

1983 2158 2321 2231 persistere,
2352 2163 2419 2215 ut
2447 2157 2595 2214 illud
2624 2175 2637 2214 :
2671 2180 2699 2207 «
2732 2159 2799 2213 In
2826 2158 2926 2214 via
2948 2161 3334 2231 peccatorum
3356 2172 3483 2213 non
3541 2160 3652 2212 ste-

1984 2247 2049 2303 tit
2082 2246 2268 2318 (Psal.
2300 2264 2341 2316 ι,
2369 2252 2444 2312 1),
2481 2268 2508 2297 ››
2529 2246 2624 2303 vel
2646 2250 2800 2303 certe
2832 2247 2983 2303 sicut
3010 2246 3222 2301 induta
3241 2244 3422 2301 vestis
3462 2244 3652 2301 tendi-

1985 2338 2099 2402 tur,
2140 2339 2328 2393 exuta
2385 2334 2573 2393 fracta
2629 2335 3041 2409 complicatur,
3097 2333 3181 2390 ita
3228 2333 3651 2407 unusquisque

1985 2423 2089 2496 qui
2111 2422 2189 2479 ab
2212 2424 2477 2482 Ecclesia
2505 2424 2832 2489 recesserit,
2865 2423 3203 2481 confractus
3224 2426 3403 2495 atque
3452 2422 3653 2494 abjec-

205 2542 496 2600 Dominus
528 2512 773 2605 excutit,
799 2512 945 2606 quia
974 2531 1084 2585 hos
1115 2543 1270 2601 quos
1298 2542 1461 2583 nunc
1490 2523 1702 2581 intima
1732 2519 1877 2576 vitia
1990 2516 2082 2569 tus
2104 2512 2354 2606 jacebit,
2386 2514 2512 2588 qui,
2541 2515 2689 2572 dum
2734 2514 3097 2581 indueretur,
3155 2514 3444 2606 decorus
3471 2517 3653 2587 atque

204 2630 543 2708 possident,
571 2630 716 2683 tunc
749 2601 1194 2689 in—voraginem
1240 2606 1458 2689 apertae
1511 2608 1877 2708 inﬁdelitatis
1988 2606 2191 2708 tensus
2222 2601 2357 2708 fuit.
2390 2603 2445 2661 Si
2467 2620 2620 2708 .vero
2651 2608 2807 2708 stare
2855 2602 3249 2708 intelligimus
3298 2601 3652 2704 perdurare,

205 2690 438 2788 cadent,
497 2690 685 2790 atque
736 2712 802 2768 in
851 2724 1133 2767 acervum
1188 2705 1501 2779 palearum
1542 2702 1876 2790 transeunt.
1990 2691 2142 2790 sicut
2163 2691 2739 2790 vestimentum_stat
2765 2692 3024 2790 quisque
3044 2690 3362 2790 reprobus,
3386 2692 3541 2790 quia
3590 2692 3655 2749 in

207 2780 563 2868 Morinum.
582 2780 713 2859 .Per
752 2804 975 2855 terram
1004 2795 1229 2869 quippe
1262 2793 1446 2848 homo
1485 2788 1725 2846 inﬁrma
1777 2785 1882 2859 [in-
1993 2783 2110 2839 hac
2129 2781 2274 2849 vita,
2310 2799 2499 2855 quam
2527 2782 2738 2855 diligit,
2764 2782 2931 2840 brevi
2959 2782 3155 2850 durat,
3181 2784 3246 2838 ut
3259 2780 3410 2838 illud
3433 2799 3445 2839 :
3471 2802 3502 2837 ‹
3520 2785 3657 2840 Om-

205 2899 367 2971 ﬁma]
392 2894 649 2968 sapiens
679 2887 1050 2960 designatur,
1075 2882 1171 2940 cui
1186 2880 1460 2956 peccanti
1490 2879 1717 2936 dictum
1751 2879 1877 2931 est:
1991 2872 2092 2928 nia
2137 2869 2291 2971 sicut
2334 2872 2758 2928 vestimentum
2785 2874 3172 2941 veterascent,
3206 2894 3237 2921 »
3292 2877 3428 2944 etc.,
3459 2874 3651 2942 (Psal.

206 3010 233 3039 ι(
263 2960 445 3045 Terra
468 2960 564 3048 es,
598 2985 657 3037 et
687 2978 752 3035 in
782 2982 999 3033 terram
1027 2972 1142 3029 ibis
1167 2974 1332 3044 (Gen.
1358 2986 1437 3039 ιιι,
1471 2969 1578 3040 19).
1616 2989 1644 3019 η
1676 2968 1742 3022 In
1785 2980 1881 3022 ex-
1920 3000 1962 3060 α
1993 2977 2063 3033 c1,
2091 2960 2207 3031 27.)
2236 2963 2581 3017 ΜοιιΑιιι-ιιιι.
2611 2963 2835 3018 Lutum
2862 2976 3129 3060 namque
3177 2964 3453 3018 nostrum
3502 2962 3655 3018 sicut

207 3080 399 3134 trema
427 3073 644 3145 utique
669 3067 829 3134 vitae,
861 3062 1149 3119 Dominus
1178 3075 1336 3134 sape
1378 3060 1726 3132 peccatores
1774 3056 1884 3110 ter-
1924 3048 1962 3060 “’
1992 3051 2403 3107 vestimentum
2458 3053 2615 3105 stare
2663 3055 2753 3106 est
2802 3065 2996 3122 usque
3049 3048 3128 3105 ad
3200 3050 3653 3106 resurrectionis

206 3165 397 3222 rendo
423 3137 718 3229 concutit,
752 3151 1150 3212 concutiendo
1178 3147 1485 3219 convertit,
1536 3148 1884 3229 converten-
1993 3142 2230 3211 tempus
2258 3137 2439 3194 inane
2465 3141 2834 3212 exutumque
2861 3138 3207 3212 perdurare.
3243 3139 3521 3212 Sequitur
3552 3156 3565 3194 :

209 3257 288 3313 do
316 3258 501 3322 tenet,
535 3226 722 3322 atque
753 3246 831 3303 ab
860 3259 1069 3301 eorum
1096 3239 1380 3297 cordibus
1414 3236 1633 3311 impios
1653 3226 1879 3306 cogita-
2011 3318 2028 3322 _
2065 3231 2235 3284 Vens.
2271 3228 2354 3322 l_5.
2385 3228 2719 3322 Auferetur
2747 3230 2822 3285 ab
2850 3229 3046 3322 impiis
3091 3229 3201 3285 tua:
3242 3244 3374 3286 sua.
3403 3260 3477 3270 —
3505 3229 3657 3296 Quia

211 3345 446 3401 tionum
476 3344 685 3398 motus
716 3332 931 3392 evellit.
954 3329 1229 3403 Sequitur
1257 3346 1270 3384 :
1486 3398 1497 3407 ο

280 3436 455 3489 Vens.
494 3431 579 3486 14.
613 3425 985 3482 Restituetur
1026 3425 1088 3475 ut
1135 3419 1328 3474 lutum
1380 3414 1780 3486 signaculum.
1810 3443 1880 3452 —

215 3522 367 3587 Quid
387 3517 559 3577 aliud
582 3512 877 3572 Dominus
898 3508 1138 3583 plebem
1158 3503 1539 3561 Israeliticam
1556 3501 1673 3558 nisi
1688 3500 1881 3557 lutum

210 3610 449 3686 reperit,
508 3620 704 3681 quam
755 3598 1082 3686 obsequiis,
1120 3594 1457 3686 gentilium,
1495 3590 1772 3686 deditam
1818 3588 1883 3645 in

210 3676 469 3773 Egypto
502 3676 864 3753 servientem
902 3685 1186 3744 lateribus
1240 3680 1520 3773 invenit}?
1576 3676 1883 3773 Sed-dum

211 3765 439 3845 arcana
456 3786 833 3841 secretorum
862 3780 919 3833 et
942 3774 1266 3849 prophetas
1292 3768 1557 3839 contulit,
1581 3765 1730 3840 quid
1745 3781 1883 3822 eam

212 3876 379 3932 aliud
403 3889 598 3948 quam
630 3865 916 3926 servandi
942 3862 1216 3937 mysterii
1269 3859 1649 3948 signaculum
1701 3854 1883 3912 fecit?

214 3969 354 4031 Quae
377 3946 529 4019 dum
556 3961 622 4017 in
650 3958 1111 4028 Redemptorem
1144 3966 1325 4008 suum
1341 3946 1732 4021 postmodum
1760 3959 1884 4000 cre-

212 4052 354 4109 dere
388 4050 603 4113 noluit,
636 4053 857 4106 terram
897 4047 1095 4116 potius
1145 4054 1334 4114 quam
1396 4035 1704 4092 veritatem
1750 4031 1882 4087 dili-

212 4157 386 4213 gens,
418 4140 571 4198 dixit
588 4153 698 4213 per
727 4133 1066 4192 sacerdotes
1096 4145 1238 4185 suos
1285 4146 1298 4184 :
1333 4148 1362 4180 ‹
1415 4124 1474 4183 Si
1524 4121 1881 4179 dimittimus

213 4212 357 4288 eum
381 4232 490 4298 sic,
523 4212 738 4286 omnes
759 4222 1004 4280 credent
1031 4220 1093 4276 in
1114 4234 1273 4285 eum,
1311 4238 1338 4266 »
1393 4219 1483 4271 etc
1535 4212 1734 4285 (Joan.
1791 4226 1876 4279 x1,

211 4323 326 4394 48.)
355 4318 600 4393 Accepti
620 4314 789 4373 verbi
810 4309 1091 4385 mysterio
1116 4305 1393 4382 perdidit,
1420 4307 1477 4360 et
1529 4301 1657 4359 sola
1700 4306 1879 4394 terres

212 4390 560 4486 navsapere,
593 4422 731 4482 quae
759 4402 1100 4476 inquinant,
1127 4397 1318 4468 elegit.
1377 4394 1561 4486 Aliter
1588 4410 1601 4447 :
1665 4390 1755 4486 Hi
1778 4390 1884 4462 qui

215 4483 693 4557 nunc—videntur
720 4494 782 4550 in
806 4489 1075 4548 Ecclesiae
1124 4487 1258 4542 sinu
1283 4483 1686 4555 signaculum,
1742 4484 1885 4535 tunc

222 4596 362 4646 ante
410 4587 620 4646 oculos
668 4582 945 4640 omnium
977 4576 1371 4634 restituuntur
1400 4577 1465 4627 ut
1516 4572 1733 4626 lutum.
1777 4569 1883 4626 So-

222 4676 305 4734 let
334 4692 507 4734 sacra
528 4674 830 4749 Scriptura
859 4684 970 4744 pro
998 4665 1117 4723 ﬁde
1147 4661 1450 4736 appellare
1479 4656 1881 4749 signaculum,

227 4781 340 4837 pro
368 4748 678 4839 iniquitate
696 4761 909 4817 lutum.
945 4755 1111 4813 Unde
1137 4757 1194 4810 et
1215 4751 1295 4810 ab
1341 4763 1566 4839 sponso
1625 4762 1736 4803 suo
1780 4748 1883 4802 Ec-

232 4854 424 4913 clesiae
452 4837 669 4912 dicitur
701 4868 768 4907 :«
800 4850 963 4905 Pone
1006 4860 1105 4902 me
1160 4846 1224 4899 ut
1272 4837 1651 4911 signaculum
1705 4851 1887 4909 super

234 4959 336 5000 cor
366 4951 529 5002 tuum
555 4944 757 5016 (Cant.
786 4954 906 5008 vin,
940 4938 1015 5004 6).
1048 4955 1076 4983 »
1102 4935 1208 4988 Per
1235 4929 1430 4987 lutum
1458 4943 1600 4985 vero
1653 4929 1887 5016 terrena

236 5035 511 5105 contagia
531 5014 1041 5094 demonstrantur,
1073 5022 1384 5078 attestante
1412 5014 1890 5105 Psalmista,iqui

236 5123 317 5180 ait
348 5142 363 5179 :
393 5103 720 5180 «'Eduxisti
750 5133 847 5175 me
877 5115 952 5172 de
981 5113 1119 5170 lacu
1137 5107 1388 5165 miseriae
1410 5111 1466 5163 et
1490 5106 1565 5163 de
1592 5104 1718 5163 luto
1744 5103 1888 5161 fecis

238 5214 657 5280 (Psal.xxx1x,
691 5210 766 5282 3).
801 5229 829 5259 ››
862 5202 1021 5264 Multi
1050 5200 1210 5258 enim
1237 5215 1273 5255 o
1306 5195 1550 5254 terrenis
1599 5194 1890 5265 contagiis

238 5304 443 5379 erepti,
483 5300 738 5359 ccelestis
779 5295 920 5353 ﬁdei
974 5290 1349 5349 sacramento
1406 5285 1739 5379 signantur,
1785 5283 1892 5379 sed

240 5375 533 5468 apparent
551 5406 677 5447 non
698 5385 899 5445 tentati
926 5381 1324 5454 signaculum,
1356 5375 1655 5468 quierunt
1680 5375 1893 5468 procul

241 5465 427 5539 dubio
457 5479 660 5538 tentati
694 5479 904 5533 lutum.
936 5472 1043 5528 Ubi
1073 5475 1130 5526 et
1155 5472 1311 5524 recte
1359 5465 1575 5523 dicitur
1618 5465 1891 5521 restitue-

245 5576 364 5629 tur.
394 5572 612 5640 Quales
665 5566 826 5624 enim
855 5567 990 5620 ante
1010 5560 1194 5617 ﬁdem
1218 5573 1347 5614 esse
1401 5557 1696 5631 poterant,
1746 5553 1893 5611 tales

244 5666 382 5736 post
430 5658 672 5736 reprobi
715 5654 1106 5719 invenientur.
1165 5651 1511 5708 Moumra.
1572 5643 1891 5705 Hominem

1992 3318 2140 3375 dum
2167 3318 2409 3375 credere
2437 3318 2749 3375 veritatem
2795 3318 2981 3376 Judaei
3022 3322 3304 3383 renuunt,
3361 3320 3653 3391 cognitio-

1991 3424 2133 3465 nem
2155 3408 2303 3479 legis
2330 3407 2394 3463 in
2423 3412 2784 3482 perpetuum
2815 3409 3115 3477 amittunt,
3145 3412 3202 3465 et
3229 3409 3380 3466 dum
3423 3409 3498 3467 de
3553 3426 3653 3466 ac-

1993 3502 2166 3571 cepta
2192 3497 2324 3567 lege
2346 3497 2723 3570 superbiunt,
2750 3499 3037 3555 nimirum
3085 3498 3161 3556 de
3209 3499 3471 3557 scientiae
3530 3516 3654 3556 suae

1995 3587 2184 3659 gloria
2203 3590 2526 3644 caecantur.
2548 3587 2851 3661 Scriptum
2896 3588 3123 3662 quippe
3172 3593 3261 3647 est
3291 3606 3305 3646 :
3339 3612 3367 3641 ‹‹
3427 3589 3655 3647 Obscu-

1991 3680 2196 3733 rentur
2223 3675 2382 3732 oculi
2410 3691 2623 3732 eorum
2648 3691 2724 3732 ne
2745 3676 2992 3734 videant
3013 3678 3203 3747 (Psal.
3237 3681 3433 3750 vani,
3484 3682 3597 3749 24).
3624 3702 3653 3730 ››

1994 3769 2060 3822 Et
2093 3783 2106 3821 :
2142 3788 2170 3816 ‹‹
2197 3768 2441 3822 Excaeca
2471 3781 2574 3821 cor
2596 3766 2808 3838 populi
2834 3767 3039 3839 hujus,
3070 3772 3128 3823 et
3156 3768 3332 3825 aures
3365 3770 3497 3841 ejus
3554 3784 3655 3839 ag-

1994 3870 2177 3926 grava
2234 3855 2375 3925 (Isa.
2432 3870 2514 3924 v1,
2578 3854 2683 3926 10).
2718 3873 2749 3907 »
2800 3855 3025 3911 Aliter:
3081 3859 3285 3929 Neque
3337 3858 3498 3914 enim
3550 3875 3653 3916 eos

1992 3959 2156 4000 nunc
2186 3942 2289 4000 Dei
2315 3942 2523 3999 lumen
2549 3942 2825 4014 illustrat,
2853 3943 2959 4016 qui
2978 3943 3305 4017 iniquitatis
3328 3963 3451 4003 suae
3479 3947 3652 4003 mali-

1995 4033 2141 4090 tiam
2166 4031 2307 4089 ﬁdei
2331 4032 2575 4088 nomine
2604 4030 2877 4104 palliant.
2912 4035 3059 4090 Sunt
3076 4048 3221 4090 vero
3248 4034 3523 4090 nonnulli
3546 4036 3654 4108 qui

1996 4125 2219 4179 aeterna
2236 4137 2373 4194 quae
2398 4121 2653 4178 audiunt
2679 4121 2968 4178 veraciter
3014 4121 3283 4190 credunt,
3341 4126 3400 4180 et
3445 4126 3652 4180 tamen

1997 4211 2192 4269 eidem
2222 4226 2408 4284 quam
2431 4213 2635 4267 tenent
2656 4209 2799 4267 ﬁdei
2835 4210 2994 4268 male
3042 4211 3301 4269 vivendo
3356 4213 3654 4270 contradi-

1999 4305 2158 4358 cunt.
2190 4299 2320 4367 Qui,
2352 4299 2501 4356 dum
2524 4315 2807 4374 perversa
2836 4303 3024 4371 agunt
3050 4304 3109 4356 et
3142 4303 3349 4358 tamen
3403 4301 3478 4359 de
3528 4304 3649 4359 Deo

1994 4393 2157 4447 recta
2184 4387 2465 4457 sentiunt,
2487 4404 2564 4444 ne
2589 4387 3005 4446 tenebrescant
3047 4388 3342 4458 funditus,
3394 4406 3469 4448 ex
3505 4407 3654 4463 qua-

1993 4479 2137 4537 dam
2165 4481 2334 4551 parte
2360 4477 2592 4548 fulgore
2611 4476 2857 4533 luminis
2903 4477 3291 4536 illustrantur.
3353 4480 3464 4546 Qui
3513 4479 3650 4553 plus

1993 4571 2228 4625 terrena
2255 4582 2444 4640 quam
2474 4565 2737 4623 caelestia
2765 4566 3039 4637 diligunt,
3071 4566 3351 4640 pulsante
3374 4583 3651 4641 persecu-

1993 4656 2170 4717 tionis
2222 4654 2493 4726 articulo,
2544 4655 2715 4727 quod
2757 4660 2987 4711 rectum
3018 4655 3258 4712 credere
3288 4655 3651 4712 videbantur

1995 4746 2293 4803 amittunt.
2325 4743 2500 4811 Quod
2528 4742 2794 4800 maxime
2824 4743 3210 4817 multiplicius
3264 4744 3327 4800 in
3373 4760 3652 4819 persecu-

1996 4835 2154 4891 tione
2176 4831 2518 4891 Antichristi
2547 4835 2776 4901 agetur.
2800 4833 3160 4906 Quanquam
3185 4835 3244 4889 et
3271 4832 3332 4890 in
3361 4832 3484 4890 suis
3509 4848 3651 4909 ope-

1995 4921 2433 4994 ratoribusipse
2444 4924 2652 4977 auctor
2678 4920 3025 4994 iniquorum
3041 4921 3171 4993 jam
3196 4926 3503 4997 appareat,
3521 4925 3649 4997 qui,

1998 5013 2147 5069 dum
2196 5010 2378 5081 venit,
2426 5010 2568 5067 hinc
2612 5012 2871 5067 Joannes
2892 5011 2974 5068 ait
3004 5028 3017 5067 :
3044 5035 3073 5062 «
3100 5014 3267 5071 Nunc
3314 5012 3653 5071 Antichristi

1998 5102 2171 5161 multi
2193 5101 2333 5158 facti
2364 5103 2504 5156 sunt
2521 5099 2582 5172 (Ι
2595 5102 2774 5158 Joan.
2801 5117 2860 5170 ιι,
2898 5101 3004 5175 18).
3030 5120 3063 5158 ›
3093 5102 3447 5161 Morinum.
3500 5106 3651 5160 Mors

2000 5193 2161 5251 enim
2191 5190 2410 5261 carnis,
2434 5207 2571 5264 quae
2592 5190 2811 5248 electos
2832 5191 2952 5249 luci
2981 5210 3106 5250 suae
3143 5192 3412 5262 restituit,
3453 5192 3651 5246 lucem

2001 5299 2177 5340 suam
2195 5280 2466 5355 reprobis
2495 5280 2663 5338 tollit.
2687 5283 2811 5337 Lux
2856 5296 3125 5355 namque
3166 5277 3650 5354 superbientibus

2000 5376 2090 5431 est
2116 5372 2306 5443 gloria
2332 5370 2469 5427 vitae
2495 5373 2822 5443 praesentis.
2855 5374 2997 5438 Quae
3017 5371 3074 5427 ei
3091 5371 3195 5427 lux
3234 5373 3377 5425 tunc
3422 5366 3654 5424 subtra-

1998 5463 2179 5534 hitur,
2208 5478 2352 5518 cum
2380 5477 2489 5534 per
2514 5462 2714 5519 carnis
2731 5461 3037 5519 interitum
3057 5459 3135 5517 ad
3168 5457 3473 5515 rationum
3519 5473 3656 5514 sua-

2001 5568 2137 5610 rum
2166 5550 2442 5609 tenebras
2469 5555 2737 5609 vocatur.
2766 5549 3041 5623 Sequitur
3069 5565 3086 5606 :
3116 5549 3194 5604 Et
3220 5546 3530 5606 brachium
3560 5561 3657 5604 ex-

2004 5642 2225 5701 celsum
2265 5638 3016 5701 melioratum—Excelsum
3062 5639 3293 5715 quippe
3340 5636 3659 5695 brachium
