4112 6152
199 229 285 284 Hi
983 226 1276 284 EPITOME
1315 227 1678 283 mensuum
1717 229 1774 284 s.
1815 207 2022 285 anno.
2063 233 2130 286 IN
2167 232 2311 288 JOB.
2341 261 2410 272 —
2449 233 2578 288 me.
2620 233 2794 288 χχιχ.

3486 225 3591 284 442

197 349 298 409 lux
325 339 566 416 habitet,
589 356 645 406 et
672 340 1051 408 tenebrarum
1088 353 1220 424 quis
1254 340 1417 408 locus
1448 346 1544 407 sit.
1578 384 1647 393 —
1678 351 1832 417 Quid
1862 348 1902 410 Α
1945 364 2288 427 pravorum,
2322 364 2457 429 Qum
2508 359 2564 412 et
2590 360 2826 428 torpore
2854 353 3112 426 frigescit
3142 358 3199 410 et
3226 369 3332 426 per
3359 352 3589 408 duritia:

196 442 344 498 enim
369 439 516 496 lucis
545 440 786 496 nomine
818 441 930 496 nisi
958 441 1184 512 justitia
1241 442 1548 514 accipitur,
1605 447 1661 497 et
1688 441 1833 514 quid

193 546 292 604 per
316 528 606 590 tenebras,
631 527 743 583 nisi
777 529 1058 602 iniquitas
1089 529 1436 600 designatur
1462 530 1489 585 ?
1521 531 1683 586 Unde
1700 529 1832 602 qui-

191 619 439 675 busdam
491 617 702 672 dicitur
751 635 763 672 ι
817 641 845 670 ς
905 619 1090 674 Eratis
1157 619 1484 692 aliquando
1535 619 1830 684 tenebrae;

191 717 342 764 nunc
371 703 568 762 autem
598 699 701 762 lux
729 697 789 762 in
822 704 1075 762 Domino
1104 699 1346 777 (Ephes.
1381 726 1438 779 v,
1471 711 1544 781 8).
1583 731 1610 757 ››
1667 711 1731 764 Et
1760 698 1833 763 de

189 789 543 868 quibusdam
586 793 646 848 in
696 799 940 867 peccato
989 796 1374 852 manentibus
1427 799 1830 852 memoratur:

192 903 218 936 α
248 882 350 950 Qui
379 883 706 952 dormiunt,
765 889 937 941 nocte
969 885 1278 942 dormiunt
1306 887 1366 954 (I
1390 885 1584 942 Thess.
1616 903 1675 954 v,
1704 887 1776 956 7).
1803 903 1832 937 »

189 974 259 1028 Ac
314 969 359 1027 si
412 971 588 1027 beato
626 969 740 1028 Job
789 973 1083 1030 diceretur
1118 992 1129 1028 :
1161 975 1218 1029 Si
1247 975 1491 1047 plenam
1522 979 1578 1031 te
1612 974 1832 1030 habere

187 1059 483 1117 scientiam
514 1060 858 1134 suspicaris,
887 1061 982 1118 dic
1007 1058 1102 1118 vel
1135 1063 1195 1118 in
1218 1064 1386 1134 cujus
1409 1063 1586 1120 corde
1608 1079 1678 1120 ea
1697 1073 1832 1135 quae

183 1166 330 1206 nunc
359 1154 452 1206 est
479 1149 707 1206 malitia
733 1155 1090 1222 perseveret.
1143 1151 1420 1223 Sequitur
1454 1169 1465 1206 :
1491 1153 1562 1208 In
1589 1162 1705 1223 qua
1735 1153 1831 1208 via

185 1237 400 1296 habitet
437 1239 566 1309 lul‘,
595 1238 655 1294 id
687 1244 792 1306 est,
823 1232 885 1294 in
911 1239 1088 1310 cujus
1119 1245 1378 1296 mentem
1410 1241 1658 1296 veniens
1708 1241 1832 1311 jus-

181 1329 292 1384 titia
318 1326 588 1400 impleat.
621 1328 895 1400 Sequitur
925 1343 936 1383 :

245 1417 420 1473 Vens.
452 1417 541 1471 20.
575 1418 650 1471 Et
711 1417 966 1472 tenebris
1013 1419 1140 1488 quis
1196 1419 1360 1473 locus
1399 1420 1493 1473 sit.
1522 1451 1591 1458 —
1623 1419 1685 1473 Id
1716 1421 1823 1488 est,

177 1505 231 1560 in
251 1520 370 1577 quo
405 1505 686 1577 iniquitas
716 1520 874 1560 caeca
912 1505 1211 1578 perduret.
1271 1506 1546 1578 Sequitur
1575 1524 1587 1561 :
1616 1507 1684 1563 Ut
1711 1507 1821 1561 du-

177 1609 268 1650 cas
299 1594 760 1665 unumquodque
788 1595 869 1649 ad
919 1595 1200 1650 terminos
1229 1610 1385 1662 suos,
1420 1627 1486 1635 —-
1535 1595 1595 1650 id
1625 1601 1731 1662 est,
1762 1601 1826 1651 ut

1943 443 2231 500 malitiam
2261 447 2604 517 percutitur.
2638 445 2912 517 Sequitur
2945 457 2958 500 ε

2014 532 2186 589 Vens.
2213 535 2302 590 23.
2338 535 2475 602 Quae
2506 533 2857 604 prmparavi
2910 535 2972 588 in
3024 539 3252 603 tempus
3283 533 3486 601 hostis,
3527 530 3590 586 in

1941 622 2093 678 diem
2119 636 2340 694 pugna?
2368 630 2422 680 et
2454 623 2642 679 belli?
2663 654 2730 662 —
2781 624 2931 678 Cum
2987 621 3147 676 enim
3205 620 3589 676 adversarius

1940 715 2140 767 noster
2195 712 2471 769 diabolus
2539 718 2759 769 tentare
2808 727 2920 767 nos
2977 709 3201 779 nititur,
3259 724 3590 782 pravorum

1943 799 2209 856 moribus
2264 803 2437 875 quasi
2468 801 2591 858 suis
2624 806 2830 858 contra
2859 817 2969 856 nos
2999 798 3180 855 armis
3234 798 3435 867 utitur,
3485 813 3592 870 per

1941 888 2102 961 ipsos
2157 889 2380 963 quippe
2432 907 2543 947 nos
2597 891 2847 946 saeviens
2897 887 3139 957 cruciat,
3186 885 3291 941 sed
3321 885 3591 940 nesciens

1940 983 2174 1050 purgat.
2208 979 2470 1036 Peccatis
2529 995 2790 1052 namque
2838 976 3058 1034 nostris
3110 974 3256 1048 ipsis
3284 972 3590 1044 ﬂagellum

1939 1065 2108 1122 ﬁunt.
2167 1070 2244 1123 De
2295 1083 2556 1140 quorum
2586 1067 2686 1124 tali
2715 1066 2834 1123 vita
2889 1066 3036 1121 dum
3077 1062 3463 1137 percutimur,
3511 1058 3590 1115 ab

1941 1160 2158 1212 aeterna
2188 1161 2376 1212 morte
2415 1155 2762 1212 liberamur.
2796 1154 2974 1210 Aliter
3003 1154 3064 1209 in
3117 1153 3248 1207 nive
3281 1149 3374 1206 vel
3415 1163 3590 1220 gran-

1939 1243 2076 1299 dine
2101 1244 2316 1314 frigida
2344 1244 2439 1301 vel
2468 1245 2621 1301 dura
2664 1243 2997 1316 accipimus
3027 1241 3211 1297 corda
3241 1253 3588 1312 pravorum,

1941 1333 2045 1388 scd
2069 1333 2213 1404 quia
2240 1334 2621 1407 omnipotens
2651 1336 2802 1388 Deus
2833 1335 3072 1387 sanctos
3103 1345 3244 1384 suos
3273 1328 3347 1383 de
3373 1325 3590 1382 talibus

1941 1421 2130 1490 elegit,
2165 1427 2220 1478 et
2248 1423 2412 1495 quia,
2441 1437 2627 1494 quam
2684 1421 2907 1476 multos
2962 1419 3180 1474 electos
3219 1416 3416 1473 adhuc
3441 1415 3592 1470 inter

1939 1527 2262 1584 pravorum
2312 1513 2495 1567 vitam
2542 1511 2835 1584 repositos
2883 1509 3105 1564 habeat
3129 1506 3313 1573 novit,
3364 1508 3501 1576 apte
3530 1502 3591 1558 in

1938 1601 2069 1655 nive
2101 1600 2193 1656 vel
2247 1600 2537 1669 grandine
2569 1600 2879 1655 thesauros
2927 1597 3150 1652 habere
3203 1609 3266 1649 se
3298 1592 3587 1664 perhibet.

176 1682 481 1752 dijudices,
512 1683 578 1750 si,
612 1682 703 1738 vel
734 1683 783 1738 is
831 1683 935 1756 qui
980 1698 1140 1738 nunc
1181 1684 1422 1756 iniquus
1481 1685 1740 1740 cernitur
1765 1684 1824 1739 in
1856 1705 1900 1760 Β
1937 1690 2271 1746 Thesaurus
2301 1689 2525 1762 quippe
2557 1688 2658 1740 ἀπὸ
2689 1696 2781 1749 τῆς
2813 1689 3021 1749 θέσεως,
3047 1683 3108 1740 id
3128 1688 3271 1739 esta
3295 1680 3590 1754 positione

171 1766 346 1840 hujus
369 1768 678 1842 iniquitate
705 1769 892 1826 vitam
922 1765 1109 1839 ﬁniat,
1134 1771 1225 1826 vel
1254 1771 1305 1826 is
1337 1772 1443 1844 qui
1466 1773 1668 1843 justus
1699 1787 1825 1827 cer-

1939 1779 2298 1834 nominatur.
2359 1783 2420 1834 In
2479 1779 2614 1834 nive
2668 1793 2810 1848 ergo
2841 1775 2934 1831 vel
2968 1772 3259 1844 grandine
3289 1769 3589 1825 habentur

170 1857 324 1914 nitur
343 1858 773 1914 extremitatem
805 1858 940 1914 vitae
975 1875 1100 1914 suae
1131 1875 1271 1914 cum
1307 1859 1545 1930 justitiae
1601 1860 1827 1932 perfec-
1937 1866 2217 1934 thesauri,
2250 1867 2396 1939 quia
2423 1866 2689 1938 plerique
2723 1863 3051 1936 iniquitatis
3103 1865 3338 1932 torpore
3369 1855 3588 1926 frigidi,

168 1946 325 2002 tione
381 1945 718 2002 concludat.
776 1947 1050 2019 Sequitur
1084 1949 1200 2003 :Et
1255 1949 1562 2018 intelligas
1593 1950 1828 2004 semitas
1937 1955 2016 2010 ad
2045 1966 2370 2026 supernam
2394 1953 2645 2023 gratiam
2674 1951 2969 2024 assumpti
2997 1949 3057 2004 in
3087 1951 3296 2003 sancta
3331 1943 3591 2001 EccleSia

166 2035 378 2090 domus
406 2037 552 2104 ejus.
585 2065 654 2074 —
687 2035 750 2090 ld
776 2040 888 2102 est,
923 2036 1267 2091 consideres
1291 2041 1469 2108 atque
1499 2035 1825 2105 discernas,

1939 2043 2174 2114 iustitiae
2202 2042 2334 2098 luce
2360 2041 2713 2111 fulgescunt,
2745 2046 2802 2096 et
2832 2054 3084 2111 pravam
3107 2034 3590 2092 adversariorum

164 2123 263 2178 vel
290 2122 389 2177 cui
419 2122 580 2179 bona
609 2123 763 2179 actio
820 2139 1215 2196 perseverans
1249 2130 1533 2180 aeternam
1574 2123 1832 2179 mansio-
1939 2130 2246 2185 sciemiam
2276 2129 2558 2185 doctrinm
2589 2145 2711 2183 sugg
2742 2127 2957 2182 ictibus
3005 2123 3284 2191 tundunt,
3315 2120 3481 2194 quod
3512 2118 3588 2174 ad

162 2225 306 2267 nem
337 2217 576 2284 praestet
602 2213 663 2268 in
694 2226 902 2284 regno,
936 2214 1030 2269 vel
1060 2230 1244 2287 quem
1270 2229 1461 2286 usque
1503 2213 1581 2269 ad
1639 2212 1832 2268 termi-

165 2310 314 2356 num
367 2317 546 2356 suum
602 2295 756 2358 actio
787 2311 971 2374 prava
1003 2305 1420 2372 constringens
1448 2302 1508 2357 in
1539 2307 1828 2357 aeternum

163 2391 414 2446 damnet
442 2391 828 2464 supplicium.
859 2394 1085 2447 Domus
1111 2393 1338 2465 quippe
1370 2406 1478 2464 pro
1514 2391 1829 2447 mansione

164 2481 424 2552 ponitur,
460 2481 670 2536 semita
700 2497 810 2554 pro
841 2481 1100 2537 actione.
1139 2482 1357 2538 Semita
1407 2481 1586 2551 igitur
1615 2481 1693 2536 ad
1718 2480 1827 2536 do-

165 2586 330 2626 mum
356 2569 539 2638 ducit,
569 2570 714 2643 quia
745 2571 899 2626 actio
953 2570 1033 2627 ad
1085 2571 1467 2626 mansionem
1499 2571 1822 2643 pertrahit;

166 2659 266 2715 sed
294 2660 434 2733 quis
467 2660 783 2716 hominum
813 2659 930 2716 ista
960 2661 1268 2716 discussus
1291 2661 1448 2716 dicat
1479 2661 1505 2714 ’ἶ
1549 2661 1686 2732 quis
1715 2661 1826 2717 ista

167 2742 374 2805 saltem
404 2748 838 2822 imperterritus
863 2749 1118 2812 audiat?
1139 2749 1344 2805 Multos
1361 2750 1520 2804 enim
1549 2749 1825 2805 videmus

162 2839 398 2908 justitiae
456 2839 589 2894 luce
646 2839 1044 2912 resplendere,
1102 2843 1159 2894 et
1204 2838 1282 2894 ad
1314 2836 1497 2894 ﬁnem
1547 2839 1824 2912 nequitiae

169 2945 284 2984 suae
332 2929 702 2985 obscuritate
746 2929 1063 2998 tenebrari,
1104 2933 1162 2984 et
1190 2927 1412 2983 multos
1443 2934 1824 3000 peccatorum

165 3019 420 3074 tenebris
455 3018 797 3086 obvolutos,
828 3023 884 3073 et
913 3021 1112 3074 tamen
1130 3019 1302 3088 juxta
1327 3017 1461 3072 vitae
1491 3032 1612 3072 suae
1637 3017 1826 3073 termi-
1861 3052 1901 3104 Ο

162 3123 303 3163 num
328 3110 580 3180 repente
613 3105 782 3161 reddi
812 3105 943 3161 luce
977 3106 1219 3177 justitiee
1241 3105 1484 3168 liberos,
1520 3111 1576 3160 et
1604 3105 1824 3160 inultos

161 3196 314 3252 viam
341 3196 598 3268 justitiaa
630 3210 822 3267 usque
871 3195 950 3250 ad
979 3195 1211 3250 obitum
1253 3200 1469 3266 tenere,
1520 3200 1576 3250 et
1604 3194 1828 3266 pleros-

159 3299 269 3357 que
325 3285 766 3358 conspeximus
820 3297 1011 3357 usque
1039 3285 1115 3340 ad
1147 3285 1370 3340 exitum
1403 3289 1597 3356 coepta
1641 3283 1825 3339 semel

159 3375 404 3432 crimina
437 3377 571 3430 sine
602 3374 931 3430 cessatione
961 3373 1324 3429 cumulasse.
1361 3372 1636 3445 Sequitur
1666 3390 1678 3426 :

223 3468 393 3521 Vens.
443 3465 538 3519 2i.
587 3464 827 3520 Sciebas
895 3470 1039 3520 tunc
1113 3463 1273 3534 quod
1331 3463 1674 3518 nasciturus
1737 3477 1824 3518 es-

155 3570 256 3621 ses,
281 3562 390 3611 aut
425 3568 746 3610 numerum
781 3553 1013 3609 dierum
1043 3558 1284 3607 tuorum
1320 3566 1570 3606 noveras
1593 3552 1620 3605 ?
1640 3582 1713 3591 —
1741 3553 1824 3606 Ac

157 3643 200 3698 si
218 3643 297 3698 illi
349 3646 562 3716 aperte
621 3641 842 3698 diceret
875 3641 1068 3706 :Quid
1123 3641 1365 3706 mirum,
1399 3639 1448 3694 si
1501 3638 1824 3694 terminum

159 3737 321 3788 tuum
353 3748 483 3788 non
503 3731 801 3800 intelligis,
817 3731 920 3803 qui
942 3745 1051 3785 nec
1078 3730 1311 3784 initium
1334 3727 1823 3800 comprehendis.

155 3820 333 3876 Aliter
365 3839 378 3876 :
419 3822 702 3876 Homines
735 3819 961 3891 quippe
991 3822 1132 3873 tunc
1153 3833 1281 3872 esse
1327 3817 1640 3888 incipiunt,
1677 3833 1819 3871 cum

153 3907 211 3963 in
270 3914 545 3966 matrum
591 3922 842 3963 suarum
901 3910 1097 3961 ventre
1126 3909 1473 3960 nascuntur.
1507 3907 1654 3959 Nam
1689 3905 1825 3974 ipsa

151 3998 474 4070 conceptio
505 3994 783 4051 nativitas
846 3993 1082 4060 dicitur,
1136 3994 1308 4064 juxta
1338 3991 1504 4064 quod
1536 3993 1825 4063 scriptum

150 4093 236 4144 est
269 4107 283 4142 :
322 4108 352 4134 ‹‹
386 4084 565 4150 Quod
619 4083 680 4137 in
735 4096 806 4137 ea
865 4086 1077 4136 natum
1127 4087 1236 4150 est,
1267 4081 1342 4135 de
1373 4080 1590 4151 Spiritu
1618 4083 1827 4135 sancto

149 4183 233 4232 est
265 4172 518 4246 (Matth.
551 4189 589 4242 ι,
617 4172 727 4242 20).
767 4194 793 4219 ››
820 4173 886 4225 Et
911 4169 1132 4224 idcirco
1194 4184 1254 4222 se
1313 4167 1650 4222 nascituros
1690 4182 1826 4222 nes-

152 4266 333 4331 ciunt,
359 4261 512 4336 quia
543 4277 652 4316 nec
676 4260 1034 4334 priusquam
1066 4261 1338 4312 creentur
1358 4256 1636 4312 existunt.
1673 4259 1826 4312 Deus

152 4370 312 4420 vero,
347 4351 456 4426 qui
485 4351 610 4407 sine
641 4350 807 4405 initio
837 4364 1076 4420 semper
1095 4346 1311 4413 existit,
1337 4345 1634 4419 praescivit
1662 4345 1737 4401 de
1763 4363 1825 4402 se

155 4445 261 4500 hoc
293 4439 473 4511 quod
503 4440 562 4495 in
584 4444 822 4494 uterum
847 4437 1103 4506 Virginis
1138 4451 1245 4509 per
1273 4435 1506 4490 initium
1531 4435 1820 4508 sumpsit;

157 4537 209 4588 et
233 4533 385 4606 quia
425 4528 742 4604 praiscivit,
800 4526 1131 4598 disposuit;
1183 4525 1328 4596 quia
1378 4523 1692 4595 disposuit,
1740 4523 1823 4578 nil

157 4622 424 4692 profecto
457 4619 518 4673 in
549 4617 818 4672 humana
848 4615 1042 4670 forma
1072 4615 1200 4669 sine
1235 4628 1344 4667 sua
1389 4611 1693 4666 voluntate
1740 4615 1822 4666 to-

157 4707 382 4765 leravit.
417 4705 699 4790 Sequitur
736 4722 748 4759 :

224 4800 401 4854 Vens.
436 4789 540 4852 22.
575 4794 864 4865 Nunquid
893 4794 1193 4862 ingressus
1220 4806 1276 4846 es
1309 4790 1618 4845 thesauros
1646 4789 1821 4858 nivis,

157 4894 207 4942 et
233 4891 552 4944 thesauros
580 4883 897 4954 grandinis
923 4879 1334 4950 aspexisti?—
1369 4877 1524 4944 Quid
1553 4877 1717 4932 aliud
1761 4877 1822 4932 in

157 4977 283 5032 nive
312 4976 409 5032 vel
441 4971 756 5045 grandine,
786 4970 899 5026 nisi
928 4969 1143 5038 frigida
1173 4985 1242 5024 ac
1263 4967 1418 5022 dura
1439 4965 1826 5036 intelligenda

159 5071 295 5122 sunt
324 5065 521 5122 corda
546 5076 874 5134 pravorum
898 5060 925 5114 ‘t
971 5059 1130 5115 Sicut
1159 5057 1320 5112 enim
1352 5055 1580 5110 fervore
1629 5055 1824 5110 chari-

158 5161 263 5225 tas,
292 5156 379 5212 sic
407 5154 564 5210 solet
613 5152 674 5207 in
720 5165 891 5206 sacro
921 5147 1164 5221 eloquio
1196 5146 1414 5215 frigore
1464 5145 1687 5200 malitia
1719 5145 1824 5200 de-

158 5243 401 5313 signari.
461 5241 762 5313 Scriptum
817 5238 1041 5312 quippe
1095 5240 1227 5292 est:
1263 5256 1289 5285 «
1328 5234 1488 5291 Sicut
1545 5234 1820 5304 frigidam

158 5332 292 5389 facit
345 5333 611 5389 cisterna
659 5344 904 5402 aquam,
938 5327 1022 5381 sic
1051 5324 1333 5396 frigidam
1378 5324 1516 5380 facit
1553 5323 1824 5379 animam

160 5423 384 5478 malitia
412 5436 531 5477 sua
567 5421 712 5490 (Jer.
745 5434 819 5484 v1,
847 5417 923 5488 7).
944 5438 972 5465 ››
1003 5418 1070 5470 Et
1098 5430 1337 5469 rursum
1373 5430 1384 5468 :
1421 5435 1448 5461 ‹‹
1485 5411 1826 5468 Abundavit

161 5511 474 5584 iniquitas,
522 5508 862 5578 refrigescet
900 5504 1160 5560 Charitas
1220 5503 1546 5558 multorum
1579 5502 1819 5571 (Matth.

163 5615 318 5669 xxiv,
351 5603 460 5659 t2).
491 5622 519 5646 ››
579 5599 642 5651 In
701 5595 915 5664 frigore
973 5593 1134 5648 enim
1182 5591 1356 5658 nivis,
1390 5591 1482 5646 vel
1514 5593 1574 5646 in
1605 5590 1822 5646 duritia

165 5684 503 5754 grandinis,
557 5683 703 5756 quid
759 5681 946 5754 accipi
1001 5679 1200 5752 potius
1252 5685 1445 5750 potest
1484 5693 1672 5751 quam
1701 5677 1820 5734 vita

1938 2219 2101 2274 diem
2131 2217 2267 2273 belli
2290 2232 2508 2290 pugnae
2539 2219 2906 2289 praeparatos
2932 2212 3037 2268 diu
3085 2213 3145 2266 in
3177 2226 3298 2265 suae
3329 2207 3591 2264 scientiae

1939 2305 2073 2362 sinu
2112 2307 2270 2376 tegit.
2308 2305 2420 2362 Sed
2453 2321 2588 2360 cum
2612 2307 2852 2376 repente
2878 2317 2981 2357 eos
3005 2298 3294 2366 eduxerit,
3315 2295 3594 2351 resisten-

1937 2396 2018 2450 tia
2046 2395 2526 2451 adversariorum
2579 2398 2841 2466 pectora,
2897 2390 3136 2446 illorum
3166 2384 3363 2442 verbis
3401 2399 3470 2438 ac
3499 2397 3592 2437 re-

1935 2482 2418 2552 dargutionibus,
2442 2481 2616 2554 quasi
2635 2477 3005 2552 quibusdam
3036 2471 3432 2546 grandinibus
3457 2483 3592 2542 per-

1936 2572 2098 2626 cutit.
2135 2570 2296 2626 Unde
2328 2569 2613 2641 scriptum
2645 2573 2733 2622 est
2767 2585 2778 2622 :
2815 2586 2844 2617 ‹
2870 2569 2992 2620 Prae
3041 2563 3273 2632 fulgore
3302 2560 3364 2614 in
3411 2573 3592 2614 cons-

1935 2664 2110 2731 pectu
2166 2659 2315 2730 ejus,
2345 2681 2372 2707 ››
2426 2662 2536 2713 etc.
2592 2657 2782 2727 (Psal.
2813 2669 2946 2723 χχιι,
2983 2657 3096 2723 13.)
3152 2647 3390 2706 Grando
3429 2646 3591 2701 enim

1935 2748 2181 2803 veniens
2211 2747 2481 2818 percutit,
2536 2745 2763 2818 liquata
2812 2744 2983 2814 rigat.
3019 2739 3218 2798 Sancti
3249 2741 3452 2794 autem
3481 2734 3591 2791 viri

1935 2836 2119 2890 corda
2149 2835 2519 2890 audientium
2551 2839 2607 2888 et
2634 2832 3010 2888 blandientes
3037 2830 3236 2897 rigant
3263 2830 3321 2881 et
3349 2824 3589 2880 feriunt.

1935 2928 2083 2980 Nam
2124 2922 2645 2996 quemadmodum
2698 2919 2934 2984 feriunt,
2996 2916 3290 2989 Propheta
3343 2917 3595 2968 testatur

1936 3010 2140 3069 dicens
2173 3031 2185 3068 :
2222 3033 2249 3061 «
2304 3011 2588 3066 Virtutem
2633 3008 2982 3066 terribilium
3039 3009 3281 3060 tuorum
3310 3002 3526 3062 dicent,
3561 3022 3592 3049 »

1935 3107 2046 3158 etc.
2082 3103 2269 3170 (Psal.
2304 3117 2489 3169 cxmv,
2519 3099 2597 3170 6.)
2638 3101 2702 3154 Et
2730 3093 3251 3170 quemadmodum
3281 3089 3594 3146 blandien-

1935 3197 2021 3248 ter
2046 3191 2241 3260 rigant
2272 3193 2512 3245 secutus
2534 3187 2840 3258 adjunxit:
2868 3208 2894 3233 ‹‹
2918 3181 3259 3240 Memoriam
3277 3177 3592 3235 abundan-

1939 3282 2026 3338 tiae
2051 3279 2360 3336 suavitatis
2392 3285 2504 3334 tuae
2531 3275 2908 3346 eruetabunt,
2946 3295 2973 3323 ››
3005 3277 3114 3328 etc.
3153 3269 3350 3338 (Ibid.,
3382 3268 3461 3338 7.)

2007 3373 2175 3425 Vens.
2209 3373 2296 3424 24.
2325 3369 2445 3424 Per
2471 3382 2650 3439 quam
2678 3366 2836 3422 viam
2857 3363 3170 3433 spargitur
3196 3360 3302 3414 lux
3319 3361 3347 3414 ‘t
3370 3388 3438 3397 —
3462 3360 3592 3428 Ipse

1933 3458 2158 3532 quippe
2185 3457 2282 3512 via
2313 3461 2418 3523 est,
2447 3455 2551 3529 qui
2580 3455 2662 3511 ait
2687 3471 2700 3509 :
2731 3475 2749 3505 ι
2790 3456 2908 3524 Ego
2937 3467 3073 3506 sum
3104 3449 3221 3518 via,
3253 3445 3490 3511 veritas,
3537 3447 3596 3498 et

1933 3548 2052 3603 vita
2073 3549 2270 3618 (Joan.
2301 3562 2418 3613 xxv,
2452 3549 2528 3609 6).
2561 3568 2586 3593 ››
2619 3547 2724 3599 Per
2751 3542 2907 3598 hanc
2936 3555 3080 3610 ergo
3104 3537 3268 3593 viam
3295 3535 3400 3590 lux
3429 3547 3595 3606 spar-

1935 3636 2111 3706 gitur,
2139 3639 2282 3708 quia
2311 3649 2417 3706 per
2443 3633 2572 3703 ejus
2615 3629 2997 3704 praesentiam
3028 3629 3246 3681 cuncta
3286 3619 3590 3692 gentilitas

1935 3725 2280 3780 illustratur.
2338 3723 2666 3792 Spargitur
2721 3724 2922 3776 autem
2953 3714 3376 3772 convenienter
3419 3708 3588 3775 dixit,

1936 3813 2078 3884 quia
2107 3827 2214 3883 per
2265 3809 2674 3883 apostolorum
2725 3821 2903 3860 voces
2953 3818 3075 3858 non
3124 3803 3380 3869 angusta
3410 3801 3589 3884 atque

1937 3881 2258 3966 coarctata,
2291 3881 2398 3954 sed
2423 3896 2538 3952 late
2570 3895 2804 3962 fulgens
2836 3892 2940 3947 lux
2982 3884 3422 3962 praedicationis
3449 3881 3590 3939 emi-

1939 3989 2077 4044 cuit.
2113 3988 2388 4059 Sequitur
2433 4004 2446 4040 :
2484 3983 2790 4040 Dividitur
2823 3985 3000 4037 cestus
3032 3990 3211 4044 super
3242 3980 3485 4059 terram.
3521 4002 3590 4011 —

1937 4075 2109 4142 Quod
2128 4057 2235 4146 per
2264 4078 2476 4128 assium
2518 4067 2852 4143 persecutio
2897 4065 3266 4133 designatur,
3300 4057 3589 4146 Dominus

1936 4145 2181 4221 testatur
2231 4161 2306 4216 de
2350 4160 2516 4231 jactu
2545 4155 2788 4212 seminis
2817 4168 3000 4226 supra
3028 4156 3282 4223 petram,
3337 4145 3544 4231 dicens
3575 4161 3588 4198 :

1937 4270 1967 4301 ‹
2001 4249 2131 4306 Sole
2162 4251 2290 4302 orto
2320 4230 2723 4300 aestuaverunt
2751 4239 2978 4304 omnia,
3011 4259 3038 4286 »
3070 4240 3180 4291 etc.
3205 4230 3444 4305 (Matth.
3467 4245 3592 4300 xui,

1936 4339 2014 4409 6.)
2045 4337 2215 4403 Quod
2246 4334 2429 4408 paulo
2479 4336 2632 4405 post,
2665 4346 2805 4386 cum
2853 4324 3127 4399 exposuit
3167 4327 3404 4387 aestum,
3451 4334 3592 4392 per-

1937 4426 2302 4483 secutionem
2358 4421 2614 4478 vocavit.
2674 4422 2894 4492 Sparsa
2948 4416 3128 4485 igitur
3190 4413 3321 4468 luce
3407 4413 3590 4464 aestus

1935 4532 2114 4588 super
2144 4520 2361 4570 terram
2390 4512 2618 4568 divisus
2643 4516 2748 4577 est,
2781 4508 2945 4582 quia,
2975 4505 3333 4562 clarescente
3365 4499 3488 4588 vita
3517 4498 3588 4552 fi-

1932 4587 2177 4674 delium,
2204 4618 2461 4659 accensa
2491 4607 2579 4657 est
2602 4599 2922 4656 crudelitas
2939 4594 3330 4668 perﬁdorum.
3356 4587 3589 4674 Divisus

1933 4673 2196 4768 namque
2228 4699 2411 4749 aestus
2461 4696 2605 4755 erat,
2637 4687 2885 4760 quando
2934 4698 3095 4739 nunc
3137 4673 3589 4768 Hierosolymis,

1934 4761 2119 4839 nunc-
2154 4783 2468 4845 Damasco,
2528 4793 2689 4832 nunc
2740 4776 2801 4830 in
2849 4772 2978 4828 aliis
3021 4770 3199 4837 longe
3244 4761 3590 4834 regionibus

1933 4872 2266 4947 persecutio
2288 4868 2592 4924 szeviebat.
2625 4865 2921 4936 Scriptum
2948 4859 3173 4932 quippe
3203 4858 3291 4947 est
3315 4871 3387 4947 :‘«
3416 4853 3592 4907 Facta

1936 4944 2111 5019 estin
2143 4960 2242 5016 illa
2265 4960 2359 5014 die
2414 4955 2745 5031 persecutio
2775 4966 2998 5021 magna
3033 4951 3092 5005 in
3143 4944 3400 5002 Ecclesia
3451 4957 3588 5016 quas

1935 5057 2060 5107 erat
2110 5052 2170 5106 in
2196 5046 2636 5118 Hierosolymis,
2669 5048 2724 5100 et
2770 5057 2982 5098 omnes
3010 5037 3262 5110 dispersi
3304 5037 3443 5090 sunt
3483 5046 3592 5103 per

1933 5141 2207 5210 regiones
2227 5139 2449 5193 Judaate
2481 5141 2535 5191 et
2563 5132 2846 5191 Samaria:
2877 5132 3031 5203 (Act.
3059 5145 3180 5216 vui,
3212 5128 3279 5198 t).
3319 5147 3345 5174 »
3372 5120 3586 5216 Aliter:

1935 5233 2045 5286 Per
2072 5229 2220 5284 lucis
2241 5241 2464 5282 nomen
2490 5223 2718 5296 justitia
2745 5220 3114 5290 designatur.
3149 5215 3223 5269 de
3249 5226 3377 5301 qua
3403 5215 3589 5301 εοιςιξξξ

1936 5326 2063 5376 tum
2094 5323 2216 5374 est:
2251 5339 2277 5366 «
2313 5290 2576 5388 PopulUS
2631 5313 2731 5386 qui
2786 5309 3034 5366 sedebat
3061 5308 3123 5360 in
3154 5296 3414 5358 tenebris
3443 5290 3592 5388 vidit

1934 5411 2130 5466 lucem
2179 5380 2465 5477 magnam
2495 5405 2628 5474 (Isa.
2648 5380 2743 5468 vix,
2782 5405 2851 5466 t).
2884 5422 2911 5449 ››
2971 5398 3159 5481 Omne
3189 5390 3391 5481 autem
3421 5380 3588 5481 quod

1937 5498 2256 5571 spargitur,
2287 5473 2433 5550 'non
2483 5492 2788 5554 continuo,
2822 5486 2926 5540 sed
2975 5477 3241 5571 quadam
3289 5473 3588 5571 intermis-

1938 5562 2112 5643 sione
2153 5587 2430 5658 jactatur.
2493 5586 2618 5637 Dux
2649 5593 2791 5646 ergo
2848 5574 2906 5627 in
2955 5571 3068 5625 hac
3095 5567 3218 5622 vita
3269 5562 3587 5658 spargitur,

1939 5654 2216 5749 quia-ad
2272 5687 2481 5729 omnes
2533 5669 2617 5724 rei
2668 5658 3055 5730 intelligentia
3125 5654 3412 5712 continua
3466 5661 3589 5702 non
