4112 6152
494 203 600 260 443

1565 196 1621 252 S.
1665 193 1922 252 ODONIS
1959 187 2250 249 ABBATIS
2287 185 2784 246 CLUNIACENSIS
2823 187 2868 240 Il

3808 185 3924 242 444

489 323 766 380 habetur.
795 323 950 376 Dum
968 318 1130 376 enim
1155 317 1322 376 aliud
1371 317 1520 374 sicut
1549 319 1642 374 est
1691 312 2148 390 comprehendi—
2183 310 2234 370 Α
2261 309 2508 382 quando
2539 308 2671 380 ipsa
2708 308 2839 380 ejus
2880 306 3224 380 praedicatio
3255 305 3562 380 accipitur,
3592 321 3700 380 per
3727 321 3926 380 quam

493 429 648 476 mus,
691 413 746 464 et
775 407 939 464 aliud
959 407 1336 478 ignoramus,
1366 406 1540 479 quasi
1569 421 1781 478 sparsa
1805 403 1960 473 luce,
1991 405 2047 458 et
2077 417 2150 456 ex

493 501 660 571 parte
689 495 1010 566 cernimus,
1041 498 1098 550 et
1125 494 1186 550 in
1207 494 1568 552 obscuritate
1596 510 1668 550 ex
1695 497 1862 568 parte
1883 506 2152 548 remane-

491 603 648 644 mus.
703 586 872 642 Tunc
913 599 1056 640 vero
1106 583 1212 640 lux
1237 583 1416 640 nobis
1451 599 1662 656 sparsa
1699 583 1828 654 jam
1858 597 1980 638 non
2013 579 2147 648 erit,

489 675 738 749 quando
767 689 940 732 mens
969 677 1174 730 nostra
1201 671 1282 730 ad
1311 676 1499 730 Deum
1525 672 1794 728 funditus
1823 673 1998 744 rapta
2041 667 2150 726 ful-

492 766 693 836 gescit.
726 767 808 822 Ac
835 764 885 818 si
911 779 1054 834 ergo
1083 763 1136 819 ei
1162 767 1366 836 aperte
1407 762 1700 819 diceretur
1732 779 1744 817 :
1776 761 1875 816 Dic
1905 775 2027 832 quo
2058 774 2150 814 or-

493 855 633 912 dine
669 853 898 926 justitia
945 868 1082 909 mea
1133 852 1384 910 occultis
1415 851 1688 908 sensibus
1720 866 1822 908 cor
1871 847 2145 916 infundo,

495 961 634 1002 cum
662 947 722 1000 et
747 959 854 1016 per
881 958 1192 1000 accessum
1211 957 1334 998 non
1363 941 1590 1010 videor,
1637 944 1694 998 et
1717 945 1920 997 tamen
1947 937 2150 993 visibi-

492 1033 574 1090 lia
601 1048 785 1106 opera
803 1031 1120 1088 hominum
1141 1030 1509 1088 invisibiliter
1532 1033 1806 1086 immuto.
1835 1027 2144 1100 Sequitur:

493 1121 798 1178 Dividitur
830 1125 1004 1176 aestus
1033 1135 1213 1188 super
1241 1126 1490 1176 terram.
1531 1151 1600 1158 —
1639 1117 1832 1172 Hostis
1883 1129 2148 1186 namque

496 1208 744 1266 callidus
791 1224 948 1280 quos
1003 1207 1136 1264 luce
1183 1208 1426 1280 justitipe
1461 1207 1781 1264 enitescere
1833 1203 2146 1276 conspicit,

495 1314 704 1354 eorum
735 1301 962 1354 mentes
991 1297 1206 1352 illicitis
1250 1296 1560 1352 desideriis
1588 1295 1970 1352 inﬂammare
2009 1308 2148 1348 con-

493 1385 696 1442 tendit.
735 1385 898 1442 Unde
947 1390 1004 1442 et
1047 1385 1344 1456 lsraelitm,
1402 1389 1727 1458 postquam
1755 1382 1949 1439 vocati
1987 1385 2146 1452 sunt,

492 1479 699 1532 contra
727 1479 988 1547 Moysen,
1017 1475 1092 1532 de
1116 1478 1496 1530 excrescente
1525 1473 1731 1530 labore
1769 1486 2150 1544 conquerun-

492 1569 607 1636 tur,
637 1565 933 1620 dicentem
963 1582 976 1622 :
1003 1583 1034 1618 (ί
1053 1564 1264 1620 Videat
1291 1563 1575 1618 Dominus
1604 1567 1662 1617 et
1711 1561 1956 1632 judicet,
2004 1575 2150 1631 quo-

2263 413 2665 470 supernorum
2689 396 3060 470 judiciorum
3091 401 3278 454 terror
3305 395 3567 452 auditur.
3601 398 3918 452 Incassum

2258 485 2481 559 quippe
2511 484 2857 560 praedicatio
2889 484 3185 542 audientis
3213 499 3356 540 aure
3387 483 3736 558 percipitur,
3781 499 3922 556 qua:

2259 573 2502 648 perveni
2551 574 2624 630 ad
2673 573 2887 630 intima
2941 573 3124 630 surdo
3155 573 3333 630 corde
3387 572 3756 646 perhibetur.
3805 574 3924 632 Sed

2258 663 2403 738 quia
2428 663 2715 719 Dominus
2749 663 2912 720 viam
2942 663 3213 720 sanantis
3239 663 3484 719 tonitrui
3513 663 3658 720 dare
3685 663 3920 734 asserit,

2258 752 2362 824 qui
2387 768 2526 808 cum
2549 751 2992 824 praedicationis
3021 751 3208 808 verba
3237 751 3463 818 tribuit,
3493 767 3598 824 per
3629 755 3922 808 terrorem

2258 840 2442 896 corda
2470 841 2822 914 compungit
2858 858 2870 896 :
2903 840 3042 896 hinc
3093 839 3310 896 Paulus
3344 839 3426 896 ait
3459 857 3471 896 :
3505 863 3533 889 ‹‹
3565 843 3818 898 Orantes
3851 841 3926 895 si-

2257 928 2385 984 mul
2405 932 2462 984 et
2505 944 2615 1000 pro
2645 928 2841 996 nobis,
2873 935 2938 986 ut
2993 931 3147 984 Deus
3196 929 3423 1002 aperiat
3475 929 3650 986 nobis
3693 930 3924 986 ostium

2255 1017 2422 1074 verbi
2455 1016 2566 1086 sui,
2603 1017 2678 1072 ad
2709 1015 3084 1090 loquendum
3143 1017 3498 1090 mysterium
3530 1017 3744 1076 Christi
3775 1019 3920 1090 (Col.

2258 1123 2340 1164 IV.
2373 1106 2449 1178 3).
2483 1125 2514 1159 ›
2549 1105 2824 1177 Sequitur
2858 1124 2870 1162 :

2330 1196 2502 1252 Vens.
2532 1199 2619 1252 26.
2649 1197 2726 1250 Et
2747 1197 2988 1264 plueret
3020 1211 3201 1266 super
3226 1201 3456 1252 terram
3487 1195 3708 1268 absque
3736 1195 3928 1254 homi-

2256 1301 2331 1342 ne
2359 1287 2420 1340 in
2460 1286 2713 1350 deserto,
2746 1286 2850 1340 ubi
2873 1287 3080 1341 nullus
3109 1287 3460 1341 mortalium
3490 1293 3924 1342 commoratur.

2256 1405 2326 1414 —-
2358 1377 2546 1446 Super
2571 1377 2790 1430 terram
2823 1374 3052 1446 absque
3084 1373 3330 1430 homine
3357 1375 3418 1430 in
3458 1375 3692 1430 deserto
3713 1373 3926 1446 pluere

2258 1467 2366 1530 est,
2396 1462 2650 1518 verbum
2681 1462 2783 1519 Dei
2829 1463 3151 1532 gentilitate
3198 1463 3546 1535 praedicare,
3579 1478 3738 1536 quae,
3773 1463 3928 1520 dum

2257 1549 2490 1608 nullum
2545 1550 2774 1608 cultum
2829 1551 3153 1608 divinitatis
3208 1553 3410 1620 tenuit,
3475 1552 3708 1608 nullam
3757 1552 3822 1608 in
3861 1569 3928 1608 se

491 1655 656 1710 niam
723 1653 926 1710 [ωιθιιθ
982 1652 1204 1708 fecistis
1265 1651 1516 1708 odorem
1591 1655 1866 1706 nostrum
1943 1664 2148 1704 coram
2185 1663 2231 1720 Β
2260 1640 2520 1714 speciem
2559 1639 2704 1695 boni
2735 1640 2932 1712 operis
2985 1640 3262 1696 ostendit.
3302 1641 3581 1697 Videlicet
3610 1641 3928 1698 desertum

493 1742 802 1797 Pharaone
847 1745 904 1796 et
945 1740 1129 1796 servis
1173 1741 1324 1812 ejus,
1353 1743 1410 1796 et
1433 1740 1768 1812 praebuistis
1798 1738 1848 1792 ei
1881 1737 2149 1806 gladium

493 1835 560 1886 ut
580 1831 934 1886 interficeret
953 1846 1063 1886 nos
1091 1829 1308 1902 (Exod.
1343 1847 1394 1896 v,
1429 1831 1540 1901 2t).
1570 1853 1596 1878 n
1627 1833 1764 1884 Post
1787 1828 1984 1882 lucem
2007 1843 2149 1882 vero

492 1923 674 1976 aastus
705 1919 992 1992 sequitur,
1048 1919 1192 1991 quia
1223 1923 1359 1992 post
1409 1918 1912 1976 illuminationem
1961 1915 2150 1970 divini

495 2009 780 2076 muneris,
839 2008 1264 2064 tentationibus
1313 2013 1618 2064 certamen
1666 2012 1938 2076 augetur.
1971 2007 2150 2061 Recte

494 2113 636 2167 ergo
667 2097 846 2154 etiam
875 2096 1062 2152 dividi
1083 2101 1262 2152 aestus
1292 2096 1526 2164 dicitur,
1551 2096 1696 2168 quia
1717 2095 2004 2152 nimirum
2025 2109 2150 2149 non

497 2185 715 2254 singuli
744 2185 1049 2253 omnibus,
1082 2184 1188 2242 sed
1229 2184 1604 2257 quibusdam
1642 2184 1850 2240 vicinis
1881 2199 1952 2240 ac
1977 2183 2150 2253 juxta

493 2273 702 2347 positis
721 2273 874 2330 vitiis
900 2273 1246 2344 fatigantur.
1281 2275 1443 2330 Prius
1471 2273 1630 2330 enim
1662 2271 2149 2344 conspersionem

491 2362 966 2434 uniuscujusque
1009 2363 1293 2434 antiquus
1343 2361 1718 2420 adversarius
1747 2361 2048 2434 perspicit,
2094 2363 2150 2414 et

493 2454 633 2508 tunc
659 2452 1052 2508 tentationum
1079 2451 1330 2523 laqueos
1357 2451 1628 2523 opponit.
1650 2449 1818 2506 Laetis
1836 2449 1996 2504 enim
2018 2464 2147 2502 mo-

489 2540 658 2596 ribus
683 2539 1006 2610 luxuriam,
1027 2539 1290 2596 tristibus
1325 2540 1612 2612 poculum
1658 2537 1973 2594 discordias
2017 2552 2150 2608 por-

491 2627 644 2696 rigit.
679 2631 843 2684 Hunc
859 2631 1060 2684 autem
1080 2632 1295 2684 aestum
1322 2627 1490 2686 aliter
1513 2627 1726 2684 dividit
1747 2625 1998 2682 callidus
2011 2621 2148 2698 sup-

491 2716 812 2788 plantator,
843 2715 1010 2774 aliter
1065 2715 1408 2774 misericors
1440 2715 1740 2774 Conditor.
1777 2715 1876 2771 Ille
1919 2713 2146 2784 dividit,

493 2809 558 2860 ut
595 2821 701 2878 per
727 2805 898 2863 illum
923 2805 1094 2863 citius
1123 2805 1446 2876 interimat,
1476 2805 1586 2862 iste
1612 2809 1678 2862 ut
1705 2821 1846 2862 eum
1876 2803 2151 2860 tolerabi-

491 2895 622 2951 liter
648 2895 880 2952 reddat.
911 2895 1191 2968 Sequitur
1221 2913 1234 2950 :

563 2987 730 3040 Vens.
763 2989 852 3042 25.
887 2984 1027 3051 Quis
1070 2984 1234 3042 dedit
1267 2983 1772 3042 vehementissimo
1811 2982 1992 3038 imbri
2018 2998 2149 3038 cur-
2187 3017 2230 3070 ο

489 3088 618 3128 sum
647 3073 676 3130 ?
695 3103 766 3114 -
785 3076 868 3128 Ac
893 3072 944 3128 si
963 3072 1186 3130 diceret
1207 3089 1220 3128 :
1247 3071 1368 3128 Nisi
1391 3072 1541 3143 ego?
1575 3071 1772 3128 Diviso
1793 3070 1956 3128 enim
1977 3073 2146 3137 aestu,

491 3177 736 3218 cursum
758 3161 912 3218 inter
963 3161 1126 3233 ipsas
1157 3161 1590 3233 persecutionis
1637 3159 1970 3231 angustias,
2003 3175 2152 3232 prae-

489 3251 804 3307 dicationis
834 3250 1130 3322 impetum
1161 3250 1498 3318 roborasse,
1539 3253 1606 3306 ut
1628 3253 1795 3306 tanto
1819 3247 2011 3320 magis
2037 3248 2150 3304 vir-

489 3343 582 3395 tus
609 3337 1068 3410 praedicantium
1097 3343 1404 3408 cresceret,
1464 3343 1695 3410 quanto
1727 3338 1923 3408 magis
1953 3353 2150 3412 perse-

489 3426 803 3500 quentium
851 3427 1167 3484 crudelitas
1223 3427 1512 3496 obviaret,
1566 3432 1865 3500 quatenus
1922 3427 2150 3484 arentia

491 3515 677 3572 corda
725 3515 1098 3573 audientium
1146 3515 1367 3588 pluvia:
1422 3517 1604 3587 guttis
1655 3516 2056 3584 infunderent,
2083 3519 2150 3572 ut

493 3603 816 3660 siccitatem
869 3604 1138 3676 perﬁdiae
1211 3604 1518 3672 uberibus,
1581 3604 1914 3674 irrigarent.
1981 3609 2148 3662 Hunc

487 3693 920 3767 persecutionis
949 3697 1161 3748 aestum
1193 3692 1408 3750 Paulus
1437 3693 1729 3754 tolerabat
1751 3698 1807 3750 et
1836 3693 2146 3767 irrigabat,

491 3799 630 3840 cum
685 3782 945 3839 diceret:
981 3801 1012 3835 ‹
1041 3782 1270 3840 Laboro
1325 3799 1517 3856 usque
1565 3783 1642 3840 ad
1685 3783 1928 3840 vincula
1970 3785 2148 3856 quasi

491 3871 647 3929 male
675 3887 958 3944 operans,
989 3871 1095 3928 sed
1123 3871 1378 3930 verbum
1404 3872 1506 3928 Dei
1535 3889 1658 3930 non
1717 3877 1808 3930 est
1835 3872 2146 3943 alligatum

491 3964 583 4030 (II
605 3965 750 4019 Tim.
777 3979 835 4030 II,
863 3963 935 4035 9).
969 3984 997 4014 ι»
1027 3965 1106 4018 De
1123 3963 1237 4020 hoc
1259 3962 1451 4018 imbre
1479 3962 1626 4020 alias
1653 3962 1868 4022 dicitur
1896 3981 1908 4020 :
1946 3967 2146 4022 «Man-

487 4051 650 4108 dabo
677 4051 943 4108 nubibus
963 4055 1040 4108 ne
1055 4051 1268 4123 pluant
1281 4067 1462 4125 super
1481 4055 1700 4109 terram
1718 4052 1974 4110 imbrem
2004 4055 2142 4125 (Isa.

487 4159 544 4210 ν,
575 4143 651 4214 6).
681 4163 708 4192 ››
769 4142 884 4198 Sed
937 4141 1274 4198 notandum
1329 4143 1496 4214 quod
1549 4143 1836 4200 eumdem
1888 4142 2147 4200 imbrem

487 4241 613 4282 non
640 4227 1077 4292 vehementem,
1097 4226 1204 4281 sed
1227 4226 1802 4284 vehementissim-um
1822 4231 2015 4284 vocat.
2035 4231 2144 4282 Im-

487 4315 598 4370 ber
623 4314 968 4383 vehemens,
1017 4318 1107 4369 est
1150 4313 1240 4370 vis
1271 4330 1534 4384 magna;
1584 4315 1778 4372 imber
1803 4332 1941 4372 vero
1969 4316 2144 4372 vehe-

487 4399 915 4470 mentissimus,
973 4401 1066 4456 vis
1119 4405 1176 4456 et
1225 4401 1606 4458 immensitas
1672 4402 2138 4475 praedicationis.

489 4488 829 4544 Vehemens
859 4503 1124 4561 namque
1171 4489 1366 4546 imber
1395 4493 1502 4558 est,
1554 4507 1694 4548 cum
1719 4492 2143 4564 praedicatores

491 4576 682 4632 sancti
711 4577 872 4632 credi
899 4579 1120 4633 aeterna
1135 4576 1490 4634 suadebant.
1521 4578 1715 4636 Imber
1739 4583 1942 4636 autem
1967 4582 2144 4636 vehe-

489 4666 917 4735 mentissimus,
949 4683 1088 4724 cum
1117 4671 1359 4740 propter
1388 4683 1559 4742 spem
1579 4667 1992 4726 admonebant
2019 4686 2146 4726 rem

487 4756 706 4828 deseri,
757 4761 976 4814 cuncta
1026 4757 1284 4814 visibilia
1334 4761 1576 4831 propter
1623 4756 1945 4814 invisibilia
2001 4775 2144 4816 con-

489 4845 693 4901 temni.
745 4846 1022 4918 Sequitur
1071 4847 1194 4904 :Et
1245 4849 1402 4904 viam
1440 4849 1710 4906 sonantis
1757 4850 2029 4910 tonitrui.
2077 4881 2147 4894 --

493 4932 646 4998 Quid
675 4933 834 4988 enim
863 4949 969 5005 per
996 4936 1346 5004 tonitruum,
1377 4936 1492 4992 nisi
1525 4937 1872 5009 praedicatio
1903 4937 2148 5011 superni

489 5021 728 5078 terroris
743 5022 1031 5094 accipitur
1043 5025 1072 5080 ?
1098 5040 1282 5096 quem
1306 5029 1613 5095 terrorem,
1626 5027 1772 5084 dum
1789 5027 2144 5101 percipiunt,

489 5111 762 5168 humana
797 5111 982 5167 corda
1007 5113 1376 5184 quatiuntur.
1409 5114 1748 5187 Aliquando
1789 5133 1932 5172 vero
1973 5133 2034 5174 in
2061 5123 2146 5174 to—

489 5201 688 5257 nitruo
739 5199 868 5272 ipse
913 5199 1256 5258 incarnatus
1305 5204 1594 5262 Dominus
1633 5205 1943 5275 ﬁguratur.
1996 5207 2148 5272 Quia

491 5289 880 5362 antiquorum
895 5279 1144 5345 Patrum
1167 5291 1462 5362 Propheta
1478 5293 1556 5349 ad
1583 5299 1852 5350 nostram
1872 5295 2144 5351 notitiam

491 5378 667 5450 quasi
691 5393 766 5434 ex
793 5377 1048 5436 nubium
1075 5379 1474 5436 concussione
1497 5381 1766 5453 prolatus
1793 5387 1900 5453 est,
1929 5383 2033 5455 qui
2057 5384 2144 5438 in-

491 5471 581 5522 ter
603 5481 716 5521 nos
738 5467 1046 5526 visibiliter
1065 5483 1386 5541 apparens,
1413 5485 1486 5526 ea
1509 5487 1646 5542 quae
1669 5486 1848 5543 super
1866 5486 1980 5526 nos
1997 5475 2140 5538 erat,

493 5552 824 5613 terribiliter
852 5555 1068 5614 sonuit.
1105 5558 1270 5614 Unde
1319 5557 1572 5632 apostoli
1605 5580 1633 5607 ‹‹
1663 5562 2022 5632 Boanerges,
2081 5561 2144 5616 id

493 5647 605 5714 est,
635 5642 742 5701 ﬁlii
769 5644 1008 5704 tonitrui
1035 5647 1253 5718 (Marc.
1281 5665 1366 5720 in,
1408 5649 1494 5723 t7)
1526 5671 1554 5701 »
1596 5649 1794 5712 vocati
1824 5654 1984 5714 sunt.
2023 5651 2141 5709 Ali-

2179 4369 2227 4430 D

2257 1727 2384 1795 fuit,
2411 1728 2472 1783 in
2503 1743 2627 1800 qua
2654 1730 2798 1800 quia
2823 1727 3126 1797 legislator
3149 1744 3272 1784 non
3301 1727 3432 1796 fuit,
3470 1734 3528 1784 et
3554 1729 3702 1802 quia
3749 1730 3931 1786 ratio-

2256 1817 2533 1872 nabiliter
2565 1820 2751 1872 Deum
2777 1834 3045 1890 quaerere
3077 1833 3198 1873 non
3224 1817 3351 1886 fuit,
3386 1819 3560 1892 quasi
3599 1818 3928 1876 hominum

2256 1905 2457 1962 nullus
2489 1905 2617 1974 fuit,
2651 1911 2708 1962 et
2731 1907 2888 1962 velut
2920 1907 3059 1962 solis
3089 1906 3296 1964 bestiis
3327 1913 3626 1982 occupata
3653 1924 3860 1964 vacua
3893 1925 3928 1966 a

2257 1995 2610 2052 mortalibus
2635 1995 2873 2052 exstitit.
2905 1999 2985 2050 De
3015 1997 3129 2052 hac
3154 1995 3390 2052 deserta
3417 2000 3574 2052 terra
3599 1997 3751 2054 alias
3782 1997 3928 2052 dici-

2259 2089 2351 2142 tur
2380 2101 2392 2139 :
2428 2105 2454 2134 ‹‹
2491 2083 2686 2140 Posuit
2713 2083 2966 2140 ﬂumina
2993 2083 3055 2138 in
3071 2083 3376 2140 desertum
3400 2085 3588 2157 (l’sal.
3617 2101 3730 2152 ενι,
3761 2087 3880 2152 33).
3902 2108 3926 2133 »ι

2257 2175 2414 2228 Bene
2445 2176 2648 2228 autem
2677 2179 3004 2244 postquam
3033 2177 3212 2228 aestus
3246 2188 3427 2246 super
3451 2179 3668 2228 terram
3690 2173 3928 2228 divisus

2257 2267 2363 2330 est,
2397 2277 2642 2318 cursum
2669 2261 3266 2318 vehementissimum
3318 2262 3513 2318 imber
3569 2263 3826 2335 accepit,
3868 2267 3930 2318 ut

2257 2350 2318 2406 in
2344 2350 2650 2406 desertum
2687 2349 2936 2424 plueret,
2967 2350 3110 2422 quia
3137 2355 3462 2424 postquam
3506 2351 3566 2406 in
3590 2351 3808 2408 Judaaa
3840 2368 3930 2408 as-

2257 2439 2474 2513 peritas
2501 2439 2930 2512 persecutionis
2987 2441 3299 2508 inhorruit,
3335 2441 3413 2498 ad
3470 2439 3648 2496 Israel
3695 2442 3924 2496 missus

2256 2529 2513 2604 quisque
2543 2529 2900 2602 praedicator
2932 2529 3010 2586 ad
3057 2530 3363 2586 vocandas
3423 2535 3627 2600 gentes
3657 2529 3922 2588 deﬂexit.

2259 2620 2424 2676 Unde
2482 2620 2670 2676 sancti
2720 2620 2976 2694 apostoli
3057 2619 3264 2678 dicunt
3306 2639 3318 2676 :
3365 2641 3394 2676 (ι
3423 2621 3600 2678 Vobis
3669 2623 3921 2696 quidem

2257 2709 2573 2782 oportebat
2601 2708 2867 2782 primum
2920 2709 3086 2781 loqui
3141 2710 3396 2766 verbum
3455 2711 3573 2780 Dei,
3611 2711 3722 2766 sed
3769 2729 3922 2784 quo-

2255 2798 2422 2854 niam
2479 2797 2759 2870 repellitis
2811 2796 2982 2868 illud,
3036 2802 3093 2853 et
3141 2797 3423 2868 indignos
3479 2816 3589 2856 vos
3635 2799 3923 2871 judicatis

2258 2892 2492 2944 aeternae
2552 2887 2709 2957 vitae,
2770 2903 2904 2944 ecce
2961 2889 3364 2946 convertimur
3412 2891 3492 2948 ad
3523 2895 3730 2960 gentes
3762 2891 3916 2962 (Act.

2255 2992 2377 3042 xm,
2409 2975 2518 3047 46).
2549 2998 2578 3026 ››
2616 2975 2893 3048 Sequitur
2925 2993 2937 3030 :

2329 3065 2509 3120 Vens.
2539 3065 2628 3118 27.
2668 3066 2742 3122 Ut
2789 3065 3062 3134 impleret
3117 3065 3343 3124 inviam
3381 3071 3436 3122 et
3465 3067 3822 3124 desolatam.
3853 3101 3916 3108 —

2259 3153 2412 3220 Quid
2439 3169 2578 3210 vero
2607 3153 2922 3228 complura
2949 3153 3230 3223 reddidit,
3280 3155 3748 3229 demonstratur,
3781 3175 3918 3214 cum

2255 3243 2411 3298 illico
2435 3242 2784 3314 adjungitur
2827 3260 2839 3298 :
2871 3245 2946 3298 Et
2976 3244 3332 3313 produceret
3365 3244 3576 3303 herbas
3633 3249 3914 3304 virentes.

2255 3363 2323 3370 —
2346 3332 2509 3388 Invia
2533 3347 2798 3404 namque
2827 3331 3124 3402 gentilitas
3155 3331 3284 3400 fuit,
3335 3333 3414 3390 ad
3463 3351 3647 3407 quam
3687 3337 3790 3392 via
3823 3337 3918 3392 Dei

2253 3420 2439 3476 verbo
2471 3437 2594 3476 non
2623 3421 2832 3494 patuit.
2863 3423 3148 3480 Desolata
3179 3423 3360 3478 etiam
3390 3429 3546 3480 recte
3565 3429 3781 3482 vocata
3809 3431 3916 3494 est,

2253 3509 2349 3564 vel
2377 3509 2603 3566 ratione
2659 3510 2907 3583 consilii,
2939 3511 3035 3568 vel
3097 3511 3294 3568 fructu
3329 3513 3478 3568 boni
3507 3514 3710 3588 operis
3741 3514 3918 3571 desti-

2255 3601 2398 3654 tuta.
2437 3597 2550 3654 Sed
2581 3599 2849 3656 desolata.
2876 3599 3122 3672 impleta
3153 3604 3241 3656 est
3270 3617 3408 3658 cum
3458 3603 3736 3660 exteriori
3763 3621 3918 3677 prae-

2254 3685 2536 3741 dicationi
2564 3687 2862 3745 internam
2887 3687 3313 3762 aspirationem
3345 3690 3610 3761 contulit,
3639 3696 3704 3746 ut
3733 3695 3920 3750 corda
3979 3729 3984 3736 -

2254 3775 2566 3844 gentilium
2595 3777 2824 3834 arentia
2849 3777 3226 3848 virescerent,
3258 3779 3464 3836 clausa
3513 3785 3917 3854 patescerent.

2255 3864 2320 3918 In
2379 3865 2680 3938 Scriptura
2711 3867 2872 3922 enim
2918 3882 3091 3922 sacra
3149 3867 3477 3940 aliquando
3525 3869 3716 3926 herba
3759 3871 3918 3927 viror

2254 3952 2452 4024 gloriae
2505 3956 2852 4028 temporalis
2909 3957 3215 4030 accipitur,
3249 3957 3400 4015 sicut
3445 3959 3744 4032 Propheta
3789 3961 3911 4016 ait:

2254 4063 2282 4091 «
2314 4045 2480 4102 Mane
2512 4043 2663 4100 sicut
2691 4045 2881 4101 herba
2911 4050 3194 4112 transeat,
3227 4062 3405 4104 mane
3437 4047 3649 4104 ﬂoreat
3671 4053 3732 4104 et
3761 4055 3914 4108 tran-

2255 4131 2594 4202 sea_t(Psal.
2649 4150 2878 4202 LXXXVI,
2927 4135 3000 4207 6).
3033 4152 3062 4186 ›
3106 4133 3443 4207 Aliquando
3493 4135 3742 4192 refectio
3795 4139 3912 4194 dia-

2255 4220 2395 4291 boli,
2424 4221 2574 4276 sicut
2603 4221 2676 4278 de
2701 4222 2800 4278 illo
2832 4238 2868 4278 a
2900 4222 3150 4279 Domino
3179 4223 3392 4280 dicitur
3417 4242 3429 4278 :
3457 4245 3486 4277 ‹
3511 4225 3658 4282 Huic
3676 4232 3914 4284 montes

2254 4307 2473 4364 herbas
2503 4308 2698 4366 ferunt
2727 4311 2878 4378 (Job.
2911 4328 3000 4380 XL,
3035 4313 3140 4384 15).
3183 4335 3211 4362 ››
3245 4312 3585 4385 Aliquando
3619 4319 3915 4370 sustenta-

2255 4396 2336 4452 tio
2381 4397 2865 4470 praedicatorum,
2907 4404 2971 4456 ut
3013 4400 3162 4458 illud
3194 4418 3206 4455 :
3235 4420 3266 4454 ‹
3300 4401 3578 4458 Producit
3623 4402 3686 4458 in
3745 4419 3914 4458 mon-

2255 4485 2412 4541 tibus
2442 4485 2648 4542 fenum
2680 4491 2736 4542 et
2765 4488 3014 4545 herbam
3055 4490 3320 4546 servituti
3362 4491 3684 4547 hominum
3717 4493 3909 4558 (Psal.

2254 4591 2436 4646 CXLVI,
2468 4576 2541 4648 8).
2581 4596 2600 4628 ι
2633 4575 2974 4648 Aliquando
3003 4578 3167 4634 bona
3196 4581 3486 4652 operatio,
3547 4581 3704 4637 sicut
3735 4582 3914 4655 scrip-

2253 4668 2380 4719 tum
2402 4668 2490 4719 est
2521 4681 2532 4719 :
2568 4687 2594 4712 «
2624 4666 2923 4722 Germinet
2953 4670 3107 4723 terra
3134 4669 3388 4724 herbam
3413 4671 3703 4726 virentem
3741 4673 3908 4739 (Gen.

2253 4770 2291 4822 ι,
2328 4754 2434 4826 II),
2469 4775 2496 4806 3.
2529 4753 2872 4826 Aliquando
2904 4760 3138 4813 aeternae
3190 4758 3324 4814 vita:
3357 4759 3606 4817 scientia
3635 4761 3910 4833 designa-

2253 4847 2368 4914 tur,
2397 4843 2548 4899 sicut
2592 4859 2699 4916 per
2745 4846 3066 4903 Jeremiam
3115 4847 3329 4904 dicitur
3364 4866 3376 4905 :
3411 4871 3438 4900 «
3469 4851 3694 4920 Onagri
3743 4857 3912 4908 stete-

2254 4938 2392 4990 runt
2417 4934 2478 4990 in
2504 4934 2776 5007 rupibus,
2801 4941 3105 4994 traxerunt
3123 4945 3369 4996 ventum
3394 4942 3570 5014 quasi
3589 4942 3909 5010 dracones,

2253 5024 2594 5082 defecerunt
2624 5025 2779 5080 oculi
2809 5043 3020 5084 eorum
3051 5029 3195 5102 quia
3225 5046 3348 5086 non
3381 5035 3508 5088 erat
3539 5032 3733 5090 herba
3767 5035 3910 5100 (Jer.

2251 5129 2371 5182 xxv,
2414 5113 2486 5184 6).
2538 5131 2568 5166 ›
2637 5113 2942 5182 Signiﬁcat
2999 5116 3345 5174 Judaaorum
3401 5120 3908 5192 persecutionem.

2253 5207 2388 5276 Ipsa
2413 5201 2708 5260 dracones
2765 5204 3059 5264 virulenta
3109 5208 3463 5278 cogitatione
3521 5215 3814 5270 steterunt
3853 5213 3910 5268 in

2251 5293 2524 5368 rupibus,
2557 5309 2680 5350 non
2705 5295 2768 5350 in
2790 5298 2928 5364 Deo,
2963 5296 3226 5354 dicentes
3261 5316 3318 5353 ζα
3343 5303 3472 5356 Non
3503 5300 3808 5358 habemus
3831 5319 3908 5360 re-

2253 5397 2407 5452 gem.
2442 5405 2467 5432 ››
2501 5387 2609 5440 etc.
2645 5384 2844 5456 (Joan.
2875 5401 2985 5456 xxx,
3018 5386 3121 5458 l5).
3151 5389 3404 5444 Ventum
3425 5389 3698 5448 elationis
3723 5395 3910 5448 traxe-

2251 5475 2390 5527 runt
2415 5473 2590 5540 oculi,
2619 5471 2681 5528 id
2710 5477 2814 5541 est,
2850 5489 2988 5546 spes
3019 5491 3230 5533 eorum
3267 5479 3624 5552 temporalia
3653 5480 3908 5552 diligens

2251 5562 2490 5630 corruit,
2519 5563 2707 5618 herba
2757 5563 2988 5634 defecit,
3049 5567 3192 5640 quia
3221 5583 3430 5626 eorum
3469 5571 3758 5628 cordibus
3813 5572 3908 5628 de-

2249 5649 2361 5708 fuit
2385 5651 2724 5710 aeternitatis
2775 5653 3039 5722 scientia.
3069 5656 3183 5714 Sed
3209 5657 3325 5715 hoc
3371 5657 3432 5718 in
3460 5657 3596 5718 loco
3649 5659 3904 5720 virentes
