4120 6156
170 168 270 223 445

967 161 1262 219 EPITOME
1301 159 1667 220 MORALIUM
1705 159 1763 215 S.
1804 159 2008 217 GREG.
2051 163 2119 218 IN
2156 162 2296 220 JOB.
2336 190 2407 205 —-
2445 163 2577 220 LIB.
2620 164 2804 225 XXIX.

3483 171 3592 227 446

169 287 409 353 herbas,
442 288 663 341 sancta?
714 284 1002 340 doctrinas
1059 284 1370 340 scientiam
1400 283 1495 340 vel
1522 297 1827 352 congruas
1858 287 1905 340 A
1935 284 2175 356 ccelum,
2204 289 2262 342 et
2289 286 2506 358 loquar
2561 287 2701 358 (Isa.
2740 305 2885 359 mm,
2913 293 2984 356 l).
3021 312 3050 340 ››
3099 289 3243 347 Hinc
3301 291 3596 349 Dominus

168 376 546 448 operationes
575 374 928 446 accipimus,
963 374 1106 446 quia
1128 374 1276 429 dum
1293 377 1515 430 sanctae
1537 371 1828 444 praedica-

167 465 343 524 tionis
367 463 628 520 imbrem
663 463 958 533 gentilitas
986 462 1256 536 percipit,
1289 467 1346 519 et
1389 462 1526 518 vitae
1562 476 1745 534 opera
1773 464 1832 516 et

165 553 454 612 doctrina:
502 551 687 608 verba
744 551 1118 623 germinavit.
1176 551 1320 607 Hinc
1372 551 1667 624 Propheta
1695 548 1777 605 ait
1812 567 1825 605 :

166 664 195 694 α
226 647 292 698 1n
317 641 637 708 cubilibus,
656 640 719 696 in
748 640 970 713 quibus
1012 639 1178 712 prius
1225 639 1578 698 habitabant
1623 638 1831 695 draco-

163 747 294 799 nes,
337 731 560 786 orietur
578 729 740 785 viror
769 729 990 785 calami
1021 733 1078 786 et
1103 729 1272 800 junci
1305 730 1443 800 (Isa.
1475 745 1659 797 xxxv,
1685 732 1764 796 7).
1799 749 1828 778 »

166 821 277 877 Ubi
313 819 376 875 in
403 818 661 885 calamo,
695 817 1012 890 scriptores
1039 835 1052 886 ;
1084 818 1147 873 in
1171 819 1378 889 junco,
1407 817 1709 873 auditores
1733 816 1832 874 de-

167 909 427 979 signavit
451 927 464 977 ;
499 908 560 963 in
589 907 926 963 draconum
955 907 1274 975 cubilibus,
1306 906 1622 980 populum,
1645 922 1830 978 quem

163 999 354 1055 hostis
379 996 610 1053 malitia
647 995 1014 1068 possidebat.
1045 999 1390 1052 MORALITER.
1419 999 1655 1052 Deserta
1671 999 1829 1051 terra

165 1093 328 1158 sunt,
359 1086 465 1159 qui
496 1085 636 1141 ﬁdei
676 1084 922 1141 nomine
963 1089 1302 1156 censentur,
1331 1085 1519 1141 verba
1549 1085 1678 1140 vitae
1726 1100 1830 1140 au-

162 1177 340 1233 diunt
365 1175 635 1246 auribus,
665 1173 772 1230 sed
803 1189 874 1230 ea
929 1174 1179 1230 transire
1235 1190 1426 1246 usque
1476 1173 1557 1229 ad
1597 1173 1832 1230 interna

163 1265 364 1321 cordis
384 1263 630 1319 minime
661 1262 1028 1335 permittunt.
1059 1264 1199 1325 Quae
1227 1263 1446 1318 scilicet
1464 1267 1617 1319 terra
1639 1263 1830 1319 homi-

161 1371 306 1410 nem
331 1368 456 1410 non
487 1352 688 1422 habet,
716 1352 862 1425 quia
885 1368 1094 1408 eorum
1144 1367 1318 1408 mens
1353 1369 1535 1407 sensu
1581 1352 1827 1408 rationis

162 1449 348 1513 caret,
371 1448 429 1499 et
455 1441 656 1498 nullus
695 1441 1041 1498 mortalium
1071 1442 1131 1496 in
1156 1442 1272 1497 hac
1302 1445 1455 1498 terra
1483 1457 1827 1497 commura-

165 1538 280 1595 tur,
311 1531 457 1604 quia
480 1535 540 1587 et
560 1530 610 1586 si
633 1529 883 1602 quando
909 1529 971 1585 in
1000 1545 1212 1585 eorum
1245 1530 1610 1586 conscientia
1651 1531 1828 1585 ratio-

1935 372 2055 429 ait:
2090 395 2118 424 «
2148 374 2448 431 Ccelorum
2495 375 2645 431 mihi
2687 378 2859 433 sedes
2906 383 2998 434 est
3024 380 3282 451 (Ibid.).»
3331 382 3412 436 De
3467 397 3591 453 qua

1936 463 2075 518 sede
2099 463 2248 520 alias
2281 464 2573 538 scriptum
2606 469 2733 522 est:
2791 487 2820 515 ‹‹
2843 468 3059 524 Anima
3092 469 3238 540 justi
3287 469 3460 526 sedes
3503 475 3592 528 est

1937 551 2267 624 sapientiae.
2297 575 2327 604 ιο
2361 553 2511 620 Quia
2536 569 2680 624 ergo
2703 619 2716 634 .
2736 554 3030 627 sapientia
3073 561 3162 613 est
3190 560 3370 626 Deus,
3416 559 3590 616 sedes

1936 641 2038 696 Dei
2068 642 2287 699 coelum
2316 646 2422 710 est,
2455 643 2660 700 anima
2703 643 2850 716 justi
2892 644 3064 700 sedes
3114 645 3440 718 sapientiae.
3469 651 3593 706 Cte-

1935 728 2062 785 lum
2091 734 2182 785 est
2204 731 2408 803 utique
2431 731 2634 788 anima
2659 732 2823 804 justi.
2865 732 3095 788 Caelum
3125 733 3236 790 fuit
3260 735 3590 804 Abraham,

1937 817 2104 874 Isaac
2129 823 2186 875 et
2203 819 2407 877 Iacob.
2435 820 2549 876 Sed
2573 821 2718 893 quia
2745 826 3156 896 persecutores
3185 824 3419 880 Domini
3441 839 3592 896 pon-

1936 905 2122 962 tiﬁces
2149 907 2518 980 Judaeorum,
2548 909 2816 981 perﬁdiae
2847 914 3084 983 torpore
3114 911 3334 982 frigidi,
3367 912 3443 968 de
3467 911 3593 967 illo-

1935 1011 2070 1051 rum
2093 1000 2333 1068 patrum
2364 999 2651 1070 progenie
2673 1005 3111 1072 processerunt,
3145 1001 3322 1074 quasi
3340 1001 3415 1058 de
3441 999 3592 1058 coelo

1936 1084 2073 1155 gelu
2102 1086 2258 1142 exiit.
2293 1088 2465 1153 Quod
2496 1094 2698 1145 tamen
2729 1089 2867 1159 gelu
2895 1089 3117 1146 idcirco
3163 1090 3342 1146 nobis
3399 1089 3596 1146 Domi.

1934 1191 2050 1230 nus
2079 1177 2355 1245 genuisse
2378 1193 2442 1233 se
2469 1178 2630 1246 dicit,
2657 1179 2802 1251 quia
2815 1181 2844 1233 J
2852 1179 3058 1235 udaeos
3077 1196 3233 1253 quos
3247 1179 3594 1236 naturaliter

1934 1263 2061 1337 ipse
2083 1265 2277 1320 bonos
2307 1266 2592 1334 condidit,
2641 1267 2807 1338 justo
2830 1267 3058 1338 judicio
3085 1284 3197 1340 pro
3226 1283 3438 1324 eorum
3466 1283 3595 1324 ma—

1934 1352 2058 1408 litia
2087 1353 2334 1423 frigidos
2365 1370 2402 1410 a
2426 1370 2489 1410 se
2519 1355 2677 1410 exire
2706 1356 3288 1428 permisit.Dominus
3312 1356 3475 1412 enim
3490 1373 3594 1412 au-
3682 1369 3684 1372 '

1937 1445 2066 1498 ctor
2095 1448 2183 1498 est
2203 1449 2452 1515 naturae,
2484 1460 2610 1500 non
2641 1444 2856 1516 culpae.
2883 1445 3061 1501 Aliter
3089 1465 3102 1501 :
3137 1447 3200 1501 In
3229 1445 3365 1515 gelu
3390 1449 3448 1501 et
3467 1444 3590 1514 gla-

1935 1532 2022 1588 cie
2048 1534 2248 1599 Satan,
2277 1532 2423 1587 nihil
2452 1533 2651 1588 obstat
2686 1533 2949 1603 intelligi.
2973 1538 3103 1606 Ipse
3149 1535 3375 1606 quippe
3415 1534 3592 1606 quasi

161 1620 459 1677 nabilium
485 1635 774 1674 sensuum
804 1618 1194 1688 cogitationes
1223 1619 1488 1688 veniunt,
1519 1633 1642 1674 non
1697 1635 1827 1691 per-
1859 1639 1900 1694 B
1935 1621 2008 1676 de
2033 1623 2152 1676 Deo
2178 1637 2318 1676 vero
2347 1620 2564 1692 glacies
2609 1621 2916 1694 processit,
2946 1622 3092 1694 quia
3123 1639 3161 1678 a
3189 1622 3385 1678 calore
3407 1637 3594 1678 secre-

162 1710 401 1766 sistunt.
439 1707 554 1764 Sed
596 1707 746 1762 dum
802 1707 1139 1763 misericors
1194 1707 1372 1763 imbri
1420 1725 1530 1764 suo
1582 1725 1826 1764 cursum

161 1797 311 1852 dare
340 1796 707 1866 designatur,
741 1796 1087 1867 compuncti
1114 1812 1219 1868 per
1243 1797 1542 1852 internam
1571 1797 1824 1866 gratiam

163 1886 365 1942 verbis
392 1885 525 1941 vita:
555 1900 731 1941 aures
759 1883 957 1940 cordis
1001 1888 1297 1957 aperiunt.
1353 1888 1418 1941 Et
1472 1885 1682 1958 implet
1719 1891 1828 1941 ter-

160 1991 298 2032 ram
320 1976 566 2044 inviam,
595 1974 741 2047 quia
769 1973 918 2028 dum
947 1974 1175 2046 praebet
1205 1974 1478 2030 auditum
1504 1975 1707 2044 verbo,
1731 1991 1830 2031 cu-

163 2064 432 2120 mulatur
459 2062 769 2135 mysterio.
820 2064 901 2118 Et
943 2063 1230 2132 producit
1285 2063 1498 2120 herbas
1549 2065 1823 2131 virentes,

161 2154 312 2226 quia
341 2169 447 2226 per
475 2152 732 2224 gratiam
757 2151 1238 2224 compunctionis
1268 2151 1451 2207 verba
1477 2168 1601 2207 non
1631 2152 1828 2207 solum

161 2243 417 2299 libenter
445 2241 679 2314 accipit,
715 2240 824 2296 sed
845 2240 1025 2296 etiam
1055 2240 1313 2296 ubertim
1341 2240 1556 2310 reddit,
1579 2244 1642 2296 ut
1661 2245 1828 2312 quod

162 2331 374 2386 audire
426 2346 550 2386 non
579 2333 832 2403 poterat.
863 2332 993 2385 Jam
1023 2328 1190 2401 loqui
1234 2330 1638 2402 concupiscat.
1684 2329 1828 2384 Hinc

162 2420 454 2492 scriptum
484 2424 572 2475 est
603 2436 617 2474 :
653 2438 682 2472 ι
713 2418 922 2474 Emitte
952 2419 1235 2490 Spiritum
1267 2423 1438 2474 tuum
1454 2423 1511 2475 et
1537 2418 1829 2474 creaban-

160 2512 282 2578 tur,
313 2531 341 2558 ››
375 2511 486 2564 etc.
517 2509 708 2578 (Psal.
747 2523 864 2575 cui,
897 2511 1010 2572 30.)
1041 2506 1351 2579 Sequitur:

233 2599 402 2651 Vens.
437 2598 526 2651 28.
555 2597 695 2662 Quis
716 2602 803 2652 est
838 2597 1062 2664 pluvia
1093 2601 1286 2664 pater,
1322 2596 1416 2651 vel
1444 2597 1576 2666 quis
1623 2597 1829 2665 genuit

160 2687 365 2742 stillas
395 2687 551 2741 roris
580 2690 609 2741 ?
628 2714 698 2727 --
719 2687 802 2740 Ac
832 2684 882 2739 si
911 2683 1166 2740 diceret:
1225 2684 1344 2739 Nisi
1387 2699 1550 2753 ergo,
1581 2684 1685 2756 qui
1726 2685 1833 2739 sic-

162 2789 304 2830 cam
329 2778 551 2830 terram
581 2773 834 2830 humani
864 2772 1060 2828 cordis
1086 2773 1265 2842 guttis
1286 2772 1544 2828 scientiae
1561 2774 1831 2842 gratuitae

162 2877 394 2934 spargo
416 2863 445 2918 Ἰ
470 2865 549 2918 De
578 2862 696 2918 hac
715 2861 877 2917 enim
909 2861 1114 2933 pluvia
1140 2859 1288 2915 alias
1319 2859 1536 2915 dicitur
1564 2876 1577 2913 :
1639 2880 1668 2907 «
1698 2857 1830 2912 Plu-

1934 1713 2132 1765 torum
2161 1710 2291 1779 eius
2321 1708 2561 1764 malitiae
2589 1715 2826 1782 torpore
2876 1709 3128 1779 frigidus
3161 1708 3446 1778 magister
3485 1706 3593 1762 ini-

1933 1797 2176 1870 quitatis
2198 1798 2395 1853 exivit.
2430 1803 2559 1870 Ipse
2585 1798 2723 1868 gelu
2745 1799 2820 1854 de
2851 1798 3000 1853 coelo
3031 1802 3118 1854 est
3146 1796 3402 1868 genitus,
3448 1795 3593 1868 quia

1935 1889 2361 1944 constricturus
2388 1888 2573 1944 corda
2602 1888 3019 1961 reproborum,
3039 1904 3076 1943 a
3098 1885 3349 1942 summis
3378 1884 3592 1941 cadere

1935 1982 2027 2033 est
2079 1977 2418 2048 promissus
2468 1977 2848 2050 [permissus]
2899 1977 2979 2051 ad
3032 1976 3174 2032 ima.
3233 1976 3590 2031 MOBAIJTER.

1936 2069 2152 2122 Mentes
2183 2081 2448 2138 namque
2475 2067 2794 2123 hominum
2833 2066 3214 2138 omnipotens
3243 2068 3397 2120 Deus
3443 2064 3593 2119 dum

1936 2155 2146 2210 timore
2175 2154 2416 2222 format,
2449 2156 2625 2227 quasi
2655 2154 2934 2226 concipit,
2963 2170 3188 2226 easque
3224 2154 3305 2210 ad
3355 2157 3594 2225 apertas

1936 2243 2182 2299 virtutes
2212 2243 2358 2297 dum
2390 2243 2684 2315 provehit,
2717 2242 2906 2313 gignit
2935 2261 2947 2310 ;
2981 2243 3085 2297 sed
3113 2242 3160 2297 si
3216 2241 3292 2296 de
3334 2239 3594 2312 acceptis

1937 2331 2252 2388 virtutibus
2283 2331 2664 2399 extolluntur,
2695 2330 2994 2403 relinquit.
3023 2330 3205 2396 Quasi
3224 2331 3384 2385 enim
3398 2328 3474 2384 de
3492 2327 3595 2383 Dei

1939 2427 2108 2476 utero
2139 2420 2359 2490 glacies
2385 2420 2703 2490 egreditur,
2735 2419 2983 2491 quando
3030 2419 3092 2474 hi
3121 2419 3226 2491 qui
3249 2419 3380 2490 jam
3432 2417 3594 2473 intus

1939 2507 2317 2564 incaluerth
2341 2523 2415 2562 ex
2441 2508 2730 2563 virtutum
2761 2507 2925 2563 dono
2965 2506 3312 2578 frigescunt,
3345 2510 3402 2561 et
3454 2504 3595 2560 inde

1939 2597 2291 2653 exteriorem
2323 2596 2574 2669 gloriam
2606 2600 2907 2669 torpentes
2955 2599 3265 2669 appetant.
3318 2593 3484 2651 Unde
3514 2591 3595 2648 ad

1939 2686 2172 2742 interna
2227 2686 2540 2756 diligenda
2589 2686 2896 2742 ardentius
2924 2685 3179 2755 ﬂagrare
3232 2683 3591 2740 debuerunt.

1943 2779 2108 2832 Hanc
2139 2775 2392 2845 glaciem
2418 2791 2579 2830 nunc
2609 2776 2671 2830 in
2697 2779 2865 2832 utero
2892 2775 3183 2831 Dominus
3209 2776 3424 2847 portat,
3451 2769 3599 2845 quia

1941 2865 2097 2921 intra
2117 2864 2319 2920 sinum
2350 2869 2572 2920 sanctae
2604 2865 2876 2921 Ecclesiae
2909 2864 3133 2930 tolerat,
3161 2864 3267 2920 sed
3287 2878 3394 2935 per
3413 2866 3598 2918 extre-

160 2952 329 3007 viam
352 2951 757 3046 voluntariam
785 2948 1156 3046 segregabis,
1186 2951 1379 3046 ‘Deus,
1413 2969 1441 2997 »
1493 2952 1602 3045 etc.
1637 2947 1826 3014 (Ρεαιο
1861 2990 1904 3046 c
1937 2972 2109 3010 mum
2133 2959 2191 3010 et
2210 2954 2579 3026 publicatum
2589 2954 2884 3025 judicium
2906 2955 3062 3010 hanc
3075 2953 3337 3025 repellet,
3356 2952 3593 3008 dicens:

159 3057 347 3108 uvn,
387 3041 493 3108 ιο.)
519 3040 708 3096 Pater
725 3039 954 3108 pluviae
985 3041 1136 3094 Deus
1167 3037 1400 3104 dicitur,
1441 3035 1586 3108 quia
1623 3051 1830 3108 super-

160 3147 247 3187 na
276 3130 456 3186 nobis
486 3130 830 3202 praedicatio
859 3144 983 3185 non
1014 3128 1089 3184 de
1119 3132 1324 3183 nostro
1355 3127 1587 3194 merito,
1623 3126 1728 3180 sed
1755 3124 1831 3180 de

159 3223 302 3293 ejus
332 3221 524 3292 gratia
549 3223 894 3291 generatur.
925 3217 1102 3276 Stillee
1134 3217 1296 3273 enim
1323 3217 1474 3273 roris
1500 3216 1613 3289 ipsi
1643 3214 1833 3271 sancti

158 3309 592 3384 praedicatores
638 3313 797 3378 sunt,
829 3308 937 3381 qui
965 3323 1111 3364 arva
1158 3307 1411 3380 pectoris
1467 3305 1655 3361 nostri
1683 3305 1833 3361 inter

161 3399 337 3456 mala
365 3397 499 3456 vitae
527 3398 859 3472 praesentis,
890 3397 1070 3471 quasi
1111 3395 1386 3453 tenebras
1417 3395 1588 3452 siccae
1641 3392 1834 3451 noctis

157 3489 402 3546 arentia
425 3488 616 3558 gratia
645 3503 920 3561 superna;
948 3487 1238 3557 largitatis
1258 3485 1604 3542 infundunt.
1639 3487 1720 3540 De
1740 3483 1833 3539 his

157 3576 340 3635 stillis
365 3577 706 3635 contumaci
729 3577 954 3633 Judaaaa
993 3577 1208 3633 dicitur
1240 3593 1254 3632 :
1287 3595 1318 3629 ‹
1344 3578 1662 3647 Propterea
1699 3589 1834 3646 pro-

156 3665 378 3722 hibita
403 3670 544 3721 sunt
567 3665 736 3722 stillae
778 3664 1138 3738 pluviarum,
1191 3668 1248 3720 et
1297 3664 1593 3720 serotinus
1639 3661 1834 3718 imber

156 3769 308 3812 non
326 3753 602 3825 fuit(Jer.
635 3769 718 3822 1n,
764 3755 838 3826 3).
874 3776 902 3805 »
950 3757 1163 3810 Rorem
1214 3753 1576 3825 aspergebat
1620 3750 1834 3806 Paulus

159 3860 316 3901 cum
337 3843 652 3900 Corinthiis
679 3843 902 3899 diceret
933 3860 946 3898 :
980 3864 1008 3892 «
1044 3847 1169 3898 Non
1201 3843 1362 3898 enim
1413 3840 1684 3911 judicare
1737 3855 1834 3894 me

156 3935 322 3990 scire
347 3933 575 4006 aliquid
604 3933 756 3987 inter
769 3947 896 3998 vos,
916 3931 1030 3986 nisi
1049 3934 1253 3986 Jesum
1271 3930 1567 3985 Christum
1598 3934 1655 3983 et
1672 3927 1835 3982 hunc

158 4023 531 4080 cruciﬁxum
555 4022 615 4091 (Ι
638 4021 775 4076 Cor.
809 4035 869 4089 ιι,
893 4021 943 4089 2)
981 4039 995 4085 ;
1027 4039 1058 4069 »
1088 4025 1145 4075 et
1165 4035 1406 4075 rursum
1427 4017 1694 4090 pluviam
1712 4032 1836 4070 ma-

159 4113 339 4170 navit
371 4111 579 4167 dicens
613 4128 625 4166 :
660 4130 690 4158 «
719 4112 797 4166 0s
829 4114 1101 4165 nostrum
1126 4112 1287 4181 patet
1305 4109 1384 4164 ad
1415 4124 1539 4174 vos,
1572 4121 1608 4162 ο
1639 4105 1838 4162 Corin-

160 4201 296 4265 thii,
325 4215 431 4255 cor
459 4203 739 4254 uestrum
767 4197 1082 4254 dilatatam
1128 4201 1215 4253 est
1259 4198 1354 4268 (ΙΙ
1379 4197 1508 4253 Cor.
1542 4212 1620 4265 v1,
1670 4196 1776 4265 Η).
1807 4217 1834 4242 ››

163 4291 328 4346 Hinc
357 4292 584 4360 Moyses
609 4287 734 4343 ait:
768 4309 797 4337 α
837 4290 1220 4360 Exspectetur
1269 4286 1421 4341 sicut
1470 4284 1676 4357 pluvia
1716 4283 1838 4338 elo-

159 4379 389 4452 quium
419 4393 645 4445 meum,
676 4382 735 4433 et
760 4376 1134 4433 descendant
1163 4375 1315 4432 sicut
1341 4391 1440 4431 ros
1466 4373 1647 4430 verba
1702 4389 1841 4430 mea

161 4472 374 4540 (Deut.
400 4483 578 4529 χχιιι,
611 4473 725 4536 2).»
759 4468 1073 4540 Sequitur:

249 4559 418 4612 Vens.
448 4560 538 4612 29.
569 4556 659 4612 De
688 4571 861 4625 cujus
888 4562 1055 4612 utero
1087 4569 1321 4625 egressa
1350 4558 1436 4610 est
1459 4555 1680 4623 glacies
1712 4552 1740 4607 ‘I
1786 4557 1838 4608 et

168 4648 319 4718 gelu
351 4645 426 4700 de
451 4645 600 4700 caelo
631 4646 760 4718 quis
779 4645 985 4716 genuit
1014 4649 1044 4700 ?
1085 4675 1158 4684 --
1188 4643 1340 4706 Quid
1370 4643 1532 4698 enim
1572 4640 1737 4698 aliud
1778 4641 1839 4696 in

166 4735 319 4806 gelu
367 4733 456 4789 vel
505 4733 714 4805 glacie,
767 4735 883 4790 nisi
933 4734 1148 4805 frigida
1193 4737 1251 4788 et
1297 4731 1563 4806 perﬁdiae
1603 4735 1840 4803 torpore

164 4824 500 4880 constricta
525 4824 854 4896 accipimus
885 4823 1069 4880 corda
1095 4823 1446 4878 Iudaeorum
1471 4823 1498 4876 ‘I
1520 4823 1630 4886 Qui
1651 4835 1840 4893 quon-

166 4913 327 4970 dam
356 4927 464 4985 per
483 4913 893 4984 acceptionem
942 4913 1112 4984 legis,
1159 4927 1266 4985 per
1316 4912 1622 4984 mysteria,
1662 4909 1840 4966 sacri-

163 5002 318 5057 ﬁcia
349 5019 363 5069 ;
399 5001 493 5056 vel
521 5003 851 5074 prophetiae
883 5002 964 5057 sic
991 5002 1150 5058 intra
1175 5003 1377 5057 sinum
1409 5000 1612 5070 gratim
1663 4997 1841 5071 quasi

167 5091 337 5147 intra
364 5095 601 5146 uterum
630 5091 918 5148 Creatoris
938 5092 1320 5148 habebantur
1346 5093 1375 5146 ‘I
1412 5090 1527 5146 Sed
1549 5090 1696 5162 quia
1742 5105 1840 5144 ve-

167 5179 381 5234 niente
408 5180 661 5235 Domino
685 5181 990 5236 constricti
1032 5179 1256 5250 frigora
1305 5178 1595 5252 perﬁdiae,
1652 5178 1842 5234 fervo-

168 5281 310 5323 rem
331 5266 471 5322 ﬁdei
497 5273 556 5323 et
575 5269 879 5325 charitatis
910 5269 1242 5325 amiserunt
1269 5284 1307 5325 a
1358 5272 1583 5324 secreto
1636 5266 1840 5336 gratiae

171 5355 321 5410 sinu
371 5357 644 5428 projecti,
695 5357 872 5429 quasi
923 5357 1142 5426 glacies
1188 5359 1264 5414 de
1319 5362 1489 5414 utero
1549 5354 1841 5412 Creatoris

172 5447 407 5514 egressi
423 5451 579 5502 sunt.
603 5450 708 5503 Per
735 5447 956 5502 caelum
985 5452 1188 5503 autem
1219 5448 1336 5504 vita
1377 5445 1652 5503 sublimis
1709 5461 1843 5501 san-

173 5540 417 5591 ctorum
466 5536 830 5608 intelligitur,
880 5536 976 5592 cui
1033 5537 1183 5593 coelo
1221 5536 1483 5593 dicitur:
1537 5535 1838 5592 «Attende

1939 3066 1967 3096 ι(
2000 3044 2206 3101 Nescio
2231 3060 2339 3099 vos
2371 3044 2531 3100 unde
2559 3043 2702 3110 sitis,
2727 3043 3010 3098 discedite
3031 3058 3068 3099 a
3089 3058 3207 3109 me,
3225 3056 3438 3097 omnes
3453 3053 3598 3110 ope-

1938 3134 2078 3190 rarii
2101 3133 2429 3205 iniquitatis
2457 3133 2623 3204 (Luc.
2655 3149 2786 3203 xm,
2819 3134 2969 3203 27).»
3001 3131 3230 3188 Caelum
3256 3130 3461 3202 utique
3507 3143 3600 3184 sa-

1941 3239 2112 3279 crum
2134 3221 2447 3293 eloquium
2464 3221 2828 3291 intelligitur,
2854 3219 3024 3292 quod
3044 3219 3204 3275 diem
3231 3218 3406 3274 nobis
3436 3215 3600 3273 intel-

1940 3310 2197 3382 ligentiaa
2229 3310 2502 3382 aperiens
2532 3309 2665 3366 Sole
2693 3326 2808 3366 nos
2831 3308 3072 3381 justiﬁes
3109 3308 3382 3364 illustrat.
3425 3304 3601 3372 Quod

1941 3401 2090 3457 dum
2115 3415 2228 3455 nos
2247 3397 2379 3454 vitae
2407 3398 2716 3471 praesentis
2746 3413 2868 3454 nox
2896 3397 3178 3467 continet,
3213 3395 3396 3452 stellis
3424 3392 3600 3450 nobis

1941 3487 2373 3544 mandatorum
2403 3485 2606 3557 fulget.
2643 3485 2757 3542 Sed
2795 3485 2942 3558 quia
2998 3504 3029 3540 ‹
3060 3487 3296 3556 oportet
3342 3483 3600 3538 haereses

1941 3595 2092 3648 esse,
2149 3582 2214 3634 ut
2262 3575 2503 3650 probati
2553 3575 2860 3632 manifesti
2913 3575 3064 3631 ﬁant
3105 3576 3164 3646 (Ι
3179 3575 3318 3632 Cor.
3342 3590 3419 3640 ιιι,
3456 3575 3538 3641 9),
3569 3591 3598 3621 »

1943 3672 2153 3726 sancta
2182 3668 2484 3740 Scriptura
2502 3682 2605 3722 eos
2635 3667 2742 3738 qui
2773 3682 2838 3722 se
2868 3664 3176 3739 superbire
3197 3665 3508 3738 appetunt,
3520 3664 3604 3718 at-

1941 3774 2060 3830 que
2091 3756 2411 3812 exteriores
2439 3755 2674 3812 favores
2711 3770 2818 3826 per
2846 3754 3011 3810 illam
3057 3757 3412 3825 sequuntur,
3457 3767 3496 3806 a
3539 3765 3603 3805 se

1943 3847 2192 3917 frigidos
2223 3845 2453 3912 emittit,
2483 3844 2586 3916 qui
2631 3844 2780 3898 dum
2815 3859 2852 3898 a
2900 3857 3164 3915 superna
3217 3839 3607 3910 intelligentia

1943 3934 2374 4006 respondentes
2430 3932 2682 4003 eloquiis
2710 3936 2767 3988 et
2793 3930 3093 3996 obdurati,
3141 3929 3260 4000 ipsi
3313 3928 3608 3984 seducunt

1945 4029 2206 4088 caeteros,
2240 4025 2526 4076 corruunt
2556 4021 2633 4075 ad
2658 4020 2783 4075 ima
2827 4019 3152 4085 venientes,
3177 4022 3234 4074 et
3271 4017 3408 4087 gelu
3442 4019 3601 4084 sunt,

1946 4115 2005 4168 et
2024 4110 2173 4166 alios
2199 4109 2556 4178 astringunt,
2588 4107 2963 4179 duratusque
2989 4106 3051 4162 in
3080 4106 3204 4162 ima
3231 4104 3472 4169 corruit,
3501 4103 3608 4175 qui

1946 4200 2025 4256 ad
2051 4198 2454 4270 cognitionem
2483 4197 2586 4253 Dei
2615 4197 2781 4270 prius
2803 4195 3123 4253 tractabilis
3178 4195 3240 4250 in
3270 4193 3523 4250 summis
3549 4196 3609 4249 et

1946 4289 2212 4362 liquidus
2243 4287 2458 4344 stabat.
2485 4287 2774 4344 Dominus
2807 4291 3009 4343 tamen
3038 4286 3154 4341 hoc
3183 4284 3321 4355 gelu
3365 4283 3607 4353 gignere

1947 4378 2314 4452 perhibetur,
2365 4392 2489 4432 non
2533 4391 2657 4448 quo
2704 4390 3036 4448 pravorum
3090 4377 3322 4428 mentes
3359 4371 3486 4444 ipse
3528 4368 3608 4425 ad

1948 4466 2194 4538 culpam
2212 4465 2448 4531 formet,
2479 4464 2584 4521 sed
2607 4479 2731 4536 quo
2760 4479 2798 4519 a
2825 4462 3005 4534 culpa
3033 4477 3156 4518 non
3182 4461 3414 4517 liberat.
3449 4458 3610 4516 Sicut

1949 4555 2237 4626 scriptum
2255 4557 2345 4608 est
2369 4570 2381 4608 :
2403 4575 2431 4602 «
2457 4556 2579 4623 Ego
2592 4551 2910 4608 obdurabo
2926 4566 3028 4606 cor
3039 4548 3369 4606 Pharaonis
3387 4547 3605 4613 (Exod.

1946 4659 2026 4715 1v,
2053 4643 2206 4710 21).»
2227 4645 2426 4698 Potest
2451 4645 2509 4697 et
2532 4641 2595 4696 in
2623 4641 2851 4696 bonam
2878 4643 3112 4710 partem
3155 4637 3333 4693 nobis
3365 4637 3496 4706 ejus
3522 4635 3610 4690 in-

1950 4730 2270 4800 telligentia
2292 4730 2420 4785 sine
2446 4727 2760 4785 obstaculo
2791 4725 3155 4782 difﬁcultatis
3183 4723 3450 4794 intelligi.
3473 4725 3608 4779 Tar-

1949 4837 2018 4878 ra
2038 4821 2199 4876 enim
2225 4819 2274 4874 si
2303 4823 2439 4890 post
2462 4819 2754 4889 jactatum
2801 4831 3007 4872 semen
3059 4812 3439 4886 compluitur,
3486 4810 3611 4868 irri-

1950 4915 2126 4981 gatur
2152 4927 2164 4964 :
2199 4923 2388 4981 quam
2413 4907 2464 4962 si
2491 4906 2926 4962 immoderatus
2942 4907 3053 4977 (63)
3081 4903 3314 4974 accipit,
3355 4903 3608 4975 pingue-

1948 5002 2154 5056 dinem
2173 4999 2457 5055 frumenti
2483 4997 2885 5069 virtutemque
2915 5000 3106 5052 mutat
3134 5011 3149 5052 :
3194 4993 3300 5050 sed
3319 4993 3369 5049 si
3407 4991 3610 5065 pluvia

1951 5091 2091 5161 gelu
2114 5089 2424 5162 premitur,
2446 5103 2570 5160 quo
2595 5092 2828 5144 vetetur
2855 5103 3062 5143 semen
3089 5084 3371 5160 progredi
3417 5082 3603 5147 foras,

1947 5177 2183 5246 cogitur
2207 5177 2366 5233 intus
2393 5176 2652 5232 radicari
2695 5192 2768 5232 ao
2815 5174 3217 5248 multiplicari.
3262 5171 3416 5233 Quid
3464 5182 3607 5235 ergo

1948 5271 2060 5334 est,
2094 5266 2384 5322 Dominus
2403 5265 2570 5339 prius
2598 5265 2850 5338 quidem
2879 5270 3111 5338 patrem
3130 5279 3193 5318 se
3223 5259 3442 5334 pluviis
3467 5254 3608 5310 insi-

1951 5362 2119 5428 nuat,
2149 5356 2544 5430 postmodum
2573 5371 2716 5412 vero
2735 5357 2812 5413 de
2863 5370 2976 5411 suo
3019 5359 3188 5409 utero
3231 5345 3433 5418 egredi
3484 5345 3608 5417 gla-

1951 5447 2105 5504 ciem
2132 5450 2360 5516 narrat,
2390 5459 2575 5519 seque
2605 5446 2743 5516 gelu
2771 5446 3013 5516 gignere
3037 5443 3114 5495 de
3139 5437 3288 5493 coelo
3339 5450 3605 5509 pronun-

1953 5537 2078 5605 tiat,
2105 5535 2218 5592 nisi
2249 5535 2417 5607 quod
2431 5534 2584 5590 miro
2612 5533 2796 5589 modo
2851 5527 3138 5586 Dominus
3187 5524 3444 5599 pectoris
3497 5528 3607 5580 ter-

255 5623 371 5696 (63)
392 5624 589 5683 Oratio
618 5624 888 5684 fortassis
911 5625 1333 5696 congruentior
1363 5643 1377 5681 :
1407 5640 1543 5704 qua
1567 5627 1621 5682 si
1649 5625 2116 5686 immoderatius.
