4130 6146
510 147 626 205 447
1429 183 1444 196 .
1571 137 1635 206 's.
1677 151 1934 208 ODONIS
1974 148 2141 204 ABR!

2316 139 2807 197 CLUNIACENSIS
2846 139 2894 194 Il
3836 131 3947 185 448

513 289 645 328 ram
694 271 771 328 ad
829 272 1211 345 suscipienda
1269 273 1434 330 verbi
1478 275 1732 342 semina,
1755 278 1812 330 et
1849 273 2014 346 prius
2065 284 2171 343 per
2202 272 2248 324 A
2283 281 2390 320 nes
2421 263 2512 318 sui
2568 255 2982 334 Redemptoris
3036 258 3320 314 imitatur.
3355 255 3426 310 In
3485 253 3948 310 similitudinem

515 360 810 416 occultam
837 343 1092 432 gratiam
1121 364 1602 436 compunctionis
1659 343 1929 436 pluviam
1979 359 2174 415 infun-
2283 353 2510 427 quippe
2553 352 2710 421 lapis
2737 349 3146 416 induraverat,
3169 346 3277 436 qui
3323 343 3562 436 dicebat
3593 360 3606 398 :
3661 365 3690 392 «
3719 343 3952 416 lmpleo

515 447 620 511 dit,
649 453 704 504 et
738 451 1128 522 postmodum
1171 433 1364 507 ne—in
1393 433 1698 526 conceptis
1727 449 2040 508 virtutibus
2068 447 2177 503 im-
2282 458 2355 498 ea
2381 455 2518 512 quae
2549 439 2768 495 desunt
2793 437 3148 526 passionum
3203 433 3414 492 Christi
3465 447 3528 488 1n
3583 446 3778 526 carne-
3811 446 3953 486 mea

515 520 884 594 moderatius
914 539 1175 611 proﬂuat
1205 539 1520 613 disciplina
1533 520 1755 596 intimae
1778 536 2175 612 dispensatio-
2282 531 2433 602 (Col.
2467 545 2507 596 1,
2531 528 2680 600 24).»
2722 527 2999 600 Sequitur
3031 541 3043 579 :
3075 525 3152 580 Et
3177 522 3520 613 superﬁcies
3573 520 3778 613 abyssi
3807 535 3950 613 con-

513 626 608 682 nis
629 628 892 699 premit?
916 609 990 684 Ut
1019 645 1210 701 quum
1250 609 1544 702 perceptae
1569 630 1768 700 gratiae
1791 609 1998 701 pluvia
2054 624 2179 682 irri—
2284 619 2595 690 tringitur.
2625 649 2693 657 —
2724 617 2874 683 Quia
2907 630 3086 688 super
3111 618 3263 670 tecto
3291 611 3564 702 quodam
3595 609 3952 702 ignorantiae

517 697 649 786 gat,
671 716 849 772 etiam
879 697 1204 791 disciplinae
1233 697 1393 790 rigor
1419 697 1732 788 astringat,
1764 697 1839 774 ne
1866 716 1917 772 si
1947 719 2050 772 aut
2075 729 2178 772 an-
2283 711 2491 764 vestrm
2523 705 2836 772 velamine,
2869 700 3554 772 incomprehensibilitas
3579 699 3768 755 divini
3787 699 3818 770 ej
3830 697 3954 754 udi-

517 807 761 876 tequam
791 805 970 862 debet
998 812 1100 864 aut
1128 807 1454 880 plusquam
1475 824 1720 864 necesse
1751 811 1840 864 est
1857 809 2178 877 conceptas
2285 799 2356 854 cii
2385 797 2672 852 humanae
2701 794 2920 852 mentis
2951 793 3127 850 oculo
3175 791 3522 848 nullatenus
3575 793 3948 862 penetratur.

517 891 761 948 virtutes
791 894 1069 966 proferat,
1107 876 1306 967 fruges
1329 896 1390 952 in
1430 897 1682 952 herbam
1711 899 1919 952 vertat.
1973 876 2180 948 Videa-
2287 886 2582 958 Scriptum
2613 885 2838 956 quippe
2869 887 2958 940 est
3009 901 3022 938 :
3055 903 3082 932 ‹‹
3114 880 3346 937 Judicia
3375 883 3480 935 tua
3507 877 3770 950 abyssus
3793 876 3954 932 mul-

518 995 674 1048 mus,
753 981 994 1053 Paulus,
1049 983 1248 1040 infusa
1293 985 1566 1040 videlicet
1621 989 1794 1050 terra,
1847 982 1996 1056 quid
2051 981 2173 1037 ait:
2285 974 2554 1044 ta(Psal.
2585 973 2906 1042 xxxv,7).»
2934 970 3146 1026 Aliter:
3175 969 3348 1025 Aliud
3383 967 3634 1041 quidem
3689 969 3952 1056 Satanae,

523 1091 552 1118 «
583 1068 743 1124 Velle
776 1071 1012 1141 adjacet
1041 1072 1210 1145 mihi,
1246 1073 1532 1146 perﬁcere
1563 1079 1765 1130 autem
1795 1053 2028 1129 130—31111]
2052 1085 2176 1126 non
2285 1063 2642 1120 intrinsecus
2679 1061 2840 1130 latet,
2869 1065 3048 1133 atque
3079 1058 3241 1115 aliud
3273 1057 3635 1114 intrinsecus
3667 1053 3952 1112 ostendit.

521 1157 760 1214 invenio
793 1159 976 1230 (Rom.
1009 1177 1105 1228 vii,
1133 1143 1278 1232 Π).ἶ›
1303 1165 1369 1218 Ει
1394 1178 1673 1218 rursum:
1708 1181 1739 1216 ‹
1773 1165 1843 1218 Ut
1865 1177 1988 1216 non
2041 1175 2176 1232 quae
2290 1176 2316 1202 «
2347 1151 2755 1222 Transﬁgurat
2805 1149 2967 1206 enim
3025 1164 3090 1204 se
3143 1147 3304 1204 velut
3349 1145 3638 1216 angelum
3659 1143 3818 1200 lucis
3873 1143 3963 1214 (ΙΙ

519 1245 694 1300 vultis
717 1245 816 1302 illa
847 1241 1076 1304 faciatis
1135 1249 1288 1322 (Gal.
1321 1267 1381 1322 v,
1437 1252 1600 1322 18).»
1647 1253 1844 1307 Potest
1887 1249 2066 1304 etiam
2117 1247 2177 1304 in
2289 1243 2427 1299 C'or.
2461 1258 2538 1308 χι,
2577 1240 2683 1312 14),
2719 1263 2746 1290 ››
2769 1239 2912 1312 quia
2931 1237 3078 1294 dum
3117 1237 3292 1310 quasi
3325 1235 3492 1292 bona
3541 1232 3962 1322 persuasionis

521 1334 656 1403 gelu
677 1334 771 1389 vel
803 1336 988 1405 glacie
1009 1341 1316 1409 praesentis
1349 1321 1480 1395 vitae
1505 1321 1836 1394 adversitas
1855 1335 2176 1406 designari,
2289 1332 2418 1402 ejus
2439 1329 2690 1402 species,
2727 1328 2884 1384 velut
2913 1327 3105 1383 solida
3133 1327 3394 1398 desuper
3424 1323 3644 1394 glacies
3695 1321 3967 1378 ostendi-

519 1437 652 1493 quae
678 1422 825 1478 dum
857 1424 969 1479 sub
1001 1425 1320 1498 asperitate
1375 1443 1486 1482 sua
1533 1431 1772 1482 sanctos
1818 1423 2178 1498 comprimit,
2289 1425 2404 1490 tur,
2435 1420 2498 1474 in
2515 1417 2888 1492 p:ofundum
2913 1417 3105 1472 latens
3137 1416 3270 1486 ejus
3295 1413 3526 1470 malitia
3553 1428 3678 1469 non
3697 1409 3960 1468 videtur.

521 1508 876 1565 valentiores
901 1512 1112 1567 reddit.
1143 1514 1282 1570 Miro
1309 1515 1534 1587 quippe
1591 1514 1840 1570 consilio
1893 1513 2179 1569 Dominus
2289 1512 2642 1565 MORALITER.
2675 1507 3032 1576 Superﬁcies
3058 1505 3262 1576 abyssi
3302 1503 3765 1572 constringitur,
3813 1499 3964 1572 quia

521 1595 738 1652 electos
759 1613 1004 1671 quoque
1025 1601 1086 1656 in
1113 1603 1224 1658 hac
1243 1603 1361 1658 vita
1399 1607 1688 1675 tanquam
1718 1604 1778 1658 in
1837 1602 2032 1658 hieme
2077 1599 2180 1654 ad-
2219 1619 2260 1672 Β
2291 1597 2718 1670 superductam
2751 1595 3077 1651 sanctitatis
3129 1592 3392 1666 speciem
3429 1591 3598 1648 ﬂuxa
3651 1605 3726 1646 ac
3771 1589 3964 1646 insta-

521 1699 695 1740 versa
725 1691 1044 1744 ventorum
1075 1695 1133 1746 et
1185 1690 1408 1760 frigora
1463 1691 1710 1747 tolerare
1761 1689 2066 1764 permittit,
2117 1691 2182 1742 ut
2287 1686 2425 1742 bilis
2465 1701 2675 1741 eorum
2705 1684 3070 1740 conscientia
3115 1683 3467 1739 hominibus
3521 1680 3755 1751 tegitur.
3811 1683 3966 1736 Nam

523 1769 681 1827 velut
701 1772 760 1828 in
793 1776 992 1831 aestiva
1014 1778 1324 1834 serenitate
1351 1780 1742 1851 postmodum
1761 1781 2006 1848 fructus,
2024 1791 2179 1848 quos
2290 1791 2428 1830 cum
2461 1773 2849 1846 sib‘metipsis
2871 1777 3073 1845 turpes
3097 1772 3214 1828 sint
3234 1770 3612 1836 intrinsecus,
3645 1773 3786 1824 ante
3817 1767 3966 1823 alie-

521 1859 618 1915 hic
649 1871 1072 1935 conceperunt,
1105 1867 1538 1923 demonstrent.
1581 1867 1752 1923 Unde
1781 1866 1986 1940 sponsi
2033 1879 2180 1920 voce
2288 1879 2400 1918 nos
2429 1868 2631 1918 tamen
2663 1860 2872 1917 oculos
2891 1860 3162 1933 quadam
3191 1857 3428 1914 vivendi
3465 1859 3782 1913 venustate
3829 1871 3966 1910 ves-

523 1949 845 2023 unicuique
877 1953 1090 2008 animae
1115 1955 1333 2011 dicitur
1361 1975 1372 2012 :
1408 1977 1432 2008 α
1458 1957 1661 2026 Surge,
1687 1971 1964 2028 propera,
1985 1953 2182 2008 amica
2289 1951 2532 2006 tiuntur.
2565 1950 2743 2006 Aliter
2776 1967 2788 2004 :
2816 1950 2966 2015 Quia
2997 1963 3184 2022 prava
3215 1946 3495 2016 cogitatio
3521 1945 3630 2002 etsi
3653 1959 3850 2016 usque
3883 1941 3968 1998 ad

521 2053 678 2105 mea,
713 2038 975 2097 formosa
1003 2059 1161 2111 mea,
1211 2050 1268 2100 et
1317 2045 1454 2101 veni
1483 2063 1496 2112 ;
1552 2045 1682 2116 jam
1735 2045 1896 2100 enim
1953 2041 2184 2099 transiit
2289 2040 2735 2110 suggestionem
2763 2040 2947 2103 venit,
2981 2053 3172 2111 usque
3189 2036 3268 2092 ad
3295 2051 3662 2092 consensum
3685 2049 3810 2089 non
3829 2047 3968 2106 pro-

521 2125 736 2198 hiems,
769 2129 960 2186 imber
1012 2132 1156 2188 abiit
1183 2139 1241 2190 et
1292 2136 1532 2190 recessit
1562 2135 1763 2204 (Cant.
1797 2151 1857 2204 Il,
1893 2137 1979 2201 lO,
2015 2137 2177 2198 11).»
2292 2129 2428 2196 silit,
2479 2129 2624 2202 quia
2679 2128 3036 2186 ﬂuctuantes
3093 2131 3292 2182 motus
3343 2125 3526 2181 animi
3559 2122 3968 2196 superductus

524 2215 836 2287 δθίΙηίίΠΓε
2289 2218 2451 2287 rigor
2479 2222 2698 2273 sanctae
2729 2215 3096 2273 liberationis
3125 2215 3362 2288 premit.
3393 2213 3550 2271 Solet
3563 2212 3726 2269 enim
3759 2209 3970 2266 laetitia

594 2305 771 2362 Vens.
795 2311 882 2364 30.
919 2311 1046 2379 Ipsi
1061 2312 1124 2366 in
1149 2313 1602 2369 similitudinem
1626 2313 1846 2382 lapidis
1876 2327 2050 2383 aqua?
2070 2313 2181 2367 du-
2291 2321 2518 2362 arcana
2547 2305 2762 2360 mentis
2789 2305 3039 2378 aperire,
3074 2307 3254 2376 atque
3285 2301 3612 2374 aperiendo
3645 2301 3966 2362 amittere;

523 2401 766 2451 rantur.
799 2429 868 2438 --
907 2403 1108 2471 Aquas
1139 2402 1444 2472 apostolos
1477 2402 1824 2474 accipimus,
1855 2401 2009 2472 lapis
2039 2416 2181 2456 vero
2292 2393 2547 2449 adversa
2575 2409 2718 2449 vero
2745 2409 2884 2449 cum
2915 2409 3026 2448 nos
3069 2391 3326 2448 exterius
3379 2389 3749 2462 deprimunt,
3811 2387 3970 2442 inte-

523 2498 634 2553 pro
653 2483 786 2556 ipsa
829 2485 1049 2543 duritia
1096 2487 1425 2560 aliquando
1475 2490 1722 2560 gentiles
1772 2489 1981 2563 populi
2033 2488 2182 2544 desi-
2290 2482 2413 2538 rius
2443 2482 3030 2538 cautioresreddunt.
3059 2485 3196 2537 Post
3215 2480 3352 2550 gelu
3369 2476 3678 2551 itaquevel
3705 2475 3974 2546 glaciem

525 2575 805 2637 gnantur.
835 2572 951 2644 lpsi
981 2576 1206 2648 quippe
1234 2576 1467 2648 lapides
1498 2578 1828 2648 coluerunt,
1865 2582 1923 2634 et
1968 2577 2043 2633 de
2099 2577 2183 2632 eis
2290 2571 2630 2639 superﬁcies
2661 2570 2864 2640 abyssi
2893 2569 3350 2639 constringitur,
3381 2565 3525 2639 quia
3555 2580 3728 2620 mens
3755 2567 3974 2619 nostra

523 2657 754 2716 dictum
809 2667 937 2718 est:
1000 2685 1026 2712 ‹‹
1063 2664 1292 2722 Similes
1344 2667 1456 2722 illis
1509 2667 1660 2724 ﬁant
1712 2669 1815 2740 qui
1861 2667 2085 2723 iaciunt
2113 2682 2184 2722 ea
2292 2657 2372 2714 ad
2416 2657 2835 2714 conservanda
2891 2656 3194 2729 profunda
3242 2655 3405 2712 dona
3455 2669 3592 2726 quae
3640 2652 3970 2725 acceperit,

525 2747 714 2816 (Psal.
747 2764 904 2818 cxm,
938 2755 1016 2808 8).
1053 2775 1080 2801 n
1112 2753 1262 2818 Quia
1302 2769 1444 2824 ergo
1491 2755 1756 2828 primum
1807 2755 2018 2811 Judaga
2064 2758 2183 2810 Deo
2291 2745 2438 2819 ipsis
2465 2746 2926 2802 adversitatibus
2957 2745 3240 2800 munitur.
3277 2744 3440 2800 Hanc
3471 2742 3772 2814 abyssum
3803 2745 3974 2808 tege-

527 2836 794 2909 credidit,
838 2839 1158 2908 gentilitate
1183 2843 1350 2898 omni
1379 2844 1438 2899 in
1465 2845 1731 2918 perﬁdiae
1760 2861 1884 2900 sua:
1913 2844 2182 2900 obstina—
2294 2833 2398 2890 bat
2421 2834 2604 2890 Isaias
2625 2834 2868 2890 dicens:
2927 2856 2954 2882 ι(
2991 2835 3292 2890 secretum
3351 2847 3556 2887 meum
3613 2829 3765 2885 mihi
3811 2829 3970 2900 (Ιεαο

525 2925 684 3014 tione
715 2934 1098 2998 remanente;
1133 2917 1528 3003 postmodum
1559 2949 1702 2990 vero
1729 2935 1808 2990 ad
1833 2935 2016 2990 fidem
2039 2949 2182 3002 gen-
2216 2929 2265 3014 C‘
2294 2939 2463 3014 ΠΨ(
2487 2924 2594 2994 16).
2632 2945 2658 2973 »ι
2691 2925 2757 2978 Εἰ
2813 2922 3028 2979 Paulus
3058 2939 3070 2990 ;
3127 2942 3166 3014 «_
3187 2923 3371 3014 l’arco
3433 2924 3767 3014 ngenium
3813 2917 3974 3014 filiis

527 3012 718 3070 tilium
747 3017 933 3074 corda
959 3019 1183 3076 mollita
1213 3025 1369 3088 sunt,
1403 3029 1458 3078 et
1477 3023 1825 3079 Judeeorum
1864 3022 2183 3079 inﬁdelitas
2221 3005 2254 3014 ν
2297 3012 2592 3068 existimet
2621 3027 2804 3084 supra
2829 3011 2890 3067 id
2919 3011 3084 3083 quod
3111 3009 3276 3066 videt
3303 3013 3360 3064 et
3385 3007 3554 3064 audit
3599 3005 3838 3078 aliquid
3899 3021 3974 3060 ex

527 3101 845 3174 obdurata,
895 3106 1266 3166 benedicitur
1299 3129 1311 3166 :
1368 3113 1557 3182 Aquae
1597 3115 1658 3167 in
1731 3112 2185 3168 similitudinem
2295 3117 2392 3156 me
2425 3103 2517 3172 (ῙῙ
2535 3101 2672 3157 σον·
2702 3117 2806 3171 XII,
2832 3105 2911 3166 6)-
2947 3122 2976 3149 ι)
3007 3098 3284 3171 δθίίυίίιπ
3313 3114 3326 3152 ε

531 3191 752 3260 lapidis
779 3194 1062 3251 duratur.
1089 3197 1236 3252 Hinc
1265 3198 1486 3254 Paulus
1515 3199 1796 3269 gentibus
1816 3199 1958 3254 dicit
1991 3217 2004 3254 :
2037 3221 2066 3250 ‹‹
2100 3199 2186 3254 Si-
2367 3193 2534 3246 Vsus.
2559 3194 2646 3245 3t.
2679 3189 2970 3260 Nunquid
2995 3190 3361 3258 conjungere
3389 3184 3612 3242 valebis
3667 3183 3976 3238 micantes

529 3284 630 3334 cut
649 3279 980 3353 aliquando
1010 3301 1120 3340 vos
1149 3302 1272 3342 non
1313 3287 1643 3344 credidistis
1681 3289 1820 3356 Deo,
1870 3305 2032 3344 nunc
2087 3305 2160 3344 au

2346 3279 2501 3336 ‘ellas
2523 3279 2828 3344 Pleiadas,
2861 3283 2966 3334 aut
2995 3292 3214 3348 gyrum
3241 3275 3490 3331 Arcturi
3508 3273 3738 3342 poteris
3791 3271 3977 3326 dissi-

529 3370 650 3423 tem
681 3369 1152 3430 misericordiam
1185 3377 1489 3432 consecuti
1516 3377 1676 3444 estis,
1707 3393 1818 3450 pro
1843 3377 2080 3434 illarum
2104 3379 2190 3434 in-
2293 3383 2445 3439 ρανθ
2470 3373 2497 3423 ?
2527 3400 2594 3408 —
2625 3366 2889 3422 Pleiades
2935 3365 3116 3421 stellis
3162 3380 3280 3436 apo
3337 3368 3400 3419 tu
3445 3363 3630 3436 plistu
3683 3361 3814 3431 [ἀπὸ
3877 3363 3974 3412 τσῦ

531 3455 876 3515 credulitate
909 3479 920 3528 ;
952 3461 1034 3518 ita
1059 3467 1117 3518 et
1135 3463 1228 3519 isti
1247 3479 1408 3520 nunc
1425 3481 1547 3520 non
1569 3466 1949 3522 crediderunt
1973 3467 2036 3522 in
2056 3483 2188 3522 ves-
2295 3457 2586 3528 πλείστου],
2615 3455 2676 3511 id
2705 3460 2813 3525 est,
2842 3454 3170 3528 aplurilaie
3201 3457 3424 3510 vocatae
3451 3456 3618 3518 sunt;
3648 3451 3736 3505 ita
3755 3455 3974 3505 autem

532 3549 685 3600 tram
707 3547 1206 3616 misericordiam,
1226 3557 1291 3608 ut
1316 3559 1370 3608 et
1399 3554 1512 3626 ipsi
1541 3555 2016 3612 misericordiam
2045 3570 2188 3610 con-
2297 3545 2508 3602 ViCinﬁe
2525 3545 2638 3601 sibi
2673 3549 2731 3600 et
2752 3544 2960 3600 diViSﬁB
2987 3547 3126 3599 sunt
3153 3542 3432 3609 conditas.
3455 3547 3522 3597 ut
3538 3539 3796 3596 etSiImIl
3823 3539 3974 3606 Sint,

534 3649 882 3705 sequamur.
918 3639 1220 3696 Conclusit
1243 3641 1402 3696 enim
1432 3645 1584 3698 Deus
1613 3643 1818 3700 omnia
1853 3643 1966 3700 sub
2007 3643 2194 3700 incre—
2298 3639 2356 3690 et
2387 3638 2588 3690 tamen
2617 3632 2906 3704 conjungi
2933 3648 3328 3706 nequaquam
3359 3631 3610 3704 possint-
3665 3633 3976 3685 Arcturus

531 3721 800 3794 dulitate,
825 3729 888 3781 ut
917 3729 1190 3785 omnium
1213 3731 1565 3788 misereatur
1595 3735 1778 3802 (Rom,
1820 3749 1900 3802 χι,
1929 3737 2134 3806 30-32),
2161 3757 2189 3784 ι,
2297 3739 2440 3779 vero
2471 3724 2552 3778 ita
2579 3727 2875 3778 nocturna
2903 3727 3179 3793 tempora
3209 3720 3481 3788 illustrat,
3511 3723 3576 3775 ut
3603 3717 3664 3774 in
3681 3717 3824 3773 caeli
3857 3733 3976 3774 axe

535 3810 718 3867 Aliter
744 3830 756 3867 :
790 3815 900 3870 Per
929 3833 1154 3889 aquam
1169 3821 1454 3892 populos,
1475 3823 1854 3895 perlapidem
1877 3839 2018 3879 vero
2037 3825 2192 3894 ejus-
2298 3811 2532 3885 positus
2561 3827 2666 3884 per
2689 3809 2928 3866 diversa
2957 3825 3020 3865 se
3051 3813 3259 3877 vertat,
3292 3823 3406 3864 nec
3447 3813 3646 3863 tamen
3697 3806 3972 3862 occidat.

533 3898 676 3955 dem
705 3901 884 3960 Satan
913 3904 1132 3964 duritia
1169 3907 1538 3980 designatur.
1601 3911 1703 3966 Illo
1758 3911 1937 3981 igitur
1963 3912 2041 3968 ad
2069 3912 2193 3968 ima
2301 3900 2454 3966 Quid
2476 3900 2634 3955 enim
2669 3899 2956 3955 micantes
2985 3897 3424 3970 Pleiades,quae
3453 3901 3510 3952 et
3538 3899 3772 3966 septem
3803 3899 3974 3959 sunt.

533 3989 826 4059 veniente,
883 3994 948 4068 in
987 3996 1436 4055 similitudinem
1465 3999 1682 4073 lapidis
1741 4015 1916 4073 aqua:
1963 4000 2192 4056 duratae
2301 3990 2453 4046 alios
2485 4005 2672 4063 quam
2703 3994 2942 4045 sanctos
2967 4003 3181 4044 omnes
3237 3986 3614 4049 denuntiant,
3659 3985 3772 4056 qui
3815 3983 3976 4040 inter

535 4082 692 4141 sunt,
729 4080 872 4152 quia
901 4083 1030 4153 ejus
1056 4085 1348 4142 malitiam
1386 4087 1596 4144 imitati
1639 4088 1933 4162 homines,
1989 4088 2194 4145 mollia
2301 4080 2608 4152 praesentis
2635 4079 2764 4134 vitae
2799 4077 3097 4149 tenebras,
3129 4077 3340 4150 spiritu
3367 4075 3731 4148 septiformis
3757 4075 3976 4143 gratia:

533 4165 760 4232 viscera
789 4169 1090 4227 charittttis
1106 4173 1456 4230 amiserunt.
1471 4179 2012 4250 MORAL1TER.AQU$
2033 4177 2194 4233 enim
2303 4185 2414 4224 n08
2441 4168 2668 4224 lumine
2698 4167 3000 4222 illustrant
3021 4168 3048 4222 ?
3079 4165 3231 4231 Quia
3253 4164 3332 4222 ab
3357 4163 3490 4236 ipsa
3513 4161 3734 4218 mundi
3791 4162 3980 4232 origi-

535 4267 644 4323 per
669 4253 920 4324 glaciem
943 4257 1004 4312 in
1037 4260 1415 4332 superﬁciem
1436 4263 1779 4331 durescunt,
1803 4264 1906 4319 sed
1927 4263 2116 4320 ﬂuida
2131 4265 2194 4320 in
2232 4313 2270 4332 η
2302 4273 2378 4314 ne
2399 4273 2594 4330 usque
2637 4257 2714 4314 ad
2753 4257 2880 4328 ejus
2939 4255 3261 4311 terminum
3310 4253 3558 4310 diversis
3587 4252 3981 4325 temporibus

535 4313 748 4398 intima
780 4313 2194 4424 remanentirliiper—aquas-nid—ﬂu;a
2231 4313 2272 4367 Β
2305 4313 2384 4403 ad
2413 4313 2900 4420 prophetandum
2931 4343 3276 4413 suntmissi,
3330 4343 3502 4414 juxta
3561 4313 3800 4414 aliquid
3859 4340 3980 4396 sibi

537 4427 792 4498 cipimus
812 4433 996 4489 corda
1021 4435 1420 4507 reproborum
1441 4439 1469 4493 Τ
1492 4440 1634 4504 Qua:
1653 4457 1796 4496 cum
1811 4445 1868 4496 et
1887 4441 2194 4514 proposito
2304 4437 2436 4508 conj
2447 4437 2606 4492 uncti
2632 4439 2854 4503 sunt,et
2875 4435 3047 4506 juxta
3077 4431 3304 4506 aliquid
3332 4446 3456 4487 non
3479 4431 3986 4502 conjuncti.Con-

537 4515 818 4573 virtutem
839 4519 1142 4588 deserunt,
1173 4522 1422 4581 fortasse
1451 4525 1512 4580 in
1541 4525 1716 4582 bonis
1745 4527 2031 4598 operibus
2090 4543 2196 4600 per
2296 4526 2488 4597 juncti
2507 4541 2615 4598 per
2643 4523 3033 4580 intentionem
3087 4522 3323 4588 mentis,
3376 4524 3432 4577 et
3485 4519 3774 4590 disjuncti
3828 4523 3984 4574 sunt

537 4605 906 4679 hypocrisim
936 4612 1280 4685 ostendunt,
1311 4615 1580 4689 dumque
1608 4617 1665 4672 in
1695 4617 1920 4673 intimis
1941 4617 2062 4672 suis
2115 4617 2194 4674 ad
2301 4631 2408 4688 per
2435 4613 2792 4670 divisionem
2823 4627 2945 4667 suae
2969 4610 3272 4681 imaginis,
3312 4624 3499 4682 quam
3531 4608 3786 4664 diversis
3816 4615 3982 4664 tem-

539 4694 678 4752 vitia
705 4697 994 4768 deﬂuunt,
1025 4705 1081 4756 et
1114 4701 1384 4760 fortassis
1423 4705 1750 4762 imitatores
1765 4711 2108 4762 sanctorum
2131 4723 2193 4763 se
2301 4704 2552 4778 poribus
2582 4701 2752 4770 Abel,
2784 4700 2986 4767 Isaias,
3027 4703 3084 4755 et
3121 4702 3378 4755 Joannes
3427 4697 3732 4770 apparuit.
3795 4697 3982 4753 Divisi

539 4780 795 4856 ﬁngunt,
827 4802 1002 4858 (qua
1029 4791 1092 4845 in
1116 4793 1568 4850 similitudinem
1617 4795 1837 4866 lapidis
1865 4796 2189 4854 durantur.
2301 4791 2550 4864 quidem
2579 4790 2820 4845 fuerunt
2849 4793 3136 4859 tempore,
3166 4787 3273 4842 sed
3332 4801 3454 4842 non
3513 4783 3980 4856 praedicatione,

541 4867 722 4923 Aliter
751 4888 764 4924 :
790 4874 939 4937 Quia
963 4875 1140 4933 ﬂuxae
1179 4880 1568 4950 cogitationes
1589 4883 1838 4939 interius
1867 4883 2190 4952 lacescunt,
2301 4881 2446 4952 quia
2466 4885 2522 4936 et
2551 4877 2924 4934 confessione
2945 4877 3109 4931 vocis
3129 4879 3187 4931 et
3211 4875 3498 4930 virtutum
3527 4872 3642 4928 sibi
3667 4872 3984 4928 unanimi-

541 4970 930 5054 ne‘l’laquatn
985 4965 1194 5054 tamen?
1246 4983 1436 5041 usque
1494 4970 1572 5025 ad
1627 4971 1994 5028 consensum
2023 4973 2194 5045 pravi
2304 4973 2418 5025 tate
2437 4969 2796 5040 junguntur.
2828 4971 2894 5021 1n
2921 4969 3169 5022 Arcturo
3199 4967 3422 5030 autem,
3448 4963 3554 5035 qui
3597 4979 3707 5036 per
3747 4975 3984 5034 gyrum

542 5048 742 5116 operis
783 5048 1058 5106 trahunt:
1099 5053 1205 5108 sed
1248 5071 1420 5111 mens
1461 5058 1704 5115 vivendi
1760 5060 2194 5117 consuetudine
2303 5073 2482 5112 suum
2508 5061 2804 5112 nocturna
2831 5054 3026 5128 spatia
3052 5069 3176 5109 non
3205 5067 3488 5109 cassurus
3535 5051 3816 5112 illustrat.
3871 5065 3986 5104 ne-

541 5133 716 5204 quasi
729 5133 842 5190 sub
865 5137 1132 5208 quadam
1163 5141 1380 5200 duritia
1407 5143 1742 5213 abscondit,
1769 5147 2066 5221 quidquid
2101 5149 2195 5204 in-
2301 5161 2614 5218 quaquam
2631 5141 3028 5216 particulatim
3039 5141 3198 5198 edita
3213 5138 3830 5208 vitasanctorum,sed
3847 5142 3988 5194 tota

540 5225 637 5277 tus
668 5237 738 5278 ex
771 5225 1112 5282 temtationis
1133 5228 1410 5300 pulsante
1437 5233 1747 5290 mollescit.
1781 5237 1998 5292 Mentes
2034 5237 2196 5292 enim
2304 5234 2484 5290 simul
2513 5233 2772 5290 Ecclesia
2798 5231 3188 5301 designatur;
3219 5245 3356 5301 quae
3411 5227 3794 5298 fatigationes
3835 5226 3992 5298 qui-

542 5325 698 5406 quie-
707 5327 814 5384 per
835 5328 1143 5406 prospera,
1159 5317 1413 5375 molliter
1461 5319 1678 5378 fuerint
1729 5321 1994 5393 liquidae,
2051 5339 2193 5380 con-
2303 5323 2442 5380 dem
2463 5323 2707 5395 patitur,
2737 5335 2850 5376 nec
2879 5324 3080 5376 tamen
3111 5317 3192 5374 ad
3219 5317 3517 5373 defectum
3547 5320 3856 5388 prostra’a
3887 5314 3990 5368 in-

543 5402 757 5455 strictee
783 5402 1246 5462 adversitatibus
1269 5407 1616 5479 durescunt,
1649 5413 1706 5466 et
1726 5410 1804 5466 ad
1849 5412 2195 5468 similitudi-
2303 5412 2576 5468 clinatur.
2607 5414 2760 5466 Dum
2790 5409 2948 5465 enim
2981 5412 3190 5464 sancta
3219 5405 3482 5462 Ecclesia
3509 5403 3848 5460 innumeris
3887 5403 3993 5458 tri-

543 5500 675 5542 ”em
737 5490 956 5558 lapidis
1013 5511 1177 5568 aqua
1229 5497 1598 5570 perducitur,
1620 5498 1868 5570 quando
1919 5499 2194 5558 inﬁrmus
2303 5500 2714 5558 bulationibus
2730 5498 3014 5570 quatitur,
3035 5496 3348 5568 praesentis
3366 5494 3498 5548 vitae
3519 5491 3742 5548 umbra
3767 5493 3994 5546 termi-

541 5574 798 5651 qUisque
811 5594 920 5654 per
942 5589 1256 5660 acceptam
1279 5585 1540 5663 desuper
1553 5586 1948 5659 tolerantiam,
1970 5591 2198 5662 passio-
2307 5595 2506 5660 natur,
2541 5604 2734 5662 eaque
2767 5591 2960 5644 stante
2997 5600 3120 5647 nox
3145 5583 3418 5664 praeterit,
3451 5580 3596 5660 quia.
3618 5580 3722 5636 illa
3757 5580 3820 5638 in
3857 5595 3992 5638 sua
