4120 6156
175 149 278 202 449

961 147 1281 202 .EPITOME
1319 144 1682 229 MORALlUM
1719 142 1776 198 S.
1818 141 2022 196 GREG.
2064 147 2130 200 ΙΝ
2169 147 2311 204 JOB.
2354 183 2421 191 —-
2462 155 2590 211 LIB.
2638 160 2786 216 XXX.

3494 181 3604 237 450

173 267 596 362 incolumitate
632 267 1017 339 perdurante,
1068 269 1439 325 mortalitatis
1481 269 1662 362 hujus
1717 267 1838 362 vita
1870 265 1921 318 Α
1952 270 2356 362 f-Egredietur
2402 277 2572 348 virga
2602 281 2677 336 de
2725 285 2923 342 radice
2973 292 3153 362 Jesse,
3181 298 3238 350 et
3260 297 3372 354 ﬂos
3410 300 3484 358 de
3505 319 3600 362 ra-

171 359 487 434 pereurrit.
511 357 690 412 Aliter
714 374 725 411 :
750 363 1031 414 Arcturus
1057 359 1116 414 in
1137 366 1366 432 septem
1392 359 1637 431 quidem
1660 357 1838 413 stellis

171 447 453 509 volvitur,
478 445 743 502 etmodo
768 447 1015 519 quidem
1064 453 1180 503 tres
1227 447 1305 503 ad
1346 464 1587 503 summa
1629 447 1835 516 elevat,

169 542 438 610 quatuor
481 535 559 591 ad
610 535 763 602 ima;
811 541 866 591 et
912 542 1171 609 quatuor
1225 537 1497 610 superius
1543 536 1731 604 erigit,
1781 540 1838 591 et

171 631 290 682 tres
327 624 576 680 inferius
611 626 846 697 premit.
888 627 1106 682 Sancta
1135 642 1379 699 quoque
1411 625 1666 681 Ecclesia
1695 641 1835 680 cum

170 715 360 772 modo
385 714 729 770 inﬁdelibus
761 714 1058 771 Trinitatis
1093 715 1385 783 notitiam,
1413 715 1597 770 modo
1633 720 1834 770 autem

168 803 454 859 ﬁdelibus
507 802 746 858 virtutes
801 809 1081 875 quatuor,
1152 803 1214 859 id
1274 809 1361 859 est
1429 803 1830 876 prudentiam,

169 892 606 958 fortitudinem,
645 891 958 962 justitiam,
1003 893 1482 965 temperantiam,
1526 891 1811 964 praedicat

170 981 347 1055 quasi
377 986 568 1037 rotata
593 981 1032 1052 praedicationis
1053 987 1240 1038 status
1269 982 1359 1037 sui
1392 982 1650 1055 speciem
1681 997 1831 1052 quo-

170 1070 507 1127 dammodo
561 1069 857 1125 immutat.
888 1074 1035 1126 Nam
1065 1087 1204 1126 cum
1234 1071 1658 1128 conﬁdentiam
1698 1087 1830 1143 pro-

171 1159 290 1232 prii
319 1157 546 1214 laboris
595 1164 866 1227 evacuat,
899 1165 956 1214 ιι
1001 1159 1184 1215 ﬁdem
1241 1160 1533 1216 Trinitatis
1590 1159 1828 1225 exaltat,

173 1253 293 1303 tres
341 1253 625 1303 Arcturus
683 1247 881 1304 stellas
916 1249 1109 1304 elevat
1152 1253 1208 1304 et
1266 1254 1526 1321 quatuor
1564 1249 1826 1304 inclinat.

170 1337 321 1393 Hinc
367 1336 587 1392 Paulus
617 1336 733 1392 ait:
768 1359 795 1384 ‹‹
829 1337 886 1391 Si
913 1337 1220 1393 Abraham
1252 1354 1324 1393 ex
1353 1337 1634 1410 operibus
1656 1337 1829 1408 justi-

169 1423 388 1480 ﬁcatus
417 1429 526 1493 est,
561 1423 746 1480 habet
793 1423 1068 1495 gloriam,
1104 1425 1210 1480 sed
1255 1441 1376 1482 non
1407 1425 1572 1498 apud
1620 1429 1827 1481 Deum.

170 1512 322 1578 Quid
352 1512 514 1568 enim
547 1512 849 1584 Scriptura
869 1512 1054 1569 dicit?
1085 1513 1340 1570 Credidit
1361 1514 1666 1570 Abraham
1689 1517 1827 1576 Deo,

1947 355 2078 463 dice
2099 360 2228 463 ejus
2267 366 2568 462 ascendet,
2602 376 2658 426 et
2687 375 3018 446 requiescet
3051 397 3231 454 super
3259 401 3395 444 eum
3433 391 3601 463 spiri-

1947 449 2042 544 tus
2101 448 2329 546 timoris
2381 457 2611 546 Domini
2657 460 2795 528 (Isa.
2827 480 2908 529 x1,
2939 471 3010 533 1).
3040 491 3067 517 ››
3118 448 3196 526 De
3227 491 3348 546 quo
3379 448 3599 537 Zacha-

1946 533 2064 628 ri_as
2085 537 2200 628 ait:
2236 562 2263 588 ‹‹
2292 542 2480 615 Super
2507 545 2771 618 lapidem
2801 567 2987 609 unum
3014 533 3428 628 septem'oculi

1949 621 2148 726 (facit.
2177 642 2256 726 ιιι,
2280 630 2392 726 9):»
2416 634 2568 726 Dum
2589 635 2853 693 Pleiades
2877 621 3100 711 jungit.-
3124 649 3354 706 Arcturi
3379 621 3598 726 gyrum

1941 709 2218 800 dissipat,
2253 717 2397 788 quia
2425 719 2573 777 dum
2612 709 3020 799 semetipSum—
3035 730 3258 791 factum
3292 709 3596 800 hoIEihéE

1946 797 2181 894 habere
2223 805 2575 875 conjunctas
2603 814 2794 869 sancti
2825 797 3076 888 Spiritus
3107 827 3486 894 operationes
3509 797 3598 888 ἑὲιῖ

1941 889 2153 956 notuit,
2167 891 2227 946 in
2257 897 2629 956 Testamento
2649 901 2872 960 Veteris
2897 905 3102 965 littera:
3133 889 3403 971 laborem
3427 920 3602 978 solvit

1945 978 2224 1075 iit-ﬁdelis
2253 984 2510 1075 quisque
2524 989 2654 1058 jam
2684 1007 2824 1048 cum
2863 993 3131 1054 libertate
3161 1002 3404 1074 spiritus
3451 1007 3600 1066 illud

1941 1067 2245 1138 intelligat,
2275 1073 2370 1130 cui
2404 1076 2571 1148 prius
2599 1079 2660 1134 in
2713 1080 3032 1142 formidine
3075 1067 3226 1146 inter
3256 1097 3342 1150 tot
3395 1095 3599 1154 discri-

1941 1155 2106 1212 mina
2135 1159 2448 1218 serviebat.
2472 1164 2748 1238 Sequitur
2773 1188 2786 1225 :

2013 1243 2185 1301 Vens.
2219 1252 2307 1303 32.
2346 1251 2638 1323 Nunquid
2661 1259 2946 1326 producis
2997 1266 3337 1335 Luciferum
3365 1273 3427 1327 in
3462 1279 3600 1331 lem-

1935 1346 2084 1400 pore
2109 1340 2260 1426 suo?
2293 1369 2352 1378 —
2387 1343 2553 1397 Pater
2591 1345 2814 1418 quippe
2844 1348 2903 1404 in
2932 1366 3042 1406 suo
3073 1357 3338 1426 tempore
3371 1361 3597 1418 Lucife-

1939 1436 2076 1476 rum
2102 1425 2401 1495 produxit,
2433 1431 2577 1501 quia
2603 1432 2754 1490 sicut
2782 1437 3068 1510 scriptum
3099 1425 3228 1498 esti:
3262 1468 3289 1494 «
3325 1450 3472 1504 Cum
3501 1467 3597 1506 ve-

1941 1511 2093 1566 nerit
2140 1512 2448 1584 plenitudo
2489 1523 2770 1593 temporis
2813 1525 2976 1582 misit
3007 1530 3159 1585 Deus
3182 1533 3390 1591 Filium
3417 1553 3594 1594 suum

169 1606 228 1656 et
254 1605 600 1674 reputatum
631 1607 717 1656 est
746 1600 828 1694 illi
857 1601 934 1656 ad
961 1601 1252 1672 justitiam
1281 1603 1467 1670 (Rom.
1501 1619 1578 1669 ιν,
1607 1605 1666 1694 2,
1690 1604 1764 1672 3).
1804 1626 1829 1651 ››
1861 1613 1902 1667 Β
1942 1597 2165 1694 iactum
2196 1615 2267 1656 ex
2290 1604 2556 1694 muliere,
2585 1608 2810 1666 factum
2831 1613 2945 1668 sub
2971 1614 3200 1685 lege,ut
3220 1637 3322 1676 eos
3349 1625 3453 1694 qui
3481 1627 3596 1682 sub

169 1691 236 1744 Et
275 1705 416 1744 cum
437 1689 707 1746 desolata
730 1689 850 1746 ﬁde
876 1707 1236 1762 praesumere
1257 1692 1553 1765 prohibet,
1569 1692 1673 1748 sed
1694 1707 1832 1764 ope-

164 1779 289 1834 rari
319 1779 550 1835 enixius
581 1796 717 1852 quia
766 1785 1064 1853 praecepta
1114 1786 1253 1837 sunt
1290 1782 1481 1851 jubet,
1516 1798 1638 1838 non
1685 1799 1835 1855 qua-

171 1875 327 1935 tuor,
362 1869 468 1924 sed
505 1875 620 1926 tres
661 1870 928 1943 deponit.
979 1871 1119 1926 Hinc
1166 1871 1426 1928 Iacobus
1464 1871 1577 1928 ait:
1611 1896 1638 1922 «
1672 1873 1832 1929 Sicut

168 1975 394 2031 corpus
440 1958 567 2014 sine
598 1959 808 2032 spiritu
837 1964 1180 2016 emortuum
1209 1965 1318 2030 est,
1341 1961 1422 2016 ita
1442 1966 1499 2017 et
1526 1961 1676 2017 ﬁdes
1701 1963 1829 2018 sine

166 2047 456 2121 operibus
475 2052 714 2103 mortua
744 2052 836 2103 est
861 2049 1017 2117 (Jac.
1050 2065 1109 2117 ιι,
1133 2049 1244 2119 '26).
1274 2072 1300 2098 ››
1322 2055 1603 2106 Arcturus
1625 2050 1826 2122 itaque

167 2137 445 2203 volvitur,
503 2137 646 2208 quia
713 2139 924 2193 saneta
980 2137 1238 2193 Ecclesia
1289 2138 1461 2208 juxta
1485 2139 1827 2195 auditorum

167 2243 419 2282 suorum
473 2231 705 2282 mentes
754 2227 815 2282 in
863 2227 1102 2284 diverso
1156 2227 1338 2284 latere
1385 2228 1827 2300 praedicationis

167 2322 297 2372 arte
326 2320 614 2372 versatur.
643 2316 756 2372 Sed
782 2315 943 2372 hunc
964 2317 1194 2372 Arcturi
1215 2333 1433 2389 gyrum
1459 2318 1826 2390 quandoque

171 2405 468 2460 Dominus
527 2404 798 2477 dissipat,
878 2405 1021 2478 quia
1094 2405 1330 2462 labores
1411 2406 1683 2462 Ecclesiae
1749 2406 1826 2463 ad

167 2495 439 2568 requiem
463 2499 778 2567 permutat.
797 2498 958 2551 Tunc
979 2499 1036 2551 et
1056 2495 1319 2568 pleiades
1340 2495 1572 2569 plenius
1592 2497 1824 2568 junget,

168 2584 316 2657 quia
350 2584 636 2640 nimirum
669 2583 857 2641 sancti
904 2600 1115 2640 omnes
1138 2584 1315 2641 etiam
1346 2585 1590 2641 visionis
1631 2589 1826 2658 specie

170 2672 286 2728 sibi
316 2672 695 2746 copulantur,
725 2672 972 2745 quando
999 2672 1060 2727 in
1089 2674 1207 2728 ﬁne
1246 2673 1455 2729 mundi
1487 2679 1693 2730 sancta
1721 2676 1826 2730 Ec-

89 2814 102 2823 ,
171 2761 354 2817 clesia
384 2761 461 2816 ab
493 2761 586 2815 his
614 2775 768 2832 quos
796 2775 958 2816 nunc
989 2760 1256 2827 sustinet,
1288 2761 1597 2817 laboribus
1653 2763 1828 2818 solvi-

172 2857 288 2906 tur.
324 2853 515 2906 Potest
534 2849 712 2920 igitur
747 2866 855 2922 per
883 2854 1218 2918 Arcturum,
1250 2851 1394 2923 quia
1442 2868 1475 2907 a
1524 2851 1707 2924 plaga
1734 2853 1828 2907 fri-

1941 1684 2070 1756 lege
2101 1696 2271 1746 erant
2299 1692 2613 1751 redimeret
2639 1697 2795 1768 (Gal.
2837 1716 2915 1765 Iv,
2947 1705 3000 1767 4,
3030 1684 3104 1771 5).
3137 1727 3165 1754 ››
3188 1707 3298 1771 Qui
3323 1684 3502 1766 natus
3526 1730 3597 1768 ex

1940 1776 2168 1846 virgine
2193 1779 2352 1837 velut
2386 1783 2610 1839 Lucifer
2638 1785 2699 1840 in
2731 1787 2988 1845 tenebris
3012 1797 3230 1848 nostra:
3270 1797 3459 1853 noctis
3489 1815 3598 1872 ap-

1939 1867 2157 1938 paruit,
2191 1870 2354 1942 quia,
2389 1871 2594 1941 fugata
2621 1874 2986 1934 obscuritate
3025 1883 3271 1952 peccati,
3306 1867 3597 1943 aeternum

1938 1956 2114 2012 nobis
2142 1975 2319 2015 mane
2346 1962 2658 2019 nuntiavit.
2693 1965 3027 2024 Luciferum
3059 1986 3121 2025 se
3143 1970 3420 2042 innotuit,
3454 1976 3598 2048 quia

1938 2044 2204 2103 diluculo
2231 2064 2302 2104 ex
2329 2056 2518 2106 morte
2547 2053 2818 2124 surrexit,
2843 2055 3146 2127 etiulgore
3169 2059 3412 2118 luminis
3443 2044 3598 2121 mor-

1938 2135 2175 2192 talitatis
2220 2143 2437 2194 nostraa
2487 2144 2704 2197 terram
2753 2143 3070 2213 caliginem
3109 2152 3420 2221 expressit.
3449 2153 3596 2210 Hinc

1935 2225 2196 2280 Joannes
2224 2226 2305 2281 ait
2332 2243 2344 2280 :
2373 2247 2400 2279 ‹
2427 2227 2602 2284 Stella
2631 2229 2949 2301 splendida
2977 2239 3036 2289 et
3064 2239 3358 2295 matutina
3383 2242 3594 2311 (Apoc.

1939 2328 2049 2380 χιιι,
2086 2316 2228 2384 16).»
2263 2315 2570 2387 Sequitur:
2594 2319 2672 2372 Et
2696 2334 2998 2388 vesperum
3026 2339 3208 2392 super
3231 2328 3389 2394 ﬁlios
3420 2335 3596 2386 ten'ae

1936 2416 2295 2473 consurgere
2319 2405 2521 2472 facis?
2551 2405 2881 2478 Vesperum
2940 2426 3078 2467 vero
3128 2415 3418 2471 Dominus
3449 2434 3593 2474 con—

1936 2505 2177 2559 surgere
2207 2491 2364 2558 facit,
2397 2492 2541 2564 quia
2565 2492 2906 2550 inﬁdelibus
2934 2498 3280 2557 Iudaeorum
3310 2504 3594 2560 cordibus

1935 2577 2236 2637 dominari
2279 2581 2725 2650 Antichristum,
2767 2599 2978 2640 eorum
3037 2589 3244 2644 merito
3299 2592 3592 2664 exigente,

1935 2668 2237 2740 permittit.
2261 2672 2514 2726 Terrena
2559 2671 2784 2744 quippe
2841 2678 2896 2728 et
2938 2688 3060 2731 non
3107 2677 3371 2734 coelestia
3399 2681 3594 2753 requi-

1934 2762 2154 2824 rentes,
2186 2764 2397 2830 sponte
2418 2758 2521 2813 ﬁlii
2550 2764 2717 2814 terrae
2739 2776 2870 2816 esse
2898 2761 3228 2831 voluerunt,
3262 2772 3320 2822 et
3350 2767 3429 2823 ad
3457 2785 3593 2841 per-

1936 2844 2275 2917 cipiendam
2317 2846 2544 2902 luciferi
2577 2848 2763 2903 nostri
2811 2848 3137 2907 claritatem
3183 2858 3386 2911 caecati
3434 2863 3590 2914 sunt.

170 2939 334 3009 geris
372 2938 651 3003 nascitur,
707 2938 839 3005 lex;
882 2954 989 3011 per
1044 2938 1310 2995 Pleiades
1365 2956 1520 3010 vero,
1560 2957 1695 3013 quae
1748 2940 1826 2997 ab
1855 2963 1902 3019 ο
1939 2932 2084 2989 Hinc
2123 2933 2407 2989 Dominus
2433 2935 2514 2990 ait
2539 2960 2557 2984 ι
2595 2937 2716 3005 Ego
2743 2936 2960 2992 veniin
2981 2939 3225 2996 nomine
3247 2943 3431 2998 Patris
3452 2946 3593 3014 mei.

168 3030 398 3085 oriente
423 3032 693 3099 surgunt.
717 3027 1074 3084 Testamenti
1113 3028 1257 3084 Novi
1283 3029 1472 3099 gratia
1499 3031 1820 3100 designari.

165 3118 358 3184 Quasi
401 3117 562 3173 enim
591 3116 670 3172 ab
720 3115 1013 3189 Aquilone
1057 3115 1152 3171 lex
1205 3122 1465 3188 venerat,
1493 3135 1629 3190 quae
1659 3122 1827 3175 tanta

161 3207 448 3264 subditos
478 3206 791 3276 rigiditatis
844 3205 1161 3278 asperitate
1193 3206 1467 3264 terrebat.
1502 3211 1650 3264 Nam
1679 3208 1827 3264 dum

158 3314 282 3372 pro
313 3296 506 3369 culpis
539 3295 662 3351 suis
691 3295 839 3352 alios
887 3295 1235 3369 praeciperet
1274 3296 1576 3370 lapidibus
1630 3297 1824 3370 obrui,

157 3387 322 3445 alios
385 3385 566 3457 gladii
615 3389 803 3441 morte
863 3384 1160 3452 mulctari,
1221 3385 1400 3458 plaga
1451 3392 1712 3460 torpens,
1772 3392 1829 3444 et

159 3476 334 3533 velut
360 3492 394 3530 a
420 3475 543 3531 sole
573 3474 872 3531 charitatis
891 3474 1088 3532 aliena
1111 3481 1549 3548 praeceptorum
1577 3494 1826 3534 suorum

160 3566 407 3624 semina
438 3565 572 3638 plus
615 3565 929 3638 premebat
965 3581 1037 3621 ex
1062 3565 1277 3637 frigore
1307 3583 1495 3640 quam
1525 3583 1598 3623 ex
1630 3567 1826 3625 calore

158 3654 490 3712 nutriebat.
526 3654 667 3710 Hinc
705 3657 906 3710 Petrus
962 3654 1074 3711 ait:
1108 3675 1138 3708 ‹
1167 3656 1319 3721 Quid
1349 3657 1586 3712 tentatis
1641 3660 1826 3714 Deum

157 3747 481 3818 imponere
526 3744 745 3814 jugum
801 3759 980 3815 super
1031 3744 1321 3800 cervicem
1370 3744 1824 3818 discipulorum,

157 3833 340 3908 quod
391 3848 587 3906 neque
650 3836 848 3904 patres
894 3832 1102 3902 nostri,
1156 3849 1351 3906 neque
1412 3851 1524 3890 nos
1589 3840 1827 3908 portare

156 3921 480 3997 potuimus
510 3922 536 3976 ?
569 3945 596 3970 »
645 3921 800 3991 (Act.
835 3937 926 3986 xv,
964 3922 1070 3991 l0).
1104 3923 1211 3976 Per
1261 3927 1489 3994 septem
1541 3923 1827 3980 nimirum

158 4011 372 4069 stellas
426 4013 873 4066 Testamentum
922 4009 1274 4080 exprimitur
1315 4013 1517 4076 Vetus,
1547 4013 1721 4083 quasi
1767 4013 1828 4068 in

157 4100 557 4158 veneratione
585 4097 734 4166 legis
775 4096 901 4152 dies
947 4097 1260 4169 septimus,
1282 4103 1339 4154 et
1365 4115 1472 4170 per
1495 4099 1828 4157 hebdoma-

156 4191 314 4247 dam
346 4187 644 4255 integram
675 4183 978 4240 constituti
1008 4183 1283 4241 sacriﬁcii
1310 4190 1452 4242 vota
1497 4187 1827 4244 tendeban-

157 4284 284 4336 tur.
317 4275 583 4334 Pleiades
629 4290 790 4345 vero,
821 4291 959 4347 quae
1007 4279 1236 4348 septem
1268 4281 1424 4344 sunt,
1462 4275 1827 4336 Testamenti

155 4366 319 4424 Novi
363 4364 618 4437 gratiam
663 4364 1012 4436 designant;
1074 4380 1180 4437 per
1219 4365 1367 4421 illud
1423 4366 1583 4422 enim
1621 4367 1828 4425 ﬁdeles

157 4472 316 4512 suos
365 4452 728 4526 septiformis
771 4453 1037 4509 muneris
1083 4453 1288 4510 limine
1344 4453 1615 4512 illustrat.
1678 4457 1829 4523 Quia

156 4545 354 4617 igitur
383 4560 445 4599 se
496 4547 779 4599 Arcturus
827 4543 1019 4613 vertit,
1051 4542 1320 4599 Pleiades
1373 4545 1652 4613 ostendit,
1684 4547 1828 4619 quia

160 4650 276 4708 per
303 4648 485 4688 omne
513 4631 678 4704 quod
707 4635 1155 4689 Testamentum
1185 4635 1358 4689 Vetus
1383 4632 1668 4706 loquitur,
1700 4637 1828 4691 Tes-

161 4720 419 4780 tamenti
453 4719 597 4776 Novi
625 4736 809 4793 opera
857 4719 1184 4776 nuntiatur.
1216 4720 1576 4795 Redemptor
1624 4727 1827 4780 autem

162 4815 376 4868 noster
407 4808 468 4864 in
497 4825 675 4865 carne
701 4810 950 4866 veniens
969 4809 1234 4866 Pleiades
1257 4810 1474 4881 junxit,
1506 4811 1650 4883 quia
1681 4828 1825 4885 ope-

159 4898 434 4955 rationes
465 4897 825 4970 septiformis
854 4897 1101 4970 Spiritus
1123 4897 1302 4954 simul
1324 4898 1385 4954 in
1413 4915 1474 4954 se
1506 4903 1563 4956 et
1585 4901 1826 4971 junctas

162 4993 226 5045 et
269 4991 584 5044 manentes
621 4985 851 5054 habuit.
878 4987 959 5044 De
1003 5003 1126 5059 quo
1185 5002 1290 5059 per
1319 4987 1533 5045 Isaiam
1574 4988 1820 5047 dicitur:

1857 4314 1903 4370 D

1937 3026 1995 3078 et
2035 3039 2158 3077 non
2188 3023 2490 3095 recepistis
2532 3039 2649 3090 me,
2682 3023 2834 3079 alius
2865 3025 3060 3082 veniet
3092 3027 3151 3082 in
3189 3032 3431 3086 nomine
3459 3048 3593 3097 suo,

1937 3116 1993 3168 et
2021 3111 2188 3167 illum
2220 3111 2520 3184 accipietis
2551 3113 2746 3179 (Joan.
2772 3129 2831 3179 v,
2862 3115 2972 3184 43).
3005 3137 3032 3162 ››
3060 3118 3400 3174 Μοιιλιλτειι.
3435 3119 3595 3176 Elec-

1938 3201 2009 3256 tis
2042 3200 2272 3256 Lucifer
2299 3200 2505 3270 oritur,
2537 3205 2595 3257 et
2642 3216 2964 3273 vesperum
2989 3204 3261 3276 reprobis
3301 3209 3419 3263 Deo
3458 3224 3594 3280 per-

1938 3289 2202 3346 mittente
2222 3289 2586 3346 dominatur.
2624 3291 2782 3346 Unus
2803 3290 2962 3346 enim
2995 3296 3174 3365 atque
3205 3293 3365 3350 idem
3397 3313 3595 3353 sermo
3648 3317 3652 3324 ι

1938 3378 2040 3434 Dei
2067 3383 2158 3434 est
2178 3379 2239 3434 in
2271 3395 2370 3435 ore
2399 3378 2800 3450 praedicantis.
2819 3381 3007 3443 Quem
3028 3379 3176 3436 dum
3207 3381 3301 3438 isti
3332 3385 3598 3454 gauden-

1936 3469 2034 3530 do,
2067 3468 2148 3525 illi
2178 3485 2320 3525 vero
2339 3468 2664 3525 invidendo
2693 3468 2967 3537 audiunt,
2983 3469 3313 3529 claritatem
3344 3475 3456 3530 sibi
3481 3479 3594 3532 Lu-

1937 3559 2097 3615 ciferi
2125 3559 2186 3614 in
2215 3558 2452 3632 Vesperi
2476 3558 2752 3615 tenebras
2777 3563 3029 3616 vertunt.
3048 3562 3195 3617 Hinc
3219 3564 3436 3621 Paulus
3467 3566 3549 3622 ait
3575 3584 3588 3622 :

1938 3669 1967 3703 ‹
1991 3650 2201 3708 Christi
2240 3649 2439 3706 bonus
2471 3649 2621 3705 odor
2647 3665 2858 3705 sumus
2887 3653 3006 3707 Deo
3037 3651 3098 3707 in
3142 3653 3236 3708 his
3286 3653 3391 3726 qui
3421 3655 3597 3712 saluti

1936 3739 2108 3805 ﬁunt,
2127 3739 2267 3796 etin
2297 3739 2390 3794 his
2409 3738 2515 3811 qui
2536 3742 2807 3811 pereunt,
2837 3738 2967 3795 aliis
2993 3741 3240 3812 quidem
3257 3742 3408 3799 odor
3441 3761 3597 3800 mor-

1937 3829 2010 3884 tis
2041 3828 2102 3884 in
2128 3832 2403 3895 mortem,
2445 3827 2574 3883 aliis
2604 3831 2808 3883 autem
2831 3827 2984 3883 odor
3022 3828 3156 3884 vita;
3178 3829 3242 3886 in
3274 3831 3462 3888 vitam
3489 3834 3579 3904 (ΙΙ

1940 3917 2075 3974 Cor.
2105 3934 2166 3983 ιι,
2201 3922 2285 3982 15,
2321 3917 2425 3985 16).
2465 3938 2492 3965 ››
2522 3914 2818 3987 Sequitur.

2009 4005 2185 4061 Vens.
2213 4009 2300 4061 33.
2333 4005 2622 4075 Nunquid
2646 4004 2805 4058 nosti
2837 4004 3103 4060 ordinem
3145 4007 3299 4076 caeli,
3331 4019 3387 4063 et
3414 4025 3596 4077 pones

1939 4095 2230 4150 rationem
2260 4095 2388 4161 ejus
2415 4093 2477 4148 in
2509 4097 2732 4148 terram
2753 4091 2780 4145 ?
2806 4122 2873 4130 -—
2904 4091 3187 4148 Ordinem
3235 4093 3369 4150 caeli
3417 4111 3597 4152 nosse

1939 4187 2046 4253 est,
2078 4197 2477 4254 supernarum
2515 4179 2971 4252 dispositionem
3001 4180 3266 4238 occultas
3297 4184 3598 4255 praedesti-

1937 4273 2212 4330 nationes
2243 4271 2460 4328 videre.
2487 4269 2796 4327 Rationem
2821 4285 2962 4326 vero
2992 4271 3044 4341 ej
3055 4287 3122 4325 us
3149 4270 3212 4327 in
3235 4275 3453 4329 terram
3485 4289 3596 4347 po-

1937 4375 2077 4416 nere
2129 4365 2216 4418 est
2269 4365 2406 4417 ante
2449 4360 2723 4415 humana
2751 4357 2937 4415 corda
2984 4358 3192 4416 talium
3233 4365 3597 4418 secretorum

1939 4466 2158 4507 causas
2191 4449 2440 4523 aperire,
2471 4463 2870 4522 supernorum
2890 4448 3257 4519 judiciorum
3289 4451 3594 4523 mysteria,

1937 4538 2030 4594 vel
2082 4537 2522 4595 considerando
2569 4536 2889 4605 discutere,
2919 4535 3012 4591 vel
3061 4536 3370 4610 loquendo
3399 4539 3597 4595 mani-

1937 4628 2170 4698 festare,
2228 4627 2396 4701 quod
2444 4627 2647 4699 utique
2705 4625 2898 4681 facere
2953 4625 3015 4681 in
3061 4626 3176 4682 hac
3216 4627 3338 4683 vita
3392 4627 3597 4684 nullus

1936 4721 2152 4790 potest.
2181 4717 2323 4783 Quis
2352 4714 2638 4784 intelligat
2661 4729 2768 4769 cur
2790 4713 2936 4770 vivit
2965 4713 3118 4770 alius
3138 4713 3434 4770 insidians
3463 4731 3598 4788 pro-

1936 4803 2136 4871 ximis,
2167 4809 2225 4860 et
2249 4802 2498 4859 moritur
2537 4800 2690 4856 alius
2717 4801 2822 4873 qui
2864 4801 3214 4873 profuimus
3261 4801 3388 4858 vitae
3439 4807 3598 4860 esset

1935 4895 2263 4950 multorum
2279 4895 2307 4948 ‘?
2327 4893 2416 4948 Ad
2445 4891 2898 4961 cognoscendas
2923 4892 3148 4964 quippe
3177 4891 3322 4949 istos
3345 4891 3597 4964 judicio-

1933 5006 2069 5046 rum
2091 4989 2456 5044 secretorum
2485 4983 2655 5038 sinus
2679 4980 2880 5037 nullus
2909 4981 3195 5038 ascendit.

1332 5281 1673 5370 LIBER
1747 5277 2437 5369 TRICESIMUS.

248 5535 414 5588 Vens.
442 5537 509 5589 34
529 5534 823 5605 Nunquid
847 5533 1099 5589 elevabis
1116 5535 1178 5588 in
1195 5534 1414 5590 nebula
1431 5552 1624 5592 vocem
1644 5542 1828 5598 tuam,

1941 5550 2112 5591 suam
2132 5532 2416 5589 Dominus
2438 5532 2500 5587 in
2513 5532 2796 5588 nebulam
2810 5524 3233 5598 levat,quando
3245 5523 3592 5596 praedicato-

165 5626 226 5677 ει
263 5624 511 5692 impetus
540 5637 840 5694 aquarum
867 5622 1091 5691 aperiet
1121 5626 1177 5679 te
1195 5623 1223 5678 ἵ
1254 5655 1320 5663 -
1345 5627 1560 5682 Vocem
1605 5624 1831 5698 quippe
1941 5640 2077 5680 rum
2093 5639 2341 5680 suorum
2356 5621 2594 5692 linguas
2605 5620 2685 5678 ad
2709 5618 3038 5687 caliginosa
3058 5613 3241 5671 corda
3253 5611 3588 5680 inﬁdelium
