4112 6152
524 133 622 188 ὁδί

1555 117 1612 174 S.
1655 117 1914 176 ODONIS
1950 107 2244 173 ΑΒΒΑΤῙΒ
2281 109 2786 170 CLUNIACENSIS
2827 111 2894 167 Il.
2947 147 2950 150 λ

3829 108 3944 162 651

525 251 934 312 exhortatione
975 247 1215 318 format,
1259 257 1518 316 eumque
1575 257 1874 316 aquarum
1921 242 2180 314 impetus
2210 237 2258 291 Α
2289 241 2346 293 et
2369 235 2756 292 conturbabis
2782 251 2854 290 ea
2885 235 3074 304 (Psal.
3105 247 3245 301 xvu,
3271 230 3381 302 15).
3415 247 3446 282 ›
3495 228 3742 284 Vadunt
3779 228 3950 285 enim

527 341 732 416 operit,
759 339 907 394 dum
934 337 1090 393 bene
1135 334 1376 405 agentia
1411 333 1688 389 membra
1717 332 1848 404 ejus
1885 331 2059 388 turba
2087 345 2180 386 re-

525 427 856 486 sistentium
881 424 1115 498 premit.
1149 423 1296 478 Hinc
1321 422 1483 478 enim
1515 421 1806 494 scriptum
1835 425 1956 476 est:
1983 441 2010 470 ‹‹
2037 422 2177 474 Fac-

525 536 558 572 a
594 521 724 574 tum
749 519 845 572 est
879 513 1134 570 verbum
1178 511 1412 568 Domini
1451 510 1531 566 ad
1569 509 1894 566 Jeremiam
1939 509 2175 564 dicens:

524 625 557 662 ς
595 605 688 662 Ad
715 619 930 661 omnes
969 601 1235 658 civitates
1281 600 1460 669 Juda,
1489 599 1563 654 de
1591 597 1816 671 quibus
1843 597 2088 654 veniunt
2117 601 2182 652 ut

527 716 556 746 α
595 693 848 751 adorent
891 691 955 748 in
983 690 1168 746 domo
1201 688 1456 756 Domini,
1497 688 1810 744 universos
1871 701 2179 742 sermones

525 805 556 836 κ
585 799 743 856 quos
761 796 876 851 ego
905 777 1194 836 mandavi
1221 777 1348 845 tibi,
1383 781 1446 833 ut
1492 775 1760 848 loquaris
1786 775 1865 832 ad
1903 791 2025 838 eos,
2057 773 2180 830 noli

527 895 556 926 α
597 871 946 928 subtrahere
964 867 1258 925 verbum:
1293 866 1342 922 si
1373 866 1520 923 forte
1549 865 1818 936 audiant,
1845 869 1902 921 et
1931 879 2180 920 conver-

520 983 559 1034 ,ς
597 964 799 1018 tantur
826 955 1247 1030 unusquisque
1278 971 1314 1011 a
1343 954 1444 1010 via
1477 969 1589 1010 sua
1617 953 1798 1024 mala,
1819 957 1878 1009 et
1899 952 2186 1026 poeniteat

529 1069 562 1106 ‹
597 1065 696 1108 me
721 1047 865 1104 mali
891 1045 1058 1119 quod
1073 1060 1186 1114 ego
1209 1044 1406 1115 cogito
1423 1043 1616 1100 facere
1645 1043 1730 1100 eis
1747 1047 1990 1115 propter
2015 1041 2182 1098 mali-

530 1161 558 1188 ‹‹
597 1138 743 1194 tiam
780 1135 1112 1192 studiorum
1152 1149 1383 1190 eorum.
1416 1132 1488 1188 Et
1541 1132 1704 1188 dices
1755 1131 1832 1187 ad
1861 1147 2004 1187 eos:
2047 1133 2180 1186 Haec

527 1251 556 1278 ‹‹
596 1227 738 1284 dicit
765 1225 1086 1282 Dominus:
1117 1223 1176 1280 Si
1203 1239 1330 1278 non
1357 1221 1662 1278 audieritis
1689 1223 1887 1290 me,ut
1913 1220 2180 1277 ambule-

526 1336 557 1364 ‹‹
597 1315 670 1372 tis
697 1315 760 1370 in
783 1314 912 1386 lege
941 1329 1099 1382 mea,
1120 1327 1306 1386 quam
1323 1311 1464 1368 dedi
1479 1312 1676 1384 vobis,
1699 1315 1766 1368 ut
1786 1310 2042 1366 audiatis
2059 1325 2181 1366 ser-

526 1425 555 1454 ‹‹
595 1419 806 1460 mones
854 1418 1161 1459 servorum
1208 1415 1484 1457 meorum
1533 1401 1986 1473 prophetarum,
2029 1415 2182 1471 quos

527 1515 558 1544 «ι
595 1507 708 1563 ego
735 1490 874 1546 misi
900 1491 978 1548 ad
1007 1505 1117 1546 vos
1139 1488 1215 1544 de
1231 1493 1404 1544 nocte
1425 1503 1798 1558 consurgens
1823 1493 1879 1543 et
1893 1487 2178 1556 dirigens,

2286 325 2546 395 fulgura,
2575 341 2714 380 cum
2735 324 3156 396 praedicatores
3187 318 3490 376 miraculis
3517 323 3862 387 coruscant,
3895 323 3952 374 et

2287 429 2550 487 superna
2579 412 2931 470 revertentia
2973 412 3160 468 corda
3199 409 3586 479 transﬁgunt.
3617 410 3950 463 Revertan-

2285 507 2400 571 tur,
2433 519 2570 559 cum
2620 519 2742 558 non
2771 502 2902 568 sibi,
2937 501 3042 558 sed
3075 501 3174 557 Dei
3217 499 3448 556 viribus
3477 496 3752 553 tribuunt
3775 495 3954 568 quid-

2285 592 2433 665 quid
2457 608 2520 648 se
2563 591 2786 647 fortiter
2829 591 3020 662 egisse
3059 591 3453 661 cognoscunt.
3489 585 3644 652 Quid
3674 589 3766 642 est
3791 585 3954 641 enim

2287 685 2406 738 Deo
2435 681 2651 749 dicere,
2679 681 3002 750 Adsumus,
3029 680 3144 736 nisi
3167 679 3250 735 illi
3273 676 3519 735 laudem
3539 675 3805 732 tribuere
3821 691 3952 746 gra—

2285 771 2398 842 tiae,
2429 787 2467 826 a
2495 786 2618 843 quo
2641 787 2702 825 se
2734 771 3036 842 accepisse
3066 769 3326 825 sentiunt
3347 765 3660 822 victoriam
3686 765 3954 837 pugnae?

2288 860 2504 930 Fulgur
2533 859 2760 931 quippe
2790 859 2916 914 ibat
2945 873 3084 914 cum
3133 861 3336 913 Petrus
3365 854 3620 912 diceret:
3655 877 3687 904 ‹‹
3719 859 3954 924 Argen-

2285 951 2414 1003 tum
2460 951 2518 1003 et
2563 963 2782 1002 aurum
2810 963 2936 1002 non
2965 950 3054 1003 est
3091 945 3259 1012 mihi,
3293 943 3462 1018 quod
3515 946 3722 998 autem
3749 941 3956 998 habeo

2285 1038 2400 1094 hoc
2427 1035 2532 1092 tibi
2555 1036 2738 1092 dabo.
2767 1037 2832 1092 In
2861 1035 3108 1092 nomine
3135 1037 3273 1091 Iesu
3299 1031 3512 1088 Christi
3541 1045 3724 1101 surge
3739 1035 3802 1088 et
3823 1047 3958 1088 am-

2285 1126 2432 1182 bula
2461 1127 2614 1196 (Act.
2648 1141 2730 1198 Ill,
2759 1127 2888 1198 6).»
2923 1125 3145 1195 Fulgur
3186 1127 3388 1181 autem
3430 1121 3586 1178 redit
3629 1137 3778 1176 cum
3829 1121 3954 1177 ait:

2287 1215 2476 1281 «Quid
2502 1214 2886 1271 admiremini
2915 1215 2978 1270 in
3005 1214 3142 1286 hoc,
3167 1217 3270 1269 aut
3289 1227 3400 1268 nos
3429 1210 3580 1284 quid
3605 1209 3954 1278 intuemini,

2285 1304 2460 1376 quasi
2489 1308 2698 1360 nostra
2720 1303 2936 1360 virtute
2960 1308 3018 1360 et
3046 1303 3264 1376 pietate
3289 1301 3606 1358 fecerimus
3629 1300 3800 1356 hunc
3829 1316 3960 1356 am-

2285 1393 2494 1449 bulare
2515 1394 2544 1448 ‘I
2567 1415 2593 1442 ››
2625 1398 2680 1449 et
2709 1393 2941 1465 reliqua
2971 1393 3128 1459 (Act.
3163 1406 3245 1457 ιιι,
3279 1391 3384 1462 l2).
3417 1389 3632 1445 Aliter:
3669 1388 3957 1460 Fulgura,

2287 1482 2348 1537 id
2365 1483 2676 1550 est,sancti
2697 1481 2806 1538 viri
2829 1482 3141 1537 mittuntur
3183 1485 3241 1537 et
3279 1484 3442 1550 eunt,
3466 1495 3608 1534 cum
3659 1495 3700 1533 a
3725 1481 3958 1534 secreto

526 1603 556 1632 κ
593 1585 651 1637 et
675 1595 800 1637 non
829 1579 1104 1635 audistis.
1131 1578 1298 1634 Dabo
1317 1577 1572 1633 domum
1597 1578 1776 1633 istam
1807 1577 1957 1632 sicut
1981 1576 2184 1644 Silo,et
2213 1589 2259 1644 Β
2287 1569 2808 1644 contemplationis
2829 1570 2908 1626 ad
2920 1569 3232 1642 publicum
3249 1567 3518 1641 operatio
3537 1573 3786 1630 exeunt,
3813 1583 3958 1622 cum

527 1687 560 1722 α
595 1669 810 1724 urbem
829 1668 987 1722 hanc
1016 1666 1179 1722 dabo
1197 1665 1260 1720 in
1291 1663 1772 1720 maledictionem
1797 1664 2023 1720 cunctis
2042 1679 2180 1734 gen-

527 1777 558 1806 ‹‹
597 1756 756 1812 tibus
787 1760 974 1810 terris.
1006 1757 1072 1808 Et
1101 1751 1420 1809 audierunt
1467 1754 1808 1809 sacerdotes
1833 1757 1892 1809 et
1917 1754 2179 1826 prophe-

529 1867 556 1894 ‹‹
597 1849 692 1914 tm,
713 1847 773 1900 et
791 1843 988 1899 omnis
1004 1842 1266 1914 populus
1283 1843 1605 1898 Jeremiam
1625 1843 1972 1915 loquentem
1997 1842 2182 1899 verba

527 1953 560 1989 ‹
597 1935 728 1990 haec
753 1934 818 1989 in
838 1933 1024 1988 domo
1051 1931 1302 1987 Domini.
1339 1934 1608 2004 Cumque
1629 1932 1994 2004 complesset
2019 1933 2181 1988 Jere-

529 2045 560 2076 u
595 2024 749 2080 mias
773 2023 1032 2095 loquens
1055 2021 1262 2077 omnia
1276 2037 1412 2093 quae
1439 2027 1804 2093 praeceperat
1823 2021 1876 2076 ei
1891 2021 2179 2076 Dominus

528 2135 558 2162 ε(
597 2115 664 2168 ut
715 2111 1058 2183 loqueretur
1085 2109 1165 2165 ad
1203 2109 1552 2164 universum
1605 2109 1924 2181 populum,
1963 2125 2181 2182 appre-

528 2223 557 2252 ‹‹
595 2200 934 2257 henderunt
959 2213 1099 2254 eum
1131 2198 1469 2254 sacerdotes
1498 2201 1555 2254 et
1571 2200 1882 2271 prophetae
1903 2191 2180 2255 et'omnis

525 2311 556 2340 κ
595 2289 859 2364 populus
889 2289 1126 2345 dicens:
1159 2291 1336 2344 Morte
1367 2287 1677 2344 moriatur.
1697 2290 1890 2354 Quare
1920 2290 2180 2362 prOphe-

525 2401 558 2430 «
595 2379 740 2437 tavit
775 2378 838 2434 in
863 2379 1108 2434 nomine
1153 2377 1430 2433 Domini?
1459 2399 1488 2427 »
1525 2379 1668 2448 (Jer.
1693 2391 1850 2444 XXVI,
1873 2379 1928 2444 2,
1961 2377 2035 2446 9).
2077 2378 2182 2430 Per

523 2469 916 2540 semetipsum
967 2481 1213 2538 quoque
1273 2465 1563 2521 Dominus
1611 2467 1676 2521 in
1709 2467 1990 2521 nebulam
2035 2479 2180 2519 voce

527 2555 764 2620 levavit,
793 2552 1042 2625 quando
1097 2556 1448 2624 praesentem
1503 2567 1566 2606 se
1623 2553 1806 2608 etiam
1864 2556 2180 2623 assumpto

525 2657 778 2716 corpore
817 2641 1129 2711 exhibens,
1159 2642 1467 2698 veritatem
1501 2631 1676 2696 Suam
1719 2655 1844 2696 non
1892 2641 2181 2696 secuturis

527 2731 873 2788 inﬁdelibus
907 2730 1159 2802 quando
1197 2745 1305 2802 per
1347 2729 1667 2800 caliginem
1699 2729 1899 2786 sonuit
1943 2730 2177 2786 dicens:

533 2845 562 2872 «
601 2825 726 2892 Ego
769 2825 829 2877 et
863 2824 1034 2892 pater
1063 2835 1255 2875 unum
1311 2833 1521 2875 sumus
1571 2821 1770 2890 (Joan.
1801 2837 1861 2887 x,
1883 2819 2002 2890 30);
2027 2841 2056 2870 ››
2085 2824 2179 2876 et:

531 2933 562 2962 κ
587 2911 928 3000 Antequam
973 2907 1280 3000 Abraham
1331 2910 1498 2964 ﬁeret
1527 2923 1639 2978 ego
1666 2925 1804 3000 sum
1843 2910 2038 2981 (Joan.
2061 2925 2180 3000 vni,
2207 2931 2252 3000 Ὀ

531 3001 638 3074 58).
674 3021 702 3050 »
733 2999 846 3056 Sed
875 3013 1014 3054 eum
1035 2998 1308 3070 protinus
1329 3011 1626 3070 aquarum.
1651 2999 1904 3068 impetus
1929 2997 2179 3070 operuit,

527 3089 672 3164 quia
700 3093 907 3146 contra
946 3087 1115 3143 illum
1145 3103 1288 3142 mox
1313 3088 1569 3143 saeviens
1603 3087 1970 3160 pepulerum
2007 3089 2182 3144 turba

527 3180 804 3236 surrexit.
833 3177 1130 3249 Scriptum
1179 3177 1405 3250 quippe
1461 3181 1584 3232 est:
1621 3197 1649 3224 ‹‹
1678 3177 1999 3248 Propterea
2040 3192 2181 3248 ergo

527 3267 880 3340 qumrebant
924 3281 1064 3320 eum
1091 3265 1280 3320 Judmi
1325 3265 1618 3332 occidere,
1659 3265 1804 3336 quia
1831 3279 1955 3320 non
1985 3263 2182 3319 solum

529 3355 798 3413 solvebat
827 3353 1178 3421 Sabbatum,
1215 3353 1323 3409 sed
1359 3357 1416 3409 et
1453 3356 1684 3409 Patrem
1729 3369 1908 3409 suum
1945 3353 2185 3409 dicebat

527 3445 737 3510 Deum,
765 3442 1058 3516 aequalem
1087 3457 1151 3498 se
1183 3441 1404 3498 faciens
1435 3445 1555 3498 Deo
1585 3447 1788 3509 (Joan.
1825 3459 1881 3510 v,
1919 3443 2066 3514 18).»
2101 3444 2182 3497 De

525 3531 643 3586 hoc
697 3545 996 3603 aquarum
1043 3531 1272 3602 impetu
1317 3547 1427 3603 per
1479 3531 1850 3602 Prophetam
1915 3531 2177 3586 clamat:

531 3641 560 3669 ‹‹
583 3617 1117 3674 Cireumdederunt
1161 3633 1259 3673 me
1313 3617 1465 3674 sicut
1513 3633 1674 3692 aqua
1703 3622 1826 3674 tota
1849 3618 1946 3674 die
1993 3618 2176 3690 (Psal.

527 3721 765 3778 Lxxxvn,
799 3707 882 3779 18)
905 3723 918 3775 ;
943 3727 974 3757 ››
1001 3710 1084 3762 et:
1119 3705 1397 3762 «Salvum
1417 3721 1514 3762 me
1544 3705 1661 3776 fac,
1689 3707 1864 3778 Deus,
1885 3707 2179 3779 quoniam

525 3795 896 3852 intraverunt
919 3809 1096 3868 aquae
1125 3809 1318 3868 usque
1347 3793 1428 3852 ad
1451 3794 1722 3851 animam
1765 3809 1967 3851 meam
1987 3795 2176 3868 (Psal.

524 3901 714 3948 vam,
746 3885 819 3956 2).
855 3907 882 3934 »
926 3887 1273 3942 Mommrsa.
1315 3885 1677 3957 Quanquam
1719 3883 1926 3940 ﬁdeles
1963 3901 2177 3940 sumus

521 3973 674 4030 dum
727 3972 1100 4048 quibusdam
1159 3973 1548 4046 supervacuis
1605 3973 1765 4030 curis
1823 3973 2174 4047 premimur,

519 4062 790 4119 obducta
865 4061 1214 4119 confusione
1271 4061 1626 4134 cali-gamus.
1691 4066 1760 4120 Et
1817 4077 1958 4120 cum
2001 4061 2177 4118 nobis

519 4153 704 4209 etiam
743 4152 966 4209 talibus
995 4151 1148 4208 mira
1175 4151 1461 4224 quaedam
1509 4153 1800 4209 Dominus
1839 4153 1915 4208 de
1959 4168 2022 4208 se
2051 4167 2180 4208 sen-

523 4241 726 4296 tienda
768 4241 1053 4312 insinuat,
1100 4241 1276 4312 quasi
1323 4243 1388 4296 in
1415 4241 1698 4299 nebulam
1743 4257 1942 4298 vocem
1995 4243 2176 4306 levat,

519 4329 674 4386 dum
701 4329 1046 4398 caliginosis
1067 4331 1286 4385 nostris
1321 4330 1625 4386 mentibus
1673 4331 2060 4404 semetipsum
2093 4331 2178 4387 lo-

519 4419 746 4490 quitur,
771 4417 932 4473 velut
955 4418 1018 4472 in
1043 4417 1268 4474 nebula
1295 4417 1345 4473 is
1395 4419 1503 4491 qui
1529 4433 1654 4475 non
1683 4419 1964 4490 cernitur,
2011 4419 2180 4476 audi-

523 4509 636 4563 tur.
663 4505 812 4562 Cum
835 4507 997 4562 enim
1023 4506 1198 4562 caecis
1225 4506 1445 4562 nostris
1475 4508 1781 4564 mentibus
1813 4508 2056 4564 subtilia
2095 4509 2175 4564 de

517 4595 723 4670 seipse
747 4595 1032 4662 insinuat,
1053 4596 1118 4652 in
1143 4596 1427 4652 nebulam
1453 4609 1650 4654 vocem
1671 4597 1846 4653 levat.
1863 4598 2016 4652 Cum
2031 4611 2174 4654 vero

519 4684 844 4742 tentatione
883 4684 1166 4742 vitiorum
1195 4683 1324 4758 ipse
1351 4684 1429 4741 de
1459 4685 1580 4741 Deo
1615 4688 1820 4742 noster
1845 4683 2174 4742 intellectus

512 4774 895 4846 opprimitur,
921 4774 1101 4850 quasi
1149 4787 1450 4848 aquarum
1491 4775 1718 4845 impetu
1769 4774 1834 4830 in
1879 4789 2022 4831 voce
2061 4789 2175 4831 sua

520 4865 676 4918 Deus
703 4865 985 4937 operitur.
1013 4868 1122 4921 ’Dot
1147 4865 1312 4920 enim
1329 4879 1514 4938 super
1531 4865 1703 4921 illum
1735 4879 1930 4938 aquas
1955 4864 2172 4922 admit-

519 4950 720 5014 timus,
752 4956 901 5024 quot
926 4955 1064 5024 post
1083 4952 1540 5025 inspirationem
1567 4955 1700 5026 ejus
1723 4954 1926 5023 gratim
1953 4953 2175 5026 cogita-

519 5037 710 5095 tiones
737 5039 968 5096 illicitas
992 5039 1054 5094 in
1085 5040 1262 5096 corde
1291 5057 1620 5098 versamus.
1657 5043 1932 5115 Sequitur
1958 5061 1970 5098 :

589 5129 756 5186 Vsus.
789 5133 876 5186 35.
897 5127 1190 5200 Nunquid
1213 5130 1406 5187 mittes
1420 5133 1678 5203 fulgura
1695 5138 1750 5188 et
1773 5133 1964 5202 ibunt,
1995 5137 2050 5188 et
2077 5147 2169 5189 re-

519 5220 809 5278 vertenlia
829 5219 1026 5276 dicent
1051 5218 1188 5274 tibi:
1219 5219 1641 5276 Adsumus?-—-
1660 5221 1921 5292 Fulgura
1939 5221 2170 5296 quippe

518 5323 592 5364 ex
643 5308 910 5365 nubibus
955 5309 1192 5375 exeunt,
1226 5305 1378 5363 sicut
1424 5307 1577 5364 mira
1623 5324 1808 5381 opera
1837 5325 1910 5365 ex
1949 5309 2169 5365 sanctis

515 5399 1010 5469 praedicatoribus
1062 5397 1478 5454 ostenduntur.
1508 5397 1706 5454 Nubes
1755 5399 1979 5471 quippe
2031 5398 2167 5455 ideo

517 5487 720 5544 vocari
741 5489 954 5558 solent,
966 5488 1110 5562 quia
1123 5491 1520 5546 etcoruscant
1547 5488 1872 5556 miraculis,
1889 5491 1952 5544 et
1971 5487 2168 5544 verbis

509 5575 752 5650 pluunt.
783 5577 928 5636 Hinc
949 5579 1378 5652 scriptumeet:
1401 5599 1430 5632 «
1455 5579 1716 5651 Fulgura
1741 5577 2167 5652 multiplicabis

2290 1661 2369 1716 ab
2391 1659 2749 1716 abscondito
2777 1659 3202 1732 speculationis
3219 1657 3544 1726 intimae,in
3575 1657 3794 1712 activae
3823 1657 3956 1712 vitm

2286 1749 2597 1804 latitudine
2671 1747 3132 1819 diﬂunduntur;
3201 1747 3306 1803 sed
3350 1749 3750 1814 revertuntur,
3815 1745 3958 1818 quia

2285 1843 2420 1912 post
2467 1853 2652 1911 opera
2710 1838 3002 1894 exteriora
3055 1853 3194 1910 quae
3252 1840 3570 1910 peragunt,
3601 1851 3858 1908 semper
3885 1835 3958 1890 ad

2287 1931 2488 1984 sinum
2515 1928 3035 2000 contemplationis
3079 1931 3412 1996 recurrunt,
3445 1931 3512 1984 ut
3537 1925 3656 1982 illic
3717 1923 3954 1980 ardoris

2287 2018 2380 2072 sui
2405 2016 2718 2072 ﬂammam
2747 2015 3035 2084 reﬁciant,
3073 2021 3128 2072 et
3147 2015 3324 2089 quasi
3375 2031 3450 2070 ex
3477 2017 3636 2070 tactu
3673 2029 3956 2086 superna:

2285 2107 2568 2164 claritatis
2591 2107 2916 2177 ignescent.
2937 2105 3102 2162 Unde
3134 2106 3418 2163 Salomon
3444 2105 3558 2160 ait:
3593 2103 3724 2159 «Ad
3753 2103 3956 2159 locum

2288 2199 2450 2253 unde
2523 2201 2746 2253 exeunt
2811 2196 3086 2264 ﬂumina,
3137 2199 3533 2262 revertuntur,
3599 2199 3666 2250 ut
3737 2193 3956 2250 iterum

2287 2287 2479 2342 ﬂuant
2507 2286 2724 2355 (Eccle.
2755 2301 2793 2352 ι,
2823 2289 2898 2352 7),
2937 2305 2964 2335 »
2991 2284 3137 2357 quia
3165 2284 3328 2339 enim
3355 2282 3542 2338 corda
3571 2281 3956 2338 audientium

2287 2375 2501 2444 rigant,
2551 2371 2826 2440 ﬂumina,
2877 2373 3026 2445 quia
3097 2389 3240 2429 vero
3299 2371 3658 2441 accendunt,
3711 2371 3956 2440 fulgura

2285 2465 2716 2520 memorantur.
2753 2463 2894 2518 Hinc
2921 2463 3082 2518 enim
3111 2462 3362 2518 dicitur:
3417 2483 3448 2512 «
3484 2461 3820 2517 llluxerunt
3855 2459 3960 2516 ful—

2287 2569 2439 2624 gura
2492 2553 2622 2624 ejus
2671 2552 2804 2608 orbi
2849 2556 3020 2608 terrae
3067 2552 3258 2624 (Psal.
3325 2569 3476 2622 xcvr,
3516 2552 3594 2624 4).
3651 2573 3684 2601 »ι
3745 2549 3954 2606 Illinc:

2288 2659 2318 2688 «
2389 2637 2782 2692 Elevaverunt
2856 2636 3131 2704 ﬂumina,
3221 2636 3490 2704 Domine,
3557 2635 3958 2692 elevaverunt

2287 2743 2464 2784 voces
2537 2743 2676 2783 suas
2756 2727 2944 2794 (Psal.
3023 2742 3304 2796 Lxxxvm,
3361 2726 3475 2798 26).
3539 2747 3568 2776 ω
3623 2727 3956 2790 Adsumus,

2285 2831 2549 2890 namque
2585 2816 2782 2872 dicere
2841 2820 2934 2872 est
2987 2820 3282 2888 prasente
3339 2833 3402 2872 se
3439 2814 3712 2872 amando
3743 2829 3962 2870 mons—

2287 2912 2462 2963 trare.
2493 2906 2770 2978 Sequitur
2789 2923 2802 2960 :

2359 2999 2525 3052 Vens.
2545 2999 2631 3052 36.
2667 2996 2809 3062 Quis
2849 2996 3054 3065 posuit
3097 2996 3163 3050 in
3201 2995 3522 3052 uisceribus
3551 2994 3820 3050 hominis
3859 3009 3960 3049 sa-

2286 3087 2595 3156 pientiam,
2627 3085 2720 3140 vel
2769 3085 2900 3155 quis
2927 3083 3090 3140 dedit
3127 3083 3293 3154 gallo
3331 3084 3808 3154 intelligentiam
3833 3087 3862 3138 εν
3887 3111 3959 3122 --

2289 3179 2350 3230 ln
2384 3174 2522 3244 galli
2549 3173 2795 3229 nomine
2837 3173 3260 3246 praedicatores
3304 3171 3494 3229 sancti
3521 3171 3952 3242 designantur,

2283 3263 2388 3335 qui
2413 3263 2568 3318 inter
2613 3262 2890 3319 tenebras
2931 3263 3062 3318 vitae
3109 3261 3416 3335 praesentis
3455 3261 3702 3318 student
3753 3260 3958 3318 lucem

2285 3357 2600 3408 venturam
2631 3351 3041 3424 praedicando,
3065 3353 3242 3425 quasi
3285 3351 3587 3408 cantando
3635 3350 3951 3408 nuntiare.

2285 3441 2496 3497 Dicunt
2525 3441 2687 3496 enim
2717 3459 2730 3496 :
2767 3463 2794 3490 ει
2831 3445 2952 3498 Nox
2973 3441 3298 3514 praecessit,
3331 3441 3460 3498 dies
3485 3445 3690 3497 autem
3723 3455 3950 3513 appro-

2285 3529 2596 3602 pinquavit
2623 3529 2807 3600 (Rom.
2835 3547 2958 3600 xui,
2995 3531 3077 3602 tl)
3105 3547 3119 3598 ;
3149 3554 3178 3581 »
3207 3534 3294 3587 et:
3327 3553 3358 3580 ‹‹
3383 3531 3542 3586 Hora
3569 3535 3662 3586 est
3686 3529 3826 3600 jam
3845 3545 3956 3585 nos

2283 3617 2362 3674 de
2389 3632 2610 3673 somno
2639 3633 2886 3689 surgere
2916 3619 3120 3690 (Ibid,
3154 3621 3259 3690 l2).
3291 3641 3322 3670 »
3355 3622 3435 3675 De
3463 3620 3584 3675 hoc
3611 3617 3776 3688 gallo
3805 3617 3956 3674 alias

2287 3705 2537 3762 dicitur:
2583 3727 2610 3756 «
2663 3707 2796 3763 Tria
2855 3711 3017 3778 sunt,
3065 3723 3204 3780 quin
3249 3707 3404 3764 bene
3451 3706 3846 3778 gradiuntur,
3901 3709 3956 3762 et

2283 3799 2568 3868 quartum
2611 3795 2778 3868 quod
2828 3795 3092 3852 incendit
3139 3795 3416 3853 feliciter:
3441 3795 3541 3852 leo
3587 3795 3956 3852 fortissimus

2281 3885 2610 3941 bestiarum
2641 3885 2722 3941 ad
2773 3885 2994 3942 nullius
3045 3886 3286 3958 pavebit
3339 3901 3690 3954 occursum,
3751 3883 3954 3954 gallus

2283 3973 2600 4030 succinctis
2646 3971 2893 4042 lumbis,
2921 3977 2980 4030 et
3003 3973 3178 4044 aries,
3203 3989 3314 4030 nec
3333 3978 3422 4030 est
3447 3989 3552 4030 rex
3575 3971 3688 4044 qui
3711 3973 3954 4030 resistat

2279 4061 2337 4118 ei
2359 4064 2565 4131 (Prov.
2595 4078 2727 4126 xxx,
2757 4067 2848 4132 29,
2869 4067 2962 4134 30,
2993 4067 3144 4130 31).»
3179 4063 3289 4120 Ubi
3315 4063 3432 4130 leo,
3465 4061 3734 4120 Christus
3795 4061 3952 4118 uoci-

2284 4152 2464 4226 pitur,
2513 4152 2708 4223 gallus
2751 4151 3194 4224 prmdicatores,
3235 4157 3295 4209 et
3343 4153 3500 4208 aries
3551 4150 3954 4208 ecclesiarum

2283 4241 2587 4314 praepositi
2639 4241 3016 4312 designatur:
3045 4245 3330 4314 quartum
3369 4239 3615 4297 feeiliter
3631 4239 3952 4306 incedens,

2281 4331 2675 4387 Antichristus
2726 4335 2814 4387 est
2855 4347 3146 4404 prospera
3189 4335 3406 4388 cuncta
3453 4335 3684 4387 tenens.
3721 4332 3956 4386 Notan-

2281 4419 2431 4475 dum
2457 4419 2624 4492 quod
2653 4420 2950 4494 sapientia
2991 4419 3278 4478 divinitus
3315 4419 3612 4493 inspirata
3651 4419 3716 4476 in
3755 4419 3956 4476 visne-

2277 4509 2450 4566 ribus
2479 4509 2743 4566 hominis
2767 4509 3030 4583 ponitur,
3063 4510 3210 4583 quia
3253 4510 3542 4566 nimirum
3569 4508 3780 4565 electis
3825 4523 3956 4566 non

2280 4599 2344 4656 in
2370 4599 2512 4656 solis
2557 4600 2832 4670 vocibus,
2859 4599 2968 4655 sed
3007 4599 3192 4656 etiam
3234 4599 3300 4656 in
3343 4598 3624 4656 sensibus
3653 4597 3864 4668 datur,
3893 4599 3958 4654 et

2275 4689 2450 4760 juxta
2471 4689 2640 4762 quod
2675 4689 2942 4762 loquitur
2975 4688 3208 4762 lingua,
3251 4689 3518 4762 loquitur
3539 4687 3950 4745 conscientia.

2279 4777 2445 4834 Gallo
2507 4777 2711 4851 itaque
2789 4777 3177 4848 intelligentia
3231 4778 3432 4849 datur,
3493 4776 3645 4851 quia
3712 4775 3956 4834 doctori

2277 4865 2538 4923 veritatis
2583 4865 2965 4922 discretionis
3021 4867 3205 4924 virtus
3261 4871 3327 4924 ut
3393 4865 3631 4924 noverit
3687 4865 3950 4939 quibus,

2277 4953 2548 5027 quando,
2577 4953 2672 5011 vel
2717 4955 3034 5027 quomodo
3065 4955 3286 5012 inferat
3327 4955 3617 5013 divinitus
3643 4959 3956 5012 monstra-

2279 5047 2393 5100 tur.
2424 5047 2552 5100 Non
2597 5044 2760 5100 enim
2812 5044 3040 5101 cunctis
3073 5060 3196 5101 una
3224 5044 3561 5117 eademque
3607 5041 3954 5100 exhortatio

2277 5132 2575 5189 convenit.
2607 5132 2766 5190 Solet
2793 5133 2955 5189 enim
3005 5132 3199 5204 gallus
3251 5131 3752 5206 profundioribus
3781 5130 3954 5188 horis

2275 5221 2488 5292 noctis,
2519 5222 2876 5280 valentiores
2921 5238 2992 5279 ac
3020 5221 3435 5296 productiores
3466 5221 3640 5278 edere
3701 5225 3952 5289 cantus,

2275 5310 2407 5368 luce
2433 5325 2578 5368 vero
2631 5311 3100 5384 propinquante,
3131 5311 3396 5370 minores
3455 5328 3526 5368 ac
3580 5309 3954 5366 minutiores

2273 5401 2521 5457 omnino
2537 5417 2715 5457 voces
2743 5401 2978 5456 format.
3011 5401 3102 5458 Sic
3123 5401 3348 5474 quippe
3377 5400 3807 5474 praedicatores
3837 5399 3956 5454 ini-

2274 5489 2412 5562 quis
2441 5489 2641 5546 adhuc
2659 5485 2963 5546 mentibus
2983 5489 3230 5557 faciunt,
3243 5491 3394 5546 dum
3413 5489 3654 5560 magnis
3678 5486 3954 5544 vocibus

2271 5577 2479 5636 aeterni
2523 5577 2734 5650 ,ῆιιῶοῆ
2784 5582 3036 5638 terreres
3087 5579 3386 5640 intimam.
3431 5576 3748 5638 lliustmtis
3799 5591 3956 5634 vero
