4130 6146
179 83 268 136 453

979 79 1283 136 EPITOME
1319 75 1685 134 MORALIUM
1724 76 1782 133 S.
1823 77 2030 139 GREG.
2072 87 2144 142 IN
2179 87 2322 145 JOB.
2364 117 2435 130 --
2474 90 2604 146 LIB.
2650 93 2796 150 XXX.

3509 102 3622 160 484

176 199 466 257 mentibus
495 215 617 256 non
647 203 768 256 tam
812 214 886 256 ea
929 217 1075 274 quin
1123 205 1262 259 sunt
1297 215 1494 274 paena:
1525 199 1828 268 terribilia,
1869 205 1921 260 Δ
1946 213 2004 264 et
2030 226 2138 282 per
2163 212 2354 268 sancti
2380 211 2634 284 Spiritus
2665 216 2918 284 gratiam
2945 219 3147 288 infusi,
3173 221 3238 278 in
3263 219 3618 282 collectione

176 289 271 345 sed
300 306 374 345 ea
401 290 576 346 etiam
602 305 736 362 quae
760 294 898 345 sunt
914 293 1190 362 prsemiis
1218 291 1456 348 mitiora
1480 291 1829 363 praedicant.

173 383 315 436 More
345 379 524 434 etiam
556 378 690 447 galli
722 379 913 435 sancti
938 396 1006 436 se
1029 382 1448 454 praedicatores
1470 380 1637 452 prius
1658 396 1835 436 excu-

177 469 338 537 tiunt,
373 473 430 524 et
477 468 556 524 sic
607 467 756 523 alios
807 468 1101 527 sollicitos
1130 471 1425 527 reddunt:
1476 469 1643 542 prius
1672 469 1834 525 enim

175 577 278 615 sua
304 559 514 631 punire
551 558 784 614 ﬂetibus
813 559 1087 629 student,
1119 565 1174 618 et
1216 565 1357 618 tunc
1402 577 1537 634 quae
1576 561 1834 617 aliorum

175 652 310 704 sunt
327 646 632 720 punienda
661 647 1054 706 denuntiant.
1089 651 1400 723 Sequitur:

241 794 411 848 Vens.
439 795 520 847 37.
564 791 702 859 Quis
741 794 1064 850 enarravit
1097 795 1381 850 caelorum
1428 794 1744 860 rationem,
1777 798 1834 849 et

181 887 517 938 concentum
559 882 694 936 cwli
719 883 848 952 quis
880 882 1154 940 dormire
1172 885 1373 953 facit?
1395 916 1465 924 —
1491 883 1645 948 Quid
1671 883 1832 940 enim

177 971 457 1027 caelorum
485 969 633 1025 ratio
662 969 978 1043 accipitur,
1011 972 1127 1027 nisi
1166 972 1255 1028 vis
1287 988 1547 1045 superna
1575 977 1829 1029 secreto-

173 1076 305 1115 rum
324 1062 350 1116 ?
371 1062 469 1114 Per
498 1057 629 1114 coeli
657 1075 795 1114 vero
819 1065 1207 1130 concentum,
1229 1077 1478 1117 concors
1501 1060 1830 1133 preedican-

172 1150 320 1204 tium
352 1164 544 1204 sermo
590 1148 878 1218 signatur.
912 1149 1204 1206 Conditor
1240 1151 1419 1221 igitur
1462 1155 1662 1207 noster
1691 1167 1830 1206 cum

171 1239 302 1294 coeli
340 1239 626 1295 rationem
669 1255 950 1296 enarrare
979 1241 1248 1312 coeperit,
1280 1242 1556 1298 Dormire
1582 1257 1829 1297 concen-

172 1335 294 1384 tum
323 1330 458 1385 caeli
477 1329 650 1399 facit,
681 1329 826 1401 quia
856 1345 1021 1394 cum,
1049 1330 1182 1400 jam
1226 1330 1404 1386 nobis
1434 1346 1541 1402 per
1570 1331 1831 1403 speciem

170 1417 516 1487 ostenditur,
549 1417 830 1474 nimirum
879 1419 1344 1491 praedicantium
1374 1419 1558 1476 verba
1595 1420 1829 1476 subtra-

171 1508 418 1563 huntur.
437 1507 578 1562 Hinc
601 1507 884 1563 Jeremias
919 1507 999 1563 ait
1026 1525 1038 1562 :
1071 1512 1242 1565 «Non
1268 1507 1507 1564 docebit
1526 1509 1678 1565 ultra
1697 1525 1834 1582 pro-
1863 1573 1866 1576 ἠ

172 1596 406 1650 simum
437 1611 631 1664 suum,
663 1600 718 1650 et
748 1596 835 1650 vir
883 1595 1134 1651 fratrem
1189 1613 1367 1652 suum
1420 1595 1667 1652 dicens:
1719 1599 1829 1653 Co-

171 1700 392 1755 gnosce
424 1683 774 1753 Dominum;
827 1701 1042 1741 omnes
1074 1685 1233 1740 enim
1265 1689 1630 1755 cognoscent
1658 1702 1754 1742 me
1795 1703 1832 1742 a

168 1775 421 1831 minimo
443 1790 650 1829 eorum
674 1791 861 1847 usque
889 1775 969 1829 ad
1000 1775 1518 1845 maximum,dicit
1543 1776 1830 1831 Dominus

170 1866 308 1934 (Jer.
341 1879 502 1930 xxxx,
526 1865 681 1934 34).»
714 1863 820 1918 Vel
861 1867 1018 1919 certe
1046 1863 1340 1919 caelorum
1383 1863 1535 1920 ratio
1579 1868 1668 1919 est
1695 1864 1832 1936 ipsa

170 1953 520 2009 viviﬁcatrix
548 1952 746 2021 virtus,
775 1969 909 2026 qua
938 1953 1184 2026 spiritus
1206 1953 1428 2010 format
1452 1954 1827 2024 angelorum.

169 2043 458 2098 Dominus
488 2042 645 2097 enim
673 2043 823 2098 sicut
851 2048 940 2098 est
969 2058 1156 2098 causa
1177 2042 1687 2111 causarum,sicut
1710 2045 1832 2100 vita

167 2134 518 2200 viventium,
547 2132 627 2187 ita
654 2133 834 2188 etiam
861 2133 1018 2189 ratio
1057 2132 1504 2188 rationabilium
1536 2137 1830 2189 creatura-

165 2210 319 2277 rum.
356 2221 526 2276 Tunc
574 2235 713 2291 ergo
760 2221 1052 2276 caelorum
1100 2221 1392 2278 rationem
1436 2225 1663 2286 narrat,
1691 2239 1831 2278 cum

168 2310 559 2381 semetipsum
587 2309 762 2364 nobis
815 2310 978 2365 clara
1006 2310 1235 2366 visione
1264 2310 1628 2366 manifestat.
1661 2311 1830 2367 Unde

166 2398 221 2454 in
253 2397 581 2468 Evangelio
610 2399 788 2454 dicit:
831 2421 858 2448 α
883 2398 1050 2454 Venit
1081 2399 1232 2455 hora
1275 2416 1416 2455 cum
1456 2400 1588 2470 jam
1617 2415 1740 2456 non
1769 2399 1830 2454 in

167 2486 469 2559 parabolis
513 2487 727 2559 loquar
772 2487 966 2558 vobis,
1001 2487 1106 2543 sed
1160 2487 1364 2560 palam
1412 2488 1488 2544 de
1525 2492 1692 2546 Patre
1721 2506 1829 2545 an-

165 2577 459 2633 mmtiabo
484 2576 656 2631 vobis
685 2579 884 2644 (Joan.
918 2593 1032 2645 xvx,
1062 2577 1172 2648 25).
1199 2597 1229 2629 »
1261 2581 1610 2634 Mensurae.
1643 2579 1830 2635 Caelo-

166 2682 297 2722 rum
349 2667 649 2721 rationem
691 2665 981 2720 Dominus
1033 2670 1256 2732 narrat,
1289 2665 1440 2721 dum
1481 2682 1642 2723 nunc
1686 2666 1827 2722 insi-

165 2754 413 2810 nuando
435 2769 698 2826 superna
720 2758 966 2820 secreta,
987 2754 1311 2810 electorum
1329 2770 1577 2810 suorum
1600 2760 1828 2811 mentes

163 2844 498 2911 illuminat;
557 2854 908 2900 concentum
966 2859 1105 2901 vero
1152 2846 1290 2900 caeli
1343 2845 1604 2900 dormire
1652 2846 1828 2914 facit,

164 2933 311 2989 dum
375 2933 708 2988 concordes
767 2934 1030 3005 hymnos
1077 2933 1455 3002 angelorum,
1507 2937 1687 3005 atque
1733 2933 1832 2990 illa

163 3023 500 3078 cmlestium
543 3023 830 3079 virtutum
869 3023 1092 3091 gaudia
1120 3023 1518 3094 reproborum
1550 3023 1832 3078 cordibus

155 3112 318 3182 justo
340 3111 576 3182 judicio
606 3111 942 3168 abscondit.
966 3112 1075 3177 Qui
1095 3116 1419 3168 concentus
1448 3110 1600 3177 coeli,
1623 3128 1832 3184 quam-

161 3202 245 3255 vis
297 3201 663 3257 intrinsecus
705 3201 765 3256 in
797 3217 859 3255 se
889 3199 1110 3270 vigilet,
1141 3200 1204 3256 in
1243 3201 1376 3272 ipsa
1407 3205 1606 3256 tamen
1633 3216 1834 3272 repro-

161 3289 378 3346 borum
430 3290 775 3360 ignorantia
829 3290 1196 3345 extrinsecus
1249 3290 1492 3346 dormit.
1553 3293 1834 3347 Narratur

161 3396 302 3451 ergo
361 3381 579 3436 secreti
627 3380 881 3436 caelestis
934 3381 1103 3448 ratio,
1155 3384 1212 3436 et
1247 3385 1447 3436 tamen
1507 3385 1832 3437 concentus

161 3470 291 3524 coeli
317 3470 588 3526 dormire
617 3469 993 3538 permittitur,
1022 3469 1167 3540 quia
1196 3473 1253 3524 et
1280 3469 1408 3524 aliis
1440 3485 1547 3542 per
1575 3469 1830 3542 inspira-

163 3560 385 3616 tionem
415 3575 696 3631 supernae
725 3559 1130 3614 retributionis
1164 3559 1409 3616 scientia
1439 3559 1742 3632 panditur,
1776 3563 1833 3615 et

157 3650 284 3706 aliis
338 3665 482 3722 quae
537 3649 612 3703 sit
653 3649 899 3704 internae
942 3648 1140 3704 laudis
1175 3650 1435 3705 suavitas
1477 3649 1827 3706 occultatur.

158 3741 501 3794 Concentus
527 3737 689 3793 enim
718 3753 993 3809 supernae
1025 3736 1222 3793 laudis
1249 3737 1312 3793 in
1337 3754 1480 3794 aure
1504 3738 1660 3794 illius
1692 3755 1830 3811 pro-

154 3833 424 3901 ruperat,
456 3827 566 3900 qui
596 3827 866 3884 dicebat:
904 3849 931 3876 «
959 3827 1261 3896 Ingrediar
1306 3827 1368 3882 in
1397 3828 1600 3885 locum
1635 3829 1830 3885 taber-

152 3917 360 3972 naculi
407 3917 786 3974 admirabilis
830 3933 1021 3990 usque
1075 3917 1154 3973 ad
1200 3916 1453 3973 domum
1511 3917 1610 3972 Dei
1639 3918 1829 3988 (Psal.

149 4022 272 4074 xu,
305 4009 387 4078 5).
413 4026 444 4060 ›
475 4006 790 4078 Sequitur:

229 4131 417 4187 Vsus.
449 4135 539 4187 38.
575 4130 824 4197 Quando
851 4129 1225 4202 fundebatur
1245 4131 1448 4201 pulvis
1474 4132 1537 4186 in
1567 4136 1750 4198 terra,
1777 4137 1830 4187 et

151 4222 349 4290 glebae
395 4222 952 4292 compingebantur.
985 4254 1054 4262 —
1102 4224 1255 4278 More
1307 4221 1466 4277 enim
1517 4238 1646 4293 suo,
1694 4237 1829 4294 quae
1868 4263 1918 4320 Β

155 4310 365 4366 adhuc
418 4310 621 4366 futura
679 4315 835 4380 sunt,
867 4311 1042 4383 quasi
1067 4310 1198 4382 jam
1247 4311 1544 4384 praeterita
1589 4310 1828 4367 divinus

155 4413 365 4455 sermo
415 4398 716 4455 describit.
747 4403 825 4455 De
855 4416 926 4456 eo
951 4401 1176 4473 quippe
1207 4400 1420 4456 dicitur
1445 4420 1457 4456 :
1510 4421 1539 4453 «
1564 4401 1674 4467 Qui
1698 4400 1834 4456 fecit

155 4506 296 4562 quae
324 4489 534 4545 futura
560 4493 762 4545 sunt.»
802 4489 997 4546 Pulvis
1023 4491 1223 4563 itaque
1253 4496 1394 4546 tunc
1423 4491 1484 4546 in
1511 4496 1667 4547 terra
1695 4490 1830 4547 fun-

157 4577 364 4645 datur,
419 4577 560 4652 quia
623 4579 683 4634 in
735 4578 928 4635 solida
981 4581 1258 4636 membra
1313 4580 1652 4650 reducitur;
1717 4579 1833 4652 gle-

152 4668 256 4724 bae
284 4668 784 4742 compinguntur,
808 4669 952 4742 quia
970 4670 1257 4726 nimirum
1278 4671 1457 4727 firma
1483 4687 1735 4744 corpora
1763 4687 1834 4729 ex

151 4758 417 4830 pulvere
493 4757 738 4815 collecta
809 4764 1196 4830 consurgunt.
1273 4763 1616 4817 Monsursn.
1682 4761 1835 4827 Quid

147 4848 220 4903 in
283 4847 556 4921 pulvere,
584 4848 700 4904 nisi
751 4853 1092 4922 peccatores
1143 4850 1494 4922 accipimus,
1523 4852 1626 4923 qui
1667 4851 1834 4908 nullo

152 4938 419 4994 rationis
473 4938 744 5012 pondere
801 4939 1053 5006 solidati,
1114 4939 1432 5010 cujuslibet
1495 4940 1836 4997 temtationis

149 5027 320 5084 ﬂatu
408 5027 776 5101 rapiuntur?
859 5031 937 5084 De
1016 5027 1238 5100 quibus
1335 5029 1621 5103 scriptum
1705 5033 1832 5086 est:

155 5121 358 5173 «Non
407 5119 488 5174 sic
534 5118 726 5192 impii,
753 5133 882 5174 non
936 5118 1038 5187 sic,
1098 5117 1198 5174 sed
1245 5123 1536 5192 tanquam
1579 5119 1834 5193 pulvis,»

152 5211 216 5262 et
247 5205 492 5280 reliqua
520 5210 711 5276 (Psal.
743 5223 783 5278 ι,
813 5208 890 5280 4).
917 5206 1114 5264 Pulvis
1145 5223 1287 5279 ergo
1317 5210 1378 5265 in
1424 5213 1579 5266 terra
1617 5209 1835 5266 funda-

151 5301 262 5351 tus
300 5301 410 5366 est,
443 5315 581 5354 cum
610 5302 954 5372 peccatores
973 5299 1187 5370 vocati,
1220 5300 1281 5354 in
1304 5298 1626 5355 Ecclesiam
1654 5297 1834 5356 tradi-

151 5387 220 5454 ti,
257 5386 408 5441 fidei
433 5392 571 5443 sunt
593 5388 822 5444 ratione
845 5387 1100 5457 solidati,
1121 5393 1186 5444 ut
1209 5388 1548 5445 immobiles
1570 5393 1836 5461 postmo-

151 5477 330 5532 dum
359 5483 568 5534 contra
597 5482 953 5534 testamenta
975 5478 1379 5536 consisterent.
1415 5481 1477 5535 In
1500 5480 1611 5536 hac
1634 5479 1835 5552 itaque

149 5569 337 5624 terra
363 5566 553 5638 glebas
574 5571 902 5640 compactae
923 5572 1077 5637 sunt,
1091 5568 1234 5641 quia
1252 5570 1444 5627 vocati
1463 5572 1829 5643 peccatores,

1948 305 2090 356 sunt
2118 302 2420 358 charitatis
2452 302 2624 359 uniti.
2656 303 2805 362 Hinc
2829 307 2990 365 enim
3019 311 3316 384 scriptum
3348 316 3456 378 est,
3475 314 3621 386 quia

1946 409 1976 437 ‹‹
1994 394 2123 444 erat
2149 389 2211 444 in
2239 389 2324 446 eis
2377 405 2483 446 cor
2510 406 2703 448 unum
2733 395 3025 454 et‘anima
3052 415 3177 455 una
3202 423 3230 450 ››
3256 400 3323 455 in
3363 401 3619 459 Domino

1946 472 2094 544 (Act.
2127 492 2204 542 IV,
2237 477 2348 547 32).
2383 478 2506 534 Has
2535 479 2714 536 etiam
2767 482 2971 551 glebas
3019 486 3082 541 in
3133 487 3398 545 Ecclesia
3426 505 3498 546 ex
3526 490 3620 548 di-

1943 564 2220 621 versitate
2282 567 2636 624 meritorum
2700 571 3066 643 distinguere
3111 578 3413 635 valemus.
3469 584 3618 638 Nam

1943 649 2093 708 dum
2121 653 2275 710 alius
2296 659 2385 710 est
2405 655 2556 712 ordo
2581 659 3064 732 praedicantium,
3078 665 3233 722 alius
3248 668 3617 738 auditorum,

1945 739 2098 796 alius
2131 743 2590 812 continentium,
2619 747 2774 804 alius
2804 750 3130 824 virginum,
3155 754 3308 812 alius
3329 758 3619 828 poeniten-

1944 828 2113 899 tium,
2180 832 2358 903 quasi
2403 849 2479 888 ex
2531 851 2657 892 una
2703 841 2859 896 terra
2918 857 2950 897 e
3007 842 3249 900 diversa
3286 845 3620 914 glaebarum

1941 916 2137 975 forma
2157 919 2460 988 distincta,
2481 923 2631 980 dum
2663 926 2725 982 in
2752 943 2876 985 una
2903 929 3044 998 ﬁde,
3071 931 3134 988 in
3167 949 3292 992 una
3335 936 3621 994 charitate

1939 1005 2212 1078 disparia
2239 1007 2757 1072 demonstrantur.
2797 1019 3074 1089 Sequitur
3103 1037 3115 1074 :

2010 1153 2188 1241 sts.
2221 1156 2310 1208 39.
2353 1154 2646 1228 Nunquid
2695 1163 2892 1230 capies
2942 1164 3142 1220 leae-nae
3187 1167 3482 1241 praedam,
3514 1178 3623 1228 aut

1941 1239 2217 1294 animam
2240 1244 2586 1301 catulorum
2616 1249 2743 1317 ejus
2774 1249 3043 1318 implebis
3061 1249 3088 1304 ‘I
3108 1284 3178 1293 —
3201 1257 3314 1311 Ista
3332 1239 3622 1314 nimirum

1937 1325 2042 1382 illa
2070 1326 2274 1383 leaena
2304 1334 2394 1387 est
2437 1333 2511 1388 de
2539 1349 2663 1406 qua
2690 1337 2801 1393 Job
2828 1337 3060 1395 dixerat
3084 1357 3096 1395 :
3141 1361 3171 1395 α
3193 1347 3320 1400 Non
3349 1346 3622 1403 calcave-

1942 1418 2083 1507 runt
2140 1432 2216 1472 ea
2271 1417 2376 1474 ﬁlii
2429 1421 2790 1493 institorum,
2824 1443 2934 1483 nec
2979 1432 3362 1500 pertransibit
3403 1451 3511 1507 per
3549 1450 3624 1492 ea

1939 1503 2139 1595 leaena
2171 1507 2326 1572 (Job.
2357 1527 2551 1580 XXVIII,
2586 1515 2662 1585 8).
2690 1537 2718 1563 »
2751 1515 2895 1570 Huic
2925 1531 3066 1586 ergo
3113 1518 3314 1577 leaena:
3345 1503 3622 1595 praedam

1939 1594 2242 1650 Dominus
2291 1599 2470 1672 capit,
2498 1606 2565 1657 ut
2617 1603 2887 1659 animam
2940 1606 3274 1665 catulorum
3321 1594 3454 1682 ejus
3504 1612 3622 1668 im-

1939 1684 2124 1756 pleat,
2156 1686 2304 1757 quia
2336 1691 2415 1745 ad
2467 1696 2864 1762 augmentum
2908 1695 3092 1766 hujus
3140 1699 3414 1754 Ecclesiae
3440 1699 3622 1756 innu-

1939 1789 2148 1829 meros
2175 1774 2250 1831 de
2280 1779 2604 1846 gentilitate
2632 1779 2897 1853 diripuit,
2932 1789 2988 1840 et
3014 1801 3121 1857 per
3159 1785 3503 1844 animarum
3527 1788 3621 1846 lu-

1941 1879 2118 1918 crum
2147 1867 2540 1924 esurientium
2584 1870 3000 1942 apostolorum
3038 1879 3183 1931 vota
3215 1875 3470 1932 satiavit.
3507 1879 3623 1951 Ipsi

1939 1953 2175 2024 quippe
2205 1957 2386 2013 catuli
2412 1975 2523 2032 pro
2562 1960 2790 2041 meritis
2840 1962 3239 2020 teneritudine
3265 1969 3320 2020 et
3349 1965 3621 2024 formidi-

1940 2043 2035 2098 nis
2087 2041 2434 2102 inﬁrmitate
2487 2048 2685 2103 vocati
2745 2054 2902 2118 sunt,
2961 2052 3066 2124 qui
3125 2068 3310 2125 passo
3368 2057 3620 2115 Domino

1941 2131 2168 2186 clausis
2197 2132 2429 2190 foribus
2456 2136 2820 2194 residebant.
2858 2139 3020 2195 Sicut
3049 2141 3130 2197 de
3178 2141 3288 2198 illis
3335 2145 3621 2218 scriptum

1941 2225 2065 2276 est:
2100 2243 2128 2271 ‹‹
2149 2224 2298 2278 Cum
2325 2229 2486 2281 esset
2537 2241 2670 2280 sero
2698 2225 2793 2281 die
2823 2226 2922 2282 illa
2953 2245 3084 2287 una
3115 2231 3534 2305 Sabbatorum,
3565 2245 3624 2297 et

1939 2308 2098 2401 tores
2128 2316 2329 2401 essent
2367 2312 2608 2381 clausas,
2627 2336 2655 2363 »
2689 2317 2746 2369 et
2774 2313 3007 2387 reliqua
3037 2319 3248 2390 (Joan.
3288 2339 3382 2390 xx,
3421 2328 3524 2401 l9).
3554 2332 3623 2388 Et

1940 2399 2070 2495 llaec
2101 2399 2361 2495 quidem.
2400 2401 2560 2495 facta
2615 2417 2652 2495 a
2699 2403 2918 2495 sanctis
2971 2409 3274 2495 apostolis
3321 2399 3620 2495 noMus,

1940 2487 2071 2543 haec
2098 2503 2259 2544 nunc
2288 2489 2470 2545 etiam
2516 2490 2644 2545 ﬁeri
2685 2506 2722 2547 a
2748 2491 2923 2546 rectis
2955 2492 3320 2559 doctoribus
3371 2487 3617 2569 scimus:

1943 2576 2061 2672 ipsi
2089 2576 2250 2632 enim
2276 2577 2776 2672 subsequentium
2806 2581 3192 2672 populorum
3221 2599 3417 2663 patres
3456 2606 3618 2672 sunt,

1943 2668 2145 2721 tamen
2171 2667 2642 2738 praecedentium
2669 2667 2794 2724 ﬁlii.
2829 2669 2994 2726 Unde
3053 2679 3116 2730 et
3164 2694 3286 2738 non
3324 2667 3620 2750 immerito

1943 2754 2124 2810 catuli
2173 2755 2486 2822 dicuntur.
2509 2756 2614 2812 Vel
2643 2761 2818 2825 certe,
2849 2759 2996 2830 quia
3047 2765 3161 2820 etsi
3207 2780 3616 2842 quorumdam

1943 2843 2211 2913 magistri
2262 2848 2420 2910 sunt,
2480 2845 2834 2901 universalis
2892 2851 3100 2906 tamen
3156 2857 3429 2920 Ecclesiae
3486 2885 3615 2926 esse.

1871 2909 1912 2968 (ἶ
1942 2909 2216 3005 discipuli
2298 2909 2649 3004 gloriantur.
2735 2938 2959 2992 Leaenae
3042 2909 3610 3014 itaqueV—vgovmi‘nuli;

1940 3022 2211 3094 praedam
2268 3023 2446 3094 capit,
2506 3026 2651 3096 quia
2713 3024 2928 3080 virtute
3002 3044 3129 3083 suae
3197 3032 3608 3107 inspirationis

1941 3112 2019 3167 ab
2059 3126 2255 3166 errore
2321 3112 2508 3168 vitam
2563 3112 3040 3186 delinquentium
3095 3117 3324 3192 diripit,
3378 3131 3437 3182 et
3483 3132 3608 3186 ani-

1938 3217 2071 3256 mas
2127 3199 2464 3257 catulorum
2521 3202 2650 3272 ejus
2707 3202 2913 3274 replet,
2958 3203 3103 3276 quia
3151 3217 3605 3274 conversatione

1939 3289 2269 3346 multorum
2341 3290 2456 3362 piis
2527 3290 2844 3346 doctorum
2921 3292 3231 3352 desideriis
3298 3301 3602 3360 satisfacit.

1941 3379 2217 3451 Sequitur
2244 3396 2256 3434 :

2012 3487 2184 3542 Vens.
2215 3488 2307 3541 40.
2350 3486 2600 3552 Quando
2623 3487 2846 3543 cubant
2875 3489 2938 3544 in
2969 3491 3186 3562 antris,
3217 3497 3273 3548 et
3302 3494 3366 3549 in
3391 3510 3603 3564 specu-

1943 3579 2046 3634 bus
2077 3578 2468 3633 insidiantur.
2496 3607 2565 3617 —-
2595 3579 2744 3634 Cum
2790 3578 2952 3634 enim
2991 3595 3385 3654 nequaquam
3415 3588 3605 3644 sancti

1939 3667 2216 3740 apostoli,
2249 3671 2458 3723 contra
2510 3669 2789 3725 membra
2835 3668 3064 3725 diaboli
3104 3669 3167 3726 in
3209 3688 3355 3729 voce
3401 3673 3602 3733 liberae

1939 3756 2379 3830 praedicationis
2404 3762 2780 3826 exurgerent,
2812 3758 3014 3814 adhuc
3067 3765 3276 3818 contra
3313 3762 3602 3822 adversa-

1938 3845 2059 3900 rios
2117 3861 2259 3902 suos
2309 3845 2487 3918 quasi
2535 3844 2600 3900 in
2647 3845 2834 3902 antris
2878 3846 3338 3906 insidiabantur.
3371 3851 3602 3908 Clausis

1937 3935 2164 4008 quippe
2194 3934 2422 3990 foribus
2452 3934 2627 4007 quasi
2655 3935 2717 3991 in
2744 3935 3115 4007 quibusdam
3143 3938 3362 3994 additis
3392 3955 3602 4012 specu-

1937 4023 2054 4079 bus
2086 4022 2210 4078 suis
2263 4022 2442 4079 catuli
2494 4023 2722 4095 rapturi
2773 4023 3073 4080 mundum
3103 4025 3348 4093 cubant,
3377 4031 3441 4082 ut
3467 4029 3598 4084 ani-

1939 4129 2180 4169 marum
2209 4113 2478 4185 praedam
2509 4113 2898 4184 postmodum
2913 4120 3348 4186 prmsumentes
3379 4115 3598 4189 diripe-

1937 4206 2088 4258 rent.
2120 4201 2347 4257 Horum
2376 4201 2574 4274 primo
2602 4200 2684 4256 illi
2712 4202 2909 4258 catulo
2936 4203 3238 4276 esurienti,
3269 4205 3378 4262 sed
3417 4206 3598 4263 etiam

1941 4292 2235 4348 valentius
2256 4294 2424 4347 tensa
2448 4306 2555 4364 per
2573 4290 2822 4347 linteum
2843 4292 3376 4367 gentilitate,quasi
3395 4311 3600 4352 mons-

1939 4386 2092 4439 trata
2121 4380 2328 4453 praeda
2368 4379 2620 4436 dicitur:
2672 4402 2702 4431 ι‹
2724 4383 2910 4438 Macta
2937 4385 2994 4438 et
3020 4382 3327 4440 manduca
3348 4386 3510 4454 (Act.
3542 4402 3596 4455 χ,

1943 4475 2098 4540 13).»
2146 4469 2367 4526 Aliter:
2421 4473 2701 4526 Doctores
2753 4471 2972 4527 etenim
3025 4472 3217 4529 sancti
3257 4474 3504 4546 quando
3539 4477 3600 4531 et

1939 4560 2252 4631 arguenda
2280 4560 2676 4633 conspiciunt,
2707 4564 2765 4616 et
2787 4564 2989 4617 tamen
3034 4576 3142 4633 per
3189 4561 3489 4618 silentium
3533 4563 3596 4620 in

1940 4649 2401 4722 cogitationibus
2429 4650 2702 4716 retinent,
2734 4649 2908 4721 quasi
2935 4649 2999 4704 in
3043 4651 3348 4722 specubus
3371 4651 3592 4722 latent;

1939 4745 1999 4796 et
2025 4740 2187 4796 velut
2215 4739 2276 4794 in
2299 4739 2484 4796 antris
2515 4754 2577 4793 se
2614 4728 2959 4809 contegunt,
2991 4738 3136 4810 quia
3161 4740 3224 4795 in
3255 4739 3378 4796 suis
3407 4740 3598 4797 θοι-(ἤ-

1941 4829 2056 4885 bus
2108 4829 2501 4886 occultantur.
2553 4827 2670 4884 Sed
2711 4843 2854 4883 cum
2903 4832 3315 4901 opportunum
3357 4835 3596 4904 tempus

1941 4918 2294 4986 invenerint,
2325 4920 2566 4990 repente
2617 4916 2954 4989 prosiliunt,
3001 4921 3063 4975 et
3107 4917 3277 4975 nulla
3318 4935 3454 4993 quin
3506 4919 3598 4977 di-

1939 5009 2134 5065 cenda
2181 5011 2321 5063 sunt
2363 5007 2629 5075 reticent,
2676 5011 2734 5063 et
2779 5006 3072 5064 cervicem
3121 5009 3596 5082 superbientium

1941 5111 2150 5155 morsu
2178 5112 2404 5170 asperas
2453 5097 2877 5170 increpationis
2925 5101 3160 5155 tenent:
3210 5114 3406 5171 neque
3433 5098 3596 5154 enim

1939 5191 2158 5245 cuncta
2210 5192 2485 5260 tempora
2533 5185 2824 5244 doctrinae
2867 5190 3012 5244 sunt
3056 5202 3344 5258 congrua.
3390 5184 3596 5256 Sequi-

1939 5280 2038 5334 tur
2063 5295 2075 5333 :

2006 5388 2186 5443 Vsus.
2218 5389 2308 5442 41.
2368 5387 2508 5453 Quis
2559 5388 2879 5457 prwparat
2926 5397 3100 5439 corvo
3156 5393 3345 5437 escam
3401 5393 3593 5450 suam,

1941 5476 2180 5548 quando
2201 5475 2370 5545 pulli
2390 5478 2518 5546 ejus
2548 5475 2815 5532 clamant
2845 5471 2926 5526 ad
2953 5469 3318 5526 Dominum?
3347 5497 3414 5509 -
3441 5467 3591 5534 Quid

1943 5567 2105 5624 enim
2147 5565 2306 5624 corvi
2334 5566 2639 5638 pullorum
2691 5560 2956 5629 nomine,
2987 5559 3104 5618 nisi
3153 5561 3388 5635 peccati
3424 5557 3598 5630 nigra
