4130 6146
607 141 712 198 455
1663 133 1720 188 S.
1761 129 2028 187 ODONIS
2065 127 2255 184 ABBA'

2399 85 2903 180 CLUNIACENSIS
2921 123 2988 186 ,ιι
3083 181 3086 184 λ
3417 99 3422 104 ’
3856 144 3948 198 ise

607 262 900 334 gentilitas
925 257 1310 330 designatur?
1339 259 1418 314 De
1443 271 1567 328 qua
1591 269 1698 326 per
1725 253 2084 327 Prophetam
2113 249 2256 306 dici-
2297 249 2346 304 A
2375 249 2538 302 strat.
2569 245 2703 314 Sed,
2731 245 2878 302 dum
2903 245 3073 319 pulli,
3101 249 3166 334 ut
3191 244 3518 316 salventur,
3547 250 3790 326 clamant,
3810 273 3951 322 corvo

605 333 738 408 tur:
771 371 798 400 ‹‹
823 349 934 416 Qui
961 349 1066 404 dat
1101 346 1392 418 jumentis
1443 360 1645 400 escam
1675 343 1968 416 ipsorum,
1999 345 2057 396 et
2085 338 2261 411 pullis
2371 349 2510 389 esca
2539 339 2933 407 praeparatur,
2966 334 3110 408 quia
3135 333 3282 390 dum
3329 337 3578 394 verbum
3613 342 3700 396 Dei
3719 342 3842 402 boui
3865 364 3948 404 au-

605 455 944 504 corvorum,
967 459 994 486 ››
1019 441 1077 492 et
1101 435 1334 507 reliqua
1361 433 1552 504 (Psal.
1584 449 1771 498 CXLVI,
1803 431 1877 502 9).
1913 434 2021 486 Iste
2045 443 2262 484 corvus
2369 421 2592 478 ditores
2621 422 2915 492 esuriant,
2947 421 3332 495 proﬁciendis
3388 424 3466 480 eis
3499 427 3710 498 majora
3743 431 3950 491 doctori-

603 544 746 586 esea
796 527 926 594 fuit,
967 525 1118 580 dum
1173 523 1372 594 ipsam
1427 521 1750 576 Ecclesiam
1795 521 2105 592 quaereret,
2157 515 2262 570 sed
2369 509 2486 566 bus
2517 511 2916 582 intelligentiae
2947 511 3112 568 dona
3143 511 3492 570 tribuuntur.
3527 517 3805 588 Sequitur:

603 633 766 674 nunc
796 631 1000 672 escam
1053 609 1286 683 accipit,
1319 610 1462 682 quia
1505 609 1634 679 ipse
1681 609 1760 664 ad
1807 605 2262 664 conversionem
2935 601 3176 658 CAPUT
3214 601 3466 658 XXXIX.

602 708 753 764 alios
796 704 1070 778 exquirit,
1102 701 1273 771 cujus
1303 697 1576 754 videlicet
1599 697 1766 770 pulli,
1798 696 1860 752 id
1907 700 2018 762 est,
2047 692 2260 767 praedi-
2388 777 2394 778 γ
2441 690 2612 744 Vens.
2651 693 2696 745 I.
2722 690 3011 760 Nunquid
3048 691 3207 746 nosti
3251 695 3471 760 tempus
3503 693 3756 761 partibus
3779 697 3947 756 ibicum

603 803 836 855 eatores
861 811 930 850 ex
962 809 1034 849 eo
1062 790 1222 858 editi,
1240 789 1440 846 nonin
1463 805 1526 844 se
1549 791 1940 861 praesumunt,
1965 784 2071 841 sed
2091 784 2152 839 in
2173 784 2255 838 vi-

2371 777 2434 830 in
2479 779 2690 847 petris,
2721 779 2817 834 vel
2861 780 3274 848 parturientes
3320 794 3515 836 cervas
3561 781 3956 840 observasti?—

2371 865 2693 922 Meridiana
2723 883 2864 940 pars
2893 867 3078 924 ibices
3110 884 3250 924 aves
3279 873 3465 936 vocat,
3495 886 3623 942 qum
3659 871 3756 927 Nili
3777 873 3956 930 ﬂuenta

2369 952 2724 1010 inhabitant.
2760 956 3071 1012 Orientalis
3099 973 3242 1012 vero
3285 957 3766 1032 Occidentalisque
3795 962 3960 1034 plaga,

2370 1057 2560 1114 parva
2589 1045 3010 1118 quadrupedia
3037 1045 3222 1102 lbices
3243 1047 3572 1110 nominant,
3586 1049 3786 1120 quibus
3802 1057 3850 1106 et
3867 1069 3962 1108 mo-

2372 1130 2452 1186 ris
2485 1135 2573 1187 est
2597 1131 2660 1186 in
2689 1133 2872 1204 petris
2923 1149 3152 1206 parere,
3185 1134 3290 1208 qui
3336 1151 3479 1190 casu
3517 1141 3756 1200 ruentes,
3783 1139 3889 1194 suis
3916 1157 3964 1194 se

603 886 769 941 ribus
799 877 1214 952 Redemptoris
1239 877 1330 932 sui
1355 895 1366 945 ;
1401 880 1457 932 et
1485 875 1764 948 quamvis
1785 874 2128 930 animarum
2149 871 2262 944 piis

602 971 856 1028 vocibus
913 967 1196 1036 esuriant,
1231 965 1374 1022 nihil
1427 970 1627 1020 tamen
1672 979 1784 1019 sua
1829 962 2042 1018 virtute
2081 975 2262 1032 posse

604 1062 830 1118 sciunt:
877 1081 904 1110 «
934 1057 1084 1122 Quia
1107 1071 1305 1128 neque
1353 1054 1458 1126 qui
1487 1053 1718 1126 plantat
1745 1057 1833 1108 est
1881 1051 2132 1124 aliquid,
2155 1065 2260 1106 ne-

605 1166 723 1223 que
769 1147 874 1220 qui
923 1147 1095 1214 rigat,
1146 1143 1252 1199 sed
1299 1142 1400 1214 qui
1459 1141 1897 1197 incrementum
1949 1138 2072 1205 dat,
2109 1140 2262 1193 Deus

607 1221 662 1310 (Ῐ
681 1239 818 1294 Cor.
853 1251 932 1304 Ill,
951 1235 1063 1304 7).»
1081 1231 1384 1304 Sequitur:
1403 1231 1697 1300 Vaga-ales
1727 1243 1790 1284 eo
1819 1227 1980 1298 quod
2005 1243 2126 1282 non
2153 1225 2262 1282 ha-
2372 1221 2657 1276 cornibus
2685 1221 2852 1278 illaesi
2885 1223 3235 1296 suscipiunt.
3262 1225 3580 1280 Cervorum
3609 1241 3738 1282 vero
3766 1243 3877 1302 mos
3901 1235 3966 1284 est

605 1327 780 1382 beant
823 1323 1000 1380 cibos.
1029 1353 1099 1362 —
1143 1324 1206 1375 In
1249 1320 1363 1374 hac
1391 1317 1710 1386 vagatione
1741 1315 1825 1371 nil
1865 1314 2029 1371 aliud
2075 1329 2261 1388 quam
2374 1315 2681 1380 serpentes
2699 1311 3173 1381 exstinguere,et
3201 1312 3452 1368 tlumina
3479 1317 3825 1371 transeuntes
3843 1318 3966 1389 capi-

603 1412 984 1470 mstuantium
1000 1409 1462 1484 praedicatorum
1483 1409 1624 1461 vota
1645 1407 1976 1474 signantur,
1991 1403 2096 1476 qui
2116 1403 2264 1458 dum
2373 1401 2502 1452 tum
2533 1414 2720 1455 onera
2746 1399 3008 1456 vicissim
3059 1400 3227 1456 ferre.
3263 1403 3326 1456 In
3357 1402 3545 1458 cervis
3569 1419 3702 1459 vero
3731 1403 3814 1459 vel
3837 1405 3966 1460 ibici-

601 1504 666 1560 in
690 1501 968 1558 Ecclesiae
1005 1499 1204 1554 sinum
1233 1496 1494 1569 recipere
1522 1493 1782 1566 populos
1813 1493 2106 1560 ambiunt,
2139 1507 2264 1547 ma-
2373 1485 2510 1556 bus,
2541 1489 2972 1558 magistrorum
3004 1490 3402 1563 spiritualium
3447 1507 3693 1564 persona
3727 1493 3966 1562 signatur,

604 1607 724 1662 gno
750 1589 963 1646 ardore
993 1585 1288 1654 succensi,
1319 1599 1483 1640 nunc
1507 1582 1610 1638 'ad
1649 1598 1780 1648 nos,
1809 1597 1972 1637 nunc
2020 1579 2098 1636 ad
2131 1579 2262 1634 illos
2293 1592 2336 1648 Β
2373 1577 2480 1648 qui
2503 1576 2566 1631 in
2593 1578 2772 1648 petris
2805 1579 3064 1650 pariunt,
3085 1579 3234 1636 dum
3264 1579 3326 1636 in
3348 1580 3616 1638 doctrina
3645 1583 3970 1654 Patrum,qui

2373 1669 2543 1736 petra
2569 1679 2680 1737 pro
2711 1665 3004 1724 soliditate
3045 1668 3238 1724 vocati
3269 1673 3427 1740 sunt,
3461 1669 3537 1725 ad
3585 1669 3969 1725 conversionem

2373 1752 2609 1808 animas
2655 1754 2926 1826 gignunt,
2957 1755 3074 1832 ipsi
3126 1757 3350 1813 nullius
3405 1773 3581 1814 casus
3623 1757 3829 1814 damna
3877 1774 3973 1813 sen-

2371 1841 2546 1912 tiunt,
2575 1843 2718 1914 quia
2763 1843 3060 1916 quidquid
3107 1845 3191 1900 eis
3241 1846 3432 1901 ruinae
3473 1846 3798 1920 temporalis
3821 1861 3973 1902 acces-

2373 1931 2532 2001 serit,
2583 1932 2836 2001 geminis
2889 1949 2952 1988 se
3003 1933 3065 1988 in
3123 1936 3515 1992 Testamentis
3561 1936 3879 2010 suscipiunt.
3915 1937 3972 1989 De

2371 2019 2593 2092 quibus
2619 2020 2835 2076 dicitur
2863 2040 2874 2077 :
2907 2022 3188 2078 «Cornua
3211 2023 3274 2079 in
3303 2025 3588 2082 manibus
3617 2025 3738 2096 ejus
3767 2025 3966 2082 (Eabae.

2372 2125 2450 2177 ιιι,
2497 2111 2612 2180 4).»
2672 2111 2772 2165 His
2825 2127 2885 2167 se
2945 2111 3278 2185 excipiebat
3326 2114 3611 2170 cornibus
3659 2113 3854 2171 Paulus
3903 2113 3969 2168 di-

2372 2213 2557 2254 cens:
2616 2200 3052 2274 «Quaecunque
3108 2202 3332 2275 scripta
3411 2207 3580 2274 sunt,
3627 2203 3700 2260 ad
3761 2207 3972 2258 nostram

2371 2286 2708 2342 doctrinam
2754 2289 2976 2362 scripta
3021 2295 3178 2362 sunt,
3197 2313 3224 2341 »
3265 2297 3378 2350 etc.
3427 2293 3614 2364 (Rom.
3653 2309 3744 2358 xv,
3781 2295 3850 2356 4.)
3891 2290 3976 2363 Ipsi

2370 2375 2550 2431 etiam
2623 2376 2782 2432 cervi
2853 2379 3053 2434 vocati
3121 2385 3278 2436 sunt.
3367 2384 3436 2438 Ut
3507 2381 3650 2437 illud
3719 2380 3972 2438 Jeremiai:

2372 2485 2400 2514 ‹‹
2429 2465 2614 2520 Cerva
2659 2465 2720 2520 in
2763 2481 2909 2536 agro
2957 2469 3188 2540 peperit
3231 2475 3288 2526 et
3317 2469 3556 2543 reliquit
3587 2471 3721 2541 (Jer.
3753 2485 3854 2534 xiv,
3879 2467 3936 2538 5).
3957 2489 3975 2512 ιδ

2370 2551 2488 2623 Ipsi
2539 2568 2706 2608 more
2757 2569 3070 2611 cervarum
3116 2555 3496 2630 interemptis
3527 2557 3678 2614 vitiis
3719 2555 3868 2630 quasi
3893 2568 3980 2608 ser-

2369 2643 2578 2713 pentes
2623 2641 2850 2714 vivunt,
2879 2649 2936 2699 et
2981 2643 3058 2700 ad
3109 2645 3340 2702 fontem
3387 2647 3522 2703 vitae
3570 2645 3762 2702 acrius
3789 2641 3976 2700 inarde-

604 1675 970 1746 colligendos
1029 1673 1394 1730 desiderium
1437 1671 1694 1727 mittunt.
1745 1669 1926 1736 Quasi
1979 1667 2263 1742 quaedam

602 1765 829 1838 quippe
863 1763 1093 1834 vagatio
1141 1767 1230 1818 est
1279 1759 1815 1834 ipsa,cogitationis
1845 1757 2135 1814 restuatio.
2171 1757 2262 1813 Sic

602 1853 828 1926 quippe
884 1851 1106 1907 Paulus
1139 1849 1388 1906 transire
1436 1849 1514 1904 ad
1563 1847 1680 1904 alia
1722 1863 1794 1902 ex
1843 1847 1972 1902 aliis
2017 1845 2260 1918 appetit,

603 1941 746 2013 quia
773 1940 906 2013 ipsa
936 1955 1075 1995 eum
1101 1955 1236 2010 quae
1257 1936 1464 2009 implet
1485 1936 1742 1992 charitas
1763 1934 2032 2008 impellit.
2057 1937 2263 1990 Reten-

601 2032 699 2086 tus
753 2029 993 2102 Ephesi,
1033 2025 1348 2083 Corinthiis
1405 2025 1642 2082 scribit:
1693 2027 1888 2080 «Ecce
1937 2023 2104 2080 tertio
2149 2024 2262 2078 hoc

601 2121 848 2189 paratus
882 2131 1018 2172 sum
1048 2115 1247 2170 venire
1291 2113 1369 2169 ad
1399 2129 1508 2169 vos
1539 2113 1630 2184 (II
1647 2113 1784 2168 Cor.
1813 2129 1915 2180 xu,
1948 2113 2092 2182 14).»
2123 2114 2264 2166 Rur-

601 2221 738 2260 sum
769 2205 984 2276 Ephesi
1034 2219 1438 2270 commorans,
1469 2201 1686 2258 Galatia
1725 2200 1989 2274 loquitur
2016 2200 2220 2256 dicens
2245 2217 2256 2254 :

601 2315 630 2344 «
653 2293 876 2349 Vellem
915 2291 1100 2348 modo
1139 2307 1268 2346 esse
1309 2289 1476 2363 apud
1517 2307 1642 2357 vos,
1675 2293 1732 2345 et
1777 2293 2012 2345 mutare
2053 2305 2261 2344 vocem

599 2398 800 2438 meam
831 2382 989 2454 (Gal.
1009 2398 1084 2448 1v,
1114 2384 1262 2448 20).»
1297 2381 1498 2435 Potest
1521 2378 1698 2434 etiam
1722 2377 1880 2434 corvi
1905 2377 2148 2433 nomine
2169 2377 2260 2432 ni-

601 2487 707 2541 gra
737 2486 844 2542 per
871 2468 1235 2526 inﬁdelitatis
1278 2467 1558 2522 meritum
1599 2466 1770 2538 plebs
1821 2465 2062 2522 Iudaica
2105 2466 2260 2521 desi-

601 2559 792 2630 gnari.
826 2557 974 2613 Pulli
1019 2557 1308 2612 nimirum
1348 2555 1536 2612 sancti
1585 2553 1840 2627 apostoli
1881 2558 2037 2623 sunt,
2069 2554 2261 2626 plebis

601 2645 934 2702 Israeliticae
966 2660 1144 2700 carne
1168 2643 1464 2714 generati;
1498 2643 1602 2715 qui
1632 2642 1780 2698 dum
1811 2657 1921 2715 pro
1947 2647 2120 2713 gente
2152 2659 2262 2698 sua

600 2735 682 2792 ad
709 2735 1030 2790 Dominum
1077 2748 1285 2805 preces
1315 2731 1651 2798 funderent,
1680 2731 1856 2804 quasi
1881 2731 2030 2804 pulli
2059 2747 2262 2788 corvo-
2371 2733 2566 2784 scunt.
2601 2729 2742 2785 Hinc
2769 2731 3058 2804 scriptum
3089 2739 3214 2790 est:
3259 2757 3286 2784 «
3307 2735 3474 2792 Sicut
3497 2751 3704 2792 cervus
3732 2731 3976 2790 desiderat

599 2840 737 2880 rum
788 2839 926 2879 eum
971 2823 1046 2878 de
1094 2837 1218 2894 quo
1267 2819 1580 2876 carnaliter
1631 2820 1772 2876 editi
1821 2825 1960 2877 sunt
2013 2820 2262 2894 spiritali
2371 2817 2450 2873 ad
2493 2818 2687 2874 fontes
2730 2837 3050 2893 aquarum,
3083 2830 3191 2879 etc.
3245 2825 3443 2891 (Psal.
3477 2841 3590 2894 xm,
3623 2825 3694 2896 2.)
3725 2822 3828 2896 Ipsi
3865 2821 3978 2874 dum

599 2913 984 2983 intelligentia
1031 2913 1341 2984 parentem
1385 2910 1680 2983 populum
1731 2915 2045 2982 paverunt.
2079 2911 2262 2981 Igitur
2299 2935 2342 2990 ο
2369 2903 2632 2963 labentia
2659 2908 2842 2980 hujus
2869 2909 3322 2982 temporalitatis
3353 2917 3666 2969 momenta
3680 2909 3839 2984 quasi
3857 2923 3980 2980 quie-

599 3003 749 3059 dum
786 3003 952 3073 pulli
979 3003 1267 3062 clamant,
1304 3015 1484 3056 corvo
1527 3015 1664 3055 esca
1693 3004 2083 3072 praeparatur,
2117 2999 2262 3072 quia
2370 2993 2514 3050 dam
2563 2996 2816 3053 ﬂumina
2873 3003 3182 3056 transeunt
3229 3003 3666 3076 compatientes
3723 2997 3976 3060 charitate,

598 3092 748 3148 dum
801 3089 1057 3164 apostoli
1099 3093 1369 3157 exorant,
1397 3088 1570 3161 plebs
1621 3089 1856 3144 dudum
1903 3089 2135 3162 perﬁda
2182 3091 2254 3145 ad
2370 3097 2556 3139 onera
2585 3101 2694 3140 sua
2713 3085 2970 3142 invicem
2995 3092 3255 3160 portant,
3279 3089 3606 3162 implentes
3629 3085 3979 3162 quoddictum

599 3181 1003 3252 cognitionem
1057 3178 1196 3234 ﬁdei
1246 3177 1504 3248 ducitur,
1538 3183 1594 3234 et
1635 3193 1708 3233 ex
1735 3177 2160 3250 praedicatione
2189 3179 2259 3234 ﬁ-

597 3270 835 3336 liorum,
863 3269 1012 3324 dum
1055 3266 1228 3322 Judae
1263 3265 1516 3322 audiens
1545 3266 1730 3321 modo
1775 3267 1836 3321 in
1866 3266 2058 3322 tribus
2089 3267 2260 3322 milli-

598 3358 714 3413 bus
745 3359 899 3424 (Act.
932 3373 992 3422 ιι,
1019 3359 1134 3423 41),
1167 3353 1350 3410 modo
1403 3354 1466 3408 in
1503 3353 1771 3427 quinque
1799 3353 2066 3410 millibus
2099 3357 2256 3424 (Act.

597 3463 678 3518 iv,
709 3449 786 3515 4),
820 3442 1108 3516 spirituali
1147 3445 1236 3498 est
1283 3441 1671 3512 intelligentia
1716 3442 1947 3499 satiata.
1993 3444 2104 3500 Sed
2153 3461 2259 3501 va-

599 3539 809 3605 gantes
839 3531 986 3605 pulli
1016 3546 1198 3586 corvo
1225 3529 1363 3585 huic
1411 3531 1740 3586 esurientes
1768 3530 2133 3603 quaesierunt
2175 3549 2261 3590 es-

599 3639 757 3692 cam,
811 3621 974 3694 quia,
1023 3619 1228 3675 Judsea
1275 3619 1514 3675 credere
1555 3619 1814 3690 nolente,
1875 3621 2133 3693 apostoli
2197 3623 2260 3678 in

599 3710 966 3781 universam,
995 3707 1208 3764 mundi
1237 3713 1472 3780 partem
1519 3708 1776 3780 dispersi
1807 3712 1963 3777 sunt,
1995 3709 2260 3767 dicentes

597 3797 1006 3856 resistentibus
1031 3813 1044 3852 :
1080 3819 1108 3846 ‹‹
1132 3795 1310 3853 Vobis
1335 3795 1582 3870 quidem
1611 3797 1876 3870 primum
1915 3803 2260 3870 oportuerat

595 3889 762 3962 loqui
787 3886 1042 3945 verbum
1075 3885 1194 3955 Dei,
1224 3885 1332 3942 sed
1374 3886 1664 3958 quoniam
1693 3885 1972 3960 repellitis
2002 3887 2170 3959 illud,
2203 3893 2258 3946 et

593 3977 874 4050 indignos
901 3993 1010 4034 vos
1034 3975 1318 4048 judicatis
1348 3979 1582 4032 aeternae
1609 3976 1765 4045 vitae,
1797 3992 1935 4033 ecce
1973 3979 2258 4036 converti-

593 4084 732 4124 mur
777 4067 856 4125 ad
905 4071 1110 4138 gentes
1161 4067 1320 4135 (Act.
1349 4081 1469 4134 xm,
1499 4067 1662 4137 46).»
1707 4069 1987 4140 Tuncque
2037 4084 2252 4124 corvus
2367 4063 2434 4119 In
2481 4065 2662 4138 petris
2692 4081 2834 4123 vero
2880 4065 3064 4124 ibices
3119 4069 3386 4142 pariunt,
3419 4071 3572 4144 quia
3601 4071 3678 4128 ad
3707 4061 3981 4125 exercenda

591 4172 794 4214 escam
823 4155 1061 4223 invenit,
1096 4156 1242 4228 quia
1269 4171 1560 4211 conversa
1609 4155 1930 4224 gentilitate
1965 4157 2250 4214 Judaicus
2369 4158 2580 4210 Sancta
2607 4171 2811 4228 opera,
2843 4171 2951 4228 per
2983 4157 3262 4231 exempla
3291 4163 3544 4217 Patrum
3575 4153 3980 4234 praecedentium

589 4243 856 4344 populus
885 4243 1340 4344 adhextremu'm‘
1373 4242 1678 4299 stultitiam
1713 4259 1836 4298 suae
1889 4243 2250 4302 inﬁdelitatis
2291 4288 2335 4344 ο
2365 4241 2798 4314 fecundantur,
2857 4250 2922 4301 ut
2979 4262 3118 4302 cum
3189 4247 3449 4306 fortasse
3507 4255 3802 4324 praecepta
3843 4239 3982 4334 subii:

590 4333 904 4404 relinquet.
960 4331 1120 4388 Sicut
1165 4331 1453 4402 scriptum
1501 4335 1608 4388 est.
1655 4333 1900 4390 «Donec
1941 4333 2252 4406 plenitudo
2291 4325 2334 4344 "
2362 4331 2486 4388 mia
2543 4331 2816 4404 audiunt,
2883 4339 2939 4390 et
3021 4335 3384 4394 inﬁrmitatis
3471 4339 3732 4412 propriae
3804 4325 3982 4389 conscii

591 4422 860 4492 gentium
911 4420 1172 4487 intraret,
1207 4424 1264 4475 et
1311 4419 1396 4476 sic
1453 4419 1649 4476 omnis
1701 4422 1878 4479 Israel
1926 4423 2126 4481 salvus
2153 4425 2254 4484 ﬁet
2359 4434 2464 4476 COS
2525 4419 2772 4494 implere
2838 4439 3018 4495 posse
3085 4423 3404 4495 difﬁdunt,
3467 4428 3773 4500 majorum
3837 4421 3984 4478 vitam

593 4509 779 4581 (Rom.
809 4525 891 4578 x1,
921 4513 1014 4574 25,
1043 4512 1212 4576 26).»
1266 4510 1609 4565 Monam-aa.
1644 4509 1868 4566 Corvus
1902 4511 2073 4568 editis
2123 4515 2252 4586 pul-
2357 4509 2759 4584 conspiciunt,
2813 4515 2992 4584 atque
3044 4513 3106 4568 in
3165 4530 3382 4572 eorum
3435 4516 3814 4573 considerata
3857 4505 3984 4565 forti-

587 4597 681 4668 lis,
729 4601 796 4654 ut
839 4597 1044 4668 fertur,
1093 4611 1298 4652 escam
1355 4595 1529 4669 plene
1581 4596 1848 4670 praebere
1888 4599 2246 4672 dissimulat,
2357 4597 2562 4654 tudine
2627 4597 2930 4656 bonorum
3005 4617 3260 4674 operum
3333 4605 3498 4662 fetus
3563 4606 3810 4678 ponant,
3855 4591 3986 4654 verbi

587 4687 944 4761 priusquam
977 4685 1408 4760 plumescendo
1455 4686 1815 4756 nigrescant.
1849 4689 2072 4744 Corvus
2115 4705 2250 4762 pro-
2355 4688 2582 4757 gratia:
2617 4689 2953 4747 Verborum
2996 4694 3375 4751 contumeliis
3427 4713 3704 4769 pressus,
3745 4707 3872 4750 cum
3895 4686 3982 4741 vir-

2353 4781 2541 4834 tutem
2595 4779 2897 4852 patientia:
2953 4798 3186 4840 servare
3239 4801 3366 4842 non
3423 4786 3675 4858 sufﬁcit,
3725 4777 3891 4842 David
3927 4775 3985 4831 fa-

2354 4869 2516 4922 ctum
2567 4868 2646 4924 ad
2682 4869 3039 4926 memoriam
3092 4872 3355 4930 reducat.
3403 4875 3805 4932 Parturientes
3857 4865 3984 4923 enim

2353 4969 2564 5011 cervas
2619 4957 2940 5015 observare
2984 4965 3092 5022 est,
3123 4961 3289 5034 ipsos
3333 4963 3588 5022 labores
3637 4967 3884 5024 Patrum.
3907 4947 3986 5026 qui

2351 5043 2644 5115 spiritales
2695 5047 2850 5105 tilios
2903 5055 3256 5120 genuerant,
3313 5061 3505 5110 cauta
3550 5045 3986 5112 consideratione

2370 3175 2458 3227 est
2482 3189 2494 3226 :
2530 3194 2558 3222 «
2583 3174 2842 3230 Invicem
2873 3190 3060 3232 onera
3078 3198 3106 3225 ››
3135 3181 3340 3234 vestra
3365 3201 3394 3228 ‹‹
3419 3185 3706 3252 portate,»
3735 3181 3834 3237 etc,
3855 3175 3976 3244 (θαι.

2369 3275 2452 3330 vi,
2485 3263 2564 3334 2.)
2595 3263 2744 3328 Quia
2773 3279 2912 3320 vero
2941 3271 3076 3337 post
3115 3265 3453 3324 adventum
3485 3265 3715 3324 Domini
3740 3260 3979 3337 spiritales

2369 3351 2638 3420 magistri
2687 3369 2794 3425 per
2841 3353 3140 3410 mundum
3173 3357 3376 3427 sparsi
3408 3363 3573 3426 sunt,
3607 3361 3668 3412 ut
3713 3354 3914 3411 animas
3936 3349 3980 3404 in

2367 3438 2486 3496 ﬁde
2511 3441 2900 3513 praedicando
2938 3443 3180 3514 gignere
3227 3447 3597 3518 potuissent,
3628 3451 3684 3502 et
3709 3443 3840 3520 quia
3877 3447 3982 3498 tem-

2367 3545 2483 3602 pus
2511 3530 2939 3588 incarnationis
2991 3533 3228 3590 Domini
3280 3541 3425 3593 ante
3467 3535 3874 3610 prophetarum
3909 3541 3980 3582 vo-

2367 3631 2466 3672 ces
2497 3618 2804 3688 cognitum
2827 3635 2952 3676 non
2982 3619 3110 3694 fuit,
3141 3625 3430 3694 quamvis
3455 3625 3593 3697 ipsa
3629 3622 3816 3680 futura
3835 3619 3981 3675 incar-

2367 3705 2530 3762 natio
2583 3707 2951 3779 praecognita
3004 3710 3288 3766 omnibus
3353 3713 3559 3770 electis
3619 3711 3810 3780 fuerit,
3865 3707 3980 3761 bene

2365 3793 2580 3852 beatus
2625 3796 2736 3853 Job
2789 3797 2864 3854 de
2897 3802 3165 3872 tempore
3195 3807 3412 3874 partus
3441 3802 3692 3872 ibicum,
3719 3807 3980 3856 cervarum

2367 3883 2695 3942 discutitur.
2729 3886 2988 3944 Possunt
3031 3904 3173 3945 vero
3227 3905 3556 3948 cervarum
3611 3885 3980 3962 signiﬁcatione

2367 3973 2661 4048 doctores,
2696 3975 3094 4049 appellatione
3141 3978 3372 4038 ibicum
3425 3981 3730 4039 auditores
3765 3970 3976 4041 intelligi

587 4775 740 4833 fecto
803 4780 894 4832 est
948 4775 1161 4832 doctus
1216 4774 1472 4848 quisque
1537 4775 1914 4849 praedicator,
1973 4783 2246 4850 peccato-

586 4879 724 4918 rum
791 4880 1038 4920 suorum
1097 4863 1470 4933 nigredinem
1535 4865 1718 4920 menti
1773 4866 2087 4934 reducens,
2151 4869 2247 4925 cui

587 4950 834 5022 quidem
863 4956 1193 5007 nascuntur
1239 4953 1300 5006 in
1343 4951 1462 5008 fide
1510 4953 1822 5026 discipuli;
1861 4955 1969 5012 sed
1995 4957 2246 5015 fortasse

585 5039 735 5095 dum
787 5055 824 5096 a
871 5038 1130 5111 peccatis
1179 5040 1490 5112 praeteritis
1545 5043 1902 5100 memoriam
1949 5049 2240 5116 avertunt,

585 5127 937 5186 humilitatis
993 5126 1368 5198 nigredinem
1441 5143 1566 5184 non
1621 5131 1961 5204 ostendunt,
2019 5132 2243 5205 quibus

585 5215 880 5274 discretus
934 5214 1144 5272 doctor
1217 5214 1500 5272 sublimia
1552 5215 1777 5274 discere
1834 5219 2242 5291 quaerentibus

583 5304 818 5362 interna
865 5301 1152 5376 mysteria
1197 5317 1318 5358 non
1367 5301 1677 5360 ministrat.
1714 5305 1770 5362 Si
1804 5321 1947 5363 vero
1995 5307 2055 5363 in
2103 5323 2243 5364 con-

2349 5146 2625 5232 Ρρῐιὲἂΐθτ
2659 5137 2852 5232 Cottio:
2873 5137 3096 5232 quippe
3131 5157 3194 5198 se
3220 5140 3660 5200 observatione
3689 5127 3986 5228 circumspi-

2351 5221 2534 5292 ciunt,
2567 5228 2632 5280 ut
2661 5224 2780 5282 sint
2827 5226 3006 5284 fortes
3045 5227 3109 5284 in
3147 5232 3472 5304 praeceptis
3503 5229 3918 5306 compatientes
3941 5219 3988 5306 in

2348 5309 2815 5378 inﬁrmitatibus.
2845 5317 2908 5372 in
2951 5316 3131 5374 minis
3159 5319 3479 5394 terribiles,
3512 5322 3578 5378 in
3612 5305 3990 5378 exhortationi-

585 5393 844 5484 fessione
893 5393 1030 5450 vita:
1101 5391 1407 5484 praeteritae
1487 5391 1752 5484 lamenta
1810 5395 1918 5484 sui
1983 5397 2241 5466 gemitus
2345 5397 2462 5456 bus
2487 5399 2716 5458 blandi.
2747 5405 2858 5470 Qui
2877 5422 2985 5479 per
3005 5409 3271 5480 vigorem
3297 5391 3648 5484 disciplinae
3675 5413 3862 5466 Patres
3881 5399 3992 5456 sunt

583 5482 742 5538 v.1ut
765 5483 1170 5552 nigrescentes
1201 5481 1440 5555 plumas
1467 5481 1960 5553 proferant,illico
1981 5485 2240 5542 esurien-

585 5568 743 5627 tibus
788 5569 1096 5646 discipulis
1135 5572 1421 5632 alimenta
1455 5571 1586 5628 vitae
1614 5570 1918 5644 loquendo
1949 5572 2237 5634 submini-

2347 5505 2450 5559 per
2500 5491 2734 5561 pietatis
2795 5494 3020 5553 viscera
3074 5513 3203 5554 esse
3253 5502 3486 5554 matres
3527 5497 3844 5560 noverunt,
3873 5485 3990 5562 quia

2346 5575 2582 5636 labores
2605 5587 2824 5640 sancta:
2851 5587 3259 5660 conceptionis
3281 5585 3572 5659 tolerant,
3591 5594 3652 5647 et
3671 5573 3992 5661 proferendo
