4112 6152
263 127 356 180 457
977 113 980 117 ’
1063 116 1355 173 ΕΡΙΤΟΜΕ
1392 115 1754 173 MORALIUM
1793 115 1850 172 S.
1891 118 1902 168 t

2012 115 2095 171 BG.
2132 113 2201 170 ΙΝ
2238 115 2379 172 JOB.
2414 146 2484 157 —
2513 113 2648 174 LIB.
2690 121 2838 176 XXX.

3549 124 3657 179 458

265 244 352 303 Dei
381 241 532 298 ﬁlios
564 241 721 298 intra
772 246 1004 298 uterum
1032 240 1333 297 charitatis
1387 243 1645 313 portant.
1695 238 1901 312 Sequi-
1931 243 1976 294 Α
2081 241 2246 294 Vens.
2281 243 2332 295 5'.
2361 239 2504 307 Quis
2531 241 2758 297 dimisit
2783 257 3078 313 onagrum
3098 243 3348 301 liberum
3379 246 3443 302 in
3463 247 3668 303 solitu-

263 341 372 392 tur:

325 424 484 476 Vens.
499 424 550 475 2.
567 420 639 475 Si
651 420 985 476 numerasti
992 434 1216 475 menses
1234 423 1555 487 conceptus
1582 431 1812 473 earum.
1829 447 1898 457 —

263 508 572 576 Subaudis,
603 513 665 563 ut
714 523 848 578 ego,
877 508 980 580 qui
1024 507 1079 562 in
1130 507 1351 563 sanctis
1401 505 1899 579 praedicatoribus

258 615 371 656 non
393 598 585 653 solum
608 597 831 652 fructus
851 596 1156 652 exterioris
1185 597 1402 669 operis,
1436 595 1540 652 sed
1584 595 1746 668 ipsas
1773 594 1902 650 diu-

257 689 398 745 tinas
426 685 814 756 cogitationes
843 701 1116 752 numero,
1155 685 1300 758 quia
1342 684 1419 740 ad
1450 683 1900 740 retributionem

261 790 441 831 servo.
496 773 694 830 Sancti
721 772 878 828 enim
909 773 1014 828 viri
1047 789 1184 828 cum
1238 772 1312 828 de
1365 771 1635 844 profectu
1671 769 1902 827 audito-

259 879 378 920 rum
408 861 692 932 cogitant,
750 861 924 933 quasi
973 861 1101 930 jam
1151 860 1211 915 in
1250 863 1486 916 uterum
1544 863 1902 931 conceptum

257 956 524 1026 portant;
574 949 700 1018 sed,
729 967 867 1006 cum
919 949 1232 1013 nonnulla,
1263 965 1400 1021 quae
1446 948 1704 1004 dicenda
1742 952 1900 1014 sunt,

256 1042 548 1110 differunt,
593 1046 651 1097 et
679 1045 888 1112 aptum
929 1039 1053 1095 suis
1105 1037 1618 1094 exhortationibus
1665 1041 1903 1110 tempus

253 1129 728 1203 quaerunt,veluti
750 1133 1166 1201 aperto,quem
1187 1126 1313 1183 ﬁeri
1339 1131 1648 1200 appetunt,
1665 1126 1726 1182 in
1738 1141 1903 1182 men-

255 1219 398 1274 sium
423 1218 760 1291 prolixitate
819 1216 1167 1273 dilatantur.
1225 1219 1478 1272 Possunt
1505 1231 1612 1289 per
1638 1230 1900 1282 menses,

251 1308 386 1382 quia
413 1306 686 1378 congesti
703 1307 830 1362 dies
860 1310 1019 1377 sunt,
1037 1306 1216 1362 etiam
1233 1304 1639 1378 multiplicatae
1655 1305 1902 1360 virtutes

250 1395 508 1466 intelligi.
542 1397 606 1450 In
636 1393 950 1450 mensibus
981 1409 1226 1468 quoque
1259 1393 1406 1450 luna
1436 1391 1788 1460 renascitur,
1815 1389 1903 1445 ni-

250 1485 442 1558 hilque
475 1484 676 1541 obstat
703 1486 750 1540 si
780 1499 888 1558 per
942 1499 1178 1540 menses
1209 1499 1382 1539 novae
1437 1478 1903 1553 regenerationis

2008 327 2148 384 dine
2168 331 2196 383 ξ)
2221 357 2296 368 -
2346 327 2646 385 Subaudis
2676 333 2742 385 ut
2769 345 2881 399 ego
2904 330 2931 384 ‘?
2984 332 3094 387 Per
3125 348 3425 405 onagrum
3457 351 3668 392 eorum

2007 413 2130 470 vita
2158 414 2447 485 signatur,
2477 414 2622 488 quia
2652 416 2840 472 turbis
2870 419 3264 490 popularibus
3291 423 3504 480 remoti
3532 439 3671 480 con-

2008 505 2455 570 versantur.Qui
2475 510 2611 578 apte
2628 505 2806 562 etiam
2837 506 2985 562 liber
3015 509 3231 566 dicitur
3246 511 3392 584 quia
3423 529 3667 583 magna,

2008 598 2098 650 est
2125 594 2376 650 servitus
2407 595 2781 651 saecularium
2830 597 3204 668 negotiorum
3253 602 3473 674 quibus
3499 620 3671 660 mens

2009 682 2390 738 vehementer
2419 683 3013 757 atteritur,.quamvis
3043 685 3105 742 in
3136 687 3220 742 eis
3252 695 3465 761 sponte
3494 691 3670 747 desu-

2010 770 2204 838 detur,
2232 787 2302 827 ac
2345 772 2392 828 sl
2418 789 2600 844 quem
2627 773 2811 829 semel
2839 790 2876 830 a
2907 773 3318 834 dominatione
3347 778 3670 836 desiderio-

2009 875 2146 915 rum
2177 859 2330 916 colla
2347 862 2564 917 mentis
2583 862 2926 932 excusserit,
2949 863 3221 936 quadam
3243 866 3374 936 jam
3403 866 3671 924 libertate

2011 948 2352 1022 perfruitur,
2384 950 2462 1006 ab
2492 951 2606 1007 hoc
2663 952 2831 1022 gravi
2871 953 3020 1024 jugo
3051 955 3344 1011 servitutis
3384 957 3671 1013 Dominus

2011 1042 2251 1094 revocat
2277 1037 2516 1094 dicens:
2547 1061 2575 1088 ‹‹
2607 1040 2806 1095 Venite
2829 1040 2906 1096 ad
2932 1057 3048 1108 me,
3067 1058 3278 1099 omnes
3307 1043 3411 1116 qui
3436 1043 3672 1101 labora-

2013 1127 2106 1197 tis,
2137 1132 2194 1184 et
2218 1128 2446 1184 onerati
2470 1128 2612 1198 estis
2637 1130 2875 1200 (Matth.
2915 1147 2974 1200 ιι,
3027 1132 3140 1203 28).
3196 1133 3364 1189 Liber
3406 1149 3550 1205 ergo
3584 1134 3673 1190 di-

2012 1215 2282 1287 mittitur,
2313 1217 2457 1290 quia
2512 1217 2754 1274 calcatis
2780 1220 3031 1274 terrenis
3083 1220 3391 1278 desideriis
3446 1223 3672 1296 appeti-

2013 1304 2172 1360 tione
2199 1320 2400 1362 rerum
2431 1307 2854 1378 temporalium
2881 1309 3261 1367 securitatem
3290 1313 3506 1368 mentis
3535 1328 3672 1368 exo-

2012 1398 2201 1450 nerat.
2233 1397 2497 1451 Mvsricx.
2523 1399 2637 1451 Nec
2663 1396 2981 1466 indignum
3009 1398 3146 1470 quis
3166 1399 3395 1470 judicet
3425 1417 3532 1474 per
3557 1402 3671 1458 tale

2013 1482 2260 1551 animal,
2283 1484 2661 1541 incarnatum
2695 1485 3016 1542 Dominum
3041 1502 3219 1561 posse
3269 1489 3538 1562 ﬁgurari,
3569 1491 3673 1564 qui

251 1579 518 1630 creatura
545 1574 831 1644 signetur.
867 1576 944 1630 De
997 1589 1122 1646 qua
1175 1573 1395 1629 Paulus
1446 1570 1754 1645 apostolus
1784 1569 1898 1626 ait:
1931 1587 1973 1642 Β
2010 1571 2073 1627 in
2105 1572 2406 1644 Scriptura
2433 1588 2605 1630 sacra
2633 1574 2854 1629 vermis
2872 1579 2930 1630 et
2949 1577 3274 1633 scarabeus
3302 1579 3668 1636 nominatur.

252 1686 278 1712 ‹‹
305 1664 368 1719 In
395 1663 626 1720 Christo
653 1665 793 1719 Jesu
841 1678 1039 1736 neque
1067 1661 1441 1719 circumcisio
1467 1660 1695 1734 aliquid
1725 1657 1900 1727 valet,

248 1767 439 1825 neque
464 1752 846 1826 praeputium,
892 1752 996 1808 sed
1030 1768 1188 1807 nova
1213 1756 1485 1807 creatura
1513 1751 1670 1822 (Gal.
1689 1763 1769 1820 Vl,
1794 1747 1900 1818 l5),

251 1841 449 1899 Sancti
466 1843 648 1912 igitur
663 1858 802 1897 cum
819 1857 880 1897 se
903 1841 982 1897 ad
1011 1839 1467 1914 praedicandum
1484 1842 1724 1912 parant,
1735 1837 1903 1910 prius

191 1969 200 1973 -
241 1947 303 1986 se
332 1930 584 1987 interius
613 1929 928 1986 virtutibus
953 1929 1355 1998 innovant,gut
1382 1927 1462 1984 ad
1489 1927 1604 1982 hoc
1629 1925 1796 2000 quod
1821 1926 1904 1980 lo-

238 2019 490 2092 quendo
520 2019 756 2084 docent,
787 2015 1048 2072 vivendo
1077 2015 1461 2072 concordent.
1495 2017 1717 2072 Curant
1747 2029 1906 2069 sum-

239 2121 494 2178 mopere
506 2110 568 2160 ut
580 2108 787 2160 contra
802 2103 1566 2177 iram,patientiam,contra
1581 2101 1877 2157 luxuriam
1887 2143 1902 2169 ,

235 2193 435 2251 cordis
501 2193 859 2249 munditiam
915 2195 1164 2266 ponant,
1199 2192 1406 2265 sicque
1459 2191 1522 2247 in
1579 2193 1907 2263 conspectu

235 2286 468 2339 sanctae
495 2279 937 2354 praedicationis
963 2295 1200 2336 menses
1233 2278 1519 2335 virtutum
1543 2278 1716 2349 ﬁunt,
1747 2293 1903 2350 quos

239 2377 445 2428 tamen
456 2386 700 2427 menses
719 2369 1006 2426 Dominus
1022 2368 1186 2425 solus
1199 2367 1669 2442 dinumerat,qui
1689 2366 1903 2424 eadem

241 2461 406 2516 bona
435 2459 496 2514 in
519 2474 729 2515 eorum
755 2455 1037 2513 cordibus
1065 2455 1309 2512 nonnisi
1334 2456 1438 2528 qui
1460 2455 1652 2528 dedit,
1663 2457 1900 2529 pensat.

244 2547 521 2620 Sequitur
551 2563 565 2602 :
596 2547 676 2602 Et
697 2546 867 2602 scisti
892 2551 1120 2614 tempus
1143 2550 1362 2614 partus
1404 2559 1611 2601 earum
1633 2545 1660 2599 Ἰ
1691 2574 1759 2584 --
1792 2544 1901 2600 Su-

241 2637 486 2708 baudis,
515 2640 580 2692 ut
603 2651 738 2706 ego,
796 2634 921 2708 qui,
953 2634 1101 2690 dum
1142 2634 1203 2689 in
1231 2633 1586 2705 cogitatione
1614 2633 1902 2690 virtutum

240 2742 479 2782 menses
506 2725 846 2790 dinumero,
878 2723 1128 2796 quando
1154 2723 1291 2791 hoc,
1323 2722 1489 2795 quod
1517 2721 1765 2796 implere
1792 2737 1901 2796 ap-

238 2819 468 2888 petunt,
497 2829 709 2887 parere
736 2811 994 2881 valeant,
1018 2810 1160 2867 scio.
1193 2809 1470 2883 Sequitur
1495 2827 1508 2866 :

2012 1663 2081 1718 Ut
2107 1661 2290 1718 illud:
2325 1680 2357 1715 ‹
2389 1665 2511 1732 Ego
2540 1679 2676 1718 sum
2727 1663 2947 1719 vermis
2996 1664 3184 1736 (Psal.
3236 1682 3357 1734 xxi,
3389 1670 3465 1739 7).
3501 1690 3529 1717 »
3559 1671 3624 1724 Et
3655 1686 3668 1724 :

2011 1767 2042 1801 ‹
2066 1748 2397 1805 Scarabeus
2425 1748 2500 1804 de
2528 1749 2692 1819 ligno
2722 1749 3023 1807 clamavit.
3054 1773 3082 1800 η
3137 1753 3230 1808 Sic
3259 1752 3484 1826 quippe
3511 1769 3672 1824 agno

2009 1845 2067 1893 et
2089 1838 2351 1910 serpenti
2376 1844 2783 1910 comparatur.
2818 1840 2928 1894 Per
2959 1839 3082 1896 haec
3135 1839 3296 1896 enim
3322 1841 3531 1898 omnia
3554 1841 3673 1898 dici

2013 1925 2393 1996 singulariter
2419 1931 2634 1998 potest,
2661 1927 2806 1998 quia
2833 1927 2908 1982 de
2937 1927 3030 1983 his
3059 1928 3343 1984 omnibus
3373 1929 3536 1986 credi
3563 1929 3671 1986 ali-

2011 2013 2161 2088 quid
2185 2014 2570 2071 essentialiter
2609 2031 2731 2071 non
2761 2020 2974 2088 potest.
3023 2018 3223 2074 Potest
3271 2033 3416 2090 ergo
3445 2035 3674 2090 onager

2012 2103 2392 2159 incarnatum
2421 2103 2743 2159 Dominum
2773 2103 3108 2174 designare,
3153 2105 3283 2176 agri
3331 2107 3558 2180 quippe
3585 2113 3675 2165 est

2013 2190 2243 2249 animal
2270 2207 2514 2262 onager.
2546 2194 2611 2247 Et
2639 2192 2783 2264 quia
2812 2192 3156 2249 incarnatus
3217 2194 3504 2250 Dominus
3535 2211 3675 2266 gen-

2012 2279 2201 2335 tilitati
2232 2281 2429 2351 magis
2461 2296 2646 2354 quam
2704 2280 2921 2336 Judaeee
2975 2281 3216 2354 profuit,
3250 2282 3426 2354 quasi
3457 2298 3579 2339 non
3609 2284 3673 2339 in

2011 2367 2285 2438 domum,
2321 2369 2428 2424 sed
2450 2369 2649 2442 potius
2679 2368 2741 2425 in
2771 2384 2986 2439 agrum
3015 2369 3356 2426 venit.Hinc
3385 2372 3675 2445 scriptum

2010 2464 2138 2515 est:
2176 2480 2204 2508 ‹‹
2238 2458 2474 2531 Species
2527 2459 2656 2529 agri
2687 2475 2926 2514 mecum
2956 2464 3045 2515 est
3094 2460 3279 2530 (Psai.
3307 2477 3388 2529 ix,
3444 2463 3553 2534 tt).
3609 2465 3676 2518 Et

2009 2547 2154 2620 quia
2180 2547 2527 2604 incarnatus
2558 2548 2848 2603 Dominus
2877 2548 3177 2622 particeps
3234 2553 3453 2607 nostra
3482 2551 3675 2608 factus

2009 2639 2098 2692 est
2124 2640 2375 2706 naturae,
2402 2651 2526 2693 non
2555 2635 2931 2710 culpaa,liber
2955 2637 3240 2695 dimissus
3265 2639 3502 2708 dicitur,
3530 2643 3676 2713 quia

2009 2723 2126 2779 sub
2154 2723 2385 2797 peccati
2408 2723 2678 2780 dominio
2707 2740 2831 2780 non
2863 2729 3114 2782 tenetur.
3148 2729 3228 2782 De
3253 2743 3376 2800 quo
3407 2727 3558 2784 alias
3587 2727 3675 2784 di-

2011 2817 2200 2868 citur:
2235 2834 2263 2861 «
2294 2813 2449 2868 Inter
2476 2818 2746 2869 mortuos
2770 2813 2921 2869 liber
2978 2815 3164 2885 (Psat.
3198 2832 3455 2885 Lxxxvu,
3503 2816 3578 2888 5).
3643 2839 3672 2867 »

306 2907 475 2961 Vens.
509 2907 566 2960 3.
595 2905 1011 2992 Incurvantur
1039 2901 1121 2956 ad
1143 2901 1359 2992 fetum,
1387 2906 1443 2956 et
1464 2903 1745 2992 aperiunt
1771 2900 1902 2992 (pa-
1935 2937 1977 2992 ο
2013 2921 2044 2954 ‹
2070 2901 2277 2958 Omnis
2312 2924 2341 2951 »
2372 2901 2533 2957 enim
2585 2924 2612 2951 «ι
2644 2902 2749 2975 qui
2779 2901 2919 2957 facit
2970 2907 3306 2975 peccatum,
3352 2921 3558 2961 servus
3587 2911 3676 2962 est

237 2995 450 3066 riunt],
471 2998 530 3050 et
554 2993 790 3063 rugitus
809 2991 1184 3047 emittunt.—
1200 2988 1466 3060 Mugiunt
1493 2987 1901 3062 quippe,dum

235 3099 340 3156 per
369 3081 1047 3152 incurvationemjsuam
1067 3078 1130 3134 in
1155 3078 1605 3135 conversatione
1619 3077 1770 3134 lucis
1798 3094 1902 3135 au-

235 3173 502 3230 ditorum
533 3170 770 3227 animas
817 3170 1088 3240 gignunt:
1125 3168 1270 3242 quia
1298 3167 1378 3224 ab
1420 3168 1655 3224 aeternis
1681 3167 1904 3241 suppli-

235 3262 338 3318 ciis
367 3277 483 3319 nos
513 3274 846 3326 removere,
878 3258 991 3314 nisi
1011 3257 1212 3314 ﬂendo
1241 3261 1297 3313 et
1325 3256 1586 3313 dolendo
1615 3271 1738 3312 non
1769 3271 1904 3328 pos-

237 3357 395 3408 sunt.
424 3351 581 3407 Hinc
609 3347 827 3405 Paulus
856 3346 1126 3404 dicebat:
1159 3367 1188 3400 ‹
1231 3345 1413 3403 Filioli
1443 3347 1582 3416 mei,
1611 3361 1767 3418 quos
1794 3344 1902 3402 ite-

233 3457 370 3498 rum
400 3438 699 3514 parturio,
758 3437 952 3494 donec
1010 3437 1299 3494 formetur
1352 3436 1615 3493 Christus
1641 3435 1704 3492 in
1730 3434 1902 3492 vobis

237 3531 394 3603 (Gai.
430 3547 516 3597 iv,
543 3529 660 3600 19);
696 3551 725 3578 »
754 3531 840 3584 et:
873 3550 899 3577 «
929 3528 974 3584 Ο
1005 3526 1291 3583 insensati
1316 3526 1599 3596 Galatia,»
1621 3526 1897 3597 etc.(Gal.

231 3637 315 3688 iu,
351 3624 427 3689 t).
460 3616 807 3676 Notandum
836 3631 979 3672 vero
1027 3620 1116 3672 est
1143 3615 1311 3689 quod
1355 3614 1746 3672 incurventur
1772 3614 1897 3670 istae

231 3723 421 3764 cervae
449 3715 518 3764 ut
545 3706 804 3780 pariant,
839 3705 943 3778 qui
974 3704 1052 3760 ab
1083 3705 1483 3761 immensitate
1532 3701 1900 3776 contempla-

230 3797 411 3854 tionis
436 3796 688 3867 intimae,
701 3793 781 3850 ad
803 3792 1209 3849 inﬁrmitatem
1237 3797 1509 3849 nostram
1538 3791 1900 3849 condescen-

227 3885 405 3942 dunt.
466 3885 611 3941 Hinc
656 3881 879 3938 Paulus
931 3881 1052 3938 ait:
1112 3884 1237 3937 Non
1283 3881 1450 3954 potui
1505 3881 1678 3936 vobis
1732 3879 1902 3953 loqui

223 3975 409 4049 quasi
440 3972 831 4045 spiritalibus,
863 3970 966 4026 sed
993 3969 1168 4042 quasi
1198 3969 1558 4037 carnalibus,
1604 3974 1899 4042 tanquam

221 4062 512 4139 parvulis
539 4061 600 4116 in
628 4059 856 4115 Christo
885 4058 978 4114 lac
1006 4058 1178 4114 vobis
1222 4063 1436 4130 potum
1459 4057 1621 4126 dedi,
1653 4073 1777 4114 non
1807 4074 1900 4114 es-

223 4171 368 4212 cam
400 4153 464 4225 (Ῑ
481 4151 619 4208 Cor.
649 4166 731 4217 in,
769 4149 814 4217 l,
843 4149 921 4221 2).
955 4170 983 4197 ››
1021 4147 1295 4220 Sequitur
1327 4164 1340 4202 :

299 4244 488 4298 Vens.
510 4244 564 4297 4.
582 4241 966 4310 Separantur
988 4239 1107 4308 ﬁlii
1134 4252 1340 4294 earum
1356 4252 1381 4308 ,'
1402 4244 1666 4310 pergunt
1691 4237 1773 4294 ad
1787 4253 1900 4308 pa-

225 4340 413 4401 stum,
449 4332 848 4404 egrediuntur
881 4335 936 4386 et
970 4344 1091 4385 non
1113 4333 1518 4385 revertuntur.
1552 4360 1621 4368 —
1660 4331 1901 4385 Pastum

233 4423 549 4496 Scriptura
580 4435 750 4476 sacra
779 4418 926 4474 illud
976 4416 1290 4474 viriditatis
1340 4422 1576 4473 aeternas
1605 4417 1900 4492 pabulum

227 4515 432 4568 vocat.
467 4507 642 4565 Unde
673 4506 980 4563 Psalmista
1007 4505 1125 4562 ait:
1186 4528 1215 4555 ‹‹
1263 4505 1550 4561 Dominus
1603 4507 1753 4576 regit
1779 4523 1899 4577 me,

229 4606 340 4658 etc.
375 4601 506 4672 (Ps.
531 4614 677 4661 xxu,
713 4600 764 4665 t)
798 4600 856 4652 et
909 4611 1188 4650 rursum:
1237 4597 1353 4650 Nos
1383 4599 1584 4650 autem
1637 4595 1901 4668 populus

227 4688 360 4760 ejus
390 4691 450 4743 et
481 4675 629 4742 oves
653 4699 894 4758 pascuae
917 4683 1045 4754 ejus
1105 4683 1228 4754 (Ps.
1265 4697 1418 4752 xcrx,
1451 4683 1525 4753 3).
1563 4703 1592 4731 »
1642 4681 1905 4752 Pergunt

228 4793 373 4848 ergo
405 4777 491 4834 ad
521 4779 785 4848 pastum,
815 4773 960 4846 quia
987 4772 1063 4829 de
1093 4771 1448 4844 corporibus
1488 4775 1773 4828 exeuntes
1802 4770 1903 4828 illa

225 4867 460 4940 pabula
492 4865 744 4920 internae
762 4861 1072 4917 viriditatis
1102 4861 1433 4916 inveniunt.
1455 4860 1533 4915 Et
1563 4876 1682 4916 non
1710 4875 1905 4917 rever-

229 4961 452 5012 tuntur
483 4954 572 5012 ad
589 4967 710 5009 eas.
725 4950 875 5017 Quia
892 4949 953 5005 in
973 4949 1072 5005 illa
1089 4952 1366 5021 suscepta
1401 4949 1905 5022 contemplatione

221 5044 353 5116 jam
380 5043 736 5101 nullatenus
793 5038 1064 5110 indigent
1091 5038 1278 5095 verba
1321 5037 1530 5096 audire
1555 5038 1902 5095 dicentium.

231 5133 375 5188 Hinc
407 5133 581 5189 enim
608 5130 892 5202 scriptum
936 5132 1061 5196 est;
1095 5146 1125 5181 ‹
1156 5129 1283 5182 Non
1313 5125 1552 5183 docebit
1579 5126 1734 5182 ultra
1769 5126 1906 5200 quis

226 5222 592 5297 proximum
619 5236 818 5291 suum,
847 5223 904 5276 et
925 5219 1014 5274 vir
1043 5218 1285 5274 fratrem
1309 5232 1490 5273 suum
1519 5215 1724 5272 dicens
1749 5233 1762 5271 :
1797 5219 1906 5273 Co-

230 5327 462 5384 gnosce
497 5309 859 5377 Dominum;
891 5323 1105 5364 omnes
1131 5306 1292 5363 enim
1341 5310 1706 5378 cognoscent
1727 5321 1848 5376 me,
1878 5328 1908 5354 ››

227 5407 344 5458 etc.
379 5403 534 5474 (Jer.
565 5415 726 5466 xxxi,
780 5398 891 5468 34).
924 5399 991 5452 Et
1041 5394 1365 5452 Dominus:
1426 5418 1454 5445 ‹‹
1485 5394 1707 5462 Palam,
1745 5416 1773 5444 »
1818 5393 1910 5450 in-

227 5491 380 5564 quit,
417 5511 450 5544 ‹
483 5489 563 5546 de
590 5492 755 5545 Patre
785 5484 1160 5542 annuntiabo
1191 5485 1362 5541 vobis
1383 5487 1574 5556 (Joan.
1609 5501 1725 5550 xw,
1753 5487 1908 5551 25).»

223 5581 525 5655 Sequitur
553 5595 567 5633 :

648 5669 891 5723 ΡΑτιιοι..
933 5665 1202 5721 CXXXlll.

2011 2989 2244 3063 peccati
2272 2991 2467 3059 (Joan.
2500 3007 2618 3058 νιιι,
2651 2993 2761 3060 34).
2799 3013 2828 3040 ››
2856 2990 2954 3045 Hic
2999 2991 3223 3063 quippe
3267 2992 3554 3049 dimissus
3584 2999 3676 3050 est

2010 3077 2181 3147 liber,
2211 3077 2356 3150 quia
2386 3082 2665 3134 naturam
2713 3082 2982 3134 nostram
3013 3078 3368 3151 suscipiens,
3401 3080 3676 3152 iniquita-

2011 3165 2085 3222 tis
2110 3166 2262 3236 jugo
2289 3164 2649 3221 nullumodo
2680 3169 2931 3221 tenetur.
2969 3165 3246 3239 Sequitur
3277 3183 3290 3222 :
3324 3168 3403 3222 Et
3431 3169 3674 3227 vincula

2010 3256 2139 3325 ejus
2160 3256 2290 3326 quis
2319 3255 2496 3310 solvit
2517 3253 2544 3306 ?
2570 3285 2640 3294 —
2668 3253 2988 3323 Subaudis,
3021 3254 3137 3310 nisi
3165 3270 3278 3325 ego
3298 3254 3324 3308 ?
3356 3255 3675 3313 Solvuntur

2009 3357 2151 3399 vero
2179 3341 2653 3416 uniuscujusque
2682 3342 2923 3399 vincula
2963 3342 3113 3398 dum
3143 3343 3349 3401 divino
3372 3344 3673 3416 adjutorio

2009 3431 2244 3488 interna
2295 3430 2739 3488 desideriorum
2798 3431 3131 3488 carnalium
3185 3432 3515 3490 retinacula
3559 3433 3676 3490 dis-

2007 3525 2390 3594 rumpuntur.
2463 3519 2644 3577 Solvit
2708 3520 2909 3593 itaque
2957 3522 3114 3577 Deus
3143 3521 3358 3592 onagri
3407 3521 3670 3592 vincula,

2005 3609 2349 3682 quandoab
2373 3608 2540 3666 electi
2569 3610 3044 3683 uniuscujusque
3065 3610 3270 3667 animo
3293 3610 3673 3668 inﬁrmarum

2007 3700 2441 3772 cogitationum
2466 3699 2662 3756 nodos
2702 3700 2981 3772 erumpit,
3013 3704 3070 3757 et
3092 3700 3388 3774 propitius
3417 3701 3674 3775 dissipat

2007 3804 2188 3846 omne
2215 3788 2384 3862 quod
2413 3789 2475 3844 in
2503 3788 2691 3845 electa
2716 3793 2913 3844 mente
2941 3789 3261 3859 ligabatur.
3295 3793 3514 3848 TYPlCl-I.
3547 3791 3674 3846 Vin-

2009 3877 2146 3934 cula
2177 3876 2411 3934 Domini
2465 3882 2606 3932 tunc
2641 3876 2836 3933 soluta
2891 3880 3050 3941 sunt,
3107 3894 3247 3934 cum
3302 3878 3674 3936 inﬁrmitates

2008 3965 2332 4039 passionis,
2350 3965 2507 4021 illius
2536 3965 2988 4020 resurrectionis
3021 3970 3160 4021 sunt
3184 3964 3376 4036 gloria
3405 3982 3676 4022 commu-

2009 4060 2167 4112 tatae.
2196 4055 2428 4110 Esurire
2457 4054 2639 4122 enim,
2673 4054 2852 4121 sitire,
2882 4053 3194 4124 lacessere,
3228 4053 3434 4123 teneri,
3467 4054 3674 4124 ﬂagel-

2007 4144 2140 4211 lari,
2195 4143 2464 4214 cruciﬁgi
2520 4143 2896 4200 mortalitatis
2943 4149 3163 4199 nostrai
3204 4142 3512 4199 vinculum
3543 4143 3670 4200 fuit.

2013 4233 2128 4292 Sed
2165 4249 2304 4290 cum
2347 4233 2583 4307 expleta
2616 4238 2808 4290 morte
2850 4232 3065 4289 inferni
3108 4232 3368 4290 claustra
3414 4239 3677 4308 patesce-

2007 4328 2160 4389 rent,
2190 4322 2336 4396 quid
2372 4322 2538 4379 aliud
2589 4323 2702 4378 nisi
2755 4322 3116 4380 inﬁrmitatis
3170 4328 3388 4380 nostrae
3433 4323 3677 4382 vincula

2011 4412 2394 4470 solvebantur
2407 4413 2436 4469 ‘I
2455 4415 2533 4469 De
2549 4412 2772 4486 quibus
2795 4413 3045 4468 vinculis
3070 4414 3276 4470 Petrus
3293 4415 3407 4470 ait:
3437 4433 3468 4467 ‹
3486 4416 3676 4479 Quem

2011 4503 2164 4559 Deus
2195 4502 2524 4570 suscitavit,
2581 4501 2790 4559 solutis
2840 4501 3151 4558 doloribus
3208 4502 3446 4573 inferni,
3497 4503 3678 4574 juxta

2009 4592 2177 4666 quod
2205 4591 2573 4666 impossibile
2601 4596 2728 4649 erat
2785 4591 2970 4649 teneri
2999 4591 3166 4647 illum
3211 4590 3290 4647 ab
3321 4607 3391 4647 eo
3422 4592 3578 4661 (Act.
3609 4596 3674 4659 ii,

2010 4682 2121 4754 24).
2159 4705 2186 4731 υ
2220 4683 2496 4756 Sequitur
2529 4699 2542 4737 ε

2083 4774 2250 4828 Vens.
2284 4776 2336 4827 6.
2368 4772 2483 4828 Cui
2507 4771 2648 4828 dedi
2692 4772 2756 4826 in
2783 4769 3109 4825 solitudine
3162 4768 3424 4824 domum.
3459 4797 3532 4809 —
3555 4768 3680 4827 Hoc

2009 4860 2146 4919 loco
2198 4861 2583 4917 solitudinem
2651 4860 2944 4916 debemus
2999 4858 3325 4929 intelligere
3388 4860 3678 4934 corporis,

2014 4965 2095 5006 an
2148 4949 2530 5006 solitudinem
2584 4949 2780 5006 cordis
2801 4947 2827 5001 ?
2897 4947 3014 5005 Sed
3058 4948 3209 5023 quid
3277 4953 3367 5006 est
3418 4950 3681 5008 solitudo

2013 5039 2306 5112 corporis,
2340 5039 2385 5095 si
2435 5038 2696 5096 solitudo
2746 5038 3003 5095 defuerit
3049 5039 3298 5096 cordis?
3351 5040 3464 5106 Qui
3521 5039 3683 5096 enim

2015 5143 2264 5201 corpore
2289 5131 2556 5183 remotus
2585 5127 2748 5194 vivit,
2803 5127 2908 5184 sed
2959 5127 3317 5184 tumultibus
3362 5140 3682 5183 conversa-

2017 5216 2194 5272 tionis
2224 5215 2509 5273 humante
2539 5232 2609 5273 ac
2642 5222 3015 5274 terrenorum
3061 5214 3500 5272 desideriorum
3527 5212 3685 5282 cogi-

2015 5303 2224 5361 tationi
2252 5320 2315 5360 se
2340 5304 2562 5375 inserit,
2620 5321 2744 5362 non
2769 5310 2861 5361 est
2911 5305 2973 5360 in
3026 5301 3364 5360 solitudine.
3425 5300 3483 5356 Si
3541 5316 3684 5358 vero

2017 5398 2325 5467 prematur
2350 5393 2566 5468 aliquis
2615 5393 3002 5468 corporaliter
3026 5387 3424 5463 popularibus
3473 5391 3685 5466 turbis,

2019 5488 2076 5540 et
2105 5488 2304 5540 tamen
2335 5484 2531 5540 nullos
2561 5499 2844 5542 curarum
2875 5477 3249 5534 saecularium
3301 5482 3593 5538 tumultus
3623 5479 3686 5535 in

2019 5571 2200 5630 corde
2227 5573 2510 5646 patiatur,
2537 5589 2661 5630 non
2692 5575 2784 5628 est
2811 5569 2872 5624 in
2899 5566 3069 5624 urbe.
3103 5568 3323 5627 Omnes
3369 5570 3534 5628 enim
3561 5583 3689 5624 mo-

3304 5664 3368 5714 l5
