4120 6156
521 66 627 120 459

1553 52 1611 108 S.
1653 51 1913 108 ODONIS
1948 44 2250 106 ABBATIS
2286 44 2791 107 CLUNIACENSIS
2830 46 2898 105 ιι.

3785 12 3889 121 460v

519 191 614 242 tus
642 185 980 257 importune
1006 194 1068 235 se
1083 177 1460 235 oﬁerentium
1487 173 1711 231 levium
1741 171 2170 242 cogitationum
2212 170 2249 224 A
2286 170 2435 257 tene,
2480 182 2771 241 prcspera
2836 184 3127 242 spernens
3178 169 3495 242 opprobria
3537 173 3873 255 amplectens,

519 275 691 349 quasi
715 271 1015 345 quasdam
1061 266 1557 325 circumvolantcs
1584 280 1826 321 muscas
1852 262 1929 319 ab
1980 260 2169 318 oculis

517 361 733 419 mentis
762 359 951 430 abigit
992 374 1183 414 manu
1213 355 1541 427 gravitatis,
1594 359 1653 411 et
1695 351 2011 426 quoddam
2058 348 2171 406 sibi

516 468 655 508 cum
686 448 939 507 Domino
968 451 1262 504 secretum
1292 445 1469 501 intra,
1503 459 1568 499 se
1609 442 1841 516 quaerit,
1872 440 1978 497 ubi
2028 455 2169 496 cum

511 539 632 606 illo,
665 538 953 596 exteriore
973 539 1247 593 cessante
1293 534 1564 607 strepitu,
1596 547 1705 604 per
1745 531 1976 587 interna
2014 527 2169 584 desi-

511 628 681 685 deria
710 627 948 685 silenter
999 625 1341 698 loquantur.
1404 626 1484 682 De
1522 622 1636 677 hoc
1688 624 1913 676 secreto
1969 616 2166 674 cordis

512 716 664 775 alias
689 717 917 773 dictum
946 719 1034 771 est
1063 732 1075 770 :
1125 736 1154 764 «
1185 716 1432 770 Factum
1462 715 1550 767 est
1595 709 1898 767 silentium
1924 708 1987 763 in
2013 706 2164 763 cmlo

509 807 685 881 quasi
716 806 919 863 media
943 805 1094 861 hora
1119 804 1325 875 (Apoc.
1356 819 1472 873 vni,
1505 805 1578 868 t).
1614 822 1642 851 η
1671 804 2036 855 ALLeconice.
2060 800 2167 852 Per

509 895 890 953 solitudinem
920 893 1212 964 gentilitas
1242 891 1607 961 designatur,
1642 890 1703 946 in
1727 904 1852 962 qua
1875 887 2025 943 dum
2053 901 2163 958 pa-

504 985 763 1042 triarcha
787 1000 909 1041 non
939 983 1049 1039 fuit
1077 981 1157 1039 ad
1200 980 1654 1051 intelligendum
1680 981 1890 1041 Deum,
1931 976 2038 1049 qui
2062 991 2160 1031 ra-

506 1074 667 1131 tione
696 1078 955 1130 uteretur
983 1087 1106 1128 non
1137 1071 1267 1141 fuit,
1298 1070 1483 1126 homo
1524 1084 1679 1142 pene
1708 1083 1831 1124 non
1855 1066 1984 1122 fuit.
2017 1065 2165 1121 Hinc

504 1162 687 1219 Isaias
718 1162 833 1218 ait:
885 1182 914 1212 «
946 1159 1263 1217 Laetabitur
1308 1159 1545 1214 deserta
1573 1162 1630 1213 et
1673 1157 1855 1225 invia,
1888 1159 1946 1212 et
1972 1153 2166 1211 exsul-

501 1252 649 1308 tabit
680 1249 956 1319 solitudo,
1012 1254 1070 1306 et
1111 1248 1345 1305 ﬂorebit
1371 1248 1547 1320 quasi
1578 1246 1770 1304 lilium
1820 1246 1966 1317 (Isa.
1997 1260 2166 1313 xxxv,

506 1340 577 1413 1).
608 1359 639 1392 ›
672 1342 741 1395 Et
757 1354 998 1395 rursum
1028 1338 1104 1394 de
1156 1337 1415 1394 Ecclesia
1467 1336 1717 1392 dicitur:
1751 1355 1780 1384 «
1835 1336 2019 1389 Ponet
2067 1332 2169 1388 de-

501 1433 726 1485 sertum
757 1429 888 1499 ejus
941 1427 1117 1500 quasi
1169 1425 1433 1496 delicias,
1484 1429 1541 1481 et
1598 1422 1980 1480 solitudinem
2033 1422 2163 1493 ejus

2280 256 2532 327 gloriam
2557 258 2812 328 fugiens.
2849 263 2998 315 Nam
3029 275 3168 314 cum
3192 259 3375 315 Judaei
3396 259 3557 317 illum
3582 279 3761 334 regem
3786 268 3877 327 sibi

2279 347 2634 403 constituere
2689 348 3039 415 voluissent,
3100 347 3227 403 ﬁeri
3280 365 3380 404 rex
3429 349 3607 419 fugit;
3658 369 3874 428 cumque

2277 449 2418 491 eum
2450 434 2778 492 interficere
2811 436 3182 505 molirentur,
3228 441 3432 509 sponte
3463 437 3539 493 ad
3560 441 3732 495 crucis
3758 444 3876 515 pati-

2272 522 2485 583 bulum
2518 524 2697 583 venit.
2749 525 2898 592 Quia
2927 541 3070 596 ergo
3121 542 3279 583 nova
3318 529 3738 585 conversatione
3761 547 3877 588 usus

2272 612 2424 670 inter
2451 613 2748 679 homines,
2802 615 2947 687 quia
2995 630 3192 670 mores
3223 620 3458 672 secutus
3486 632 3603 673 non
3638 622 3733 689 est,
3755 619 3878 677 bene

2274 703 2349 759 de
2377 719 2450 761 eo
2472 704 2765 777 scriptum
2794 710 2916 763 est:
2977 706 3312 761 Contemnit
3362 707 3734 763 multudinem
3762 711 3877 766 civi-

2273 794 2433 851 tatis.
2462 792 2562 850 Vel
2592 798 2747 850 certe
2799 794 2967 866 quod
2996 793 3217 849 multos
3271 810 3376 866 per
3413 794 3721 866 spatiosam
3744 797 3878 855 viam

2271 886 2564 952 vagantes
2608 882 2887 951 deseruit,
2948 888 3005 938 et
3058 899 3164 956 per
3221 887 3537 953 augustam
3590 884 3878 953 gradientes

2269 986 2498 1043 paucos
2527 970 2718 1040 elegit.
2749 970 3181 1033 Multitudinem
3210 987 3472 1044 namque
3502 972 3731 1029 civitatis
3757 990 3875 1033 con-

2271 1062 2537 1117 temnere
2567 1064 2678 1128 est,
2732 1060 2987 1118 humani
3017 1060 3250 1130 generis
3296 1066 3545 1133 partem,
3577 1077 3701 1134 quae
3726 1062 3878 1121 latam

2272 1148 2436 1207 viam
2458 1148 2810 1219 ingreditur,
2863 1166 3001 1223 quae
3031 1154 3087 1206 et
3114 1166 3225 1223 pro
3255 1149 3624 1209 abundantia
3649 1150 3880 1223 iniquita-

2273 1237 2346 1294 tis
2375 1238 2567 1296 multa
2596 1244 2704 1307 est,
2737 1255 2773 1297 a
2826 1240 2997 1310 regni
3025 1239 3117 1295 sui
3169 1243 3324 1295 sorte
3352 1238 3683 1312 reprobare.
3713 1240 3879 1313 Sequi-

2272 1330 2406 1383 tur:
2442 1327 2780 1387 Clamorem
2834 1330 3133 1386 exactorz’s
3162 1344 3283 1386 non
3333 1329 3525 1385 audit.
3551 1359 3620 1368 ——
3660 1328 3783 1395 Quis
3808 1328 3879 1387 in-

2270 1416 2451 1487 telligi
2475 1422 2720 1477 exactor
2749 1418 2900 1475 alius
2947 1422 3143 1491 potest
3180 1418 3294 1474 nisi
3340 1417 3657 1475 diabolus?
3701 1418 3792 1491 qui
3813 1434 3879 1473 se-

497 1518 672 1590 quasi
716 1517 960 1572 hortum
1019 1514 1256 1572 Domini
1304 1516 1448 1585 (Isa.
1479 1529 1546 1577 ιι,
1574 1515 1647 1585 3).
1675 1535 1704 1563 ››
1748 1512 1813 1567 1n
1843 1510 2160 1567 solitudine
2188 1522 2232 1580 Β
2269 1503 2389 1561 mel
2411 1504 2473 1562 in
2501 1507 2785 1578 paradiso
2823 1506 3059 1563 homini
3107 1506 3281 1563 malae
3313 1505 3706 1579 persuasionis
3739 1522 3878 1562 num-

498 1621 642 1675 ergo
674 1605 964 1661 Dominus
1015 1605 1272 1660 domum
1327 1603 1576 1675 accepit,
1606 1602 1712 1674 qui
1739 1605 1877 1675 post
1904 1604 2158 1656 mortem

497 1710 568 1749 ac
595 1692 1091 1749 resurrectionem
1116 1707 1291 1747 suam
1313 1691 1392 1747 ad
1418 1690 1674 1760 gratiam
1702 1689 1844 1745 ﬁdei
1872 1688 2159 1759 gentilita-

497 1786 618 1838 tem
646 1795 858 1837 vocare
882 1780 1167 1851 dignatus
1197 1784 1305 1836 est.
1342 1780 1620 1853 Sequitur
1652 1799 1663 1835 :
1696 1780 1776 1835 Et
1804 1779 2157 1835 tabernacu-

500 1872 627 1927 lum
655 1872 782 1941 ejus
810 1871 873 1926 in
905 1876 1069 1927 terra
1098 1870 1527 1940 salsuginis.-—
1551 1868 1803 1939 Salsugo
1826 1867 2156 1924 accendere

496 1959 659 2016 sitim
692 1958 859 2030 solet,
891 1964 949 2016 et
975 1958 1119 2031 quia
1176 1958 1365 2014 sancti
1393 1958 1503 2014 viri
1551 1957 1824 2031 quandiu
1860 1957 1923 2012 in
1971 1956 2154 2028 hujus

490 2050 626 2105 vitae
657 2047 1059 2107 tabernaculis
1114 2046 1362 2119 degunt,
1393 2047 1473 2104 ad
1528 2062 1853 2119 supernam
1892 2045 2152 2119 patriam

489 2138 769 2195 desiderii
799 2137 891 2193 sui
938 2136 1305 2209 quotidianis
1352 2136 1592 2193 aestibus
1645 2136 2031 2204 acceduntur,
2086 2135 2150 2190 in

487 2231 654 2301 terga
691 2225 1011 2297 salsuginis
1040 2224 1430 2282 tabernacula
1484 2224 1708 2282 habere
1736 2224 2145 2297 perhibentur,

487 2316 637 2373 sicut
667 2315 959 2388 scriptum
988 2319 1116 2371 est:
1161 2337 1189 2365 ‹‹
1218 2315 1376 2371 Beati
1425 2315 1533 2388 qui
1560 2314 1832 2372 esuriunt
1860 2318 1916 2370 et
1945 2313 2151 2370 sitiunt

481 2405 797 2478 justitiam,
826 2421 859 2457 ›
891 2408 1000 2460 etc.
1028 2403 1271 2475 (Matth.
1323 2419 1383 2474 v,
1414 2405 1490 2475 6).
1534 2406 1911 2459 ALLEGORICE.
1960 2402 2149 2458 Terra

488 2494 809 2567 salsuginis
849 2492 1144 2565 gentilitas
1198 2492 1562 2565 intelligitur,
1601 2508 1740 2565 quas
1788 2492 2147 2565 priusquam

484 2599 695 2641 veram
741 2582 843 2639 Dei
893 2581 1249 2656 sapientiam
1304 2586 1708 2651 cognosceret,
1776 2580 2145 2651 salsuginem

486 2672 834 2747 protulerat,
908 2671 1056 2745 quia
1121 2669 1353 2727 nullam
1421 2669 1782 2728 viriditatem
1851 2669 1998 2729 boni
2052 2669 2145 2726 in-

486 2757 752 2814 tellectus
810 2756 1121 2830 proferens
1183 2770 1465 2828 perversa
1521 2755 1811 2829 sapiebat.
1878 2758 1958 2811 De
2020 2770 2147 2828 qua

486 2846 775 2920 scriptum
831 2850 968 2902 est:
1029 2868 1058 2896 ‹‹

485 2940 598 2992 etc.
652 2957 681 2986 »
748 2935 933 3007 (Psal.
992 2948 1106 3004 cvr,
1174 2936 1286 3002 34).
1341 2932 1820 2992 Tabernaculum
1862 2948 2007 3003 ergo
2080 2932 2145 2991 in

484 3030 641 3082 terra
688 3022 1009 3095 salsuginis
1052 3023 1413 3095 Redemptor
1460 3026 1662 3079 noster
1707 3021 1955 3095 accepit,
1999 3021 2145 3094 quia

481 3114 829 3171 incarnatus
873 3129 985 3185 pro
1028 3112 1381 3169 hominibus
1437 3110 1720 3167 derelicta
1747 3128 1786 3167 a
1828 3112 1952 3168 Deo
1995 3126 2143 3181 gen-

484 3203 705 3259 tilitatis
754 3201 939 3258 corda
1003 3201 1290 3273 possedit.
1348 3203 1428 3255 De
1498 3216 1621 3273 quo
1667 3200 1960 3273 scriptum
2005 3203 2140 3257 est:

483 3309 514 3343 ‹
546 3291 743 3347 Posuit
775 3290 1082 3346 desertum
1135 3289 1199 3345 in
1229 3292 1446 3359 stagna
1493 3304 1813 3361 aquarum,
1840 3293 1899 3345 et
1922 3293 2143 3346 terram

484 3380 611 3437 sine
662 3395 825 3453 aqua
874 3378 936 3435 in
987 3378 1177 3434 exitus
1227 3392 1525 3450 aquarum
1572 3378 1771 3449 (Ibid,
1821 3380 1934 3450 25).
1970 3396 2002 3431 s
2044 3380 2144 3435 Se-

481 3469 686 3542 quitur
715 3487 731 3524 :

550 3559 726 3614 Vens.
751 3562 807 3613 ’7.
870 3556 1211 3613 Contemni!
1264 3554 1713 3611 multitudinem
1760 3555 2040 3611 civitatis.
2068 3587 2140 3601 --

480 3643 909 3703 Multitudinem
942 3643 1193 3701 civitatis
1213 3646 1597 3700 contemnere
1616 3647 1676 3699 et
1693 3643 1977 3700 humanae
1997 3659 2139 3701 con-

476 3733 830 3793 versationis
855 3749 1047 3808 prava
1072 3732 1272 3789 studia
1326 3732 1611 3802 devitarc,
1652 3736 1718 3789 ut
1757 3732 1888 3805 jam
1916 3748 2041 3790 non
2065 3733 2137 3790 lio

476 3824 617 3883 beat
670 3816 1043 3882 terrenarum
1093 3823 1413 3880 hominum
1439 3822 1545 3897 qui
1597 3838 1721 3896 prae
1759 3823 2135 3881 abundantia

473 3914 799 3990 iniquitatis
827 3914 1001 3971 multi
1028 3917 1189 3984 sunt,
1204 3912 1470 3987 perditos
1489 3928 1687 3970 mores
1712 3913 1950 3970 imitari.
1980 3916 2134 3973 Cum

471 4006 683 4077 paucis
710 4020 977 4079 namque
1001 4003 1234 4074 ingredi
1265 4007 1591 4074 angustam
1633 4007 1870 4075 portam
1901 4002 2136 4060 deside-

470 4101 627 4167 rant,
658 4101 716 4153 et
732 4112 857 4152 non
890 4111 1028 4151 cum
1057 4093 1260 4150 multis
1284 4093 1420 4151 laeta
1447 4094 1660 4151 itinera
1686 4093 1920 4163 ingredi
1948 4110 2133 4170 appe-

476 4189 624 4253 tunt,
655 4201 790 4257 quae
844 4184 925 4241 ad
980 4183 1283 4240 interitum
1335 4184 1565 4240 ducunt
1611 4184 1856 4255 (Matth.
1882 4201 1982 4253 vn,
2022 4185 2130 4253 l3).

472 4273 639 4330 Unde
650 4278 708 4330 et
722 4272 928 4346 sponsi
950 4287 1097 4328 voce
1125 4287 1365 4345 sponsae
1390 4273 1450 4328 in
1474 4272 1729 4329 Canticis
1758 4272 2131 4330 canticorum

470 4361 720 4418 dicitur:
750 4383 778 4411 «
812 4360 930 4417 Nisi
959 4360 1311 4431 cognoveris
1340 4365 1417 4432 te,
1448 4376 1485 4417 o
1512 4361 1767 4434 pulchra
1793 4362 1947 4419 inter
1990 4380 2130 4420 mu-

465 4450 663 4520 lieres,
686 4449 969 4521 egredere
1024 4453 1082 4505 et
1124 4447 1224 4504 abi
1257 4453 1396 4523 post
1442 4449 1699 4520 vestigia
1744 4466 2017 4522 gregum,
2070 4456 2132 4510 et

464 4556 647 4614 pasce
674 4541 880 4597 haedos
904 4542 1042 4597 tuos
1100 4539 1299 4612 (Cant.
1332 4556 1372 4610 ι,
1401 4542 1478 4609 7).
1516 4560 1538 4593 9
1600 4542 1946 4597 Mamurra.
1976 4543 2129 4601 Con-

464 4631 674 4688 temnit
701 4629 1146 4687 multitudinem
1188 4628 1459 4694 civitatis,
1489 4628 1552 4685 id
1582 4632 1675 4685 est
1696 4644 1895 4687 mores
1919 4629 2130 4704 despe-

462 4720 550 4775 xit
574 4720 859 4778 humanae
907 4718 1400 4776 conversationis.
1463 4719 1656 4776 Homo
1703 4719 1933 4793 quippe
1972 4720 2127 4778 inter

462 4807 739 4865 homines
760 4808 973 4878 factus,
1008 4824 1186 4865 usum
1215 4812 1416 4865 tenere
1442 4808 1764 4865 hominum
1794 4808 2004 4867 noluit.
2033 4810 2128 4867 Id-

380 4954 385 4959 ,
459 4897 617 4955 circo
644 4912 909 4971 namque
934 4896 1090 4953 inter
1141 4912 1255 4953 nos
1309 4896 1495 4954 homo
1522 4896 1715 4954 factus
1762 4901 1878 4966 est,
1904 4902 1971 4956 ut
1996 4915 2121 4956 non

457 4986 655 5043 solum
680 5001 796 5043 nos
841 4985 1135 5056 sanguine
1184 4984 1323 5042 fuso
1349 4985 1684 5050 redimeret,
1743 4986 1850 5044 sed
1878 4992 2121 5047 ostenso

454 5074 732 5150 exemplo
758 5077 1176 5131 commutaret.
1211 5074 1279 5129 In
1306 5075 1757 5132 conversatione
1786 5075 1966 5146 igitur
2008 5093 2121 5134 no.

452 5170 593 5235 stra,
618 5170 676 5224 et
697 5164 996 5223 veniendo
1035 5165 1156 5222 alia
1182 5164 1430 5237 invenit,
1486 5170 1544 5222 et
1571 5165 1831 5223 vivendo
1860 5165 1978 5223 alia
2005 5168 2117 5224 do-

448 5256 587 5312 cuit.
622 5255 953 5330 Stupebant
979 5254 1141 5312 enim
1166 5270 1379 5312 omnes
1410 5255 1673 5330 superba
1697 5256 1893 5314 Adam
1928 5258 2118 5331 stirpe

440 5346 744 5419 progeniti
786 5362 964 5420 pros;
983 5362 1084 5403 era
1140 5346 1272 5403 vitae
1302 5347 1614 5419 praesentis
1671 5350 1974 5420 appetere,
2006 5344 2116 5400 ad-

441 5448 620 5489 versa
643 5433 927 5503 devitarc,
981 5435 1313 5508 opprobria
1356 5436 1583 5507 fugere,
1639 5435 1891 5505 gloriam
1921 5433 2114 5505 sequi.

440 5522 611 5580 Venit
632 5521 789 5580 inter
816 5538 919 5580 eos
946 5524 1297 5583 incarnatus
1329 5525 1618 5583 Dominus
1646 5523 1905 5583 adversa
1928 5538 2114 5598 appe-

2264 1610 2438 1651 mum
2463 1594 2794 1664 contulit,et
2811 1596 3077 1669 quotidie
3098 1596 3177 1652 ab
3198 1612 3270 1653 eo
3286 1597 3469 1669 hujus
3489 1595 3665 1653 debiti
3683 1595 3875 1665 exigere

2262 1688 2496 1743 reatum
2546 1685 2778 1757 quaerit.
2838 1686 3030 1757 Hujus
3058 1685 3353 1742 exactoris
3386 1700 3581 1743 sermo
3630 1690 3710 1740 est
3734 1683 3874 1741 male:

2264 1772 2663 1843 suggestionis
2686 1773 3010 1832 inchoatio.
3029 1774 3353 1833 Sciendum
3375 1777 3654 1848 praeterea
3671 1772 3876 1845 estquia

2262 1862 2533 1935 quinque
2555 1879 2670 1921 nos
2696 1863 2893 1921 modis
2924 1864 3077 1934 gulae
3098 1863 3311 1921 vitium
3342 1868 3547 1921 tentat.
3585 1862 3874 1936 Aliquando

2259 1967 2529 2025 namque
2552 1952 2895 2023 indigentiae
2917 1957 3191 2026 tempora
3209 1953 3519 2027 pravenit,
3540 1956 3602 2009 ut
3621 1952 3873 2009 Jonathan

2256 2039 2322 2097 in
2350 2045 2529 2113 gustu
2557 2042 2750 2099 mellis
2780 2042 2997 2101 edendi
3052 2048 3289 2119 tempus
3342 2041 3655 2099 antecessit
3694 2041 3745 2112 (Ι
3768 2043 3873 2115 Reg.

2262 2146 2377 2198 xxv,
2404 2131 2514 2203 27).
2536 2131 2875 2204 Aliquando
2904 2148 3043 2189 vero
3070 2136 3311 2204 tempus
3338 2148 3468 2189 non
3494 2130 3776 2205 praevenit,
3792 2129 3873 2185 sed

2257 2220 2425 2276 cibos
2476 2219 2760 2278 lautiores
2804 2221 3037 2295 quaerit,
3089 2222 3242 2279 sicut
3292 2221 3556 2295 populus
3606 2220 3664 2279 in
3709 2234 3873 2279 eremo

2256 2308 2424 2365 cibos
2511 2310 2785 2368 carnium
2863 2310 3049 2383 petiit,
3114 2326 3270 2383 quos
3354 2310 3632 2371 lautiores
3690 2307 3875 2383 putavit

2256 2398 2458 2466 (Num.
2490 2413 2569 2467 ιι,
2599 2397 2689 2467 31,
2735 2402 2841 2463 3'2).
2894 2398 3242 2471 Aliquando
3290 2398 3574 2471 quaelibet
3627 2394 3875 2455 sumenda

2255 2485 2372 2542 sint
2396 2501 2735 2559 praeparare
2763 2487 3102 2545 accuratius
3126 2487 3374 2561 expetit,
3401 2493 3462 2547 ut
3492 2502 3634 2560 puer
3659 2485 3874 2543 ﬁliorum

2255 2574 2398 2643 Heli,
2428 2591 2552 2633 non
2581 2580 2781 2635 coctas
2826 2592 2997 2635 more
3045 2577 3218 2637 solito
3245 2576 3321 2635 de
3367 2576 3650 2637 sacriﬁcio
3676 2589 3870 2640 carnes,

2254 2664 2361 2720 sed
2388 2663 2609 2722 crudae
2662 2666 2994 2739 quaerebat,
3049 2682 3204 2739 quas
3246 2666 3588 2725 accuratius
3611 2662 3871 2723 exhiberet

2255 2754 2311 2824 (Ι
2324 2755 2465 2825 Reg.
2501 2770 2558 2822 ιι,
2596 2755 2702 2825 15).
2731 2754 3071 2831 Aliquando
3100 2759 3304 2815 autem
3334 2756 3405 2813 in
3431 2756 3561 2830 ipsa
3588 2753 3872 2828 quantitate

1128 2848 1308 2902 Terra
1362 2844 1665 2934 fructifera
1693 2933 1703 2934 ί
1730 2861 1768 2902 a
1815 2844 2140 2934 salsugine,
2170 2877 2216 2934 ο
2252 2842 2534 2934 sumendi
2560 2859 2916 2934 mensuram
2929 2843 3284 2934 Arefectionis
3332 2844 3585 2934 excedit,
3633 2840 3873 2934 quaelibet

2252 2931 2551 2994 sumenda
2595 2932 2731 3001 sint,
2791 2937 2855 2991 ut
2883 2932 3069 2993 illud:
3113 2955 3141 2985 «
3173 2933 3459 2993 Sodomae
3482 2933 3747 3006 iniquitas
3789 2928 3874 2987 fuit

2253 3020 2533 3078 saturitas
2564 3021 2741 3094 panis
2784 3026 2842 3079 et
2896 3022 3275 3083 abundantia
3304 3038 3486 3097 aquae
3537 3020 3748 3095 (Ezech.
3780 3033 3867 3083 xw,

2250 3113 2365 3179 49).
2401 3134 2432 3163 ››
2457 3110 2799 3183 Aliquando
2851 3112 3169 3185 despectus
3198 3116 3288 3170 est
3318 3114 3518 3182 cibus,
3550 3111 3649 3170 sed
3677 3107 3871 3169 avidius

2250 3200 2526 3268 sumitur,
2560 3204 2624 3257 ut
2650 3204 2805 3258 Esau
2854 3201 3400 3273 primogenitorum
3449 3202 3690 3273 gloriam
3734 3194 3869 3255 lenti-

2250 3287 2389 3345 cula
2417 3289 2685 3346 vendam
2716 3289 2883 3360 (Gen.
2938 3307 3072 3358 xxv,
3104 3290 3216 3362 34).
3270 3292 3486 3351 Sermo
3541 3306 3676 3360 ergo
3722 3286 3871 3357 hujus

2248 3378 2545 3435 exactoris
2590 3382 2682 3436 est
2733 3379 3077 3437 necessaria
3122 3378 3457 3452 postulatio
3504 3384 3734 3447 naturae,
3775 3373 3873 3431 cla-

2249 3483 2387 3524 mor
2408 3484 2552 3524 vero
2577 3469 2710 3539 ejus
2759 3485 3113 3527 mensuram
3171 3470 3553 3529 necessitatis
3602 3466 3872 3529 transiens,

2248 3556 2550 3629 appetitus
2581 3556 2757 3627 gulae.
2788 3557 2893 3615 Hie
2916 3558 3121 3631 itaque
3164 3573 3396 3628 onager
3428 3557 3707 3619 exactoris
3728 3553 3874 3626 hujus

2250 3660 2591 3702 sermonem
2614 3646 2801 3716 audit,
2819 3646 3149 3707 clamorem
3168 3663 3294 3707 non
3318 3649 3516 3717 audit,
3534 3648 3671 3722 quia
3697 3645 3874 3702 discre.

2245 3738 2343 3792 tus
2392 3751 2465 3792 ac
2520 3735 2833 3794 continens
2883 3739 2993 3807 vir,
3020 3741 3079 3795 et
3122 3753 3312 3811 usque
3338 3738 3427 3795 ad
3456 3733 3865 3812 temperandam

2246 3825 2660 3883 necessitatem
2689 3831 2961 3885 ventrem
2980 3827 3253 3893 reﬁcit,et
3279 3843 3317 3889 a
3340 3828 3649 3901 voluptate
3671 3822 3871 3882 restrin-

2245 3913 2348 3985 git.
2372 3913 2516 3971 Hinc
2540 3914 2764 3988 quippe
2785 3914 3075 3989 scriptum
3120 3921 3213 3973 est
3236 3933 3249 3975 :
3298 3938 3327 3967 ››
3360 3917 3573 3977 Carnis
3600 3928 3788 3975 curam
3808 3922 3867 3964 ne

2245 4002 2498 4060 feceritis
2546 4005 2610 4061 in
2637 4005 2947 4063 desideriis
2999 4007 3188 4079 (Rom.
3220 4023 3381 4077 χχιι,
3443 4011 3555 4075 34).
3590 4028 3617 4057 ››
3646 4007 3868 4063 Μγεπιεε.

2246 4093 2438 4165 Hujus
2468 4094 2758 4150 exactoris
2787 4094 3080 4155 violentos
3113 4100 3317 4155 motus
3341 4097 3636 4157 Dominus
3660 4107 3769 4151 non
3793 4104 3870 4145 ει·

2244 4182 2409 4256 pavit
2434 4182 2782 4256 adveniens,
2816 4184 2972 4243 sicut
2998 4184 3127 4258 ipse
3156 4186 3269 4245 ait:
3303 4207 3333 4236 «
3364 4186 3538 4243 Venit
3561 4184 3712 4245 enim
3735 4179 3870 4256 prin-

2240 4289 2386 4346 ceps
2414 4264 2596 4344 hujus
2618 4274 2851 4343 mundi,
2906 4279 2964 4331 et
3001 4275 3064 4335 in
3121 4292 3219 4336 me
3248 4291 3373 4336 non
3421 4276 3680 4335 inveniet
3727 4265 3869 4345 quid-

2239 4378 2430 4435 quam
2457 4363 2656 4430 (Joan.
2686 4379 2805 4431 xw,
2836 4364 2946 4435 30).
2981 4387 3010 4416 »
3038 4364 3204 4421 Venit
3231 4364 3461 4438 quippe
3489 4364 3569 4423 ad
3598 4377 3729 4421 eum
3755 4371 3866 4415 exa-

2238 4455 2369 4508 ctor
2391 4451 2646 4508 humani
2674 4453 2927 4524 generis,
2988 4454 3131 4527 quia
3155 4452 3326 4515 illum
3379 4454 3686 4513 hominem
3728 4444 3865 4511 vidit,

2236 4539 2348 4597 sed
2374 4556 2561 4614 quem
2588 4541 2652 4598 in
2698 4558 2767 4598 se
2795 4541 3141 4601 inﬁrmitate
3196 4543 3552 4616 despectum
3598 4536 3869 4599 hominem

2232 4630 2508 4699 credidit,
2540 4630 2752 4688 virtute
2779 4647 2968 4705 supra
3011 4632 3325 4691 hominem
3353 4634 3557 4692 sensit.
3597 4630 3776 4700 Hujus
3799 4621 3870 4680 ni-

2238 4720 2463 4776 mirum
2517 4721 2813 4777 exactoris
2866 4728 3082 4795 typum
3140 4722 3346 4782 Lahm
3395 4722 3603 4791 tenuit,
3652 4711 3866 4793 quando

2235 4824 2379 4865 cum
2408 4808 2607 4865 furore
2636 4809 2884 4867 veniens
2913 4827 3027 4869 sua
3049 4812 3214 4885 apud
3255 4811 3439 4870 Jacob
3469 4811 3632 4869 idola
3656 4801 3867 4880 reqnisi‘

2228 4898 2318 4956 vit
2344 4898 2509 4970 (Gen.
2549 4915 2715 4972 xxxx,
2744 4901 2855 4974 34).
2891 4904 2972 4961 De
3013 4902 3129 4960 hac
3184 4906 3463 4963 exactore
3522 4889 3869 4970 Redemptori

2233 4992 2441 5046 nostro
2470 4989 2863 5061 gentilitatem
2908 4992 2988 5049 ab
3013 4992 3147 5064 ejus
3170 4992 3441 5053 dominio
3485 4986 3754 5052 liberanti
3778 4995 3865 5057 Ρθτ

2230 5078 2591 5152 praphetam
2619 5078 2837 5137 dicitur
2862 5098 2875 5138 :
2906 5103 2936 5133 «
2963 5083 3188 5153 Jugum
3217 5082 3381 5141 enim
3406 5081 3607 5139 oneris
3650 5078 3789 5149 ejus,
3813 5071 3863 5127 et

2230 5172 2536 5242 sceptrum
2565 5170 2857 5228 exactoris
2904 5171 3035 5243 ejus
3068 5172 3388 5245 superasti,
3419 5192 3447 5222 »
3478 5174 3590 5229 etc.
3623 5168 3756 5241 (Isa.
3796 5175 3861 5223 II.

2230 5257 2306 5328 4).
2340 5256 2619 5329 Sequitur
2651 5275 2665 5313 :

2300 5348 2531 5403 Vsas.8.
2550 5376 2607 5389 οε
2633 5346 3055 5418 Circumspicit
3076 5355 3303 5409 monte:
3323 5360 3664 5419 pascuw.~—
3675 5339 3867 5403 Montes

2225 5449 2490 5507 pascuae,
2523 5433 2656 5492 altae
2686 5436 3220 5511 contemplationes
3248 5437 3499 5499 interna
3538 5424 3863 5511 refectioni;

2231 5523 2430 5583 Sancti
2457 5523 2619 5581 enim
2643 5523 2773 5595 viri,
2804 5510 3035 5599 quanto
3080 5527 3278 5601 magis
3310 5543 3374 5585 se
3411 5522 3673 5586 exterius
3698 5510 3869 5589 dBSPi‘
