4120 6156
217 134 314 190 ισι

215 363 369 404 num
413 348 913 422 contemplatione
966 358 1321 424 pascuntur.
1386 354 1547 410 Unde
1598 355 1884 426 scriptum’

215 442 338 493 est:
375 459 402 486 α
426 441 724 493 Ascensus
753 439 814 494 in
845 441 1022 496 corde
1049 443 1178 512 ejus
1207 443 1507 516 disposuit
1531 443 1592 499 iu
1618 444 1772 500 valle
1800 443 1885 499 la-

213 529 1018 597 crymarum(Psat.Lxxx1u,
1041 532 1116 602 '7).
1139 555 1166 581 »
1201 532 1404 588 Aliter:
1459 537 1680 589 Montes
1707 533 1886 590 etiam

213 631 460 688 pascuae
509 621 668 684 sunt,
710 616 997 673 sublimes
1042 618 1285 676 virtutes
1327 622 1700 692 angelorum,
1749 637 1884 693 quas

210 701 439 758 idcirco
468 703 565 758 hic
594 719 704 758 nos
730 704 1124 764 ministrando
1140 707 1558 779 etadjuvando
1589 709 1882 776 reﬁciunt,

212 791 744 864 quiaillicinternaa
756 795 1276 867 contemplationis
1294 814 1424 854 rore
1438 800 1840 870 pinguescunt
1867 815 1880 865 ;

215 895 352 951 quae
383 881 528 952 quia
579 880 867 951 largiente
909 887 1026 940 Deo
1071 884 1132 939 in
1178 888 1344 942 omni
1399 903 1511 943 nos
1560 887 1885 944 certamine

215 975 558 1042 protegunt,
615 975 770 1028 recte
824 972 1208 1047 circumspici
1280 976 1580 1032 dicuntur.
1639 976 1820 1032 Aliter
1867 992 1879 1030 :

215 1061 440 1115 Montes
469 1075 712 1132 pascuae
742 1067 998 1133 possunt
1025 1063 1158 1119 altae
1212 1065 1517 1121 sententiae
1569 1065 1882 1138 Scripturee

213 1164 402 1204 sacrae
448 1149 658 1221 accipi.
693 1152 773 1204 De
820 1151 1043 1222 quibus
1093 1152 1381 1225 scriptum
1437 1159 1562 1210 est:
1612 1158 1883 1210 «Montes

212 1239 434 1294 excelsi
465 1239 655 1294 cervis
693 1241 882 1312 (Psat.
917 1258 1030 1311 c111,
1067 1244 1171 1314 i8).
1215 1265 1232 1293 ι
1297 1245 1445 1308 Quia
1492 1245 1776 1300 nimirum
1821 1245 1882 1300 hi

211 1328 319 1400 qui
346 1329 473 1399 jam
503 1329 648 1385 dare
674 1331 1198 1404 contemplationis
1233 1333 1421 1388 saltus
1449 1335 1769 1401 noverunt,
1801 1331 1882 1387 al~
1937 1369 1942 1374 -

211 1421 310 1473 tas
342 1419 768 1475 sententiarum
799 1421 1143 1478 divinarum
1186 1423 1450 1490 virtutes,
1483 1424 1658 1495 quasi
1702 1437 1879 1478 cacu-

213 1507 382 1563 mina
408 1509 703 1564 montium
735 1511 1087 1567 ascendunt.
1121 1515 1381 1568 MYSTICE.
1419 1516 1637 1568 Montes
1661 1511 1879 1584 accipi-

959 171 962 175 ι
1010 139 1308 198 ΕΡΙΤΟΜΕ
1344 143 1710 198 MORALIUM
1756 142 1811 197 S.
1855 141 1909 195 Gl

1989 139 2059 196 re.
2102 139 2179 196 IN
2211 141 2359 198 JOB.
2406 173 2476 186 —
2517 113 2647 199 LIB.
2675 143 2861 200 χχχι.

215 258 435 314 ciendo
459 258 766 329 dejiciunt,
794 264 958 317 tanto
987 263 1246 335 amplius
1283 265 1530 321 interius
1578 264 1885 334 revelatio-
1916 269 1963 322 Α
1994 264 2255 336 respexit
2298 268 2533 322 Petrum
2579 269 2746 334 (Luc.
2796 283 2937 337 xm,
2961 268 3092 340 6i);
3148 291 3176 318 ››

3545 152 3654 211 668

3223 272 3280 326 et
3317 271 3468 329 sicut
3494 272 3656 331 Salo.-

1994 353 2151 409 mon'
2170 355 2249 410 ait
2276 372 2289 410 :
2319 374 2349 409 ε
2380 359 2518 424 Rex,
2552 357 2655 429 qui
2689 355 2854 412 sedet
2883 357 2945 412 in
2971 357 3118 414 solio
3140 357 3372 429 judicii,
3403 361 3656 436 dissipat

1994 459 2174 499 omne
2222 444 2452 500 malum
2503 444 2718 501 intuitu
2763 461 2872 502 suo
2903 446 3102 518 (Prov.
3137 465 3235 517 xx,
3265 450 3338 520 8).
3361 472 3390 500 »
3437 453 3653 510 Notan-

1993 533 2142 588 dum
2167 533 2333 606 quod
2362 549 2485 590 non
2525 535 2625 602 ait,
2657 534 2912 607 inspicit,
2946 536 3048 591 sed
3104 539 3542 608 circumspicit;
3588 540 3652 598 in

1992 622 2199 678 Judzea
2227 623 2452 695 quippe
2482 623 2830 679 incarnatus
2861 628 2948 680 est
2979 625 3288 692 Dominus,
3315 643 3450 699 quas
3498 629 3656 702 posi~

1993 713 2054 766 ta
2079 710 2140 766 in
2171 711 2369 767 medio
2403 712 2671 781 gentium
2701 711 2830 782 fuit,
2876 717 3058 785 atque
3083 713 3218 770 ideo
3249 715 3654 790 circumspicit

1993 804 2228 856 montes
2259 801 2404 873 quia
2446 801 2599 857 latos
2650 801 2880 873 [elatos]
2931 802 3114 873 hujus
3162 803 3361 860 saeculi
3403 805 3654 866 circum-

1993 905 2236 962 quaque
2265 889 2492 962 positos
2519 907 2590 946 ex
2622 890 2961 959 gentilitatis
3004 891 3384 956 universitate
3410 893 3648 964 colligit.
3675 909 3685 922 ·

1993 981 2056 1033 in
2085 979 2179 1035 his
2207 978 2407 1050 itaque
2438 978 2747 1035 montibus
2791 979 3078 1051 pascitur,
3106 980 3251 1052 quia
3293 980 3470 1037 bonis
3515 997 3653 1054 ope~

1990 1064 2158 1120 ribus
2183 1082 2606 1123 conversorum
2638 1068 2814 1140 quasi
2871 1068 3073 1124 herbis
3111 1069 3436 1126 virentibus
3482 1070 3656 1128 satias

1993 1159 2104 1210 tur.
2137 1155 2278 1211 Hinc
2330 1158 2621 1230 scriptum
2675 1162 2798 1214 est:
2862 1179 2891 1211 ‹
2925 1157 3033 1214 Ubi
3062 1158 3281 1231 pascis,
3315 1159 3419 1215 ubi
3463 1159 3654 1217 cubas

1990 1242 2050 1298 in
2081 1245 2328 1300 meridie
2354 1246 2554 1316 (Cant.
2583 1263 2622 1314 1,
2655 1247 2730 1318 6).
2755 1265 2786 1298 ιι
2817 1247 3096 1319 Sequitur
3121 1264 3134 1303 :
3182 1248 3446 1306 Virentia
3496 1264 3654 1320 quae

1989 1347 2102 1402 que
2121 1335 2436 1403 perquirit.
2467 1366 2534 1374 -—
2565 1334 2825 1392 Virentia
2852 1334 3079 1408 quippe
3101 1339 3240 1394 sunt
3261 1336 3491 1408 omnia,
3514 1353 3653 1410 qum

1989 1421 2393 1493 temporaliter
2451 1423 2710 1492 condita,
2761 1428 3012 1481 venturo
3090 1423 3232 1491 ﬁne,
3285 1425 3652 1496 jocunditata

1987 1509 2120 1567 vitae
2151 1511 2460 1582 praesentis
2491 1512 2666 1583 quasi
2706 1512 2912 1568 mstivo
2943 1511 3066 1568 sole
3098 1513 3414 1570 siccantur.
3448 1513 3653 1570 Viren-

214 1615 354 1654 mus
386 1599 572 1654 elatos
602 1600 783 1671 hujus
815 1602 1037 1669 saeculi,
1071 1603 1176 1675 qui
1206 1605 1266 1657 in
1315 1604 1492 1659 corde
1525 1621 1637 1659 suo
1690 1603 1880 1658 altitus
1913 1622 1952 1676 Β
1988 1598 2068 1654 tia
2126 1604 2326 1654 autem
2371 1605 2584 1656 vocata
2640 1605 2798 1668 sunt,
2827 1617 2963 1674 quae
3003 1601 3168 1658 nulla
3222 1601 3654 1674 temporalitate

212 1687 419 1742 dinem
451 1691 742 1743 terrarum
776 1695 1111 1762 tenuerunt,
1160 1691 1264 1746 sed
1315 1691 1458 1763 quia
1509 1691 1686 1747 etiam
1733 1690 1879 1746 tales

216 1776 507 1833 Dominus
537 1777 807 1832 Ecclesiae
861 1794 986 1834 sure
1035 1779 1214 1835 corde
1264 1795 1586 1835 conversos
1637 1779 1880 1834 invisce-

214 1871 326 1932 rat,
359 1882 585 1938 eosque
617 1883 653 1922 a
681 1867 864 1939 priori
911 1867 1165 1924 elatione
1213 1873 1617 1938 commutans,
1649 1869 1711 1924 in
1765 1884 1879 1924 sua

215 1954 492 2011 membra
565 1956 968 2028 transformat,
1019 1958 1111 2014 isti
1160 1964 1394 2014 montes
1454 1974 1694 2031 pascuae
1749 1959 1880 2030 ejus

215 2049 378 2114 sunt,
407 2044 552 2116 quia
578 2045 865 2101 nimirum
909 2046 984 2101 de
1031 2048 1483 2103 conversatione
1530 2047 1876 2115 errantium,

135 2208 138 2214 1
213 2132 290 2188 de
319 2135 715 2207 superborum
743 2135 1076 2192 humilitate
1103 2137 1370 2208 satiatur,
1405 2142 1460 2192 et
1505 2137 1658 2193 sicut
1705 2153 1880 2209 apos-

212 2223 350 2279 tolis
409 2224 484 2279 ad
532 2224 1020 2297 praedicationem
1053 2227 1254 2281 missis
1305 2227 1587 2300 praecepit
1632 2226 1874 2282 dicens:

211 2333 242 2364 ‹
269 2313 614 2386 Operamini
645 2329 768 2369 non
798 2315 1021 2383 cibum,
1055 2317 1157 2387 qui
1181 2317 1348 2388 perit,
1379 2316 1484 2372 sed
1515 2316 1618 2388 qui
1647 2331 1881 2389 perma-

208 2407 318 2457 net
339 2402 400 2457 in
428 2403 614 2458 vitam
641 2409 926 2460 aeternam
955 2406 1154 2476 (Joan,
1203 2423 1277 2477 γι,
1319 2407 1431 2476 27).
1462 2429 1488 2455 ››
1541 2406 1701 2463 Sicut
1752 2406 1878 2478 ipse

209 2492 299 2548 ait
323 2509 334 2546 :
361 2514 390 2541 ‹‹
410 2495 568 2563 Meus
590 2493 759 2548 cibus
783 2499 889 2565 est,
915 2498 978 2550 ut
999 2495 1213 2551 faciam
1239 2495 1609 2551 voluntatem
1634 2496 1762 2566 ejus
1776 2495 1879 2568 qui

208 2579 377 2636 misit
398 2597 494 2636 me
523 2583 936 2653 (Joan.iv,3-i).
955 2603 984 2634 »
1009 2587 1086 2639 De
1115 2584 1206 2640 his
1238 2584 1543 2640 montibus
1591 2584 1878 2656 scriptum

209 2673 309 2724 est
331 2686 343 2722 :
369 2691 397 2717 ‹‹
422 2672 550 2725 Non
583 2669 824 2742 repellet
856 2671 1143 2726 Dominus
1184 2672 1425 2744 plebem
1457 2689 1630 2727 suam
1683 2675 1871 2742 (Psal.

209 2774 372 2827 xum,
400 2763 418 2813 i
446 2759 506 2830 ;),
529 2779 560 2810 »
593 2781 620 2807 ‹‹
645 2759 936 2831 quoniam
966 2760 1027 2815 in
1076 2776 1266 2815 manu
1315 2762 1446 2831 ejus
1485 2765 1628 2816 sunt
1669 2777 1880 2816 omnes

208 2847 370 2902 ﬁnes
410 2852 604 2920 terras,
651 2853 708 2904 et
760 2849 1099 2905 altitudines
1148 2851 1444 2905 montium
1498 2850 1684 2924 ipsius
1743 2854 1882 2905 sunt

208 2937 408 3004 (Psat.
440 2952 595 3007 xcrv,
642 2939 718 3007 4).
750 2956 779 2988 »
829 2938 1128 2994 Convertit
1178 2953 1443 3010 namque
1498 2955 1637 2993 eum
1695 2954 1880 3009 quem

209 3025 510 3097 conspicit
528 3026 678 3082 sicut
697 3027 988 3100 scriptum
1007 3031 1094 3083 est
1117 3045 1129 3083 :
1178 3047 1208 3080 ‹
1231 3028 1565 3083 Conversus
1593 3027 1880 3082 Dominus

1986 1694 2362 1745 marcescunt
2396 1707 2408 1757 ;
2441 1689 2580 1745 hinc
2606 1705 2836 1760 onagro
2859 1690 3161 1762 despectis
3214 1691 3397 1748 rebus
3443 1690 3654 1748 transi-

1987 1778 2152 1833 toriis
2175 1778 2425 1834 virentia
2455 1779 2797 1852 perquirere
2827 1783 2936 1843 est,
2976 1780 3040 1834 in
3090 1784 3380 1840 aeternum
3408 1795 3656 1836 mansuw

1986 1881 2054 1922 ra
2083 1871 2288 1923 sancto
2318 1867 2640 1940 unicuique
2669 1868 2798 1924 viro
2826 1867 3185 1924 desiderare.
3220 1867 3448 1925 Trrlcs.
3473 1873 3654 1924 Arena

1987 1955 2068 2012 tia
2091 1971 2356 2028 namque
2415 1961 2555 2012 sunt
2597 1957 2783 2013 corda
2824 1956 3142 2012 hominum
3195 1973 3333 2029 qua:
3364 1957 3426 2013 in
3471 1956 3653 2028 hujus

1990 2045 2193 2101 saeculi
2222 2046 2498 2118 perituris
2525 2046 2798 2118 plantata
2841 2046 3181 2103 aeternitatis
3211 2045 3498 2108 ﬁduciam
3527 2061 3654 2112 non

1986 2134 2252 2190 habent:
2285 2134 2477 2193 virent
2501 2139 2723 2204 autem,
2752 2151 2903 2208 quin
2941 2134 3024 2190 illi
3080 2135 3410 2197 haereditati
3464 2134 3652 2190 inhm.

1985 2227 2135 2280 rent.
2170 2227 2248 2279 De
2278 2240 2400 2296 qua
2431 2225 2638 2280 Petrus
2661 2223 2969 2296 apostolus
2999 2222 3171 2280 dicit:
3201 2243 3232 2277 ‹
3257 2225 3322 2279 In
3344 2224 3653 2281 haeredita-

1989 2317 2107 2369 tem
2136 2313 2619 2386 incoruptibilem
2648 2314 2702 2383 (Ι
2723 2315 2888 2369 Petr.
2913 2329 2952 2382 ι,
2973 2313 3049 2385 4).
3075 2331 3108 2366 ι
3135 2312 3421 2386 Quisquis
3448 2313 3652 2386 itaque

1987 2404 2343 2459 intrinsecus
2374 2419 2638 2459 arescere
2669 2402 2970 2471 formidat,
3013 2402 3242 2458 arentia
3284 2402 3651 2459 extrinsecus

1989 2491 2201 2547 mundi
2238 2492 2420 2562 hujus
2449 2491 2745 2547 desideria
2785 2490 2993 2562 fugiat.
3027 2491 3308 2564 Quisquis
3337 2508 3374 2548 a
3399 2491 3653 2553 Domino

1986 2581 2329 2654 perquirere
2358 2579 2659 2636 desiderat
2708 2584 2996 2636 aeternam
3047 2579 3308 2652 patriam
3338 2584 3650 2652 appetens,

1986 2670 2220 2726 interna
2249 2669 2447 2725 cordis
2488 2668 2855 2740 plantatione
2900 2667 3238 2724 viridescat.
3271 2671 3404 2728 Haec
3450 2671 3653 2725 autem

1987 2759 2062 2814 de
2093 2773 2322 2828 onagro
2352 2757 2624 2829 exposita
2676 2757 2903 2829 duplici
2941 2756 3261 2813 intellectui
3308 2757 3650 2825 sufﬁciant;
3689 2783 3697 2792 -

1986 2846 2222 2903 lectoris
2243 2845 2395 2900 ‘vero
2420 2845 2648 2916 judicio
2701 2845 3164 2918 relinquendum
3195 2850 3301 2916 est,
3329 2846 3478 2919 quid
3520 2861 3652 2904 ma-

1989 2937 2078 3008 gis
2107 2935 2345 2991 duxerit
2373 2933 2740 3006 eligendum.

225 3219 3637 3248 Μ

1165 3372 1495 3459 LIBER
1553 3368 2220 3460 TRICESIMUS
2281 3369 2734 3456 PRIMUS.

290 3756 462 3810 Vens.
496 3758 548 3811 9.
581 3755 876 3827 Nunquid
903 3757 1032 3811 vutt
1060 3757 1402 3813 rhinoceros
1454 3757 1679 3812 servire
1718 3754 1878 3810 tibi?
1919 3756 1960 3810 C
1990 3769 2178 3808 cornu
2219 3767 2398 3807 suum
2450 3748 2796 3806 rhinoceros
2846 3747 2954 3804 istc
3003 3744 3273 3802 feriendo
3316 3743 3646 3801 Ecclesiam

204 3875 288 3886 —
350 3843 670 3912 Subaudis,
721 3845 824 3916 qui
880 3860 1019 3900 cum
1085 3844 1565 3916 preedicamentis
1634 3843 1878 3916 quidem
1989 3843 2050 3898 in
2080 3839 2442 3912 martyribus
2470 3838 2733 3894 lassatus
2776 3833 3109 3898 inclinavit,
3139 3849 3280 3889 cum
3325 3837 3649 3906 potestates

202 3931 540 3988 hominum
569 3932 675 3986 diu
702 3932 970 3987 resistere
996 3932 1230 4003 pertuli,
1260 3931 1366 3987 sed
1390 3936 1592 3987 tamen
1615 3936 1878 4002 repente,
1988 3932 2171 4002 hujus
2195 3928 2406 3985 mundi
2432 3943 2555 3983 non
2586 3926 2800 3995 verbis,
2831 3925 2936 3980 sed
2983 3923 3287 3979 miraculis
3331 3927 3486 3979 Deus
3537 3923 3653 3980 fre-

204 4037 362 4078 cum
387 4021 572 4086 volui,
607 4019 909 4074 miraculis
951 4021 1150 4074 stravi.
1184 4020 1546 4076 Rhinoceros
1602 4019 1760 4074 enim
1798 4020 1883 4073 in-
1993 4021 2092 4090 git,
2124 4018 2359 4090 sibique
2389 4015 2657 4071 subditas
2682 4013 2834 4069 fecit.
2867 4012 3044 4068 Aliter
3075 4028 3088 4066 :
3132 4011 3493 4067 Rhinoceros
3517 4011 3648 4079 iste,

202 4109 468 4168 domitae
496 4107 744 4163 omnino
765 4111 993 4163 naturae
1025 4112 1112 4162 est
1139 4125 1152 4174 ;
1193 4108 1274 4163 ita
1304 4113 1367 4163 ut
1393 4107 1442 4162 si
1468 4107 1714 4179 quando
1746 4122 1884 4177 cap-
1992 4110 2094 4184 qui
2126 4107 2305 4163 etiam
2334 4120 2694 4161 monocerus
2727 4102 2940 4158 Graecis
2972 4099 3417 4173 exemplaribus
3463 4099 3654 4157 nomi-

205 4206 314 4257 tus
373 4198 570 4268 fuerit,
632 4197 817 4254 teneri
885 4197 1226 4253 nullatenus
1298 4197 1505 4269 possit.
1563 4196 1884 4269 Impatiens
1992 4202 2188 4266 natur,
2216 4199 2390 4251 tantae
2419 4209 2548 4250 esse
2605 4191 2969 4249 fortitudinis
3008 4190 3242 4260 dicitur,
3273 4193 3340 4247 ut
3365 4188 3532 4246 nulla
3557 4205 3657 4246 ve-

203 4290 468 4364 quippe,
500 4292 565 4344 ut
589 4287 791 4356 fertur,
817 4287 974 4344 illico
1004 4288 1275 4344 moritur.
1310 4288 1449 4358 Ejus
1471 4303 1612 4342 vero
1641 4286 1885 4342 nomine
1993 4285 2270 4341 nantium
2299 4284 2512 4340 virtute
2542 4282 2833 4355 capiatur.
2869 4281 2935 4336 Et
2966 4279 3118 4337 sicut
3145 4277 3396 4353 quidam
3425 4277 3654 4350 dicunt,

208 4377 433 4435 Latina
458 4376 666 4447 lingua
694 4378 1149 4450 interpretatum
1179 4380 1373 4447 sonat,
1404 4377 1468 4431 in
1501 4391 1649 4432 nare
1674 4391 1881 4431 cornu.
1994 4374 2163 4445 virgo
2194 4373 2242 4429 si
2270 4373 2468 4446 puella
2498 4371 2873 4445 proponitur,
2905 4386 3040 4442 quae
3069 4384 3131 4424 se
3158 4367 3432 4424 veniente
3453 4367 3656 4424 sinum

212 4471 284 4525 Et
312 4465 464 4538 quid
491 4465 656 4522 aliud
683 4469 746 4521 in
768 4482 934 4534 nare,
967 4465 1084 4521 nisi
1111 4464 1371 4535 fatuitas,
1401 4465 1549 4537 quid
1581 4465 1641 4519 in
1672 4479 1881 4531 cornu,
1997 4463 2205 4536 aperit,
2238 4463 2298 4517 in
2341 4477 2464 4534 quo
2492 4460 2592 4516 illo
2626 4459 2794 4515 omni
2836 4457 3139 4514 ferocitate
3181 4456 3536 4530 postposita,
3566 4471 3660 4513 ca-

213 4556 341 4613 nisi
366 4555 541 4612 elatio
569 4555 920 4625 designatur
947 4557 975 4612 ?
1001 4559 1148 4610 Nam
1179 4554 1324 4628 quia
1369 4555 1430 4609 in
1458 4570 1602 4610 nare
1651 4553 1888 4609 fatuitas
1997 4558 2105 4627 put
2129 4551 2392 4626 deponit.
2426 4552 2629 4623 sicque
2660 4549 2738 4605 ab
2787 4547 2871 4604 eis
2918 4563 2954 4604 a
3001 4546 3223 4621 quibus
3265 4545 3401 4618 capi
3447 4544 3662 4617 quaeri-

219 4647 378 4704 solet
433 4645 695 4717 intelligi,
740 4646 1056 4703 Salomone
1109 4649 1446 4716 attestante,
1486 4644 1742 4700 dicimus
1786 4642 1891 4717 qui
1997 4648 2111 4712 tur,
2143 4645 2386 4715 repente
2411 4639 2573 4696 velut
2601 4637 2832 4694 enervis
2857 4636 3174 4692 invenitur.
3209 4633 3392 4690 Buxei
3416 4647 3662 4706 quoque

220 4737 344 4793 ait:
375 4757 403 4784 «
438 4735 705 4790 Circulus
735 4751 954 4791 aureus
981 4735 1044 4790 in
1072 4735 1324 4792 naribus
1372 4734 1493 4790 suis
1523 4733 1737 4790 mulier
1759 4731 1890 4806 pul-
2000 4730 2212 4788 coloris
2267 4745 2400 4786 esse
2454 4727 2826 4793 describitur,
2885 4723 2990 4797 qui
3037 4724 3217 4781 etiam
3281 4721 3663 4794 elephantem

219 4826 373 4883 chra
402 4830 458 4881 et
487 4824 652 4880 fatua
682 4826 882 4897 (Prov.
916 4842 994 4893 x1,
1024 4827 1136 4898 22).
1161 4845 1190 4877 »
1224 4827 1290 4881 Et
1310 4825 1476 4897 quod
1495 4823 1557 4878 in
1584 4839 1772 4880 cornu
1795 4839 1893 4878 su-
2001 4833 2189 4874 cornu
2236 4816 2424 4890 (quod
2454 4815 2719 4871 immane
2764 4812 3140 4883 singulariter
3169 4813 3381 4884 gestat)
3424 4809 3487 4866 in
3529 4823 3667 4866 ven—

219 4915 438 4990 perbia
480 4915 846 4986 designatur,
878 4916 1174 4988 propheta
1221 4915 1596 4974 demonstrat
1645 4913 1888 4969 dicens:
2003 4912 2085 4964 tre
2114 4905 2360 4976 inﬁgere
2400 4903 2766 4978 perhibetur,
2798 4906 2865 4959 ut
2913 4917 3053 4958 eum
3082 4901 3254 4959 facile
3283 4901 3666 4990 sternatrPo-

225 4987 261 5058 '.
313 5003 440 5058 Dixi
493 5003 714 5076 iniquis
762 5021 774 5059 :
832 4987 1016 5060 Nolite
1068 5004 1272 5076 inique
1317 5018 1534 5072 agere;
1590 5007 1647 5059 et
1707 5002 1894 5058 delin-
2002 5000 2113 5053 test
2141 5011 2283 5066 ergo
2313 5011 2421 5068 per
2450 4993 2614 5050 hunc
2658 4992 3010 5050 unicornem
3055 4991 3152 5049 ille
3197 4990 3462 5066 populus
3507 4987 3668 5076 desii-

222 5092 555 5164 quentibus
585 5075 616 5148 ί
659 5093 843 5150 Nolite
898 5075 1400 5150 exaltareicornu
1453 5093 1641 5165 (Psat.
1696 5108 1891 5159 Lxxrv,
1927 5115 1970 5167 ι)
2005 5084 2194 5157 gnari,
2227 5084 2331 5158 qui
2359 5085 2508 5139 dum
2557 5082 2632 5138 de
2663 5086 2908 5175 accepta
2948 5081 3099 5175 lege,
3131 5096 3257 5175 non
3308 5093 3516 5154 opera,

226 5186 307 5250 '5).
334 5206 362 5232 ››
396 5182 549 5248 Quid
603 5197 746 5252 ergo
796 5184 856 5238 in
901 5182 1275 5238 rhinocerote
1306 5182 1443 5248 hoc,
1474 5181 1588 5236 nisi
1625 5186 1896 5254 potentes
2005 5176 2197 5233 solam
2222 5174 2372 5231 inter
2401 5177 2648 5230 cunctos
2694 5173 2971 5229 homines
3021 5172 3338 5229 elationem
3392 5167 3667 5262 sutnpfit:

224 5271 414 5342 hujus
441 5271 642 5327 surculi
672 5251 1115 5342 designantur?
1155 5271 1251 5327 vel
1279 5271 1425 5344 ipsae
1455 5271 1516 5326 in
1563 5251 1645 5325 eo
1684 5269 1899 5343 princi-
2004 5266 2183 5339 quasi
2234 5264 2384 5320 inter
2439 5267 2681 5319 caeteras
2731 5261 2976 5332 bestias,
3034 5276 3224 5318 cornu
3292 5251 3672 5344 singulariter

225 5339 485 5433 patuum
513 5339 855 5434 potestates,
888 5360 992 5433 qui
1023 5365 1166 5433 typo
1193 5339 1370 5416 fatuae
1412 5339 1751 5433 jactationis
1781 5359 1897 5416 ela-
2008 5355 2273 5426 gestavit.
2308 5352 2473 5410 Unde
2514 5353 2802 5426 scriptum
2850 5355 2942 5407 est
2973 5367 2985 5405 :
3049 5369 3079 5403 (ι
3107 5349 3313 5404 Libera
3339 5357 3438 5399 me
3462 5339 3539 5398 de
3567 5355 3672 5434 ore

227 5429 297 5517 ti,
324 5449 472 5506 dum
515 5429 683 5506 ialsis
736 5429 992 5506 exterius
1034 5429 1320 5505 inﬂantur
1361 5429 1716 5514 honoribus,
1744 5447 1899 5503 veris
2006 5444 2215 5514 leonis,
2246 5446 2302 5499 et
2331 5441 2614 5498 cornibus
2639 5437 3020 5496 unicornium
3044 5435 3232 5503 (Psal.
3265 5445 3468 5500 χχχιιι,
3502 5429 3614 5503 22).
3642 5449 3671 5480 κ

229 5537 488 5595 miseriis
517 5539 677 5596 intus
723 5539 934 5595 inanes
965 5539 1152 5593 cunt?
1195 5539 1421 5603 Quibus
1473 5539 1628 5595 bene
1649 5537 1895 5593 dicitur:
2006 5539 2087 5591 Ac
2139 5534 2188 5590 si
2238 5549 2378 5606 ergo
2434 5533 2648 5592 beatus
2721 5528 2833 5584 Job
2885 5531 3100 5598 typum
3157 5523 3346 5582 beatae
3402 5518 3673 5578 Ecclestﬂ

232 5648 268 5676 α
289 5627 439 5693 Quid
481 5628 758 5702 superbis
786 5632 942 5686 terra
983 5632 1042 5684 et
1070 5626 1264 5684 cinis?
1293 5646 1322 5682 ιι
1353 5629 1564 5701 (Ecctz'.
1597 5645 1656 5698 χ,
1679 5627 1762 5696 9.)
1788 5626 1901 5684 Sed
2010 5624 2230 5682 tenenti
2253 5623 2526 5681 dicatur:
2587 5615 2870 5690 Nunquid
2923 5614 3093 5672 illum
3134 5612 3431 5688 populum
3488 5622 3674 5682 quem
