4120 6156
547 128 653 182 £63

1629 119 1686 169 S.
1721 111 1980 170 ODONIS
2007 107 2303 166 ABBATIS
2331 109 2827 170 CLUNIACENSIS
2857 113 2900 168 ll

3801 123 3890 180 ιιι

539 244 850 320 superbire
927 242 988 298 in
1046 255 1190 296 nece
1257 237 1527 296 ﬁdelium
1605 236 1782 292 stulta
1831 250 1940 290 sua
1994 231 2197 290 elatio-
2227 239 2274 292 Α
2305 237 2459 302 rant,
2473 249 2652 304 .nunc
2681 233 3179 308 prolatislegibus
3199 233 3518 308 praedicare
3543 251 3652 294 non
3678 247 3890 299 cessant.

537 353 612 392 ne
669 332 1036 396 consideras,
1067 328 1180 384 sub
1201 329 1336 398 jure
1387 332 1504 383 ture
1551 323 1992 399 praedicationis
2035 320 2199 377 incli-

536 439 644 480 nas
665 425 692 478 ἱ)
724 419 1044 486 Subaudis,
1076 423 1140 472 ut
1191 431 1302 486 ego
1320 417 1347 472 '?
1375 415 1484 488 qui
1512 421 1569 472 et
1587 415 1648 470 in
1677 429 1776 470 me
1795 413 1966 469 illum
1995 410 2198 480 singu-

533 510 644 568 lari
669 525 856 566 cornu
886 507 1087 564 extolli
1114 504 1442 577 conspicio,
1470 508 1528 560 et
1553 507 1754 560 tamen
1779 501 1914 556 mihi
1941 515 2081 556 cum
2100 512 2198 554 vo-

533 599 699 654 luero
719 595 996 670 protinus
1025 593 1240 650 subdo.
1273 591 1492 648 Paulus
1521 607 1664 661 ergo
1691 590 1771 646 ad
1786 587 2055 645 medium
2083 585 2196 642 du-

534 693 722 752 catur,
755 685 858 758 qui
889 685 1037 740 dum
1069 687 1276 738 contra
1305 685 1492 738 Deum
1523 697 1584 736 se
1616 678 1792 752 quasi
1819 677 1894 734 de
1923 675 2200 732 custodia

533 777 680 846 legis
705 773 999 842 nesciens,
1029 770 1272 838 extulit;
1306 785 1490 826 cornu
1524 769 1583 824 in
1609 783 1754 824 nare
1785 765 2054 836 gestavit.
2089 767 2201 820 Un-

535 864 610 920 de
636 869 692 919 et
719 863 834 918 hoc
863 861 1066 934 ipsum
1095 859 1256 914 naris
1281 873 1470 914 cornu
1491 873 1598 930 per
1617 855 2018 914 humilitatem
2039 856 2199 924 post-

537 951 792 1008 modum
819 949 1114 1004 inclinans
1144 946 1320 1002 dicit:
1369 967 1396 994 ‹‹
1423 944 1532 1011 Qui
1571 935 1738 1017 prius
1779 943 1864 998 fui
1911 941 2198 1014 blasphe-

537 1057 700 1109 mus,
731 1044 788 1095 et
815 1041 1178 1110 persecutor,
1210 1039 1268 1092 et
1295 1033 1766 1090 contumeliosus
1791 1050 1805 1100 ;
1865 1030 1976 1087 sed
2017 1029 2198 1086 mise-

535 1129 858 1186 ricordiam
917 1130 1274 1182 consecutus
1333 1139 1488 1191 sum,
1543 1122 1688 1196 quia
1747 1121 2036 1192 ignorans
2087 1119 2196 1176 feci

540 1218 600 1288 (I
627 1219 776 1274 Tim.
801 1233 844 1282 ι,
873 1217 982 1286 t3).
1011 1236 1038 1264 »
1065 1213 1246 1282 Virgo
1277 1211 1565 1268 nimirum
1619 1208 1979 1266 rhinoceroti
2000 1208 2200 1263 sinum

536 1322 716 1362 suum
746 1303 1000 1376 aperuit,
1031 1318 1170 1376 cum
1199 1300 1379 1358 Saulo
1407 1299 1754 1371 incorrupta
1779 1297 1882 1354 Dei
1907 1295 2201 1369 sapientia

537 1371 991 1450 incarnationis
1029 1371 1168 1445 suae.
1213 1388 1568 1462 mysterium
1622 1387 1696 1442 de
1749 1385 1901 1442 ccelo
1947 1385 2199 1457 loquen-

532 1483 612 1539 do
643 1481 922 1554 patefecit
941 1479 1147 1536 dicens
1172 1495 1185 1534 :
1233 1497 1263 1532 ‹
1297 1477 1496 1546 Saule,
1526 1475 1720 1542 Saulc,
1753 1473 1903 1548 quid
1947 1489 2044 1530 me
2073 1487 2202 1545 per.

2307 320 2454 392 quid
2511 321 2676 380 aliud
2722 323 2968 390 faciunt,
2999 323 3112 379 nisi
3169 322 3346 379 aratri
3391 323 3571 380 labori
3619 325 3892 386 insudant?

2307 409 2486 466 Aliter
2535 429 2549 468 :
2619 413 2782 468 Loris
2839 412 3122 486 praefatus
3194 411 3529 470 rhinoceros
3583 415 3890 486 astringitur,

2305 497 2450 570 quia
2481 499 2753 556 videlicet
2781 516 2903 560 uno
2953 499 3014 556 in
3045 505 3313 572 tempore
3369 500 3638 568 caicitate,
3663 503 3896 574 praedica-

2307 586 2482 654 tione,
2513 588 2877 662 baptismate
2901 589 3144 660 ligatur,
3177 592 3242 645 ut
3278 603 3398 644 non
3433 588 3616 645 solum
3668 589 3894 648 homines

2307 677 2668 734 crudelitatis
2695 695 2884 734 cornu
2912 694 3037 735 non
3064 679 3334 752 impetat,
3367 677 3470 734 sed
3515 694 3710 736 eorum
3751 681 3898 740 etiam

2305 764 2622 822 refectione
2669 767 2943 832 saeviens,
2985 772 3252 824 aratrum
3282 766 3698 839 praedicationis
3723 769 3896 828 trahat.

2309 857 2437 927 ipse
2461 855 2686 928 quippe
2716 856 2792 913 de
2841 855 3391 926 evangelizantibus
3441 855 3610 928 quasi
3649 855 3716 912 de
3761 872 3900 915 aran-

2308 943 2465 1002 tibus
2515 945 2658 1002 dicit
2712 963 2724 1000 :
2815 967 2844 996 ιι
2903 945 3086 1002 Debet
3135 945 3296 1002 enim
3341 945 3402 1000 in
3477 961 3578 1018 spe
3631 945 3726 1018 qui
3779 953 3900 1018 arat,

2309 1039 2564 1104 arare,et
2635 1035 2742 1106 qui
2797 1035 3030 1092 triturat
3072 1034 3134 1090 in
3199 1050 3307 1106 spe
3357 1033 3571 1090 fructes
3623 1034 3902 1108 percipiene

2307 1116 2366 1172 di
2420 1119 2505 1188 (Il
2534 1118 2672 1174 Cor.
2713 1135 2794 1191 ix,
2831 1120 2935 1190 10).
2971 1141 3000 1168 ››
3056 1118 3166 1184 Qui
3221 1118 3400 1188 igitur
3455 1121 3730 1174 tormenta
3771 1119 3902 1192 prius

2307 1205 2586 1264 ﬁdelibus
2609 1207 2998 1280 irrogaverat,
3022 1211 3080 1263 et
3103 1223 3208 1279 per
3235 1206 3420 1263 ﬁdem
3443 1205 3803 1279 postmodum
3825 1207 3906 1264 ﬂa-

2309 1295 2464 1364 gella
2489 1295 2741 1354 libenter
2767 1300 2982 1370 portat,
3007 1295 3273 1368 profecto
3293 1295 3447 1352 bene
3465 1295 3670 1366 ligatus
3689 1294 3786 1351 sub
3799 1311 3902 1352 ara-

2309 1388 2400 1440 tro
2446 1384 2703 1442 desudat
2749 1385 2828 1441 ad
2875 1389 3160 1456 segetem,
3191 1384 3297 1457 qui
3353 1383 3582 1440 vivebat
3631 1383 3688 1439 in
3729 1399 3903 1458 campo

2309 1473 2464 1530 male
2515 1473 2668 1532 liber
2723 1490 2760 1530 a
2799 1474 3030 1536 timore.
3087 1473 3396 1546 Sequitur:
3449 1473 3572 1529 Aut
3621 1474 3904 1544 confringet

427 1609 434 1618 ι
535 1571 804 1642 sequeris
825 1571 852 1626 ἱ)
887 1593 916 1619 ››
945 1569 1100 1636 (Act.
1141 1583 1216 1634 1x;
1246 1567 1328 1636 4.)
1355 1567 1422 1620 Et
1445 1563 1854 1620 fortitudinem
1883 1577 2059 1618 suam
2085 1560 2202 1616 rhi-
2237 1590 2274 1642 Β
2307 1563 2508 1635 glebas
2534 1565 2787 1620 vallium
2811 1569 2944 1634 post
2968 1569 3023 1619 te
3043 1563 3070 1618 Ἰ
3101 1594 3170 1603 -
3195 1562 3548 1634 Plerumque
3571 1565 3756 1618 autem
3773 1567 3904 1618 terra

533 1673 784 1715 noceros
863 1655 1140 1728 perdidit,
1199 1653 1343 1726 quia
1395 1656 1728 1726 prostratus
1777 1651 1964 1708 homo
2018 1664 2200 1706 omne

533 1747 702 1818 quod
758 1744 1088 1816 superbum
1139 1741 1428 1812 tumebat,
1475 1739 1692 1796 amisit.
1738 1738 2043 1812 Sequitur:
2075 1737 2199 1794 Aut

535 1835 890 1891 morabatur
930 1833 1011 1888 ad
1059 1845 1327 1901 praesepe
1370 1828 1588 1886 tuum?
1629 1860 1696 1868 —
1759 1830 2029 1901 Praesepe
2083 1826 2200 1884 hoc

533 1923 666 1980 loco
693 1924 828 1995 ipsa
868 1921 1172 1993 Scriptura
1214 1933 1384 1975 sacra
1421 1933 1544 1974 non
1595 1916 2082 1974 inconvenienter
2105 1931 2201 1972 ac-

534 2011 768 2084 cipitur,
794 2010 858 2066 in
871 2025 995 2082 qua
1011 2007 1174 2064 verbi
1197 2006 1422 2079 pabulo
1443 2005 1732 2062 animalia
1749 2010 1956 2062 sancta
1979 2003 2198 2060 satian-

535 2105 648 2155 tur.
679 2101 759 2154 De
787 2097 1011 2170 quibus
1041 2111 1146 2167 per
1191 2093 1554 2166 Prophetam
1601 2093 1818 2149 dicitur
1849 2111 1862 2148 :
1916 2093 2197 2152 «Anima.-

531 2186 614 2244 lia
665 2191 772 2242 tua
813 2184 1176 2242 habitabant
1221 2182 1284 2238 in
1331 2198 1404 2240 ea
1442 2183 1630 2254 (Psal.
1666 2197 1841 2252 van,
1873 2183 1980 2254 tt).
2009 2181 2198 2252 {Sed

533 2275 672 2332 elati
693 2290 904 2331 omnes
927 2273 991 2330 in
1022 2271 1372 2346 primordiis
1409 2271 1710 2328 nascentis
1759 2271 2028 2326 Ecclesiae
2069 2275 2196 2327 tan-

535 2363 796 2422 tominus
827 2365 888 2420 in
915 2362 1381 2436 praedicatorum
1418 2375 1686 2433 praesepe
1716 2359 1916 2416 claudi
1961 2375 2026 2416 se
2064 2360 2195 2432 jam

532 2456 1038 2525 contempserant,
1095 2455 1324 2523 quanto
1401 2449 1597 2518 magis
1651 2447 1714 2503 in
1785 2447 2192 2520 voluptatibus

533 2541 792 2614 propriis
817 2539 1048 2596 dimissi
1078 2537 1515 2610 desperationis
1546 2553 1668 2592 suae
1698 2551 1986 2609 campum
2035 2541 2194 2592 tene-

531 2629 700 2686 bant.
731 2630 812 2684 De
863 2627 1087 2700 quibus
1131 2625 1348 2682 Paulus
1402 2625 1484 2680 ait
1517 2641 1528 2680 :
1586 2645 1616 2678 «
1647 2624 1758 2685 Qui
1807 2624 2193 2697 desperantes

535 2717 889 2790 semetipsos
917 2714 1290 2772 tradiderunt
1335 2713 1722 2786 impudicitiae
1749 2712 1811 2769 in
1849 2714 2193 2786 operatione

533 2804 930 2862 immunditiis
959 2819 1178 2871 omnis,
1200 2803 1263 2860 in
1293 2801 1604 2862 avaritiam
1633 2803 1876 2874 (Ephes.
1911 2818 1989 2870 IV,
2023 2803 2128 2874 t9).
2163 2825 2190 2850 »

535 2899 602 2953 Et
630 2901 832 2952 tamen
864 2911 1004 2951 cum
1035 2893 1235 2962 voluit,
1267 2897 1510 2966 repente
1557 2892 1843 2948 Dominus
1890 2893 1970 2948 ad
2015 2908 2193 2948 suum

531 3001 636 3042 eos
663 2999 932 3058 praesepe
973 2981 1258 3054 religavit.
1293 2985 1440 3039 Ecce
1470 2981 1628 3038 enim
1681 2981 1982 3038 cernimus
2027 2980 2194 3054 quod

529 3080 804 3148 potentes
854 3073 1036 3146 hujus
1092 3071 1314 3140 saeculi,
1369 3072 1498 3143 ejus
1551 3071 1851 3144 principes
1901 3069 2190 3144 praedica-

530 3171 735 3220 menta
763 3162 1075 3220 Dominica
1119 3161 1372 3218 libenter
1421 3161 1696 3229 audiunt,
1725 3165 2064 3217 constanter
2112 3159 2192 3216 le-

529 3259 697 3322 gunt,
755 3252 1109 3324 passimque
1165 3251 1584 3322 [passamque]
1641 3265 1679 3306 a
1741 3264 2012 3322 praesepe
2067 3263 2192 3305 non

528 3344 768 3408 exeunt,
798 3338 944 3410 quia
981 3343 1282 3410 praecepta
1323 3337 1424 3392 Dei
1477 3353 1614 3409 quae
1644 3342 1750 3393 aut
1788 3336 2043 3406 legendo
2089 3340 2194 3394 aut

526 3426 829 3484 audiendo
855 3429 1248 3496 cognoscunt,
1283 3439 1673 3498 nequaquam
1703 3425 1962 3482 vivendo
2007 3430 2192 3482 trans-

527 3516 810 3584 cendunt,
833 3513 942 3570 sed
969 3513 1050 3570 ad
1079 3513 1244 3568 verbi
1283 3513 1578 3586 pabulum
1607 3513 1784 3586 quasi
1818 3513 2009 3570 clausi
2036 3519 2190 3570 stare

524 3602 940 3676 aequanimiter
967 3600 1238 3668 tolerant,
1291 3605 1358 3656 ut
1387 3600 1622 3656 edendo
1669 3605 1730 3656 et
1771 3601 2189 3673 permanendo

523 3694 942 3765 pinguescant,
967 3689 1148 3746 Aliter
1179 3707 1194 3748 :
1229 3689 1428 3746 isdem
1481 3689 1824 3746 rhinoceros
1882 3690 2062 3747 etiam
2109 3692 2188 3748 ad

521 3781 622 3839 Dei
677 3795 946 3855 praesepe
987 3783 1256 3836 moratus
1303 3783 1412 3848 est,
1445 3779 1590 3852 quia
1641 3781 1947 3836 ruminare
2003 3781 2188 3838 verba

520 3869 824 3940 Evangelii
847 3869 1206 3940 dedignatus
1237 3883 1360 3926 non
1390 3874 1500 3924 est.
1533 3868 1626 3924 Ait
1653 3868 1812 3926 enim
1839 3888 1852 3924 :
1879 3891 1908 3918 «
1927 3869 2186 3926 Ascendi

487 3959 950 4034 ‘Jerosolymam
979 3975 1120 4016 cum
1169 3957 1462 4027 Barnaba,
1491 3964 1807 4032 assumpto
1837 3963 1894 4016 et
1919 3959 2062 4028 Tito,
2093 3976 2186 4016 as-

516 4051 688 4106 cendi
737 4055 940 4106 autem
997 4048 1332 4104 secundum
1370 4047 1817 4114 revelationem,
1852 4053 1909 4104 et
1959 4047 2180 4106 contuli

515 4155 654 4196 cum
685 4139 768 4194 eis
798 4137 1188 4208 Evangelium
1217 4139 1371 4204 (Gal.
1403 4153 1461 4206 ιι,
1499 4142 1550 4207 t,
1582 4137 1656 4208 2).
1689 4160 1716 4186 »
1751 4141 1818 4192 Et
1844 4138 1988 4210 quia
2011 4138 2178 4210 prius

507 4227 752 4298 jejunus
781 4225 1092 4281 audierat:
1135 4246 1151 4276 ς
1185 4227 1412 4279 Durum
1445 4224 1548 4280 tibi
1599 4230 1687 4280 est
1723 4231 1930 4280 contra
1974 4225 2178 4282 stimu-

509 4315 638 4372 lum
665 4315 970 4372 calcitrare
1001 4315 1148 4386 (Act.
1175 4331 1254 4384 1x,
1285 4315 1364 4384 5),
1389 4337 1418 4364 »
1449 4313 1604 4369 mira
1631 4314 2025 4388 postmodum
2065 4315 2177 4370 vir-

511 4408 632 4461 tute
663 4401 1036 4476 praesidentis
1063 4418 1307 4474 pressus
1337 4419 1410 4457 ex
1438 4401 1605 4458 verbi
1629 4401 1856 4476 pabulo
1886 4403 2042 4460 vires
2073 4403 2176 4460 ob-

511 4492 702 4550 tinuit.
735 4492 1043 4565 Sequitur:

583 4586 750 4638 Vens.
761 4587 780 4638 i
792 4583 1028 4653 0.Nung
1037 4581 1140 4636 uid
1151 4579 1434 4652 alligabis
1447 4580 1878 4638 rhinocerotem
1896 4583 1977 4638 ad
1991 4598 2172 4639 aran-

505 4674 646 4728 dum
671 4675 798 4728 loro
823 4672 961 4727 tuo?
974 4703 1042 4710 —
1065 4673 1216 4725 Lora
1233 4675 1371 4726 sunt
1387 4669 1659 4726 Ecclesiae
1679 4677 1978 4744 praecepta
1994 4671 2169 4728 disci-

503 4763 716 4835 plinae;
769 4779 938 4818 arare
967 4777 1108 4816 vero
1137 4765 1245 4830 est,
1267 4776 1376 4833 per
1417 4760 1858 4833 praedicationis
1902 4761 2169 4819 studium

503 4852 840 4906 humanum
863 4853 1074 4922 pectus
1104 4865 1342 4905 vomere
1371 4849 1592 4920 lingum
1615 4850 2022 4923 proscindere.
2053 4851 2170 4910 Sci-

501 4955 666 5010 mus,
693 4939 1042 4994 rhinoceros
1071 4938 1178 4994 iste
1235 4943 1502 4994 terrenus
1545 4939 1819 4996 videlicet
1861 4941 2163 5016 princeps,

497 5033 728 5103 quanta
757 5028 923 5101 prius
954 5026 1300 5083 crudelitate
1331 5027 1604 5096 saevierit,
1627 5033 1686 5084 et
1735 5045 1897 5086 nunc
1945 5037 2162 5100 agente

497 5118 754 5198 Domino
779 5115 1078 5173 cernimus
1103 5116 1344 5188 quantis
1365 5116 1700 5189 disciplinae
1727 5117 1870 5174 loris
1889 5121 2163 5176 astrictus

493 5207 586 5280 sit,
603 5209 708 5283 qui
731 5223 856 5264 non
883 5205 1080 5262 solum
1109 5222 1170 5261 se
1198 5223 1234 5262 a
1261 5205 1466 5278 pravis
1487 5207 1771 5280 operibus
1797 5209 2026 5278 retinet,
2055 5209 2162 5266 sed

492 5297 746 5354 etiamin
773 5299 994 5353 sanctis
1045 5294 1182 5351 ﬁdei
1232 5293 1656 5368 praedicatione
1705 5303 1955 5366 exercet,
1982 5314 2156 5372 quos.

490 5385 640 5441 dum
677 5392 940 5443 metuere
971 5388 1158 5442 Deum
1191 5384 1260 5440 in.
1293 5385 1417 5442 suis
1467 5385 1804 5442 actionibus
1835 5387 2154 5458 cernimus,

488 5474 636 5548 quid
661 5475 842 5530 aliam
857 5491 1043 5547 quam
1065 5474 1206 5530 loris
1237 5475 1452 5544 ligatos
1481 5475 1807 5531 videmus“?
1839 5479 1986 5532 Cum
2016 5493 2158 5542 vero

486 5579 624 5622 eam
639 5562 844 5634 ﬁdem,
859 5578 1048 5636 quam
1069 5564 1304 5620 dudum
1321 5563 1740 5638 persequendo
1759 5565 2152 5639 impugnave-

2306 1651 2606 1726 principes
2623 1652 2765 1708 loris
2785 1653 2924 1709 ﬁdei
2937 1651 3102 1724 ligati
3123 1652 3396 1722 exigente
3411 1650 3498 1706 ira
3525 1649 3602 1706 ad
3627 1647 3904 1706 feriendum

2305 1739 2640 1812 rapiuntur,
2665 1741 2834 1813 regni
2863 1741 3128 1797 culmina
3157 1739 3334 1814 quasi
3373 1753 3558 1796 cornu
3603 1735 3678 1794 ad
3724 1737 3905 1810 profec-

2308 1833 2434 1886 tum
2463 1832 2630 1901 regni
2660 1830 2913 1888 caelestis
2945 1829 3251 1888 inclinant.
3271 1827 3452 1885 Aliter
3479 1845 3492 1883 :
3522 1830 3648 1884 iam
3673 1827 3904 1883 Dominus

2305 1920 2710 1992 quorumdam
2740 1925 2970 1976 mentes
2999 1919 3326 1976 intraverat
3349 1917 3456 1992 qui
3487 1916 3646 1974 illum
3669 1916 3902 1972 veraciter

2304 2007 2556 2064 humani
2586 2009 2818 2078 generis
2846 2009 3288 2081 redemptorem
3319 2005 3668 2074 credebant;
3713 2002 3801 2078 qui
3839 2007 3904 2060 ta-

2302 2112 2442 2152 men
2474 2096 2622 2153 dum
2645 2113 3036 2170 nequaquam
3065 2112 3102 2151 a
3129 2095 3384 2168 pristina
3428 2093 3812 2151 observatione
3841 2105 3904 2147 re-

2303 2183 2600 2256 cederent,
2630 2185 2784 2242 dura
2813 2185 3017 2242 litterae
3058 2183 3530 2258 praedicamenta
3577 2180 3903 2248 custodirent,

2303 2273 2356 2329 ei
2383 2273 2739 2346 praedicator
2761 2274 3034 2346 egregius
3059 2272 3238 2329 dicit:
3285 2294 3314 2323 ς(
3347 2272 3412 2328 Si
3439 2267 3906 2336 circumcidamini.

2305 2361 2568 2418 Christus
2596 2362 2659 2417 in
2687 2362 2862 2434 vobis
2909 2361 3058 2418 nihil
3086 2359 3351 2434 proderit
3377 2361 3548 2431 (Gal.
3577 2375 3634 2430 v,
3660 2359 3729 2431 2).
3757 2379 3780 2408 »ι
3827 2353 3910 2423 Qui

2301 2464 2445 2520 ergo
2473 2450 2536 2506 in
2566 2450 2776 2506 humili
2807 2455 3007 2508 mente
3053 2449 3346 2518 ﬁdelium,
3375 2449 3535 2521 legis
3578 2447 3824 2506 duritiam
3845 2461 3910 2502 re-

2301 2538 2655 2609 darguendo
2681 2540 2976 2606 contrivit,
3007 2539 3156 2613 quid
3181 2538 3346 2596 aliud
3373 2555 3566 2614 quam
3593 2535 3792 2594 invalle
3807 2537 3908 2608 post

2305 2629 2624 2684 Dominum
2678 2629 2885 2700 glebas
2929 2628 3158 2699 fregit?
3195 2643 3271 2684 ne
3319 2627 3594 2686 videlicet
3637 2640 3802 2697 grana
3843 2638 3908 2678 se-

2301 2718 2536 2774 minum
2585 2734 2721 2792 qua:
2765 2717 3030 2774 excissus
3079 2721 3278 2774 aratro
3333 2716 3485 2773 ﬁdei
3526 2715 3712 2772 sulcus
3753 2711 3908 2770 cordis

2301 2813 2634 2880 exceperat,
2663 2823 2771 2880 per
2800 2806 3142 2864 custodiam
3171 2806 3378 2864 litterae
3415 2807 3691 2881 depressa
3728 2801 3908 2876 deperi-

2300 2901 2450 2951 rent.
2483 2895 2791 2970 Sequitur:

2375 2985 2547 3042 Vens.
2581 2990 2666 3042 ii.
2698 2985 2994 3058 Nunquid
3023 2983 3264 3042 habebis
3300 2985 3590 3054 ﬁduciam
3619 2985 3675 3040 in
3710 2980 3907 3054 fortitu-

2300 3076 2440 3132 dine
2469 3079 2596 3146 ejus
2623 3081 2652 3133 ?
2679 3107 2749 3117 —
2779 3082 2860 3132 Ac
2890 3075 3176 3132 sidicatur
3206 3079 3272 3132 ut
3297 3091 3416 3147 ego
3437 3079 3465 3134 ‘I
3487 3081 3550 3133 ιιι
3577 3069 3906 3132 rhinocerotis

2299 3165 2644 3222 fortitudine
2671 3165 2960 3222 ﬁduciam
3007 3163 3297 3222 Dominus
3343 3165 3574 3223 habere
3615 3179 3673 3220 se
3721 3159 3906 3228 asserit,

2300 3255 2462 3327 quia,
2495 3253 2664 3328 quod
2719 3253 3124 3327 temporaliter
3171 3259 3408 3310 terreno
3453 3251 3696 3328 principi
3741 3251 3904 3306 contu-

2298 3341 2380 3411 lit,
2431 3342 2510 3399 ad
2561 3342 2790 3398 cultum
2842 3359 2966 3398 suae
3023 3341 3431 3399 venerationis
3485 3339 3782 3399 inclinavit.
3809 3339 3907 3403 Quo

2299 3431 2460 3488 enim
2485 3431 2546 3487 in
2577 3431 2804 3488 mundo
2833 3431 2970 3506 plus
3020 3435 3238 3504 potest,
3265 3447 3337 3488 eo
3361 3447 3480 3504 pro
3509 3430 3710 3488 mundi
3737 3429 3906 3485 Aucto-

2297 3537 2362 3576 re
2389 3521 2526 3594 plus
2553 3521 2856 3593 praevalet.
2889 3525 3040 3578 Nam
3068 3522 3212 3594 quia
3247 3537 3286 3578 a
3331 3521 3620 3594 subjectis
3661 3519 3772 3592 ipse
3815 3529 3908 3572 me-

2297 3609 2500 3680 tuitur,
2527 3613 2692 3665 tanto
2715 3608 2949 3665 facilius
2979 3608 3320 3681 persuadet,
3351 3615 3585 3682 quanto
3611 3613 3664 3666 et
3691 3621 3810 3664 cum
3831 3617 3908 3676 po-

2297 3702 2502 3754 testate
2533 3697 2758 3754 indicat
2783 3699 2890 3771 qui
2941 3715 3079 3754 vere
3125 3703 3453 3755 metuatur.
3481 3699 3690 3756 Aliter:
3741 3697 3798 3752 In
3819 3689 3908 3750 rhi-

2295 3787 2592 3845 nocerotis
2641 3787 2824 3859 hujus
2873 3786 3219 3846 fortitudine
3251 3787 3543 3848 ﬁduciam
3575 3788 3670 3846 Dei
3721 3781 3903 3846 habuit,

2293 3877 2438 3950 quia
2465 3882 2696 3950 quanto
2719 3877 2886 3934 illum
2912 3877 3212 3934 crudelius
3239 3877 3395 3934 dura
3447 3878 3561 3936 sibi
3607 3875 3906 3933 inferentem

2291 3966 2548 4038 pertulit,
2583 3971 2748 4024 tanto
2787 3983 2893 4040 per
2923 3983 2986 4022 se
3032 3966 3406 4023 constantius
3449 3966 3780 4024 tolerantem
3823 3957 3905 4016 ad-

2289 4071 2464 4113 versa
2509 4055 2830 4130 prrescivit.
2870 4057 3184 4129 Sequitur:
3239 4057 3320 4112 Et
3379 4057 3747 4130 derelinques
3769 4051 3815 4110 ei
3847 4048 3910 4106 la-

2289 4145 2454 4203 bores
2479 4152 2608 4202 tuos
2638 4151 2666 4202 Ρ
2693 4177 2760 4188 —-
2795 4145 3052 4204 Labores
3082 4145 3242 4202 enim
3295 4162 3445 4202 suos
3504 4146 3641 4204 huic
3677 4142 3906 4202 rhinoce-

2285 4235 2398 4292 roti
2449 4235 2738 4292 Dominus
2787 4235 3120 4309 dereliquit,
3169 4235 3316 4310 quia
3367 4251 3664 4294 converso
3715 4238 3906 4290 terreno

2283 4323 2539 4396 principi
2565 4339 2722 4390 eam,
2754 4339 2944 4397 quam
2974 4341 3084 4380 sua
3121 4329 3312 4380 morte
3361 4327 3664 4381 mercatus
3707 4323 3801 4377 est.
3827 4317 3906 4372 Ec-

2284 4410 2532 4468 clesiam
2603 4411 2870 4469 credidit.
2933 4412 3082 4478 Quia
3148 4412 3420 4469 videlicet
3470 4412 3534 4468 in
3584 4411 3709 4484 ejus
3754 4415 3908 4464 manu

2281 4505 2510 4575 quanta
2527 4502 2922 4560 sollicitudine
2944 4519 3064 4576 pax
3079 4501 3219 4559 ﬁdei
3238 4502 3312 4560 sit
3325 4503 3612 4574 tenenda,
3629 4493 3902 4558 commisit.

2278 4591 2488 4648 Aliter:
2519 4593 2776 4650 Labores
2803 4591 3002 4660 etiam,
3035 4608 3192 4665 quos
3222 4591 3352 4664 ipse
3371 4593 3434 4648 in
3463 4606 3642 4648 carne
3685 4581 3904 4662 pertule-

2278 4685 2390 4749 rat,
2417 4681 2776 4738 rhinoceroti
2813 4681 3146 4754 dereliquit,
3178 4681 3324 4754 quia
3365 4693 3724 4738 conversum
3765 4673 3904 4730 illum

2277 4787 2470 4844 usque
2513 4770 2590 4826 ad
2648 4769 3042 4827 imitationem
3073 4770 3331 4844 propriae
3389 4769 3691 4843 passionis
3739 4759 3900 4822 traxit-

2279 4859 2442 4916 Unde
2473 4864 2530 4914 et
2555 4875 2662 4931 per
2681 4859 2965 4916 eumdem
2989 4859 3428 4918 rhinocerotem
3459 4858 3670 4916 dicitur
3691 4873 3704 4912 :
3729 4874 3758 4908 ‹
3783 4853 3902 4921 Sup-

2273 4947 2410 5022 pleo
2441 4964 2512 5005 ea
2541 4965 2677 5021 qua:
2709 4947 2925 5014 desunt
2978 4950 3340 5022 passionum
3387 4947 3598 5008 Christi
3641 4945 3703 5004 in
3749 4949 3900 4999 carne

2273 5053 2410 5094 mea
2439 5037 2600 5110 (Cor.
2633 5053 2672 5109 ι,
2705 5041 2792 5094 24.
2817 5061 2844 5089 ››
2877 5039 3185 5112 Sequitur:
3581 5095 3586 5100 ,

2347 5125 2513 5180 Vens.
2539 5127 2624 5180 t2.
2667 5125 2959 5198 Nunquid
2988 5125 3188 5182 credes
3215 5126 3274 5182 ei
3292 5125 3452 5196 quod
3477 5121 3692 5182 reddat
3709 5129 3896 5198 sane":

2273 5219 2386 5272 tem
2417 5215 2545 5282 tibi,
2581 5221 2632 5273 et
2665 5229 2866 5273 aream
2901 5221 3068 5272 tuam
3097 5215 3458 5288 congreget?
3486 5243 3556 5255 —
3589 5209 3736 5279 Quid
3759 5197 3898 5263 aliud

2271 5319 2498 5375 semen,
2521 5303 2636 5360 nisi
2665 5303 2917 5361 verbum
2945 5303 3386 5378 prmdicationis
3408 5299 3736 5375 accipitur?
3761 5291 3896 5350 Sicut

2264 5392 2328 5450 in
2359 5393 2682 5464 Evangelia
2715 5393 3002 5451 Dominus
3031 5393 3213 5452 dicit:
3265 5416 3292 5444 ‹‹
3327 5393 3475 5452 Exiit
3519 5389 3626 5464 qui
3669 5381 3894 5444 seminat

2265 5497 2470 5538 semen
2501 5498 2680 5537 suum
2708 5482 2948 5548 (Matth.
2983 5498 3104 5554 xm,
3135 5487 3213 5552 3).
3237 5501 3268 5536 ›
3329 5485 3396 5540 Et
3423 5481 3574 5538 sicut
3629 5471 3892 5550 propheta

2262 5569 2376 5628 ait:
2407 5592 2436 5621 ‹‹
2456 5570 2615 5630 Beati
2637 5571 2744 5644 qui
2771 5569 3080 5630 seminatis
3109 5588 3290 5646 super
3314 5585 3524 5632 omnes
3553 5579 3740 5641 aquas
3767 5559 3886 5633 (Isa'
