4120 6156
126 125 335 180 ⁸465

972 150 975 151 ν
1061 128 1357 184 ΕΡΙΤΟΜΕ
1381 127 1746 185 MORAIJUM
1783 127 1839 184 S.
1873 127 2076 187 GREG.
2108 131 2175 188 IN
2205 134 2350 191 JOB.
2381 166 2451 177 —
2479 138 2609 192 LIB.
2644 139 2816 194 XXXI.

3552 145 3656 198 466

223 250 412 316 xxxii,
437 246 552 317 2“).
587 269 613 297 ››
646 247 798 313 Quid
824 247 989 304 aliud
1037 265 1198 320 area,
1246 251 1362 307 nisi
1411 251 1666 307 Ecclesia
1709 251 1887 309 debet
1921 255 1967 306 A
1997 254 2216 323 volant,
2247 259 2392 331 quia
2422 259 2507 315 eis
2535 276 2751 332 parum
2780 260 2934 318 inest
2960 261 3127 335 quod
3155 266 3467 333 aggravat,
3501 265 3656 321 mul-

221 336 472 406 intelligi
490 337 520 393 ?
550 338 628 393 De
650 353 771 407 qua
799 354 1008 394 rursus
1043 356 1185 396 voce
1213 341 1598 397 Prascursoris
1627 341 1841 398 dicitur
1870 359 1882 397 :

224 448 252 476 ει
287 428 358 482 Et
382 423 814 499 permundabit
841 433 1046 482 aream
1071 432 1246 484 suam
1291 429 1530 497 (Matth.
1578 445 1659 494 ιιι,
1716 429 1823 499 l2).
1859 452 1886 479 »

223 514 367 582 Quis
421 529 566 584 ergo
631 513 694 569 in
747 513 914 570 initio
962 517 1264 574 nascentis
1303 517 1560 574 Eclesiae-
1602 517 1883 585 crederet,

221 602 377 660 dum
406 606 614 659 contra
643 618 779 659 eam
808 602 902 660 ille
932 604 1260 662 indomitus
1297 606 1668 679 principatus
1716 610 1887 663 terra:

225 695 312 750 tot
341 691 521 748 minis
547 695 606 748 et
637 691 998 750 cruciatibus
1037 694 1285 764 saeviret,
1345 695 1489 768 quia
1542 695 1889 752 rhinoceros

221 781 335 838 iste
363 783 482 838 Deo
511 785 838 838 sementem
861 781 1154 851 redderet,
1180 783 1243 839 id
1268 788 1374 852 est,
1404 789 1718 858 acceptum
1738 800 1888 857 prse-

225 868 546 926 dicationis
575 868 830 926 verbum
857 871 1140 944 operibus
1168 876 1516 946 repensaret
1532 875 1561 930 ?
1585 872 1729 939 Quis
1749 888 1888 946 pos-

225 961 314 1014 set
341 961 486 1013 tunc
514 956 897 1014 inﬁrmorum
921 959 1160 1016 credere
1189 960 1356 1034 quod
1385 961 1470 1017 eis
1499 976 1705 1017 aream
1743 976 1886 1018 con-

222 1047 543 1117 gregaret?
571 1048 716 1102 Ecce
747 1047 908 1104 enim
934 1049 1120 1106 modo
1149 1065 1259 1122 pro
1291 1049 1548 1108 Ecclesia
1569 1050 1732 1120 leges
1754 1065 1888 1123 pro-

219 1135 476 1206 mulgat,
505 1135 611 1208 qui
639 1135 874 1193 dudum
907 1142 1114 1194 contra
1141 1155 1275 1195 eam
1301 1155 1409 1212 per
1434 1139 1603 1196 varia
1631 1145 1889 1196 tormen-

221 1230 285 1282 ta
317 1225 622 1282 saeviebat.
655 1225 756 1282 Hic
776 1227 1078 1299 quaslibet
1107 1233 1312 1299 gentes
1361 1245 1573 1302 capere
1607 1228 1883 1303 potuerit,

219 1315 303 1372 ad
332 1315 474 1371 ﬁdei
505 1314 759 1386 gratiam
785 1315 917 1372 illas
950 1317 1264 1373 suadendo
1307 1319 1580 1392 perducit
1611 1337 1624 1387 ;
1682 1318 1887 1391 eisque

220 1408 512 1461 aeternam
538 1403 722 1459 vitam
752 1403 996 1474 indicat,
1043 1405 1266 1478 quibus
1314 1407 1502 1479 captis
1530 1411 1886 1480 pmsentem

222 1497 444 1551 servat.
503 1493 683 1549 Aliter
741 1510 753 1548 :
811 1493 1273 1551 Consideremus
1309 1495 1558 1552 Paulum
1584 1497 1720 1569 quis
1749 1499 1886 1552 ante

1996 345 2125 398 tum
2154 345 2318 416 quod
2342 345 2520 403 levat.
2567 349 2641 404 At
2697 353 2906 405 contra
2957 351 3211 407 struthio
3254 351 3404 407 raris
3442 353 3656 425 pennis

1995 430 2281 504 induitur,
2311 435 2562 492 immani
2589 452 2838 510 corpore
2863 443 3170 509 gravatur,
3200 445 3266 496 ut
3293 444 3351 496 et
3371 440 3421 496 si
3451 441 3656 498 volare

1996 522 2244 593 appetit,
2273 523 2408 596 ipsa
2436 541 2774 598 pennarum
2803 527 3076 600 paucitas
3103 529 3326 586 molem
3357 532 3507 587 tanti
3531 548 3659 588 cor-

1994 609 2158 681 poris
2187 610 2248 666 in
2278 627 2417 668 aera
2446 629 2570 670 non
2600 615 2952 686 suspendat.
2975 619 3127 672 Bene
3153 633 3295 688 ergo
3315 618 3376 674 in
3406 619 3656 677 herodio

1996 703 2053 754 et
2082 699 2359 772 accipitre
2415 707 2472 758 et
2523 701 2847 760 eiectorum
2902 719 3162 776 persona
3192 706 3478 777 signatur,
3511 709 3656 781 quia

1996 787 2266 858 quandiu
2291 789 2353 844 in
2384 790 2497 846 hac
2549 791 2667 848 vita
2710 797 2869 865 sunt,
2925 792 3052 848 sine
3104 794 3411 866 quantula;
3463 797 3654 868 culpas

1995 876 2274 948 contagio
2303 893 2431 934 esse
2460 884 2886 952 non'possunt.
2929 882 3043 938 Sed
3074 898 3214 939 cum
3240 882 3300 938 in
3327 883 3411 939 eis
3438 900 3656 956 parum

1995 963 2142 1036 quid
2173 964 2326 1022 inest
2353 967 2519 1039 quod
2541 967 2841 1041 deprimit,
2866 969 3055 1026 multa
3084 970 3267 1026 virtus
3288 971 3462 1028 bonas
3481 972 3660 1027 actio-

1995 1053 2090 1108 nis
2119 1055 2380 1127 suppetit
2407 1073 2542 1129 quas
2569 1057 2700 1114 illos
2726 1058 2788 1114 in
2817 1076 3083 1132 superna
3114 1060 3369 1117 sustollit
3394 1080 3407 1129 ;
3430 1066 3492 1118 at
3520 1077 3661 1117 cou-

1996 1144 2086 1197 tra
2112 1141 2460 1214 hypocritas,
2515 1149 2572 1200 et
2620 1146 2665 1201 si
2696 1145 2922 1202 faciunt
2951 1163 3168 1220 pauca,
3214 1165 3350 1222 quae
3401 1149 3658 1217 elevant,
3770 1201 3778 1212 .

1995 1236 2339 1303 perpetrant
2369 1234 2560 1291 multa
2588 1252 2724 1306 quas
2757 1241 3023 1306 gravant.
3061 1237 3194 1293 Haec
3243 1254 3488 1310 quoque
3525 1238 3660 1311 ipsa

1995 1319 2342 1375 struthionis
2372 1337 2592 1392 penna,
2623 1323 2701 1378 ad
2727 1338 2959 1396 pennas
2989 1324 3220 1380 herodii
3257 1329 3313 1380 et
3359 1325 3658 1398 accipitris

1995 1409 2447 1468 similitudinem
2477 1413 2692 1469 coloris
2711 1414 2913 1484 habet,
2954 1415 3182 1471 virtutis
3203 1415 3660 1472 similitudinem“

1995 1514 2118 1555 non
2147 1499 2349 1556 habet.
2399 1501 2553 1566 Quid
2578 1517 2720 1571 ergo
2747 1503 2810 1558 in
2839 1503 2932 1558 his
2963 1503 3312 1576 aspicimus,
3344 1503 3460 1560 nisi
3488 1503 3657 1577 quod

218 1583 408 1639 ﬁdem
438 1581 631 1649 fuerit,
665 1586 721 1638 et
749 1582 1016 1654 profectu
1045 1584 1466 1653 cognoscimus
1511 1584 1657 1656 quia
1684 1583 1886 1640 nullus
1923 1608 1966 1661 Β
1995 1587 2318 1644 electorum
2345 1589 2590 1646 virtutes
2620 1590 2826 1647 solidae
2853 1591 3076 1656 volant,
3119 1597 3176 1648 et
3200 1597 3410 1648 ventos
3439 1594 3656 1648 huma-

219 1678 366 1730 tunc
411 1671 676 1727 ﬁdelium
737 1671 1088 1738 crediderat,
1148 1673 1310 1745 quod
1360 1673 1440 1730 ad
1481 1674 1700 1744 jugum
1736 1674 1886 1730 Deus

221 1777 352 1816 sua:
379 1758 714 1815 formidinis
734 1759 856 1815 vim
878 1765 1055 1816 tanta:
1077 1760 1346 1817 elationis
1367 1760 1694 1818 inclinaret.
1721 1759 1886 1817 Unde

219 1854 280 1906 et
303 1848 568 1904 Ananias
600 1864 829 1920 pavens
860 1848 941 1904 ait
971 1867 984 1904 :
1021 1872 1048 1897 ‹‹
1083 1850 1349 1919 Domine,
1379 1850 1582 1906 audivi
1621 1866 1658 1906 a
1686 1849 1888 1906 multis

218 1937 300 1993 de
329 1937 457 1993 viro
486 1937 601 1993 hoc
628 1942 859 2008 quanta
888 1937 1049 1993 mala
1079 1937 1299 1994 sanctis
1327 1939 1443 1994 tuis
1477 1938 1678 1994 fecerit
1705 1938 1766 1994 in
1794 1940 1886 1993 Je-

220 2025 490 2082 rusalem
528 2025 684 2096 (Act.
719 2039 799 2095 ιχ,
831 2026 938 2096 13).
994 2049 1020 2074 ››
1080 2027 1187 2092 Qui
1219 2031 1419 2082 tamen
1450 2030 1693 2100 repente
1722 2042 1887 2083 com-

220 2120 494 2172 mutatus
520 2114 598 2171 ab
626 2115 793 2171 hoste
821 2114 1176 2188 praedicator
1204 2115 1474 2183 efﬁcitur,
1499 2121 1554 2172 et
1578 2117 1638 2172 in
1662 2117 1889 2173 cunctis

220 2204 439 2261 mundi
472 2205 744 2278 partibus
774 2203 1184 2278 Redemptoris
1216 2205 1307 2260 sui
1345 2221 1566 2261 nomen
1599 2206 1888 2273 insiauat,

221 2291 528 2366 supplicia
556 2308 667 2365 pro
705 2291 947 2348 veritate
980 2292 1224 2360 tolerat;
1271 2292 1420 2349 alios
1461 2293 1889 2350 blandimentis

219 2386 420 2449 vocat,
444 2381 592 2438 alios
613 2381 691 2437 :zd
719 2381 904 2438 ﬁdem
933 2382 1256 2438 terroribus
1301 2389 1564 2449 revocat,
1618 2387 1675 2440 et
1725 2388 1890 2440 tanto

217 2472 326 2529 Dei
345 2487 552 2528 aream
579 2476 923 2541 congregat,
955 2476 1182 2544 quanto
1208 2472 1372 2528 illum
1423 2473 1588 2546 prius
1637 2472 1890 2530 elatione

215 2558 570 2616 ventilabat.
603 2558 717 2616 Sed
749 2575 944 2632 neque
970 2560 1082 2615 hoc
1110 2559 1430 2617 abhorreat
1451 2577 1486 2616 a
1515 2561 1694 2617 Paulo
1723 2560 1890 2634 quod

225 2650 581 2723 rhinoceros
613 2648 790 2705 buxei
823 2648 1038 2704 coloris
1086 2649 1318 2706 dicitur.
1375 2650 1527 2714 Quid
1580 2650 1740 2706 enim
1784 2666 1892 2722 per

219 2738 493 2795 colorem
520 2737 808 2803 buxeum,
840 2737 954 2793 nisi
979 2726 1352 2794 abstinentiae
1383 2738 1577 2810 pallor
1605 2737 1888 2810 exprimi-

217 2829 370 2884 tur?
397 2827 491 2883 cui
521 2825 648 2900 ipse
679 2826 960 2882 tenaciter
988 2826 1293 2883 adhaerere
1343 2832 1588 2884 testatur
1630 2827 1838 2883 dicens
1873 2844 1886 2882 :

215 2940 248 2968 ‹‹
289 2915 526 2984 (ῖδεῑὶεο
551 2930 773 2986 corpus
799 2930 1002 2970 meum
1033 2920 1089 2970 et
1107 2914 1168 2970 in
1195 2915 1542 2970 servitutem
1566 2914 1841 2984 subjicio,
1859 2936 1886 2963 »
1929 2953 1969 3009 C

213 3010 338 3063 etc.
366 3006 418 3073 (I
446 3003 582 3060 Cor.
613 3019 695 3070 ix,
727 3003 837 3072 27).
899 3003 1008 3069 Qui
1065 3019 1205 3059 cum
1259 3003 1513 3059 aliorum
1562 3002 1890 3072 ingluviem

212 3092 552 3163 redarguit,
581 3107 770 3148 cornu
802 3091 1154 3164 elephantos
1182 3093 1244 3148 in
1286 3097 1557 3148 ventrem
1613 3091 1764 3148 ferit.
1822 3093 1893 3147 Ut

211 3181 375 3239 illud
408 3199 421 3236 :
456 3203 483 3230 ‹‹
518 3180 674 3238 Multi
695 3180 854 3236 enim
878 3180 1212 3248 ambulant,
1253 3196 1410 3253 quos
1435 3197 1593 3254 saepe
1623 3180 1747 3236 dixi
1784 3196 1889 3236 vo-

210 3271 340 3338 bis,
363 3285 527 3326 nunc
556 3273 759 3325 autem
784 3274 841 3324 et
865 3268 1016 3325 ﬂens
1040 3269 1176 3326 dico
1205 3269 1480 3326 inimicos
1505 3268 1719 3338 crucis,
1743 3284 1892 3342 quo-

213 3375 366 3418 rum
395 3359 532 3415 ﬁnis
557 3358 846 3425 interitus,
879 3374 1142 3431 quorum
1176 3362 1328 3414 Deus
1355 3364 1561 3415 venter
1587 3363 1698 3423 est,
1745 3363 1887 3414 »δια

212 3449 397 3506 Phil.
426 3464 509 3513 ιιι,
540 3447 644 3518 18).
702 3449 768 3504 Et
823 3463 1063 3503 rursum
1124 3465 1137 3502 :
1195 3471 1223 3497 ‹‹
1258 3447 1618 3518 Hujusmodi
1657 3446 1891 3504 Christo

212 3535 483 3594 Domino
514 3551 637 3592 non
669 3535 954 3604 serviunt,
987 3535 1094 3592 sed
1125 3552 1236 3592 suo
1282 3535 1468 3592 ventri
1521 3537 1712 3607 (Rom.
1760 3550 1886 3606 xw,

225 3626 345 3697 l8).
381 3643 413 3678 ›
436 3626 576 3690 Quae
606 3641 748 3696 ergo
772 3625 834 3680 in
859 3624 1040 3681 Paulo
1071 3626 1292 3698 scripta
1329 3625 1743 3695 cognovimus,
1789 3641 1890 3680 su-

209 3718 429 3790 perest
457 3718 522 3769 ut
546 3713 702 3770 facta
726 3719 784 3770 et
812 3713 872 3768 in
903 3712 1032 3769 aliis
1061 3713 1398 3770 credamus.
1432 3713 1744 3786 Sequitur:

294 3804 468 3859 Vens.
503 3803 586 3858 13.
617 3803 829 3859 Penna
883 3803 1242 3858 struthionis
1293 3804 1505 3858 similis
1548 3809 1632 3858 est
1676 3803 1892 3872 pennis

211 3891 462 3950 herodii
485 3897 540 3948 et
570 3891 899 3960 accipitris.
927 3921 996 3930 ——
1025 3891 1167 3956 Quis
1197 3890 1514 3946 herodium
1571 3896 1629 3946 et
1671 3890 1890 3962 accipi-

211 3987 379 4040 trem
409 3979 640 4035 nesciat
662 3993 806 4033 aves
836 3977 1096 4049 reliquas
1126 3987 1358 4049 quanta
1385 3977 1618 4034 volatus
1666 3978 1760 4034 sui
1787 3992 1890 4034 ve-

211 4069 464 4128 locitate
491 4065 968 4122 transcendant?
991 4066 1251 4120 Struthio
1274 4081 1414 4122 vero
1441 4082 1650 4122 eorum
1678 4081 1891 4137 penna;

215 4154 683 4215 similitudinem
713 4153 916 4223 habet,
950 4153 1055 4208 sed
1084 4152 1317 4208 volatus
1366 4169 1577 4210 eorum
1624 4153 1890 4210 celerita-

214 4252 351 4304 tem
375 4259 500 4300 non
528 4241 732 4299 habet.
763 4247 810 4298 A
842 4246 995 4297 terra
1025 4257 1166 4297 vero
1204 4241 1424 4298 elevari
1449 4257 1574 4298 non
1615 4241 1792 4310 valet,
1833 4246 1890 4299 et

216 4334 357 4392 alas
383 4332 562 4405 quasi
586 4332 665 4388 ad
693 4331 961 4387 volatum
994 4331 1190 4403 specie
1222 4336 1394 4388 tenus
1420 4331 1610 4402 erigit.
1657 4332 1888 4402 Signiﬁ-

218 4426 325 4481 cat
351 4421 743 4494 Omnipotens
782 4420 1148 4493 hypocritas,
1199 4420 1324 4492 qui,
1383 4421 1532 4476 dum
1587 4421 1889 4478 bonorum

217 4513 418 4568 vitam
448 4509 754 4577 simulant,
804 4509 1201 4566 imitationem
1230 4514 1453 4564 sanctae
1499 4509 1744 4566 visionis
1782 4510 1891 4566 ha-

220 4601 395 4668 bent,
424 4597 530 4654 sed
552 4599 856 4655 veritatem
890 4603 1111 4654 sancta:
1155 4597 1405 4654 actionis
1451 4613 1574 4654 non
1617 4597 1845 4654 habent
1874 4617 1889 4665 ;

221 4687 338 4762 qui
383 4686 511 4743 alas
563 4702 670 4759 per
716 4686 977 4758 ﬁguram
1024 4686 1350 4743 sanctitatis
1399 4686 1745 4749 extendunt,
1787 4684 1893 4742 sed

223 4793 517 4836 curarum
542 4776 922 4833 smcularium
949 4776 1214 4849 pondere
1255 4777 1502 4849 gravati,
1549 4776 1893 4832 nullatenus

224 4883 268 4924 a
297 4869 456 4923 terra
485 4865 897 4923 sublevantur.
933 4869 1010 4922 De
1039 4881 1163 4937 quo
1188 4865 1455 4938 pondere
1494 4881 1599 4938 per
1627 4865 1891 4938 Prophe-

225 4959 355 5012 tam
387 4954 649 5011 dicitur:
697 4976 724 5002 ‹‹
766 4953 892 5010 Filii
938 4953 1256 5009 hominum
1309 4969 1625 5027 usquequo
1680 4970 1893 5024 graves

226 5041 462 5099 corde?
492 5064 521 5093 ››
558 5043 751 5113 (Psal.
783 5059 864 5110 1v,
896 5043 970 5114 3).
1005 5045 1084 5098 De
1111 5042 1204 5098 his
1228 5041 1516 5098 Dominus
1539 5044 1623 5099 ait
1668 5059 1681 5097 :
1737 5066 1764 5093 «
1800 5045 1892 5099 Vae

224 5132 429 5197 vobis,
463 5132 680 5189 Scribe
710 5137 768 5189 et
797 5132 1073 5189 Pharisaai
1102 5132 1450 5204 llypocritse,
1503 5132 1648 5204 quia
1672 5131 1894 5188 similes

228 5219 373 5276 estis
403 5219 691 5292 sepulcris
716 5219 1031 5282 dealbatis,
1055 5236 1192 5292 qum
1214 5219 1356 5275 foris
1385 5224 1680 5292 apparent
1707 5219 1896 5274 homi-

228 5308 418 5365 nibus
467 5310 762 5383 speciosa,
818 5310 979 5364 intus
1029 5313 1231 5364 autem
1277 5307 1458 5380 plena
1495 5311 1634 5364 sunt
1659 5307 1896 5363 ossibus

232 5402 636 5456 mortuorum.
669 5423 698 5448 ι»
726 5403 838 5455 etc.
869 5399 1111 5469 (Matth.
1144 5413 1306 5464 χχιιι,
1338 5398 1448 5470 27).
1501 5399 1568 5453 Et
1604 5396 1896 5469 quoniam

233 5487 535 5561 accipitris
559 5493 617 5544 et
634 5487 865 5544 herodii
892 5502 1083 5560 parva
1119 5491 1258 5542 sunt
1304 5502 1580 5560 corpora,
1614 5485 1722 5542 sed
1749 5500 1896 5558 pen-

237 5576 336 5634 nis
361 5576 742 5635 densioribus
766 5575 944 5634 fulta:
979 5574 1201 5632 idcirco
1230 5589 1369 5632 cum
1397 5574 1691 5634 celeritate
1712 5577 1900 5631 trans-

1995 1677 2057 1732 ni
2109 1677 2331 1734 favoris
2383 1681 2703 1752 premunt?
2764 1681 3224 1752 Hypocritarum
3283 1696 3424 1736 vero
3478 1683 3656 1749 actio,

1995 1766 2329 1839 quamlibet
2352 1772 2514 1824 recta
2544 1767 2832 1831 videatur,
2880 1768 3080 1824 volare
3112 1784 3231 1824 non
3266 1767 3484 1824 sufﬁcit
3512 1769 3658 1841 quia

1997 1856 2266 1912 videlicet
2318 1857 2496 1914 ﬂuxa;
2549 1857 2782 1913 virtutis
2839 1873 3102 1930 pennam
3147 1857 3433 1912 humanm
3465 1856 3660 1913 laudis

1998 1959 2144 2000 aura
2173 1945 2509 2016 pertransit.
2543 1945 2722 2001 Aliter
2764 1962 2776 2000 :
2821 1945 2974 2011 Quid
3021 1945 3369 2002 struthionis
3392 1944 3658 2011 nomine,

1997 2033 2112 2088 nisi
2173 2035 2499 2104 Synagoga
2553 2034 2870 2104 signatur?
2923 2051 3061 2106 quae
3106 2033 3234 2090 alas
3273 2033 3502 2099 habuit,
3553 2035 3661 2090 sed

1999 2122 2178 2178 corde
2209 2122 2269 2177 in
2300 2122 2522 2178 inﬁmis
2550 2139 2787 2195 repens,
2818 2139 3136 2196 nunquam
3187 2139 3252 2180 se
3300 2139 3336 2179 a
3375 2127 3529 2180 terra
3561 2141 3660 2178 su-

1999 2210 2275 2267 blevavit.
2312 2211 2468 2276 Quid
2496 2227 2634 2267 vero
2677 2227 2784 2284 per
2831 2211 3148 2268 herodium
3197 2216 3254 2266 et
3291 2212 3659 2282 accipitrem,

1999 2299 2108 2354 nisi
2141 2298 2371 2371 antiqui
2395 2301 2591 2354 Patres
2623 2299 3060 2370 exprimuntur,
3106 2300 3211 2372 qui
3255 2299 3333 2354 ad
3381 2314 3472 2365 ea,
3522 2314 3660 2370 quae

1998 2387 2301 2460 potuerint
2325 2387 2708 2457 intelligenda
2737 2389 3091 2460 perspicere,
3140 2387 3457 2444 valuerunt
3482 2387 3659 2443 etiam

1998 2475 2258 2531 vivendo
2289 2476 2644 2548 penetrare?
2692 2477 2897 2532 Penna
2940 2475 3118 2545 igitur
3149 2475 3518 2544 struthionis,
3563 2476 3664 2530 he-

1998 2563 2151 2620 rodii
2175 2567 2232 2619 ct
2259 2562 2556 2636 accipitris
2588 2569 2678 2620 est
2706 2563 2934 2632 similis,
2984 2563 3127 2635 quia
3178 2565 3514 2636 Synagogae
3546 2578 3663 2618 vox

1999 2652 2270 2724 priorum
2298 2651 2631 2708 doctrinam
2661 2651 2967 2724 loquendo
3000 2651 3204 2718 tenuit,
3255 2651 3362 2706 sed
3405 2649 3661 2706 vivendo

2000 2740 2209 2796 nescit.
2244 2739 2413 2795 Unde
2449 2739 2726 2810 ejusdem
2757 2741 3093 2812 Synagogae
3143 2737 3383 2812 populis
3437 2739 3662 2794 Veritas

2001 2827 2082 2882 ait
2112 2844 2125 2882 :
2160 2851 2186 2879 α
2224 2829 2415 2899 Super
2444 2827 2792 2884 cathedram
2833 2828 3017 2898 Moysi
3048 2827 3330 2883 sederunt
3358 2826 3577 2884 Scriba:
3607 2830 3664 2882 et

1999 2916 2297 2985 Pharisaei,
2325 2917 2530 2971 omnia
2545 2931 2924 2988 quaecunque
2941 2916 3198 2971 dixerint
3226 2915 3400 2972 vobis
3430 2919 3662 2972 servate

1999 3009 2056 3061 et
2076 3005 2274 3067 facite,
2308 3027 2334 3053 »
2367 3009 2476 3060 etc.
2502 3005 2746 3074 (Matth.
2779 3019 2945 3068 xxui,
2977 3007 3052 3075 2).
3089 3004 3366 3076 Sequitur
3398 3020 3410 3057 :

2073 3096 2238 3149 Vsus.
2276 3097 2360 3149 14.
2416 3095 2559 3161 Quw
2599 3093 2920 3164 dereliquit
2957 3094 3021 3148 in
3065 3099 3229 3149 terra
3276 3108 3388 3149 ova
3425 3107 3556 3148 sua.
3589 3122 3658 3132 ——

2001 3183 2154 3248 Quid
2187 3184 2346 3238 enim
2375 3198 2482 3255 per
2509 3197 2646 3249 ova,
2678 3181 2792 3237 nisi
2831 3186 3033 3238 tenera
3065 3181 3264 3237 adhuc
3318 3181 3518 3254 proles
3566 3197 3664 3237 ex-

1999 3271 2274 3344 primitur
2292 3272 2321 3326 ?
2348 3287 2483 3344 quae
2513 3270 2619 3326 diu
2648 3269 2906 3326 fovenda
2931 3276 3040 3336 est,
3068 3274 3131 3325 ut
3149 3269 3228 3326 ad
3255 3269 3461 3325 vivum
3501 3267 3662 3326 vola-

1999 3361 2096 3416 tile
2118 3359 2498 3432 perducatur.
2534 3361 2659 3416 Ova
2679 3359 2904 3432 quippe
2928 3358 3300 3414 insensibilia
3341 3359 3400 3413 in
3453 3362 3663 3414 semet-

1999 3449 2146 3522 ipsis
2173 3453 2328 3515 sunt,
2363 3448 2468 3504 sed
2492 3453 2694 3504 tamen
2733 3447 3019 3504 calefacta
3050 3447 3110 3502 in
3139 3447 3288 3502 vivis
3316 3445 3658 3503 volatilibus

1999 3541 2466 3604 convertuntur;
2517 3536 2598 3592 ita
2649 3535 2934 3592 nimirum
2979 3535 3214 3608 parvuli
3249 3536 3550 3592 auditores
3587 3549 3659 3590 ac

1998 3626 2102 3682 ﬁlii
2127 3631 2354 3683 certum
2383 3631 2470 3682 est
2492 3626 2659 3698 quod
2691 3625 2888 3696 frigidi
2918 3625 3414 3697 insensibilesque
3461 3640 3657 3680 rema-

1999 3721 2200 3782 neant,
2233 3715 2350 3771 nisi
2370 3716 2631 3772 doctoris
2657 3716 2748 3771 sui
2778 3716 3029 3772 sollicita
3055 3715 3465 3771 exhortatione
3509 3713 3660 3770 cale-

1999 3805 2147 3861 ﬁant
2170 3823 2183 3871 ;
2203 3803 2452 3860 assidua
2480 3803 2796 3859 doctorum
2826 3819 2972 3858 voce
3003 3803 3241 3858 fovendi
3266 3807 3658 3873 sunt,quous-

1999 3907 2117 3964 que
2169 3890 2411 3947 valeant
2457 3906 2564 3962 per
2612 3889 3061 3960 intelligentiam
3102 3890 3291 3945 vivere
3319 3932 3332 3955 ,
3406 3893 3464 3944 et
3518 3904 3660 3945 con-

2001 3979 2384 4052 templatione
2426 3978 2650 4034 volare.
2685 3984 2960 4034 Attamen
3004 3977 3331 4049 bypocritaa
3381 3977 3658 4048 quamvis

2000 4083 2282 4140 perversa
2313 4082 2548 4139 semper
2571 4071 2912 4140 operentur,
2947 4066 3110 4138 loqui
3133 4071 3334 4121 tamen
3355 4068 3514 4119 recta
3535 4079 3658 4119 non

1999 4155 2301 4212 desinunt.
2336 4157 2487 4210 Bene
2517 4160 2718 4211 autem
2747 4154 3052 4227 loquendo
3081 4155 3142 4210 in
3165 4153 3284 4209 ﬁde
3304 4152 3397 4207 vel
3412 4167 3658 4207 conver-

2003 4245 2232 4302 satione
2262 4245 2413 4300 filios
2443 4245 2825 4317 pariunt,sed
2845 4261 2950 4300 eos
2972 4245 3124 4300 bene
3154 4242 3409 4298 vnveudo
3435 4241 3657 4298 nutrire

2002 4351 2123 4391 non
2154 4338 2427 4406 possunt,
2457 4350 2603 4406 quia
2623 4350 2696 4388 ex
2723 4349 2929 4389 amore
2960 4333 3169 4389 intimo
3197 4332 3380 4388 rebus
3411 4349 3472 4386 se
3501 4337 3658 4387 exte-

1999 4423 2259 4480 rioribus
2291 4422 2577 4490 subdunt,
2601 4422 2660 4478 in
2682 4422 2904 4496 quibus
2933 4428 3162 4496 quanto
3209 4421 3403 4491 magis
3450 4437 3512 4476 se
3559 4437 3657 4476 ex-

2002 4513 2234 4581 tollunt,
2255 4516 2418 4568 tanto
2450 4512 2649 4567 minus
2675 4512 2750 4581 de
2781 4512 2966 4584 prolis
2994 4529 3113 4567 suae
3134 4511 3367 4567 defectu
3393 4511 3659 4566 crucian-

2000 4606 2114 4658 tur.
2176 4603 2298 4657 Ova
2350 4617 2492 4670 ergo
2550 4599 2610 4655 in
2664 4605 2817 4656 terra
2863 4599 3252 4672 dereliquisse
3283 4604 3390 4664 est,
3423 4597 3656 4653 nullum

2002 4689 2255 4746 caelestis
2286 4689 2418 4744 vitae
2443 4688 2582 4744 filiis
2609 4687 2955 4759 exemplum
2984 4687 3270 4758 praebere.
3307 4687 3485 4742 Aliter
3535 4704 3548 4741 :
3592 4687 3656 4741 In

2001 4777 2130 4833 ovis
2159 4776 2320 4833 aliud
2341 4781 2431 4832 est
2455 4775 2621 4848 quod
2651 4775 2928 4842 cernitur,
2951 4775 3114 4831 aliud
3153 4775 3316 4846 quod
3362 4780 3655 4847 speratur,

2001 4869 2059 4921 et
2084 4864 2272 4920 videri
2293 4880 2431 4937 spes
2459 4879 2583 4919 non
2612 4867 2824 4936 potest,
2839 4863 3020 4920 Paulo
3051 4868 3381 4926 attestante,
3403 4863 3509 4936 qui
3535 4862 3654 4920 ait:

2005 4978 2033 5004 ‹‹
2065 4953 2237 5020 Quod
2266 4952 2426 5010 enim
2457 4952 2618 5008 videt
2635 4952 2794 5025 quis,
2823 4952 2971 5026 quid
3002 4953 3246 5024 sperat?
3279 4977 3306 5004 »
3328 4954 3515 5025 (Rom.
3536 4968 3656 5019 vui,

2001 5045 2114 5110 24).
2150 5065 2178 5091 »
2211 5041 2366 5107 Quid
2393 5054 2536 5110 ergo
2566 5057 2677 5114 per
2704 5041 3050 5098 struthionis
3074 5057 3206 5109 ova,
3240 5043 3352 5098 nisi
3393 5044 3660 5113 Synago-

2005 5148 2092 5200 gae
2131 5145 2307 5185 carne
2338 5129 2477 5185 editi
2508 5129 2766 5202 apostoli
2803 5129 3236 5199 designantur?
3282 5129 3393 5196 Qui
3417 5128 3565 5184 dum
3595 5141 3658 5182 se

2003 5218 2065 5274 in
2121 5216 2352 5272 munzto
2391 5217 2729 5289 despectos,
2793 5223 2972 5291 atque
3033 5219 3288 5274 humiles
3353 5214 3657 5280 exhibent,

2006 5321 2245 5380 sperare
2272 5306 2524 5377 gloriam
2551 5306 2613 5362 in
2642 5307 2917 5380 supernis
2946 5307 3183 5363 docent.
3233 5301 3461 5372 Abjecti
3489 5317 3659 5357 nam-

2003 5411 2123 5469 que
2153 5400 2211 5451 ct
2237 5395 2415 5468 quasi
2452 5395 2674 5452 nullius
2702 5395 2993 5452 momenti
3034 5393 3198 5465 apud
3238 5391 3426 5447 elatos
3471 5391 3659 5448 habiti

2005 5485 2066 5540 in
2096 5489 2252 5540 terra
2276 5484 2436 5540 v:.-lut
2465 5500 2582 5540 ova
2602 5486 2944 5555 jacuerunt,
2974 5481 3080 5535 sed
3108 5480 3268 5534 intus
3313 5479 3374 5536 in
3404 5480 3488 5537 eis
3519 5481 3660 5537 late-

2005 5573 2110 5630 bat
2141 5573 2300 5630 unde
2329 5574 2610 5642 viverent,
2637 5578 2695 5629 et
2724 5569 2940 5626 sublati
2989 5567 3120 5640 spei
3167 5569 3380 5641 pennis
3420 5570 3500 5625 ad
3547 5584 3661 5624 cm-
