4130 6146
495 84 603 142 46³1

1553 72 1611 129 S.
1652 67 1909 128 ODOMS
1947 64 2168 123 ABBAT

2277 63 2774 121 emancasse
2811 64 2875 120 ιι.
3052 66 3059 71 '
3422 17 3449 23 ﬂ
3692 56 3701 59 '
3773 79 3866 135 κε

492 208 667 267 lestia
697 205 985 263 volarent.
1010 203 1159 269 Quae
1182 208 1302 256 ova
1327 198 1580 255 struthio
1613 197 1671 252 in
1703 199 1858 253 terra
1901 193 2156 251 derelin-
2186 191 2233 244 A
2272 189 2450 246 deriis
2498 192 2767 247 mortuos
2815 207 2886 247 ac
2929 188 3175 260 frigidos
3221 156 3461 262 reperit,
3497 194 3676 252 calore
3703 202 3878 263 tamen

494 298 644 373 quit,
674 295 817 369 quia
845 305 950 349 eos
973 302 1129 366 quos
1150 300 1333 347 carne
1355 291 1643 358 genuerat
1668 288 1991 357 Synagoga
2014 298 2161 373 apo-

498 369 684 445 stolos
716 381 926 441 audire
956 384 1371 445 contemnens,
1403 375 1696 434 vocandas
1718 372 2028 445 gentilitati
2055 369 2169 427 de-'

498 472 701 533 seruit.
738 471 1017 545 Sequitur
1048 485 1061 525 π
1098 472 1185 525 Tu
1210 468 1474 537 forsitan
1502 467 1565 522 in
1588 466 1839 536 pulvere
1876 461 2161 531 cale/"acia

496 568 613 623 ea?
639 584 711 605 ἀι
737 560 821 618 Ac
844 559 896 617 si
922 559 1102 627 dicat,
1133 560 1201 613 ut
1220 554 1362 627 ego,
1392 554 1498 627 qui
1524 553 1628 610 illa
1668 553 1729 608 in
1772 550 2019 625 pulvere
2061 564 2161 606 ca-

494 650 731 711 lefacio.
788 649 941 717 Quia
992 647 1211 704 scilicet
1254 644 1648 719 parvulorum
1703 642 1962 708 animas,
2006 640 2161 695 etin

497 740 703 799 medio
736 736 1119 813 peccantium
1156 733 1406 807 positas,
1433 730 1657 787 amoris
1686 730 1804 786 mei
1844 728 1982 797 igne
2025 742 2160 783 suc-

498 830 714 887 cende.
749 825 903 894 Quid
932 824 1093 881 enim
1122 821 1342 896 pulvis,
1385 820 1498 876 nisi
1524 823 1803 891 peccator
1829 815 2116 889 accipitur
2134 816 2162 870 ‘2

501 917 650 974 Hinc
672 916 832 973 enim
864 914 1153 986 scriptum
1182 914 1274 966 est
1317 927 1329 965 :
1380 928 1410 959 ‹‹
1443 907 1710 980 Scrpeuti
1758 905 1955 978 pulvis
1986 903 2163 977 panis

500 1007 634 1079 ejus
666 1006 802 1078 (Isa.
836 1016 964 1071 va,
988 1004 1101 1072 25).
1128 1018 1156 1051 η
1180 999 1321 1055 Hinc
1343 1001 1430 1054 est
1458 997 1618 1053 enim
1647 995 1815 1069 quod
1844 994 2162 1067 plerosque

502 1093 823 1162 cernimus,
850 1095 909 1146 et
934 1090 996 1145 in
1027 1086 1226 1144 medio
1254 1084 1623 1159 populorum
1646 1084 1867 1150 vivere,
1883 1086 1940 1138 et
1960 1086 2161 1137 tamen

499 1184 688 1240 vitam
717 1179 1005 1253 torpentis
1033 1176 1243 1250 populi
1272 1191 1397 1232 non
1428 1179 1646 1244 tenere,
1674 1177 1750 1243 et,
1795 1177 1861 1228 ut
1886 1172 1967 1227 ita
1994 1171 2160 1226 dixe-

498 1270 636 1337 rim,
662 1269 725 1326 in
752 1268 969 1339 frigore
999 1266 1211 1334 calere,
1263 1269 1329 1321 ut
1368 1276 1759 1337 nequaquam
1802 1259 2063 1332 jacentis.
2099 1258 2160 1314 in

499 1355 704 1415 inﬁuis
726 1359 1021 1430 torpeant,
1048 1354 1155 1411 sed
1182 1354 1244 1409 in
1273 1352 1421 1409 vivis
1450 1350 1792 1408 volatilibus
1822 1363 2015 1418 versa,
2031 1362 2163 1403 sese

501 1446 583 1503 ad
631 1445 897 1505 calcatis
952 1441 1439 1514 contemplanda,
1495 1440 1558 1496 id
1610 1443 1704 1495 est
1743 1437 2024 1504 volando,
2066 1453 2162 1491 su-

2273 279 2367 335 sui
2397 280 2619 336 amoris
2654 297 2691 337 a
2739 280 2990 337 mortuis
3029 278 3348 346 animavit;
3394 282 3493 338 sed
3527 285 3695 342 vitam
3719 277 3875 362 quam

2269 368 2406 424 iiliis
2438 371 2764 441 Synagoga
2790 382 2913 425 non
2939 369 3121 432 dedit,
3163 369 3321 425 hanc
3340 374 3707 442 postmodum
3735 378 3871 439 inva-

2269 456 2373 530 dit,
2398 458 2547 515 dum
2577 458 2884 515 moliretur
2912 458 3330 531 persequendo
3353 460 3872 540 exstinguere,quos

2271 562 2334 602 se
2359 547 2439 603 ad
2466 547 2631 605 bona
2656 547 2841 621 opera
2858 563 2983 604 non
3010 547 3363 605 meminerat
3390 547 3637 608 fovendo
3672 557 3869 624 genuis~

2273 651 2354 690 se.
2389 636 2665 709 Sequitur
2687 654 2700 691 τ
2730 639 2735 644 ’

2342 726 2515 780 Vsus.
2550 725 2630 781 l6.
2664 727 2941 781 Βαναίαν
2969 726 3050 781 ad
3074 726 3251 794 ﬁlios,
3302 728 3473 797 quasi
3498 742 3611 783 non
3647 728 3755 785 sint
3779 732 3875 786 sui.
3952 744 3967 751 ‘

2271 844 2341 854 —
2375 814 2705 886 Hypocritse
2753 815 2978 887 quippe
3030 812 3340 871 obduratis
3389 815 3658 872 cordibus
3682 818 3879 883 vivunt,

2270 901 2436 974 ipsos
2464 903 2641 958 etiam
2672 918 2827 976 quos
2859 906 3144 972 generant
3174 902 3328 959 ﬁlios
3356 903 3518 961 nulla
3562 905 3760 978 pietate
3798 906 3881 963 de

2274 990 2381 1047 biti
2411 989 2637 1047 amoris
2667 990 3023 1063 agnoscunt,
3058 994 3115 1048 et
3143 993 3288 1064 quia
3317 1006 3425 1049 sua
3470 1002 3691 1067 semper
3730 1010 3883 1067 appe-

2274 1084 2425 1147 tunt,
2459 1088 2601 1151 erga
2631 1080 2911 1137 affectum
2943 1081 3202 1154 promixi
3230 1082 3394 1138 nulla
3431 1083 3715 1139 charitttis
3749 1098 3884 1141 com-

2272 1169 2557 1243 passione
2585 1170 2960 1226 mollescunt.
2992 1172 3035 1226 O
3064 1186 3251 1242 quam
3273 1171 3472 1227 mollia
3489 1171 3705 1228 viscera
3724 1178 3885 1241 gesta-

2272 1259 2378 1325 bat
2406 1260 2623 1315 Paulus
2653 1260 2859 1316 dicens
2893 1278 2905 1315 :
2943 1282 2969 1308 «
3005 1263 3171 1315 Nunc
3211 1260 3484 1330 vivimus,
3531 1260 3579 1315 si
3624 1277 3721 1316 vos
3748 1261 3887 1317 statis

2274 1348 2334 1405 in
2368 1350 2620 1405 Domino
2649 1352 2701 1419 (Ι
2731 1349 2929 1405 Thess.
2961 1365 3038 1415 ιιι,
3074 1351 3166 1421 8);
3203 1373 3231 1401 ››
3263 1354 3318 1406 et
3355 1367 3368 1406 :
3402 1371 3429 1400 «
3462 1350 3636 1407 Testis
3662 1350 3794 1406 mihi
3818 1357 3890 1407 est

2275 1440 2429 1492 Deus
2486 1438 2798 1510 quomodo
2852 1438 3094 1510 cupiam
3143 1454 3354 1495 omnes
3377 1455 3484 1494 vos
3516 1438 3574 1494 in
3601 1438 3888 1494 visceribus

500 1534 843 1609 speudant:
874 1532 1073 1588 Aliter.
1127 1530 1269 1587 Mira
1314 1532 1516 1585 autem
1561 1526 1827 1600 potentia
1876 1524 2164 1582 Dominus
2205 1545 2245 1599 Β
2276 1525 2488 1581 Christi
2525 1529 2663 1582 Jesu
2694 1527 2947 1598 (Philip.
2977 1542 3016 1597 ι,
3047 1527 3121 1598 8).
3154 1550 3183 1576 ››
3219 1526 3483 1599 Ephesiis
3514 1540 3742 1598 quoque
3769 1526 3839 1582 ait
3875 1542 3886 1580 :

499 1624 634 1681 haec
683 1623 896 1680 eadem
944 1622 1006 1677 in
1056 1620 1303 1694 pulvere
1349 1626 1465 1674 om
1503 1615 1791 1686 calefacit,
1823 1615 1967 1688 quia
1995 1614 2163 1669 vivos

503 1710 917 1787 apostolorum
946 1709 1123 1786 fastus
1160 1708 1222 1764 in
1252 1707 1353 1762 illa
1378 1706 1614 1777 abjecta
1650 1704 1887 1760 dudum
1936 1703 2165 1773 gentili-

502 1805 625 1859 tate
664 1798 986 1866 suscitavit,
1019 1802 1076 1855 et
1101 1812 1257 1870 quos
1289 1798 1613 1869 Synagoga
1641 1794 1803 1850 velut
1827 1793 2167 1849 insensatos

504 1886 1023 1961 inviviﬁcatoeque
1053 1886 1425 1957 despexerat,
1465 1882 1579 1957 ipsi
1608 1898 1770 1938 nunc
1819 1882 1880 1937 in
1917 1896 2168 1937 venera-

505 1976 666 2037 tione
696 1977 963 2049 gentium
992 1990 1101 2049 per
1125 1974 1412 2031 doctrinas
1452 1973 1863 2042 magisterium
1902 1972 2167 2027 viventes

504 2067 731 2125 volant.
765 2068 892 2124 Ova
917 2063 1171 2121 struthio
1194 2063 1257 2118 in
1286 2062 1531 2135 pulvere
1559 2060 1893 2134 dereliquit,
1943 2060 2088 2133 quia
2111 2063 2169 2116 et

506 2168 718 2213 omnes
745 2168 903 2228 quos
926 2152 1348 2226 pradicandos
1382 2153 1703 2223 Synagoga
1728 2150 1951 2221 genuit,
1985 2166 2021 2206 a
2049 2154 2165 2206 ter-

503 2244 665 2302 renis
694 2238 1002 2303 desideriis
1028 2241 1278 2301 minime
1303 2238 1633 2313 suspendit.
1664 2238 1940 2311 Sequitur
1972 2255 1985 2294 :

576 2336 745 2392 Vsus.
782 2338 871 2389 i5.
903 2332 1286 2389 Obliviscitur
1311 2330 1472 2402 quod
1492 2343 1596 2399 pes
1626 2329 1935 2385 conculcet
1953 2343 2043 2400 ea,
2062 2335 2167 2385 aut

508 2426 692 2483 bestia
720 2421 861 2495 agri
890 2426 1179 2479 conterat.
1208 2450 1279 2463 —-
1308 2418 1462 2487 Quid
1491 2419 1554 2475 in
1576 2418 1871 2488 agro,nisi
1899 2418 2166 2474 mundus

508 2513 616 2571 iste
643 2512 913 2584 signatur
930 2511 959 2568 7
988 2512 1068 2566 De
1093 2508 1301 2582 quoin
1328 2507 1648 2577 Evangelio
1682 2507 1969 2563 Dominus
1996 2506 2165 2564 dicit:

510 2618 540 2653 κ
572 2604 727 2671 Ager
757 2602 959 2655 autem
988 2601 1076 2654 est
1104 2596 1369 2652 mundus
1400 2596 1645 2663 (Matth.
1666 2608 1790 2659 xm,
1814 2598 1926 2657 38).
1950 2612 1980 2646 ι)
2016 2595 2169 2661 Quid

509 2688 571 2747 in
600 2688 811 2756 bestia,
838 2687 951 2744 nisi
981 2686 1263 2758 antiquus
1291 2684 1478 2741 hostis
1511 2682 1881 2756 exprimitur,
1915 2683 2019 2757 qui
2056 2685 2169 2740 hu-

506 2772 607 2850 jus
658 2775 871 2833 mundi
913 2774 1141 2848 rapinis
1188 2772 1504 2842 insidians,
1562 2772 1835 2828 humana
1901 2770 2168 2845 quotidie

2276 1634 2305 1663 «
2361 1616 2502 1670 Peto
2546 1630 2620 1671 ne
2669 1614 2958 1671 deﬁciatis
3005 1615 3067 1670 in
3112 1614 3590 1671 tribulationibus
3631 1614 3767 1670 meis
3798 1630 3889 1687 pro

2274 1703 2444 1759 vobis
2473 1719 2609 1776 quia
2629 1707 2723 1759 est
2751 1703 2942 1774 gloria
2967 1709 3157 1760 vestra
3186 1703 3422 1776 (Ephes.
3456 1720 3533 1771 ιιι,
3592 1704 3690 1774 l3).
3736 1726 3761 1753 η
3794 1702 3889 1758 Ali-

2275 1796 2363 1849 ter
2419 1809 2432 1847 :
2485 1792 2667 1858 Quasi
2711 1807 2834 1848 non
2887 1807 3029 1848 suos
3063 1782 3319 1865 respicit,
3351 1808 3507 1866 quos
3536 1791 3694 1849 aliter
3728 1791 3892 1847 vivere

2277 1897 2464 1954 quam
2495 1880 2696 1937 docuit
2724 1882 2856 1955 ipsa
2890 1882 3291 1955 reprehendit,
3340 1887 3397 1937 et
3444 1881 3777 1937 durescente
3809 1896 3894 1935 Sib-

2274 1971 2414 2027 vitia
2456 1975 2708 2027 terrores
2733 1971 3034 2039 admovet,
3081 1988 3264 2044 seque
3310 1971 3373 2027 in
3411 1984 3616 2027 eorum
3662 1968 3895 2026 cruciati-

2275 2059 2392 2116 bus
2418 2064 2682 2127 exercet;
2711 2063 2891 2132 atque
2929 2059 3166 2114 invidiae
3198 2059 3433 2115 facibus
3458 2057 3824 2121 inﬂammata,
3845 2056 3893 2111 in

2277 2146 2502 2219 quibus
2532 2162 2654 2203 non
2675 2146 2972 2203 laboravit
3002 2151 3065 2203 ut
3095 2148 3330 2220 possint
3357 2147 3573 2210 vivere,
3606 2145 3821 2201 laborat
3847 2147 3896 2198 ut

2276 2236 2537 2292 debeant
2565 2236 2820 2292 interire.
2852 2238 2917 2291 Et
2946 2252 3084 2292 cum
3138 2236 3373 2292 Domini
3418 2236 3683 2292 membra
3727 2247 3896 2306 perse-

2277 2324 2480 2398 quitur
2499 2325 2734 2397 placere
2760 2341 2822 2381 se
2844 2341 2952 2397 per
2981 2326 3097 2382 hoc
3126 2325 3382 2381 Domino
3405 2322 3745 2397 suspicatur.
3759 2320 3896 2377 Unde

2276 2418 2335 2470 et
2362 2412 2589 2469 eisdem
2620 2414 2965 2470 struthionis
2995 2414 3126 2470 ovis
3157 2414 3380 2470 Veritas
3429 2413 3568 2469 dicit
3624 2429 3636 2467 :
3683 2433 3709 2461 ‹‹
3755 2409 3899 2465 Venit

2277 2501 2429 2558 hora
2457 2505 2522 2558 ut
2547 2503 2746 2558 omnis
2799 2505 2903 2575 qui
2956 2502 3230 2559 interficit
3278 2519 3393 2559 vos
3431 2502 3732 2559 arbitretur
3757 2498 3899 2555 obse-

2280 2591 2493 2665 quium
2515 2608 2577 2648 se
2599 2595 2883 2664 praestare
2907 2593 3028 2649 Deo
3066 2594 3266 2663 (Joan.
3299 2610 3427 2657 xvr,
3452 2594 3525 2663 ‘2).
3563 2615 3588 2642 n
3616 2590 3860 2664 Sequitur
3886 2605 3896 2643 :

2278 2681 2538 2737 Frustra
2582 2682 2876 2738 laboravit
2907 2683 3078 2738 nullo
3110 2682 3320 2739 timore
3352 2688 3611 2754 cogente.
3651 2712 3714 2720 —
3757 2682 3900 2735 Nam-

2279 2785 2420 2845 que,
2462 2790 2491 2819 «ι
2531 2769 2977 2843 trepidaverunt
3006 2770 3238 2843 timore,
3298 2772 3407 2828 ubi
3452 2786 3572 2827 non
3614 2773 3729 2826 erat
3752 2768 3902 2823 timor

509 2869 702 2923 morte
731 2864 980 2954 satiatur
998 2864 1027 2918 ?
1057 2864 1138 2919 De
1166 2876 1290 2954 qua
1314 2861 1825 2954 perprophetam,
1856 2862 2171 2935 pollicente
2204 2897 2245 2954 ε
2280 2862 2462 2954 (Psal.
2494 2876 2616 2954 xui,
2652 2862 2726 2933 5).
2764 2880 2791 2910 η
2824 2863 2965 2954 Ecce
2989 2861 3150 2917 enim
3180 2860 3389 2917 divina
3404 2876 3549 2917 voce
3565 2857 3899 2934 praecipitur:

511 2954 786 3024 Domino,
839 2951 1056 3009 dicitur
1102 2968 1115 3006 :
1164 2972 1193 3001 «
1235 2953 1302 3007 Et
1330 2950 1491 3007 mala
1517 2948 1710 3007 bestia
1747 2964 1872 3007 non
1897 2950 2174 3008 transibit

508 3058 621 3118 per
643 3056 717 3100 ea
749 3042 871 3110 (Isa
890 3052 1072 3106 xxxv,
1106 3040 1183 3112 9).
1216 3038 1555 3112 Hypocritte
1580 3038 1742 3095 enim
1772 3054 1875 3095 eos
1914 3056 2068 3113 quos
2109 3039 2171 3096 in

510 3130 961 3189 conversatione
985 3124 1141 3184 ﬁlios
1170 3131 1477 3198 generant,
1509 3142 1677 3183 more
1726 3128 1958 3184 struthii
2005 3128 2171 3185 dere-

506 3221 812 3294 linquunt,
834 3221 894 3274 et
916 3216 1164 3274 omnino
1192 3231 1317 3272 non
1354 3220 1586 3287 curant,
1635 3232 1712 3272 ne
1760 3220 1864 3273 aut
1900 3217 2171 3273 exhorta-

507 3307 687 3366 tionis
720 3304 1141 3371 sollicitudine,
1172 3308 1277 3361 aut
1303 3304 1632 3377 disciplinae
1672 3305 1947 3362 custodia
1993 3304 2173 3362 desti-

430 3407 443 3418 ’
508 3399 672 3454 tutos
703 3404 1031 3469 pravorum
1070 3406 1325 3466 cperum
1370 3392 1647 3465 exempla
1692 3397 2075 3465 pervertant;
2126 3393 2175 3450 si

508 3484 671 3541 enim
700 3498 817 3539 ova
843 3494 981 3555 quae
1012 3480 1289 3551 gignunt,
1325 3479 1656 3551 diligerent,
1710 3481 1997 3537 nimirum
2046 3498 2172 3539 me-

508 3574 743 3630 tuerent
768 3585 846 3627 ne
871 3570 1007 3643 quis
1049 3582 1121 3625 ea
1144 3582 1429 3642 perversa
1460 3583 1659 3641 opera
1701 3568 2173 3628 demonstrando

510 3661 785 3718 calcaret.
846 3658 994 3715 Hinc
1050 3657 1272 3715 Paulus
1326 3656 1648 3729 metuebat,
1710 3674 1849 3714 cum
1902 3658 2169 3716 diceret:

512 3769 544 3803 ‹‹
569 3749 778 3806 Videte
804 3747 998 3805 malos
1021 3746 1330 3820 operarios
1363 3747 1613 3817 (Philip.
1641 3763 1720 3813 ιιι,
1751 3747 1802 3819 2)
1831 3764 1844 3817 ;
1876 3768 1903 3798 »
1947 3753 2005 3804 et
2046 3763 2173 3804 rur-

509 3850 647 3896 sum
676 3856 689 3895 :
723 3858 751 3889 «
786 3837 942 3895 Multi
974 3836 1309 3905 ambulant,
1328 3850 1484 3909 quos
1512 3851 1672 3909 saepe
1699 3836 1976 3894 dicebam
1997 3838 2171 3895 vobis

507 3940 671 3986 nunc
698 3931 899 3984 autem
922 3930 981 3983 et
1010 3924 1161 3982 ﬂens
1198 3924 1355 3993 dico,
1400 3924 1676 3981 inimicos
1719 3926 1911 3982 crucis
1961 3926 2174 3985 Christi

508 4018 714 4091 (Μίαν
750 4018 854 4089 18).
889 4020 1051 4073 Hanc
1079 4015 1208 4086 agri
1231 4015 1489 4073 bestiam
1514 4016 1692 4073 etiam
1724 4015 1856 4071 ovis
1887 4032 2023 4089 quas
2071 4032 2175 4090 po-

510 4109 712 4163 suerat
739 4103 1106 4161 formidabat
1124 4103 1332 4160 dicens
1363 4120 1376 4159 :
1411 4124 1440 4153 «
1480 4103 1684 4159 Timeo
1730 4116 1807 4159 ne
1857 4103 2009 4160 sicut
2053 4119 2172 4161 ser-

2281 2971 2310 2999 ‹‹
2345 2946 2402 3007 Si
2445 2948 2583 3021 quis
2636 2948 2741 3004 tibi
2794 2947 2991 3006 tulerit
3040 2948 3326 3017 tunicam,
3372 2954 3431 3007 et
3467 2946 3709 3006 voluerit
3735 2951 3900 3001 tecum

2273 3035 2502 3109 judicio
2532 3039 2912 3106 contendere,
2945 3038 3174 3096 dimitte
3204 3039 3282 3096 illi
3315 3044 3377 3097 et
3409 3039 3651 3114 pallium
3694 3033 3899 3096 (Matth.

2278 3141 2337 3193 ν’
2369 3127 2483 3195 40)·
2515 3148 2543 3176 ιο
2572 3127 2891 3199 Apostolus
2918 3127 2998 3183 ait
3026 3142 3038 3181 :
3067 3150 3094 3176 ‹‹
3124 3129 3320 3193 Quare
3376 3140 3501 3189 non
3543 3123 3729 3196 magis
3770 3121 3902 3191 inju-

2279 3214 2432 3272 riam
2458 3216 2743 3289 accipitis.
2768 3231 2956 3289 quare
2994 3230 3119 3271 non
3166 3218 3365 3286 magis
3411 3215 3679 3273 fraudem
3705 3207 3905 3286 patimi-

2279 3304 2470 3377 ni?([
2497 3305 2635 3362 ﬂor.
2663 3321 2742 3373 v1,
2775 3308 2852 3372 7).
2886 3308 2952 3361 Et
2998 3309 3201 3362 tamen
3258 3306 3578 3380 hypocrita
3631 3302 3903 3373 assumpto

2281 3398 2502 3450 sanctae
2531 3387 3004 3450 conversationis
3047 3395 3261 3452 habitu
3287 3394 3553 3453 ﬁliorum
3607 3387 3903 3449 custodiam

2282 3483 2518 3553 deserit,
2567 3486 2626 3539 et
2680 3484 3035 3556 temporalia
3086 3500 3346 3558 quaeque
3405 3483 3715 3542 defendere
3752 3477 3903 3536 etiam

2275 3571 2490 3643 jurgiis
2518 3572 2747 3645 quaerit,
2790 3572 3067 3645 exemplo
3099 3589 3209 3629 suo
3239 3588 3455 3630 eorum
3486 3572 3726 3647 perdere
3749 3563 3904 3624 corda

2280 3676 2404 3716 non
2431 3659 2706 3733 trepidat,
2740 3664 2797 3717 et
2839 3648 3013 3734 quasi
3062 3677 3169 3734 per
3217 3660 3644 3735 negligentiam
3673 3655 3903 3714 amittere

2280 3748 2643 3821 patrimonia
2686 3752 2919 3806 terrena
2947 3748 3246 3806 formidat.
3281 3750 3349 3806 In
3377 3765 3576 3807 errore
3616 3738 3905 3816 discipulus

2282 3836 2524 3903 labitur,
2551 3842 2609 3893 et
2633 3841 2834 3894 tamen
2866 3852 2968 3895 cor
2994 3839 3324 3913 hypocrita
3364 3839 3534 3897 nullo
3560 3835 3754 3894 dolore
3795 3841 3905 3885 sau~

2283 3926 2491 3999 cietur,
2512 3926 2596 3983 ire
2630 3926 2690 3983 in
2712 3927 3040 4000 iniquitatis
3065 3928 3422 3999 voraginem
3449 3926 3793 3987 commissos
3813 3914 3905 3973 sibi

2279 4016 2591 4089 conspicit,
2622 4020 2679 4073 et
2706 4018 2831 4073 haec
2861 4018 3037 4090 quasi
3062 4017 3334 4074 inaudita
3372 4015 3719 4092 pertransit;
3771 4012 3824 4066 at
3866 4000 3905 4059 Ii

2280 4106 2448 4177 quod
2476 4105 2591 4161 sibi
2616 4106 2820 4162 leviter
2844 4106 3045 4163 inferri
3071 4107 3404 4179 temporale
3430 4107 3717 4164 damnum
3740 4106 3907 4156 sense-

398 4234 417 4253 .
510 4204 663 4268 pens
693 4197 878 4250 Evam
908 4191 1144 4249 seduxit
1172 4191 1391 4248 astutia
1417 4205 1546 4259 sua,
1578 4192 1661 4247 ita
1707 4196 2172 4265 corrumpantur
2210 4246 2250 4268 η
2279 4193 2374 4261 rit,
2403 4193 2466 4249 in
2486 4193 2728 4250 ultionis
2754 4194 2840 4250 ira
2879 4201 3122 4268 repente
3171 4195 3250 4251 ab
3298 4196 3529 4253 intimis
3581 4185 3905 4250 inardescit;

512 4295 732 4339 sensus
760 4280 938 4337 vestri
969 4295 1004 4337 a
1034 4279 1319 4336 charitate
1373 4292 1511 4351 quas
1553 4283 1642 4336 est
1684 4278 1749 4335 in
1776 4279 2007 4337 Christo
2034 4283 2172 4337 Jesu
2209 4276 2251 4301 ”
2280 4294 2424 4338 mox
2453 4283 2741 4355 patientia
2769 4285 3101 4356 rumpitur;
3153 4298 3297 4340 mox
3323 4285 3501 4341 dolor
3532 4280 3722 4340 cordis
3748 4276 3804 4333 in
3831 4285 3909 4328 vo-

511 4371 605 4444 (ΙΙ
629 4369 767 4426 Cor.
798 4380 878 4437 xi,
908 4372 995 4436 3).
1021 4388 1049 4419 η
1107 4368 1254 4425 Hinc
1303 4371 1507 4423 Petrus
1552 4368 1634 4424 ait
1665 4385 1679 4424 :
1723 4390 1752 4419 «
1778 4369 2171 4427 Adversarius

510 4461 711 4516 vester
738 4452 1038 4525 diabolus,
1066 4455 1241 4529 quasi
1269 4455 1364 4512 leo
1391 4455 1635 4526 rugiens
1659 4455 1867 4514 circuit
1896 4472 2174 4529 quaerens

510 4558 696 4623 quem
724 4546 988 4616 devoret,
1020 4545 1117 4604 cui
1140 4546 1388 4603 resistite
1418 4544 1597 4603 fortes
1645 4546 1709 4602 in
1749 4546 1869 4603 ﬁde
1896 4548 1984 4618 (ΙΙ
2004 4549 2169 4605 Petr.

510 4650 571 4708 v,
600 4638 676 4711 9).
711 4657 742 4689 π
778 4634 957 4694 Aliter
986 4653 1001 4694 :
1030 4636 1200 4694 Tunc
1227 4648 1346 4693 ova
1373 4648 1483 4710 pes
1511 4635 1721 4706 calcat,
1744 4640 1802 4693 et
1826 4635 2018 4694 bestia
2044 4638 2174 4709 agri

511 4727 781 4794 conterit,
830 4741 970 4783 cum
1024 4726 1087 4783 in
1125 4729 1282 4783 terra
1328 4724 1705 4796 deseruntur,
1732 4725 1876 4800 quia
1907 4725 2176 4784 videlicet

511 4812 785 4870 humana
833 4814 1040 4881 corda,
1097 4814 1246 4870 dum
1302 4826 1542 4887 semper
1595 4818 1832 4871 terrena
1886 4815 2169 4887 cogitare,

513 4910 754 4975 semper
778 4914 912 4974 quae
941 4901 1066 4958 ἱιιιθ.
1095 4906 1237 4959 sunt
1274 4916 1453 4973 agere
1496 4907 1805 4977 appetunt,
1855 4903 1934 4961 ad
1976 4909 2175 4961 eonte-

509 4990 771 5050 randum
800 5004 863 5047 se
892 4990 1022 5062 agri
1045 4990 1271 5062 bestias,
1301 4991 1365 5047 id
1389 4995 1480 5049 est
1507 4992 1752 5051 diabolo
1783 4997 2076 5063 sternunt,
2109 4997 2176 5051 ut

510 5088 652 5139 eum
677 5076 787 5137 diu
808 5078 1020 5136 inﬁma
1048 5079 1407 5150 cogitatione
1432 5080 1671 5153 abjecta
1700 5087 1859 5153 sunt,
1900 5083 2175 5156 quando-

508 5180 629 5245 que
664 5167 846 5227 etiam
876 5168 1179 5242 majorum
1206 5168 1529 5226 criminum
1558 5170 1998 5243 perpetratione
2018 5171 2169 5228 fran-

513 5262 748 5333 gantur.
812 5259 1136 5334 Synagoga
1186 5270 1330 5330 ergo
1383 5270 1501 5316 ova
1538 5273 1675 5333 quea
1719 5260 1924 5329 genuit
1952 5276 1988 5317 a
2017 5264 2175 5318 terra

514 5349 883 5424 suspendere
907 5349 1063 5408 bene
1092 5348 1346 5407 vivendo
1368 5347 1648 5421 neglexit,
1665 5349 1769 5404 sed
1792 5350 2174 5422 omnipotens

514 5438 670 5497 Deus
710 5437 931 5497 multos
960 5438 1093 5515 ejus
1117 5437 1273 5497 ﬁlios
1300 5437 1581 5515 quamvis
1605 5437 1668 5494 in
1684 5438 1930 5494 terrenis
1944 5437 2176 5495 deside-

2277 4371 2451 4428 cibue
2479 4370 2823 4429 eﬁ‘renatur.
2854 4373 3034 4429 Aliter
3076 4390 3089 4429 :
3144 4377 3206 4430 In
3251 4373 3461 4431 labore
3510 4373 3727 4447 quippe
3769 4362 3907 4421 illam

2277 4460 2711 4533 persecutionis
2741 4461 3024 4519 anhelare
3053 4477 3178 4519 non
3227 4462 3433 4529 timor,
3484 4460 3593 4518 sed
3621 4452 3908 4517 crudelitas

2279 4550 2455 4620 cogit.
2478 4549 2594 4606 Sed
2620 4551 2765 4623 quia
2803 4550 3182 4625 plerumque,
3213 4551 3357 4608 vitia
3413 4551 3611 4609 colore
3656 4546 3907 4603 virtutum

2277 4639 2481 4707 tincta,
2532 4643 2700 4697 tanto
2748 4642 3042 4714 nequiora
3086 4645 3227 4698 sunt
3274 4646 3510 4715 quanto
3541 4642 3599 4698 et
3624 4644 3748 4695 esse
3793 4627 3908 4685 vitia

2278 4727 2527 4784 minime
2558 4734 3022 4798 cognoscuntur,
3065 4744 3136 4786 eo
3178 4729 3237 4786 in
3293 4729 3708 4803 persecutione
3751 4723 3908 4793 Syna-

2279 4828 2437 4887 goga
2465 4815 2672 4872 durior
2699 4816 2936 4884 exstitit,
2954 4834 3077 4892 quo
3108 4817 3540 4890 religiosiorem
3561 4832 3624 4872 se
3646 4810 3767 4870 ﬁeri
3787 4804 3908 4892 ﬁde-

2275 4904 2427 4961 lium
2478 4903 2774 4962 mortibus
2822 4890 3148 4976 aestimavit,
3203 4912 3260 4963 et
3297 4906 3523 4964 idcirco
3561 4916 3691 4978 Quae
3736 4890 3908 4967 δεθτθί

2278 4991 2618 5051 discernere
2671 4993 2921 5050 omnino
2975 5011 3099 5053 non
3155 4996 3366 5069 potuit,
3418 4977 3788 5069 quiariiumen
3812 4977 3905 5069 sibi

2275 5081 2679 5153 intelligentiae
2736 5098 2843 5156 per
2896 5067 3191 5158 superbiae
3246 5067 3646 5157 abjectionem
3697 5067 3903 5133 clausit.

2282 5172 2354 5228 Se
2401 5170 2460 5227 ui
2588 5189 2602 5228 :
2692 5224 2693 5227 η

2351 5175 2636 5317 gentili
2670 5262 2946 5319 Privavit
2975 5276 3105 5319 eam
3133 5263 3291 5319 Deus
3310 5262 3627 5333 sapientia,
3645 5269 3749 5313 nec
3764 5242 3903 5309 dedit

2276 5350 2378 5406 illi
2405 5349 2885 5421 intelligentiam.
2944 5381 3013 5392 -
3064 5351 3350 5417 Quamvis
3378 5332 3561 5407 aliud
3591 5346 3661 5402 sit
3685 5332 3900 5417 privari,

2276 5439 2444 5496 aliud
2474 5449 2596 5497 non
2618 5440 2790 5509 dare,
2822 5440 2937 5497 hoc
2968 5444 3169 5499 tamen
3199 5440 3448 5516 repetiit,
3479 5430 3787 5495 subdendo
3809 5437 3902 5483 nec
