4120 6156
278 161 386 218 469

865 143 867 146 ’
977 178 981 182 ~
1083 163 1376 218 EPITOME
1414 162 1777 219 mensuum
1817 161 1874 217 s.
1915 159 2120 216 nunc.
2162 163 2231 217 1N
2268 163 2518 218 108.1—
2559 164 2685 219 LIB.
2728 164 2896 219 xxx1.

3614 162 3719 217 470

273 286 444 343 dedit
467 284 632 358 quod
659 285 968 357 prmmisit,
996 286 1281 358 privavit;
1313 303 1384 342 ac
1405 287 1454 340 si
1479 286 1700 343 diceret
1731 305 1743 342 :
1775 261 1938 359 quod
1969 283 2026 355 Al
2058 292 2162 341 aut
2196 287 2598 343 circumdabis
2629 288 2784 342 collo
2812 289 2937 356 ejus
2971 287 3290 343 hinnitum.
3323 317 3394 329 —
3416 287 3565 360 Equi
3607 303 3716 343 no-

267 376 416 443 dixi,
447 374 734 444 privavit,
760 389 882 429 non
911 374 1126 445 injuste
1150 375 1506 448 sapientiam
1528 375 1796 442 abstulit,
1835 375 1941 430 sed

264 466 430 536 juste
467 479 590 519 non
615 463 800 520 dedit.
840 464 1008 519 Unde
1038 468 1094 519 et
1126 465 1462 521 Pharaonis
1522 483 1624 521 cor
1653 466 1940 522 Dominus

270 555 619 611 obdurasse
652 553 1009 608 describitur
1035 556 1252 621 (Exod.
1276 572 1352 622 IV,
1372 555 1668 623 21)..»tliter
1699 573 1712 610 :
1742 556 1942 612 Distri-

267 650 437 700 ctum
467 643 693 716 quippe
726 646 813 697 est
841 643 1088 698 occulta:
1125 644 1530 700 retributionis
1579 661 1855 714 examen,
1886 648 1942 699 et

266 733 417 806 quia
447 733 644 788 sciens
673 731 1068 787 humilitatem
1099 734 1314 805 perdit,
1353 734 1533 790 etiam
1557 734 1817 790 veritatis
1848 734 1938 789 in-

267 821 662 891 telligentiam
692 819 969 875 nesciens
1001 822 1220 876 amisit.
1255 823 1486 878 Minora
1517 827 1661 878 sunt
1690 823 1939 878 vulnera

269 927 410 983 quae
467 910 530 965 in
586 909 998 981 Redemptoris
1055 911 1316 967 adventu
1371 911 1651 967 ﬁdelibus
1723 911 1932 978 intulit,

268 1017 461 1074 quam
487 1015 560 1056 ea
589 999 810 1072 quibus
846 1004 1118 1056 sanctam
1141 1001 1460 1057 Ecclesiam
1488 1001 1687 1058 adhuc
1709 1017 1816 1074 per
1836 1002 1937 1058 ad-

264 1095 520 1146 ventum
548 1089 887 1145 Antichristi
917 1091 1089 1146 ferire
1121 1091 1445 1147 contendit.
1481 1093 1756 1164 Sequitur
1787 1111 1800 1147 :

344 1182 520 1236 Vens.
588 1181 668 1235 18.
725 1181 877 1236 Cum
930 1187 1160 1250 tempus
1210 1183 1420 1250 fuerit,
1479 1185 1542 1237 in
1574 1184 1766 1237 altum
1799 1182 1932 1237 alas

269 1271 468 1339 erigit.
508 1269 742 1325 Diridet
769 1270 1019 1340 equitem
1068 1270 1182 1340 (dt)
1209 1275 1264 1326 et
1294 1286 1661 1326 ascensorem
1684 1273 1830 1339 ejus.
1866 1303 1934 1310 ——

269 1357 429 1423 Quid
461 1357 622 1412 enim
651 1357 781 1414 alas
806 1357 991 1428 hujus
1047 1358 1395 1414 struthionis
1425 1358 1775 1430 accipimus,
1820 1358 1933 1414 nisi

263 1451 583 1520 perceptas
615 1447 730 1502 hoc
761 1452 964 1503 tamen
1003 1451 1273 1519 tempore
1316 1449 1703 1517 cogitationes
1737 1449 1931 1521 hypo-

263 1535 426 1590 critaa
452 1535 625 1608 quasi
656 1535 1047 1607 complicatas
1078 1535 1104 1590 ?
1137 1535 1246 1601 Qui
1295 1537 1738 1609 opportunitate
1765 1552 1930 1592 com-

2054 377 2216 432 mine
2243 380 2487 432 sanctus
2541 377 2797 449 quisque
2828 377 3184 460 praedicator
3236 377 3542 450 accipitur,
3574 393 3715 449 pro-

2053 465 2232 536 pheta
2270 470 2586 523 attestante
2611 465 2715 538 qui
2748 466 2829 521 ait
2869 483 2881 520 :
2918 487 2947 518 «
2981 459 3177 524 Misisti
3228 467 3290 523 in
3320 482 3488 524 mare
3516 482 3709 540 equos
3742 459 3748 466 ’

2051 557 2185 610 tuos
2217 555 2522 611 turbantes
2545 571 2738 628 aquas
2767 554 2989 611 multas
3015 556 3270 626 (Habac.
3303 573 3389 626 in,
3427 557 3532 629 15).
3552 578 3581 606 »
3607 559 3714 613 Per

2049 643 2348 700 hinnitum
2427 644 2773 717 praadicatio
2831 644 3204 717 exprimitur,
3259 661 3440 701 verus
3507 649 3710 702 autem

2047 734 2305 806 quisque
2356 735 2714 808 praedicator
2764 739 2902 790 ante
2955 734 3386 799 fortitudinem,
3445 740 3504 792 et
3573 740 3710 807 post

2045 825 2345 880 hinnitum
2371 825 2605 897 accipit,
2638 825 2743 898 qui
2783 841 2923 881 cum
2951 824 3012 880 in
3055 841 3116 880 se
3175 824 3343 896 prius
3385 826 3529 883 vitia
3580 841 3709 882 exs-

2046 913 2299 980 tinxerit,
2329 918 2469 969 tunc
2499 930 2608 985 pro
2640 913 2982 969 erudiendis
3013 913 3144 970 aliis
3190 912 3270 970 ad
3297 928 3509 969 vocem
3551 929 3704 985 prae-

2044 1001 2356 1058 dicationis
2385 1003 2569 1071 venit,
2601 1002 3008 1058 fortitudinem
3037 1003 3239 1069 habet,
3258 1003 3403 1074 quia
3451 1002 3706 1058 adversa

2043 1093 2382 1144 constanter
2439 1091 2666 1158 tolerat,
2723 1091 3024 1147 hinnitum
3096 1091 3241 1163 quia
3303 1080 3383 1145 ad
3441 1105 3705 1163 superna

2040 1174 2361 1232 blandiens
2392 1185 2588 1234 vocat.
2622 1182 2788 1252 Equo
2821 1180 2982 1234 enim
3015 1195 3126 1234 suo
3153 1177 3442 1235 Dominus
3467 1183 3526 1234 et
3563 1194 3703 1234 cum

2041 1265 2291 1320 actionis
2340 1267 2682 1324 fortitudine
2734 1269 3035 1324 hinnitum
3063 1268 3250 1336 vocis,
3290 1272 3349 1324 et
3395 1284 3535 1324 cum
3565 1267 3700 1323 hin-

2040 1353 2170 1408 nitu
2196 1356 2360 1410 vocis
2409 1357 2819 1413 fortitudinem
2871 1359 3168 1414 ministrat
3218 1357 3488 1413 actionis.
3538 1357 3699 1414 Collo

2042 1442 2205 1497 enim
2262 1444 2402 1515 equi
2454 1445 2721 1500 hinnitus
2779 1445 3268 1512 circumducitur,
3322 1444 3470 1517 quia
3512 1461 3588 1502 ne
3620 1444 3700 1501 ad

2040 1545 2324 1602 perversa
2371 1547 2558 1604 opera
2606 1532 2857 1605 prodeat
2913 1534 3038 1589 suis
3070 1533 3319 1589 vocibus
3373 1533 3551 1589 etiam
3578 1532 3699 1588 vita

261 1628 459 1696 perta,
493 1640 595 1680 eas
653 1625 828 1696 quasi
880 1625 941 1679 in
998 1626 1186 1680 altum
1232 1625 1523 1681 elevando
1577 1626 1930 1698 superbiens
1967 1639 2012 1692 Β
2040 1621 2420 1692 prtedicantis
2475 1621 2712 1692 ligatur.
2761 1623 2906 1679 Hinc
2957 1622 3118 1678 enim
3155 1638 3264 1695 per
3312 1622 3697 1680 Salomonem

263 1712 628 1768 manifestat.
661 1711 796 1767 Alas
844 1711 904 1767 in
955 1712 1145 1768 altum
1176 1713 1398 1783 erigere
1429 1718 1540 1782 est,
1585 1730 1692 1786 per
1721 1731 1928 1787 super-

260 1800 430 1855 biam
460 1801 848 1869 cogitationes
875 1802 1124 1873 aperire.
1161 1805 1326 1857 Nunc
1357 1807 1558 1858 autem
1587 1804 1731 1876 quia
1761 1820 1930 1860 sanc—

256 1893 392 1943 tum
423 1904 485 1944 se
541 1889 801 1954 simulat,
859 1890 1003 1962 quia
1039 1890 1094 1944 in
1148 1892 1469 1963 semetipso
1507 1893 1740 1962 stringit
1791 1909 1928 1965 quae

258 1977 505 2046 cogitat,
528 1978 701 2048 quasi
729 1976 854 2033 alas
887 1978 946 2032 in
975 1994 1225 2051 corpore
1255 1995 1363 2051 per
1388 1981 1787 2036 humilitatem
1819 1981 1927 2053 pli-

263 2072 382 2122 cat.
417 2066 760 2122 Notandum
782 2083 923 2123 vero
953 2068 1118 2139 quod
1150 2083 1273 2123 non
1301 2069 1400 2139 ait,
1430 2069 1659 2126 deridet
1703 2087 1928 2143 equum

257 2159 319 2210 et
350 2171 753 2222 ascensorem,
782 2156 886 2210 sed
917 2158 1168 2228 equitem
1221 2163 1276 2213 et
1305 2173 1694 2215 ascensorem.
1723 2162 1926 2231 Equus

255 2244 487 2316 quippe
517 2248 604 2298 est
659 2244 1133 2318 uniuscujusque
1189 2246 1407 2300 animae
1457 2263 1677 2320 corpus
1725 2264 1923 2322 suum,

254 2334 430 2404 quod
479 2332 750 2388 videlicet
780 2333 966 2391 novit.
995 2338 1050 2389 et
1094 2334 1172 2390 ab
1209 2334 1422 2390 illicitis
1467 2336 1840 2405 restringere,
1871 2341 1928 2393 et

253 2420 324 2475 in
353 2421 529 2476 bonis
558 2421 840 2493 operibus
869 2421 1154 2478 relaxare.
1217 2423 1442 2495 Equitis
1489 2440 1633 2495 ergo
1680 2426 1924 2481 nomine

259 2509 532 2566 animam
562 2511 752 2565 sancti
782 2511 891 2566 viri
916 2511 1212 2583 exprimit.
1247 2512 1390 2567 Hinc
1443 2513 1604 2568 enim
1635 2514 1921 2586 scriptum

250 2604 346 2654 est
379 2616 392 2653 :
417 2621 446 2648 «
471 2598 770 2654 Exercitus
798 2599 904 2672 qui
933 2605 1070 2654 sunt
1095 2600 1155 2656 in
1182 2600 1332 2656 caelo
1355 2601 1762 2673 sequebantur
1783 2619 1921 2658 eum

247 2689 317 2743 in
349 2688 518 2760 equis
549 2687 702 2743 albis
759 2689 968 2759 (Apoc.
1021 2707 1141 2760 xxx,
1178 2692 1283 2760 14).
1313 2712 1340 2740 ››
1396 2695 1690 2747 Ascensor
1719 2697 1920 2748 autem

249 2777 472 2849 equitis
503 2777 883 2850 omnipotens
909 2783 996 2834 est
1045 2779 1353 2849 Dominus,
1410 2779 1514 2852 qui
1545 2780 1921 2853 uniuscujus-

251 2881 375 2938 que
405 2865 516 2921 viri
546 2865 814 2922 animam
845 2867 1130 2938 possidet,
1165 2885 1275 2924 sua
1301 2869 1578 2925 membra
1613 2870 1921 2941 possiden-

2039 1709 2254 1765 dicitur
2286 1729 2298 1766 :
2331 1733 2358 1760 «
2387 1712 2684 1767 Coronam
2713 1712 3042 1781 gratiarum
3081 1711 3336 1783 accipies
3365 1711 3546 1782 capiti
3571 1716 3693 1780 tuo,

2038 1802 2094 1852 et
2113 1801 2389 1871 torquem
2421 1815 2668 1856 auream
2699 1800 2851 1856 collo
2893 1805 2996 1856 tuo
3031 1802 3234 1872 (Prov.
3266 1816 3304 1867 ι,
3337 1804 3412 1867 9).
3447 1817 3476 1851 ›
3508 1802 3696 1856 Moru-

2038 1904 2218 1943 LITER.
2258 1889 2586 1961 Unicuique
2635 1893 2852 1946 animae
2900 1891 2995 1946 cui
3051 1889 3505 1946 misericorditer
3541 1891 3696 1945 Deus

2037 1977 2337 2048 praesidet,
2366 1982 2500 2033 ante
2533 1979 2741 2035 omnia
2765 1979 2904 2034 ﬁdei
2922 1979 3330 2035 fortitudinem
3348 1977 3595 2051 praebet.
3614 1979 3696 2034 De

2036 2082 2160 2138 quo
2217 2068 2423 2124 Petrus
2483 2068 2564 2124 ait
2611 2085 2627 2124 :
2663 2092 2688 2118 ‹‹
2733 2070 3125 2125 Adversarius
3173 2073 3370 2126 vester
3417 2067 3694 2124 diabolus

2037 2159 2327 2228 tanquam
2356 2156 2450 2212 leo
2481 2157 2725 2226 rugiens
2757 2159 2963 2214 circuit
3005 2174 3280 2231 quaerens
3311 2173 3495 2230 quem
3521 2157 3695 2213 devo-

2034 2249 2140 2313 ret,
2175 2245 2270 2300 cui
2299 2245 2554 2301 resistite
2583 2246 2762 2301 fortes
2791 2247 2852 2301 in
2881 2246 3000 2302 ﬁde
3023 2246 3077 2317 (I
3096 2248 3260 2303 Petr.
3291 2263 3352 2316 v,
3383 2250 3461 2312 8).
3487 2263 3518 2297 ›
3549 2245 3692 2300 Huic

2035 2337 2236 2388 autem
2262 2333 2592 2390 fortitudini
2622 2335 2888 2390 hinnitus
2915 2335 3208 2406 jungitur,
3263 2351 3403 2390 cum
3431 2334 3499 2389 ﬁt
3523 2332 3692 2404 quod

2034 2422 2322 2494 scriptum
2347 2428 2434 2478 est
2466 2441 2478 2479 :
2515 2447 2543 2473 ‹‹
2578 2424 2765 2480 Corde
2814 2423 3074 2479 creditur
3119 2424 3197 2479 ad
3231 2423 3544 2494 justitiam,
3587 2436 3690 2477 ore

2032 2515 2231 2567 autem
2258 2511 2554 2568 confessio
2579 2513 2647 2568 ﬁt
2673 2511 2753 2573 ad
2784 2512 3041 2568 salutem
3067 2513 3255 2584 (Rom.
3290 2528 3350 2579 x,
3386 2512 3490 2580 10).
3523 2532 3553 2561 ››
3589 2512 3688 2567 Se—

2031 2601 2239 2674 quitur
2269 2619 2282 2656 :

2101 2691 2279 2747 Vens.
2297 2696 2382 2747 '20.
2401 2692 2695 2763 Nunquid
2714 2692 3029 2748 suscitabis
3044 2706 3176 2747 eum
3201 2689 3378 2763 quasi
3405 2691 3683 2746 locustas.

2029 2812 2097 2820 —
2130 2779 2446 2850 Subaudis,
2473 2785 2537 2836 ut
2560 2796 2693 2850 ego,
2720 2780 2825 2853 qui
2845 2780 3014 2836 illum
3036 2780 3116 2836 ad
3138 2769 3347 2836 altiora
3369 2778 3687 2834 excitando

2029 2868 2295 2938 sublevo,
2315 2869 2418 2941 qui
2443 2869 2700 2940 graviori
2721 2869 3152 2941 persecutionis
3183 2874 3332 2925 testu
3359 2868 3685 2924 excruciari

250 2960 398 3010 tem.
433 2955 674 3012 Deridet
729 2971 872 3026 ergo
927 2957 1240 3029 hypocrita
1269 2959 1543 3028 equitem,
1577 2959 1722 3032 quia
1764 2959 1916 3015 elec-
1956 2987 1997 3041 ο
2027 2957 2324 3029 permitto.
2359 2959 2746 3014 Locustarum
2775 2959 3020 3014 nomine
3069 2957 3398 3030 aliquando
3449 2957 3684 3012 Judan-

248 3048 453 3101 torum
501 3045 752 3118 despicit
800 3047 1197 3103 sanctitatem.
1251 3047 1485 3103 Deridet
1535 3064 1917 3105 ascensorem

252 3134 494 3207 equitis,
523 3135 671 3190 dum
699 3135 928 3208 prosilit
954 3152 1148 3208 usque
1175 3136 1252 3191 ad
1279 3136 1563 3208 injuriam
1586 3138 1875 3194 Creatoris
1899 3155 1912 3192 :

253 3223 459 3280 Aliter.
496 3228 556 3280 In
589 3224 779 3280 altum
819 3225 1068 3281 struthio
1099 3226 1226 3282 alas
1275 3226 1464 3297 erigit,
1523 3227 1771 3298 quando
1803 3245 1914 3284 suo

247 3312 557 3368 Conditori
589 3315 911 3387 Synagoga
932 3331 1057 3370 non
1087 3319 1152 3370 ut
1171 3320 1348 3371 antea
1372 3315 1776 3387 formidando,
1808 3316 1914 3372 sed

247 3405 481 3473 aperta,
508 3403 638 3472 jam
686 3403 1083 3475 repugnando
1141 3403 1510 3459 contradicit.
1545 3408 1608 3460 In
1639 3405 1913 3460 membra

245 3491 476 3564 quippe
514 3491 736 3548 diaboli
792 3493 1107 3555 transiens,
1140 3498 1197 3548 et
1250 3493 1549 3548 mendacii
1596 3493 1911 3550 hominem

257 3581 449 3636 Deum
481 3581 750 3647 credens,
783 3587 993 3638 contra
1021 3582 1228 3638 ﬁdeles
1252 3587 1487 3639 tantum
1512 3583 1573 3638 in
1599 3583 1786 3639 altum
1817 3600 1913 3639 ex-

246 3669 501 3739 tollitur,
534 3675 830 3742 quantum
860 3675 917 3726 et
947 3671 1045 3726 Dei
1077 3687 1296 3744 corpus
1346 3688 1408 3727 se
1439 3688 1569 3728 esse
1606 3672 1911 3744 gloriatur,

244 3774 385 3830 quae
410 3758 554 3829 quia
580 3775 703 3813 non
735 3759 932 3814 solum
959 3759 1357 3816 humilitatem
1387 3761 1642 3831 Domini,
1681 3761 1790 3817 sed
1820 3762 1910 3834 ip-

244 3863 382 3903 sam
412 3847 592 3903 etiam
619 3847 1012 3912 divinitatem,
1054 3866 1176 3905 non
1210 3855 1441 3906 tantum
1472 3851 1756 3922 equitem,
1806 3851 1912 3906 sed

241 3953 628 3993 ascensorem
680 3939 859 3993 etiam
913 3938 1130 4010 equitis
1189 3939 1409 3995 irridet.
1461 3942 1608 3995 Nam
1657 3939 1912 3995 verbum

240 4026 372 4096 Dei,
424 4030 564 4082 tunc
612 4028 872 4099 equitem
928 4027 1220 4093 ascendit,
1272 4028 1518 4100 quando
1575 4029 1912 4084 humanam

240 4115 516 4172 animam
549 4118 803 4190 propriae
859 4117 1025 4172 carni
1055 4117 1496 4188 praesidentem,
1556 4117 1762 4173 divino
1793 4118 1912 4173 cul-

239 4204 329 4258 tui
397 4204 789 4276 semetipsum
848 4204 1109 4262 creando
1179 4204 1524 4275 subjugavit
1577 4223 1590 4272 ;
1665 4220 1909 4261 carnem

238 4292 473 4366 quippe
505 4293 780 4350 divinitas
806 4295 1010 4350 anima
1039 4293 1362 4362 mediante,
1390 4293 1672 4366 suscepit,
1700 4298 1758 4349 et
1804 4310 1910 4366 per

238 4381 360 4437 hoc
383 4386 572 4437 totum
604 4381 780 4438 simul
811 4383 1073 4454 equitem
1104 4382 1310 4449 tenuit,
1343 4383 1488 4455 quia
1541 4383 1604 4438 in
1635 4383 1910 4454 semetip-

240 4486 384 4525 sum
408 4485 529 4524 non
554 4470 748 4525 solum
776 4471 877 4526 illa
906 4471 1244 4540 regebatur,
1271 4471 1374 4526 sed
1395 4472 1551 4527 hanc
1573 4471 1752 4527 etiam
1773 4487 1908 4543 quae

237 4558 491 4627 regebat
517 4558 805 4614 astrinxit.
839 4559 1044 4614 Juda-a
1075 4559 1251 4628 igitur
1293 4575 1402 4631 per
1450 4559 1782 4615 adventum
1812 4576 1908 4615 su-

239 4646 569 4719 perbientis
616 4647 959 4703 Antichristi
1010 4646 1230 4720 laqueo
1287 4647 1652 4703 seductionis
1709 4652 1904 4721 capta,

238 4735 389 4808 quia
427 4735 884 4808 Redemptorem
922 4742 1199 4792 nostrum
1254 4737 1543 4793 humilem
1590 4737 1774 4793 fuisse
1820 4739 1907 4794 in-

239 4830 334 4881 ter
364 4826 640 4881 homines
670 4827 938 4899 despicit,
999 4826 1228 4882 deridet
1257 4826 1541 4900 equitem,
1594 4827 1740 4900 quia
1778 4828 1907 4899 ejus

238 4913 306 4968 in
337 4913 621 4970 omnibus
671 4915 1042 4970 divinitatem
1091 4915 1461 4981 contradicit,
1493 4915 1721 4971 deridet
1751 4915 1906 4970 nihi-

235 5001 507 5058 lominus
563 5007 620 5058 et
676 5019 1076 5059 ascensorem.
1159 5005 1270 5058 Sed
1325 5003 1687 5076 Redemptor
1744 5019 1904 5060 unus

237 5089 525 5164 idemque
554 5096 611 5146 et
639 5108 842 5164 eques,
874 5097 931 5148 et
979 5091 1195 5165 equitis
1226 5107 1532 5162 ascensor,
1585 5098 1642 5149 et
1673 5110 1813 5150 cum
1843 5093 1906 5149 in

237 5179 544 5236 mundum
575 5181 754 5253 venit,
779 5181 959 5238 fortes
991 5185 1199 5237 contra
1222 5182 1524 5237 mundum
1549 5183 1904 5254 praedicato-

235 5283 340 5324 res
390 5269 675 5336 exhibuit,
716 5275 774 5326 et
825 5287 965 5326 cum
1005 5271 1068 5326 in
1099 5271 1314 5328 mundi
1372 5271 1697 5327 terminum
1746 5271 1906 5328 Anti-

237 5357 444 5414 christi
462 5358 750 5416 ﬁduciam
779 5360 1008 5429 tolerat,
1039 5359 1317 5416 virtutem
1353 5360 1482 5433 ipse
1529 5360 1901 5417 certantibus

239 5447 690 5506 subministrat.

314 5540 482 5595 Vsus.
517 5543 602 5594 £9.
633 5538 926 5610 Nunquid
951 5538 1238 5608 praebebis
1278 5555 1425 5612 equo
1453 5541 1896 5610 fortitudinem.

311 5627 425 5699 (64)
453 5627 646 5698 Vulg..
675 5643 918 5701 equum.

2027 3061 2160 3100 rum
2193 3046 2453 3118 populus
2486 3047 2774 3115 signatur,
2825 3051 2890 3102 ut
2914 3046 3063 3102 illud
3101 3045 3176 3102 de
3205 3048 3433 3101 Joanne
3475 3062 3488 3100 :
3519 3064 3550 3098 ς
3575 3048 3682 3100 Lo-

2026 3139 2230 3190 custas
2258 3138 2314 3189 et
2343 3135 2461 3190 mel
2515 3135 2779 3191 silvestre
2829 3135 3054 3192 edebat
3099 3136 3308 3205 (Marc.
3341 3150 3379 3200 ι,
3408 3137 3486 3200 6),
3521 3154 3550 3183 »
3577 3133 3682 3189 ali-

2025 3221 2275 3294 quando
2331 3238 2622 3278 conversa
2681 3223 2991 3292 gentilitas,
3049 3227 3115 3279 ut
3143 3222 3291 3279 illud
3321 3239 3334 3276 :
3369 3243 3398 3270 ‹‹
3437 3221 3686 3278 Florebit

2026 3311 2368 3381 amigdalus
2389 3313 2636 3382 (Eccles.
2667 3328 2767 3381 xu,
2796 3317 2870 3381 5),
2902 3335 2928 3362 ››
2961 3312 3021 3368 id
3051 3316 3139 3368 est
3168 3311 3425 3367 Ecclesia
3480 3310 3684 3382 primi-

2027 3400 2148 3456 tiva
2222 3401 2368 3456 ﬂore
2441 3401 2749 3457 virtutum.
2817 3423 2846 3450 «
2905 3400 3384 3474 Impinguabitur
3451 3399 3683 3455 locusta

2024 3491 2247 3562 (Ibid),
2280 3513 2308 3539 »
2340 3491 2403 3546 id
2432 3495 2518 3547 est
2549 3491 2708 3547 sicca
2752 3491 3045 3561 gentilitas
3093 3489 3458 3564 pinguedine
3489 3494 3677 3553 terrae,

2026 3603 2052 3630 «
2085 3585 2142 3636 et
2171 3580 2559 3653 dissipabitur
2606 3581 2885 3653 capparis
2917 3583 3134 3653 (Ibid),
3171 3603 3202 3632 »
3230 3581 3290 3637 id
3337 3584 3428 3637 est
3455 3580 3678 3636 Iudaea.

2021 3669 2360 3741 Aliquando
2391 3668 2771 3725 adulantium
2802 3669 3027 3741 lingua.
3064 3673 3131 3726 Ut
3161 3670 3308 3726 illud
3343 3687 3356 3725 :
3391 3691 3420 3720 α
3450 3669 3678 3725 Ventus

2020 3773 2200 3813 urens
2256 3758 2478 3814 levavit
2513 3758 2797 3829 locustas,
2853 3777 2990 3832 quae
3044 3760 3446 3816 ascenderunt
3497 3773 3680 3831 super

2019 3846 2363 3903 universam
2392 3851 2610 3903 terram
2641 3848 3106 3920 EgyptuExod.
3141 3864 3200 3914 x,
3238 3847 3322 3918 l3,
3360 3848 3464 3919 14).
3502 3869 3532 3897 »
3562 3847 3678 3901 Ali-

2018 3937 2267 4007 quando
2294 3951 2436 3991 vero
2456 3951 2564 4007 per
2602 3937 3137 4008 comparationem,
3182 3936 3535 3992 resurrectio
3558 3937 3674 3990 Do-

2017 4025 2259 4092 minica,
2287 4025 2382 4079 vel
2409 4025 2872 4097 praedicatorum
2905 4026 3022 4081 vita
3049 4026 3341 4095 signatur,
3375 4029 3441 4080 ut
3477 4024 3624 4080 illud
3657 4041 3671 4080 :

2025 4133 2044 4166 ι
2079 4117 2374 4169 Excussus
2427 4129 2562 4168 sum
2622 4114 2773 4169 sicut
2828 4114 3058 4170 locusta
3097 4115 3288 4185 (Psal.
3322 4128 3475 4181 cvnt,
3502 4114 3615 4184 23).
3642 4135 3672 4163 η

2018 4205 2190 4258 Recte
2217 4202 2422 4275 utique
2446 4203 2582 4276 ipsa
2613 4203 3078 4276 praedicatorum
3108 4203 3388 4278 perfectio
3430 4201 3673 4258 locustis
3703 4223 3720 4232 ·

2017 4293 2387 4365 exprimitur.
2412 4297 2564 4350 More
2586 4293 2747 4350 enim
2767 4295 3140 4352 locustarum
3165 4295 3398 4368 quoties
3415 4310 3476 4349 se
3507 4293 3675 4350 attol-

2015 4382 2134 4438 lere
2165 4387 2434 4449 conatur,
2468 4400 2644 4439 crura
2710 4384 2917 4455 ﬁgunt,
2952 4390 3007 4441 et
3061 4385 3187 4442 alas
3224 4385 3478 4455 erigunt,
3527 4382 3673 4456 quia

2015 4475 2172 4527 recte
2198 4471 2434 4540 agendo
2463 4487 2528 4526 se
2560 4472 2885 4538 stabiliunt,
2914 4478 2970 4529 et
3014 4474 3093 4530 ad
3123 4474 3243 4531 alta
3275 4472 3537 4530 videndo
3567 4487 3670 4527 su-

2013 4559 2349 4628 blevantur,
2376 4577 2742 4634 rursumque
2768 4562 3026 4634 pedibus
3056 4579 3117 4619 se
3139 4563 3262 4618 suis
3285 4567 3421 4635 post
3448 4561 3669 4616 saltum

2015 4650 2336 4722 excipiunt,
2359 4650 2508 4706 dum
2532 4655 2670 4723 post
2703 4651 3270 4723 contemplationem
3297 4650 3668 4723 sublimium,

2015 4740 2094 4796 ad
2133 4739 2392 4796 activam
2441 4740 2628 4795 vitam
2670 4743 3068 4796 revertuntur.
3095 4740 3202 4795 Vel
3231 4741 3384 4797 sicut
3424 4740 3668 4796 locustae

2014 4828 2322 4884 matutinis
2343 4828 2505 4884 horis
2535 4828 2638 4883 vix
2667 4844 2703 4884 a
2736 4832 2893 4883 terra
2915 4845 2977 4884 se
2998 4828 3332 4894 sublevant,
3365 4846 3504 4886 cum
3529 4845 3667 4886 vero

2015 4921 2195 4972 aestus
2213 4917 2516 4984 exarserit,
2530 4921 2696 4973 tanto
2717 4917 2895 4973 altius
2914 4923 3144 4991 quanto
3165 4918 3420 4976 alacrius
3440 4919 3663 4977 volant.

2015 5009 2097 5062 lta
2112 5005 2399 5061 nimirum
2420 5010 2665 5062 sanctus
2682 5006 2937 5079 quisque
2954 5007 3330 5081 praedicator,
3348 5027 3486 5066 cum
3498 5011 3666 5083 quie-

2013 5098 2074 5151 ta
2102 5094 2243 5151 ﬁdei
2293 5099 2566 5168 tempora
2596 5095 2906 5168 conspicit,
2955 5096 3198 5153 humilis
3248 5113 3318 5154 ac
3347 5097 3664 5170 despectus

2013 5183 2321 5257 accipitur,
2350 5185 2398 5240 si
2424 5188 2625 5240 autem
2654 5186 3088 5258 persecutionis
3119 5187 3300 5242 ardor
3322 5185 3661 5246 incandeat,

2013 5274 2192 5330 corde
2263 5274 2600 5330 ccelestibus
2677 5274 2999 5344 inhaerens,
3062 5292 3205 5331 mox
3273 5277 3514 5344 quantae
3593 5269 3666 5324 sit

2012 5363 2394 5419 sublimitatis
2451 5364 2725 5420 ostendit.
2786 5368 3131 5421 MORALITER.
3218 5357 3661 5432 Unusquisque,

2011 5452 2116 5526 qui
2142 5454 2331 5510 Deum
2359 5453 2629 5525 sequitur
2658 5454 2718 5509 in
2747 5454 2881 5525 ipso
2905 5467 3014 5506 suo
3039 5447 3308 5515 exordio,
3339 5452 3406 5504 ut
3433 5448 3664 5505 locusta

2011 5539 2458 5616 suscitatur,qui
2478 5543 2585 5599 etsi
2613 5544 2672 5598 in
2695 5542 2917 5616 quibus
2941 5537 3277 5595 actionibus
3291 5537 3661 5596 locustarum
