4112 6152
433 134 532 188 471

1393 122 1396 126 ’
1493 130 1548 187 S.
1591 129 1854 187 ODONIS
1883 125 2710 186 ABBATIS‘CLUNIACENSIS
2749 127 2798 184 ll

3751 125 3864 190 472
3907 171 3912 174 _

435 267 606 326 more
651 251 820 308 ﬂexis
867 250 1194 324 poplitibus
1251 257 1418 310 terrae
1449 253 1714 324 inhaeret,
1745 253 1807 308 in
1844 252 2091 326 quibus-
2118 255 2166 309 Δ.
2205 253 2420 310 mentis
2449 253 2594 312 cela.
2628 257 2975 311 MORALITER.
3012 251 3245 322 Ungula
3275 255 3498 308 terram
3523 225 3728 308 fodere
3749 253 3866 318 est,

437 342 584 398 dam
638 345 842 397 tamen
888 339 1174 412 expansis
1222 340 1335 397 alis
1387 359 1450 398 se
1501 343 1562 398 in
1592 358 1732 400 aera
1759 340 2090 414 suspendit.

439 427 750 486 Conversis
781 427 1008 500 quippe
1051 427 1220 484 initia
1265 429 1442 485 bonis
1493 429 1764 486 moribus
1799 428 2095 500 malisque

437 517 706 572 immista
764 521 924 580 sunt,
965 516 1114 572 dum
1171 533 1334 574 nova
1384 518 1514 589 jam
1571 534 1680 591 per
1705 517 2096 574 intentionem

437 603 652 677 agitur,
685 607 742 660 et
785 609 954 660 vetus
1007 605 1206 661 adhuc
1257 607 1378 662 vita
1410 623 1480 662 ex
1519 623 1632 662 usu
1662 607 1963 663 retinetur.
1996 607 2095 662 Se-

434 693 637 766 quitur
671 709 684 749 :
719 694 927 750 Gloria
955 695 1199 751 narium
1222 697 1351 764 ejus
1373 702 1586 752 terror.
1611 727 1679 736 --
1700 700 1764 751 In
1796 695 2095 768 Scriptura

437 798 612 838 sacra
637 781 937 838 vocabulo
957 782 1219 850 narium,
1245 783 1572 857 aliquando
1594 785 1832 842 fatuitas
1857 784 2096 840 narium

437 871 588 927 solet
615 870 882 942 intelligi,
913 876 980 926 ut
1007 871 1156 927 illud
1187 889 1201 927 :
1235 895 1262 921 ‹‹
1295 873 1561 929 Circulus
1590 890 1806 930 aureus
1837 874 1898 930 in
1940 873 2096 930 nari-

437 955 554 1014 bus
585 959 708 1014 suis
738 960 936 1030 (Prov.
969 977 1050 1030 x1,
1077 961 1190 1032 22).
1221 979 1250 1014 ›
1281 961 1622 1034 Aliquando
1653 963 1882 1036 antiqui
1908 961 2096 1019 hostis

437 1047 762 1118 instigatio,
823 1053 888 1102 ut
941 1047 1135 1104 illud:
1170 1071 1198 1100 ‹‹
1233 1053 1311 1106 De
1367 1051 1612 1108 naribus
1655 1053 1783 1124 ejus
1829 1050 2097 1124 procedit

439 1137 646 1192 fumus
677 1137 841 1206 (Tob.
873 1153 988 1202 xu,
1031 1141 1135 1210 ll).
1181 1161 1208 1188 »
1239 1139 1578 1212 Aliquando
1615 1157 1758 1197 vero
1787 1141 2098 1213 prmscien-

439 1226 522 1282 tia
551 1225 922 1296 designatur,
957 1231 1020 1282 ut
1047 1227 1195 1283 illud
1223 1230 1530 1301 prophetae
1565 1247 1578 1285 :
1620 1253 1638 1280 ι
1679 1230 1970 1296 Quiescite
2018 1230 2096 1286 ab

439 1314 704 1376 homine,
753 1314 926 1384 cujus
978 1315 1220 1386 spiritus
1259 1321 1347 1371 est
1386 1316 1448 1372 in
1494 1316 1742 1372 naribus
1771 1318 1922 1388 ejus,
1954 1317 2098 1390 quia

439 1402 712 1458 excelsus
731 1407 1042 1474 reputatus
1073 1409 1164 1459 est
1224 1404 1352 1476 ipse
1378 1405 1520 1476 (Isa.
1553 1397 1611 1472 n,
1644 1407 1753 1477 22).
1785 1429 1814 1456 »
1847 1407 1968 1462 Hoc
1997 1423 2100 1462 au-

437 1495 559 1546 tem
585 1490 718 1546 loco
747 1489 988 1546 narium
1011 1491 1256 1546 nomine
1281 1492 1690 1564 praedicatoris
1711 1494 1898 1550 sancti
1921 1511 2099 1568 pries-

436 1579 653 1636 cientia
673 1595 746 1635 ac
765 1579 1132 1651 praestolatio
1146 1579 1516 1651 designatur.
1544 1585 1696 1638 Dum
1723 1584 1884 1640 enim
1895 1583 2098 1641 venire
2127 1607 2168 1659 Β

445 1673 781 1724 extremum
843 1665 1138 1737 judicium
1191 1669 1424 1725 ostendi
1477 1669 1776 1728 caelestem
1817 1673 2096 1746 patriam,

441 1754 708 1828 persolvi
733 1754 928 1824 justis,
961 1756 1210 1826 praemia
1253 1757 1496 1830 appetit,
1543 1760 1718 1832 quasi
1771 1777 1880 1834 per
1925 1777 2100 1818 nares

443 1843 721 1915 spiritum
751 1842 826 1898 de
848 1842 1065 1898 futuris
1099 1845 1288 1900 trahit.
1326 1847 1440 1902 Sed
1472 1847 1662 1917 gloria
1686 1851 1922 1907 narium
1970 1852 2098 1922 ejus

441 1937 634 1989 terror
661 1937 772 1994 est,
827 1931 978 2004 quia
1007 1932 1296 1988 visionem
1354 1935 1602 1994 districti
1650 1938 1870 2009 judicis
1913 1956 2102 2013 quam

437 2022 638 2092 justus
665 2020 1050 2076 vehementer
1097 2027 1426 2094 exspectat,
1471 2025 1728 2097 injustus
1753 2029 1949 2086 venire
1987 2029 2106 2086 for-

447 2109 658 2166 midat.
711 2109 855 2164 Hinc
905 2110 1124 2166 Paulus
1175 2111 1302 2168 ait:
1337 2116 1513 2186 «Ego
1565 2115 1696 2186 jam
1737 2117 1989 2190 delibor,
2045 2124 2103 2176 et

441 2200 680 2268 tempus
705 2212 856 2252 mete
887 2197 1264 2254 resolutionis
1295 2199 1495 2257 instat.
1531 2204 1766 2261 Bonum
1796 2212 2102 2265 certamen

443 2285 681 2352 certavi,
713 2301 958 2342 cursum
991 2289 1429 2356 consummavi,
1471 2289 1654 2348 fidem
1711 2296 1966 2352 servavi.
2023 2302 2102 2354 De

440 2373 672 2446 reliquo
714 2372 977 2444 reposita
1023 2379 1114 2430 est
1169 2376 1316 2431 mihi
1364 2393 1588 2436 corona
1610 2381 1872 2452 justitiaa,
1913 2401 2100 2457 quam

2203 342 2467 400 districta
2509 341 2871 400 abstinentia
2917 357 3162 398 carnem
3206 341 3475 398 domare.
3535 341 3860 414 Sequitur:

2202 433 2490 489 Exsultat
2537 433 2846 488 audacter.
2905 463 2974 472 —
3023 430 3320 487 Audacter
3375 429 3650 496 exsultat,
3717 429 3864 502 quia

2205 523 2286 578 sic
2333 521 2599 578 adversis
2651 537 2774 577 non
2819 520 3136 590 frangitur,
3193 521 3349 576 sicut
3397 537 3506 577 nec
3551 519 3863 594 prosperis

2203 611 2490 668 elevatur.
2543 611 2810 668 Adversa
2866 626 3134 684 namque
3185 626 3309 666 non
3363 610 3649 682 dejiciunt
3675 625 3864 682 quem

2202 715 2491 774 prospera
2515 699 2683 757 nulla
2707 704 3121 773 corrumpunt.
3157 703 3238 757 Ne
3263 716 3405 770 ergo
3435 703 3748 772 prematur
3763 699 3870 756 ad-

2201 789 2408 858 versis,
2439 789 2622 846 habet
2647 789 2771 845 vim
2809 788 3208 857 fortitudinis;
3269 804 3346 844 ne
3399 787 3659 846 elevatur
3697 803 3870 862 pros-

2203 877 2380 952 peris,
2412 878 2594 935 habet
2630 877 2871 951 pondus
2900 877 3158 950 desuper
3188 877 3467 934 sedentis.
3495 878 3558 934 In
3591 876 3868 934 adversis

2202 967 2518 1036 hilarescit,
2551 967 2694 1040 quia
2725 967 2934 1038 augeri
2962 967 3075 1023 sibi
3099 967 3334 1023 virtutis
3363 967 3644 1022 meritum
3703 966 3868 1021 laeta-

2205 1060 2317 1113 tur.
2346 1056 2492 1112 Hinc
2537 1057 2611 1112 de
2639 1056 2926 1130 apostolis
2984 1055 3200 1112 dicitur
3227 1055 3487 1112 :«lbant
3531 1055 3870 1124 gaudentes

2205 1161 2241 1202 a
2271 1149 2596 1220 conspectu
2641 1145 2893 1213 concilii,
2926 1168 2952 1194 ››
3011 1149 3121 1201 etc.
3177 1146 3328 1216 (Aet.
3385 1161 3441 1210 v,
3502 1145 3614 1214 41.)
3665 1142 3870 1200 Solent

2203 1249 2470 1307 namque
2495 1234 2751 1290 haeretici
2780 1238 3142 1306 potestatum
3171 1232 3385 1289 mundi
3413 1232 3868 1290 defensionibus

2205 1327 2415 1380 contra
2439 1323 2576 1380 ﬁdei
2606 1323 3094 1396 praedicationem
3139 1322 3316 1396 quasi
3359 1321 3730 1395 quibusdam
3777 1339 3868 1378 ar-

2208 1411 2320 1467 mis
2351 1427 2412 1467 se
2439 1415 2656 1482 tegere,
2709 1411 2817 1467 sed
2846 1427 3038 1484 equus
3083 1410 3194 1466 iste
3231 1414 3593 1483 potestatum
3649 1409 3872 1466 mundi

2205 1500 2581 1557 iracundiam
2611 1516 2732 1556 non
2763 1499 3062 1567 formidat,
3088 1499 3228 1572 quia
3249 1499 3437 1572 ipsius
3461 1515 3708 1572 quoque
3731 1501 3870 1556 vita:

2205 1591 2513 1663 praesentis
2542 1590 2906 1646 desiderium
2934 1605 3042 1664 per
3067 1592 3284 1646 mentis
3309 1605 3622 1646 excessum
3651 1589 3864 1646 calcat.

2210 1679 2356 1734 Hinc
2385 1694 2493 1751 per
2525 1678 2907 1736 Salomonem
2933 1678 3148 1734 dicitur
3179 1695 3192 1734 :
3226 1701 3254 1728 ‹‹
3283 1681 3484 1733 Justus
3535 1677 3718 1750 quasi
3773 1677 3868 1734 leo

2207 1765 2538 1836 conlidens,
2570 1765 2800 1839 absque
2827 1771 3044 1823 terrore
3069 1767 3177 1822 erit
3201 1766 3404 1834 (Prov.
3437 1783 3518 1838 v1,
3544 1768 3653 1838 28).
3687 1789 3717 1816 ››
3749 1769 3867 1823 Mo-

2207 1871 2464 1910 mmrna.
2495 1856 2604 1921 Qui
2655 1855 2814 1911 enim
2847 1855 3114 1912 valenter
3153 1855 3422 1927 reprimit
3467 1855 3629 1928 quod
3663 1856 3868 1927 impu-

2211 1947 2372 2014 gnat,
2405 1943 2689 2001 audacter
2718 1944 2974 2000 exsultat
3001 1944 3077 2000 de
3101 1943 3196 2000 his
3215 1960 3350 2018 quae
3380 1945 3442 2000 in
3473 1949 3697 2000 aeterna
3715 1959 3868 2016 pace

2209 2033 2528 2090 desiderat.
2591 2034 2738 2090 Hinc
2797 2049 2904 2106 per
2963 2034 3346 2091 Salomonem
3377 2033 3593 2090 dicitur
3624 2051 3638 2089 :
3672 2055 3703 2087 ‹
3733 2033 3868 2089 Dili-

2211 2125 2417 2192 genter
2460 2137 2668 2178 exerce
2715 2137 2932 2192 agrum
2985 2126 3178 2190 tuum,
3229 2127 3296 2178 ut
3351 2127 3559 2194 postea
3606 2120 3870 2178 aediﬁces

2210 2209 2463 2266 domum
2491 2218 2656 2267 tuam
2685 2211 2887 2282 (Prov.
2913 2227 3068 2276 xxiv,
3098 2211 3208 2282 27).
3246 2233 3274 2261 ››
3321 2211 3598 2284 Sequitur
3629 2228 3642 2265 :
3673 2211 3748 2266 In
3779 2225 3870 2266 oc-

2210 2314 2451 2354 cursum
2471 2299 2670 2369 pergit
2697 2301 2971 2355 armatis.
3001 2330 3072 2339 —
3105 2298 3458 2372 Plerumque
3493 2299 3654 2355 enim
3683 2299 3868 2371 quieti

2211 2391 2388 2459 atque
2419 2389 2693 2445 concussi
2722 2389 3137 2462 relinquimur,
3169 2390 3216 2446 si
3249 2389 3492 2446 obviare
3517 2390 3722 2463 pravis
3755 2405 3868 2462 pro

441 2458 654 2547 reddet
681 2461 830 2515 mihi
861 2463 1154 2518 Dominus
1183 2463 1242 2519 in
1275 2465 1378 2522 illa
1402 2468 1498 2524 die
1515 2469 1715 2539 justus
1739 2472 1946 2542 judex,
1977 2491 2102 2532 non
2204 2458 2436 2547 justitia
2462 2493 2585 2534 non
2615 2458 2921 2534 curamus:
2955 2479 3067 2536 Sed
3099 2458 3148 2534 si
3179 2479 3257 2536 ad
3284 2458 3680 2535 aeternae—vita:
3709 2458 3866 2534 desi—

446 2545 870 2644 solum-autem
887 2550 1050 2612 mihi,
1069 2551 1174 2606 sed
1191 2559 1247 2608 et
1267 2553 1357 2608 his
1382 2556 1485 2626 qui
1501 2555 1755 2628 diligunt
1773 2560 2102 2620 adventum
2208 2545 2443 2621 derium
2465 2566 2702 2622 animus
2733 2567 2970 2634 exarsit,
2999 2568 3058 2623 in
3087 2573 3385 2641 quantum
3439 2567 3607 2624 locus
3656 2566 3870 2624 admit-

445 2634 577 2704 ejus
611 2634 700 2732 (II
732 2636 879 2692 Tim.
909 2654 988 2732 1v,
1025 2641 1164 2732 6-8).
1196 2663 1225 2689 ››
1257 2643 1602 2732 Μοιιλιιτειι.
1655 2648 1768 2704 Pro
1825 2665 1896 2706 eo
1936 2651 2104 2724 quod
2211 2653 2294 2720 tit,
2352 2653 2644 2712 debemus
2675 2671 2785 2730 pro
2829 2634 3176 2713 defensione
3197 2657 3438 2729 justitiae
3463 2657 3866 2729 nosmetipsos

595 2726 729 2780 visa
755 2740 870 2824 res.
891 2726 1592 2826 odoredeprehenditur,
1635 2751 1758 2793 non
1806 2739 2103 2798 immerito
2211 2743 2363 2799 ultro
2388 2726 2847 2816 objicere,—sicut
2876 2745 2951 2802 de
2981 2747 3162 2802 Paulo
3195 2726 3482 2826 scriptum
3531 2750 3620 2803 est
3653 2764 3666 2802 :
3701 2726 3744 2796 «_
3767 2749 3868 2802 Re-

443 2815 952 2906 nariumpomine
967 2815 1094 2888 spei
1109 2821 1328 2874 nostra;
1349 2821 1737 2891 cogitationes
1761 2827 2108 2900 exprimun-
2207 2831 2350 2905 pleti
2391 2815 2531 2890 sunt
2569 2833 2691 2902 iraa,
2721 2839 2778 2891 et
2801 2815 3287 2892 exclamaverunt
3313 2815 3579 2892 dicentes
3607 2852 3620 2892 :
3653 2838 3866 2906 Magna

446 2899 816 3012 ξξΐίὲυξξῖιὶε
1188 2907 1509 3012 .judi-cium
1563 2913 1730 2985 quod
1760 2920 1820 3012 et_
1841 2899 1890 2971 si
1915 2917 2105 3012 oculis
2131 2956 2173 3012 ο
2209 2899 2819 3012 ᾖὶδηᾱᾼΕρΙλθείόιιιιω
2853 2923 3008 2996 (Act.
3039 2941 3157 2982 x1x.
3187 2926 3278 2996 28)
3303 2943 3318 2994 ;
3348 2947 3377 2975 υ
3410 2927 3674 2998 etpaulo
3697 2899 3862 2998 post:

449 2986 650 3078 adhuc
682 3003 804 3044 non
837 2991 1156 3061 cernimus,
1175 2997 1306 3064 jam
1337 3001 1540 3055 tamen
1565 3003 1865 3073 sperando
1893 3006 2106 3078 praevi-
2131 2986 2173 3014 ’³

445 3073 684 3165 demus.
707 3077 915 3134 Omnis
937 3084 1140 3136 autem
1168 3082 1273 3154 qui
1300 3082 1454 3141 bene
1483 3087 1678 3145 vivere
1721 3073 1948 3165 incipit,
1993 3109 2103 3150 au-

443 3160 615 3218 diens
647 3165 812 3235 quod
841 3181 949 3238 per
973 3172 1308 3226 extremum
1345 3173 1640 3243 judicium
1676 3178 1822 3248 justi
1843 3160 1962 3237 —ad
2017 3197 2106 3239 re-

445 3263 634 3341 gnum
685 3257 987 3341 vocentur,
1045 3256 1362 3315 hilarescit.
1444 3263 1558 3318 Sed
1613 3267 1757 3337 quia
1819 3270 2102 3341 quaedam

444 3336 609 3426 mala
633 3337 832 3426 adhuc
861 3355 936 3396 ex
965 3343 1196 3415 reliquo
1226 3345 1340 3402 sibi
1368 3348 1560 3407 inesse
1599 3336 1956 3426 considerat,
1989 3358 2106 3416 hoc

444 3423 650 3520 ipsum
671 3425 979 3520 judicium,
999 3430 1075 3487 de
1103 3445 1227 3505 quo
1252 3437 1548 3495 exsultare
1589 3439 1848 3512 inchoat,
1883 3423 2104 3520 appro-

443 3513 740 3587 pinquare
767 3516 1070 3590 formidat,
1101 3521 1286 3578 vitam
1313 3526 1537 3600 quippe
1569 3547 1740 3588 suam
1768 3513 1946 3592 bonis
1965 3513 2107 3594 .ma-

445 3601 640 3675 lisque
695 3608 1045 3677 permistam
1075 3613 1386 3685 conspicit,
1418 3623 1474 3672 et
1515 3620 1900 3690 cogitationes
1959 3643 2104 3684 suas

447 3691 776 3785 aliquando
803 3711 909 3769 spe
934 3701 992 3753 et
1015 3699 1226 3758 timore
1251 3705 1582 3766 confundit.
1614 3712 1888 3785 Sequitur
1915 3733 1929 3771 :

518 3781 695 3878 Vens.
843 3787 1088 3878 Terram
1115 3795 1349 3864 ungula
1375 3797 1552 3866 fodit.
1583 3830 1654 3842 —-
1685 3781 1840 3869 Quid
1860 3821 1968 3878 per
1999 3823 2106 3863 un-

447 3871 652 3967 gulam
682 3874 798 3967 nisi
823 3877 1234 3950 prmdicatoris
1288 3888 1479 3943 sancti
1503 3889 1788 3949 virtutum
1819 3871 2103 3967 perfectio

443 3957 894 4058 demonstratur
912 3969 939 4022 ‘t
965 3968 1112 4032 Quia
1132 3970 1404 4032 videlicet
1425 3980 1657 4049 ungula
1678 3957 1900 4040 terram
1919 3986 2101 4058 fodit,

445 4047 595 4106 dum
624 4051 700 4108 de
729 4055 910 4112 corde
939 4058 1313 4120 audientium
1359 4047 1637 4143 exemplo
1667 4047 1931 4130 suorum.
1964 4047 2104 4150 ope:

443 4155 583 4230 rum
639 4145 902 4201 terrenas
953 4149 1362 4223 cogitationes,
1413 4158 1584 4230 elicit,
1644 4165 1701 4217 et
1756 4145 2100 4222 auditorum

445 4228 630 4325 corda
657 4245 695 4325 a
723 4233 1110 4292 saecularibus
1139 4242 1296 4298 curis
1321 4228 1592 4316 evacuat,
1633 4265 1773 4306 cum
1793 4251 1922 4325 ipse
1953 4270 2098 4310 con-

2213 3031 2242 3060 «
2282 3010 2464 3066 Paulo
2495 3016 2696 3069 autem
2727 3013 2960 3070 volente
3007 3013 3228 3071 intrare
3281 3014 3342 3070 in
3391 3013 3710 3086 populum,
3745 3029 3864 3070 non

2211 3098 2610 3171 permiserunt
2635 3100 2915 3174 discipuli
2943 3101 3140 3173 (Ibid.,
3171 3107 3286 3160 30).
3319 3125 3350 3152 »
3401 3105 3550 3159 Nam
3579 3118 3720 3158 cum
3745 3103 3868 3173 jus-

2213 3185 2336 3244 titia
2361 3203 2550 3260 quam
2579 3205 2690 3246 nos
2719 3205 3000 3246 amamus
3033 3191 3096 3246 in
3129 3190 3258 3247 aliis
3289 3191 3527 3258 feriunt,
3559 3207 3674 3247 nos
3719 3190 3865 3246 nihi-

2210 3276 2474 3334 lominus
2499 3295 2610 3336 sua
2637 3281 3024 3353 percussione
3071 3281 3444 3352 confodiunt,
3497 3281 3730 3338 etiamsi
3771 3297 3866 3337 ve-

2209 3367 2408 3423 nerari
2435 3368 2769 3425 videantur.
2799 3371 3148 3426 Mommrsn.
3191 3370 3404 3427 Hostes
3451 3371 3688 3438 armati,
3731 3375 3866 3426 sunt

2210 3456 2508 3514 immundi
2539 3459 2779 3530 spiritus
2807 3447 3139 3516 innumeris
3159 3465 3368 3516 contra
3407 3476 3522 3517 nos
3553 3461 3864 3517 fraudibus

2211 3544 2479 3614 accincti,
2507 3546 2611 3619 qui
2637 3562 2774 3602 cum
2805 3547 3058 3604 suadere
3087 3547 3259 3605 nobis
3289 3548 3498 3622 iniqua
3535 3551 3862 3621 nequeunt,

2211 3650 2282 3690 ea
2297 3635 2412 3689 sub
2427 3635 2714 3692 virtutum
2735 3636 2930 3709 specie
2949 3637 3166 3694 nostris
3185 3637 3497 3694 obtutibus
3519 3642 3854 3712 opponunt.

2213 3721 2438 3779 Eﬂ‘ossa
2466 3723 2642 3796 igitur
2664 3729 2817 3782 terra
2849 3729 3096 3784 armatis
3125 3727 3400 3784 hostibus
3429 3728 3494 3784 in
3543 3743 3856 3784 occursum

2209 3827 2454 3884 pergere
2482 3817 2588 3885 est,
2620 3812 2851 3870 devicta
2880 3815 3107 3872 carnali
3151 3816 3415 3890 nequitia
3445 3822 3654 3873 contra
3701 3815 3858 3890 spiri-

2209 3901 2392 3958 tualia
2435 3906 2737 3960 certamen
2791 3904 3010 3963 subire.
3055 3909 3202 3962 Nam
3259 3906 3364 3980 qui
3413 3907 3614 3964 adhuc
3656 3921 3856 3963 secum

2209 3992 2498 4048 enerviter
2526 3995 2775 4066 pugnat,
2816 3993 3035 4052 frustra
3063 4001 3273 4053 contra
3311 4012 3376 4053 se
3419 3995 3578 4054 bella
3604 4001 3774 4052 extra
3801 4011 3858 4051 se

2209 4081 2404 4154 posita
2435 4082 2695 4139 suscitat.
2729 4083 2828 4138 Vel
2859 4087 3012 4140 certe
3043 4085 3290 4141 armatis
3331 4084 3606 4141 hostibus
3657 4086 3722 4141 in
3771 4099 3858 4141 oc-

2209 4185 2453 4226 cursum
2481 4171 2809 4244 pergimus,
2841 4173 3088 4244 quando
3115 4189 3222 4246 per
3277 4174 3708 4230 exhortationis
3739 4179 3856 4230 stu-

2209 4256 2400 4329 dium,
2431 4274 2638 4316 eorum
2667 4259 2915 4316 insidias
2945 4265 3002 4317 et
3028 4261 3087 4317 in
3119 4261 3314 4318 alieno
3344 4261 3524 4319 corde
3575 4263 3858 4336 prmveni-

614 4316 624 4327 .
1579 4309 1589 4316 -
1817 4309 1838 4325 ι
1900 4309 1912 4310 κ
2216 4309 2400 4329 π--ηι
2436 4309 2638 4316 πη-
2667 4309 2914 4316 -—--—-—-
2948 4309 3000 4317 --
3028 4309 3087 4317 --
3119 4309 3311 4318 --ν-υ
3346 4309 3523 4319 νν--ν
3619 4309 3836 4319 "vv-~-

443 4318 1127 4424 ξξιξλξὶξξῗηῖθξῖιοεῖνθζ
1176 4332 1465 4424 saeculum
1544 4353 1724 4410 opere
1782 4343 2098 4401 ostendit?
2137 4309 2178 4364 Β
2209 4362 2364 4413 mus,
2396 4347 2643 4420 quando
2672 4351 2875 4405 nostra
2907 4365 3052 4406 cura
3075 4350 3348 4408 ordinate
3395 4309 3733 4424 postposita
3759 4367 3854 4408 ac—

611 4406 1162 4503 Paulusdiscipulis
1191 4417 1274 4473 ait
1306 4436 1319 4474 :
1355 4441 1382 4468 ‹‹
1413 4424 1547 4480 Haec
1577 4401 1830 4498 cogitate
1855 4447 1992 4503 quae
2043 4436 2101 4489 et

443 4489 750 4586 didicistis,
793 4501 850 4554 et
878 4503 1213 4574 accepistis,
1264 4511 1322 4563 et
1351 4510 1602 4570 audistis
1625 4489 1686 4571 in
1717 4533 1836 4586 me,
1863 4489 1920 4575 et
1945 4523 2098 4576 Deus

441 4581 742 4677 paciserit
769 4587 1077 4648 vobiscum
1109 4595 1364 4668 (Philip.
1389 4617 1464 4671 iV,
1489 4605 1540 4666 8,
1565 4605 1656 4677 9);
1685 4629 1714 4656 »
1741 4611 1800 4664 et
1822 4581 2092 4669 rursum:

441 4691 470 4720 ιι
501 4671 833 4772 imitatores
857 4679 977 4736 mei
1001 4686 1206 4756 estote,
1247 4687 1398 4746 sicut
1423 4695 1480 4748 et
1522 4671 1878 4763 ego-Christi
1905 4699 2093 4772 (Phil.

439 4774 516 4822 in,
549 4763 656 4833 l7).
693 4785 722 4814 υ
747 4765 962 4859 aliter:
995 4773 1198 4845 Equus
1229 4775 1338 4834 iste
1369 4781 1598 4851 ungula
1649 4788 1868 4844 terram
1911 4763 2092 4859 ‘l'odit,

439 4863 578 4904 cum
629 4853 982 4950 praedicator
1006 4863 1277 4950 (quisque
1347 4869 1732 4944 inquisitione
1783 4876 1920 4934 forti
1972 4853 2088 4936 ter;

435 4951 614 4994 ranas
656 4948 718 4996 in
765 4959 828 5000 se
885 4948 1277 5018 cogitationes
1331 4957 1590 5029 discutit,
1639 4979 1861 5038 easque
1888 4967 2090 5026 ﬂendo

435 5039 474 5082 a
528 5043 591 5082 se
647 5044 938 5090 evacuare
1002 5053 1126 5096 non
1185 5050 1397 5102 cessat.
1464 5049 1612 5107 Hinc
1691 5054 1770 5110 ad
1827 5056 2091 5113 Ezechie-

431 5113 552 5172 lem
577 5117 790 5216 dicitur
823 5141 835 5178 :
859 5143 889 5177 α
911 5125 1016 5182 Fili
1045 5129 1330 5202 hominis,
1361 5135 1498 5194 fodc
1529 5142 1816 5213 parietem
1845 5145 2084 5216 (Ezech.

431 5222 549 5274 νηί,
581 5211 718 5274 8).»
763 5215 906 5270 Item
959 5217 1036 5272 ad
1087 5219 1304 5280 Isaiam
1357 5211 1643 5286 Dominus
1696 5211 1901 5292 dicit:
1939 5259 1966 5286 «
2001 5241 2089 5293 ln-

427 5297 673 5392 gredere
702 5305 956 5376 petram,
980 5307 1350 5370 abscondere
1378 5317 1540 5375 fossa
1596 5321 1784 5380 humo
1842 5339 1878 5380 a
1931 5325 2083 5382 facie

425 5384 654 5484 timoris
705 5392 960 5458 Domini,
1019 5403 1076 5455 et
1105 5402 1434 5472 majestatis
1465 5409 1752 5480 ejus(Isa.
1785 5427 1842 5478 ιῐ,
1907 5415 2015 5484 10),
2051 5433 2082 5464 ι

421 5469 620 5570 est,
653 5485 897 5570 penetra
921 5469 1222 5546 duritiam'
1235 5493 1436 5550 cordis
1469 5469 1571 5564 tui,
1601 5469 1659 5553 et
1689 5469 1952 5555 terrenas
1976 5469 2082 5556 co-

421 5562 734 5627 suauones
788 5569 868 5626 ab
923 5573 1014 5633 ira
1063 5579 1306 5642 districti
1357 5562 1578 5663 judicis
1633 5586 1693 5650 in
1742 5587 2076 5647 humilitate

2207 4450 2446 4491 cessum
2477 4435 2934 4493 immundorum
2963 4439 3280 4512 spirituum
3309 4455 3348 4495 a
3375 4439 3632 4513 proximi
3661 4445 3854 4496 mente

2203 4524 2616 4596 prohibemus.
2649 4527 2924 4599 Sequitur
2949 4544 2962 4582 :

2273 4615 2444 4670 Vens.
2462 4617 2551 4669 22.
2571 4615 2910 4672 Contemm‘t
2919 4631 3206 4686 pavorem
3217 4661 3230 4683 ,
3249 4632 3358 4674 nec
3371 4619 3523 4676 cedit
3535 4619 3762 4689 gladio.
3787 4647 3852 4658 —-

2203 4701 2528 4758 Videamus
2579 4703 2889 4774 quomodo
2947 4721 3236 4777 pavorem
3267 4705 3538 4780 despicit,
3585 4707 3692 4780 qui
3733 4707 3848 4762 ait:

2202 4811 2233 4846 ‹
2257 4791 2400 4858 Quis
2425 4807 2539 4848 nos
2561 4793 2913 4865 separabita
2929 4795 3213 4852 charitate
3231 4795 3482 4853 Christi?
3509 4797 3848 4866 Tribulatio,

2199 4896 2279 4938 an
2307 4880 2605 4952 angustia,
2629 4897 2708 4937 an
2737 4881 2944 4948 fames,
2965 4899 3042 4938 an
3066 4885 3445 4956 persecutio?
3471 4904 3502 4938 ›
3521 4888 3713 4956 (Rom.
3735 4901 3850 4952 Vlll,

2197 4973 2310 5030 35.)
2362 4969 2579 5025 Contra
2633 4969 2795 5026 hunc
2841 4971 3044 5044 itaque
3095 4988 3321 5046 equum
3377 4979 3462 5032 tot
3501 4980 3642 5032 sunt
3673 4973 3850 5046 gladii

2193 5057 2479 5128 hostium,
2511 5062 2658 5130 quot
2685 5075 2905 5130 genera
2923 5061 3434 5132 persecutionum.
3463 5063 3578 5121 Sed
3609 5064 3704 5121 vir
3723 5078 3850 5120 san-

2195 5150 2344 5214 ctus,
2373 5145 2517 5219 quia
2551 5151 2804 5204 ventura
2853 5147 3106 5205 adversa
3133 5166 3256 5206 non
3297 5153 3530 5220 metuit,
3563 5167 3848 5225 pavorem

2193 5235 2470 5310 despicit;
2495 5237 2638 5310 quia
2659 5253 2797 5294 vero
2819 5253 2929 5294 nec
2953 5241 3412 5312 superveniente
3436 5243 3850 5315 persecutione

2191 5326 2467 5394 vincitur,
2491 5343 2883 5400 nequaquam
2901 5327 3117 5398 gladiis
3131 5329 3309 5386 cedit.
3327 5335 3676 5388 Moaaurna.
3703 5331 3852 5388 Con-

2193 5416 2402 5472 temnit
2420 5431 2728 5486 pavorem,
2750 5417 2894 5489 quia
2924 5417 3146 5474 nullius
3161 5407 3502 5476 tentationis
3529 5421 3848 5478 formidine

2191 5502 2272 5560 ad
2314 5504 2429 5560 hoc
2469 5519 2660 5577 usque
2681 5508 2929 5561 terretur
2949 5508 3016 5562 ut
3035 5510 3265 5574 taceat;
3307 5524 3416 5586 nee
3443 5508 3600 5565 cedit
3618 5510 3840 5580 gladio.

2192 5593 2338 5666 quia
2369 5597 2428 5650 et
2463 5593 2510 5650 si
2557 5593 2819 5653 violenta
2847 5593 3016 5652 illum
3055 5597 3306 5658 tentatio
3328 5598 3604 5673 percutit,
3637 5615 3684 5658 a.
3701 5613 3846 5660 cura
