4112 6152
239 145 342 200 473

1023 123 1326 205 EPITOME
1363 145 1741 206 MORALIUM
1782 147 1840 204 s.
1880 145 2083 204 ease.
2127 149 2193 206 IN
2230 148 2374 208 JOB.
2412 182 2486 195 —
2534 155 2662 210 ue.
2703 158 2874 214 XXXI.

3551 159 3660 216 474

237 269 441 324 Men
476 267 734 342 proximi
764 285 885 326 non
916 269 1161 344 repellit.
1195 273 1339 328 Nam
1373 270 1586 328 Paulus
1616 289 1770 346 quos
1812 270 1890 328 ab
1928 271 1977 327 Δ
2006 273 2428 347 prohibebant,
2461 275 2612 332 sicut
2640 279 2927 350 scriptum
2975 285 3088 338 est:
3145 302 3175 335 «
3203 281 3382 339 Caesis
3431 281 3661 340 denun-

237 357 411 414 hoste
443 357 677 429 gladios
727 359 1030 433 suscipiat,
1062 361 1221 431 dicit,
1249 365 1306 417 et
1326 361 1636 434 quomodo
1667 361 1894 419 eisdem

233 445 453 517 gladiis
485 461 610 502 non
661 447 829 503 cedet
884 447 1178 505 ostendit:
1226 449 1406 506 Video
1450 456 1652 507 autem
1713 451 1895 507 aliam

231 534 431 606 legem
457 540 896 608 repugnantem
921 535 1039 607 legi
1059 538 1276 594 mentis
1325 555 1534 610 mete,»
1565 544 1675 596 etc.
1703 542 1891 608 (Rom.

231 638 331 690 vn,
361 624 470 696 23).
496 623 734 680 Caeteris
759 630 959 681 autem
989 626 1159 682 dicit:
1195 648 1222 676 ‹‹
1254 627 1594 685 Mortiﬁcate
1623 629 1898 685 membra

231 717 438 770 vestra
465 729 601 786 quas
632 718 772 771 sunt
793 705 977 788 'super
1007 721 1245 784 terram,
1281 712 1754 786 fornicationem,
1789 713 1897 774 im-

236 802 623 874 munditiam,
678 803 1008 872 libidinem,
1064 807 1614 881 concupiscentiam
1671 808 1897 866 malam

238 892 393 960 (Col.
423 909 503 961 ιιι,
532 893 608 961 5).
643 915 670 943 »
707 894 1012 966 Sequitur:

311 980 489 1036 Vens.
517 984 605 1037 23.
632 981 832 1052 Super
873 984 1066 1052 ipsum
1111 985 1344 1040 sonabit
1389 985 1706 1056 pharetra.
1739 1018 1807 1026 —
1833 986 1897 1041 In

233 1069 536 1142 Scriptura
561 1087 624 1127 sa
633 1086 734 1127 cra
749 1071 1042 1143 pharetrae
1065 1073 1308 1130 nomine
1324 1073 1654 1147 aliquando
1670 1076 1896 1146 justum

236 1157 340 1213 Dei
389 1159 812 1232 occultumque
870 1161 1186 1216 consilium
1245 1163 1556 1236 accipitur,
1587 1169 1652 1219 ut
1707 1162 1890 1219 illud:

243 1270 270 1296 ο(
303 1247 645 1304 Pharetram
669 1265 842 1304 suam
873 1250 1106 1322 aperuit
1135 1254 1191 1306 et
1219 1251 1427 1308 afﬂixit
1454 1268 1552 1308 me
1581 1253 1728 1324 (Job.
1762 1269 1891 1322 xxx,

246 1336 358 1408 lt).
391 1360 421 1387 »
450 1336 788 1409 Aliquando
818 1337 1188 1396 clandestina
1226 1356 1552 1413 pravorum
1583 1342 1891 1399 machina-

229 1423 315 1480 tio
342 1422 691 1494 designatur
719 1431 784 1482 ut
811 1424 956 1481 illud
989 1444 1002 1482 :
1037 1430 1434 1485 «Paraverunt
1474 1428 1719 1500 sagittas
1750 1445 1890 1486 suas

229 1511 294 1568 in
344 1512 625 1586 pharetra
669 1515 856 1583 (Psal.
905 1532 958 1583 x,
981 1521 1096 1581 3).»
1127 1517 1310 1586 Igitur
1366 1519 1509 1590 quia
1561 1534 1752 1591 equus
1792 1519 1893 1574 Dei

2005 361 2316 432 tiaverunt,
2343 381 2424 429 ne
2447 365 2835 439 loquerentur
2857 369 2918 425 in
2964 371 3210 428 nomine
3239 372 3381 428 Jesu
3411 373 3568 443 (Act.
3598 390 3654 443 v,

2003 450 2154 519 40).)
2180 452 2294 509 Sed
2322 453 2637 511 videamus
2667 457 2980 529 quomodo
3007 475 3232 531 equum
3278 460 3378 516 Dei
3408 460 3659 531 clangor

2004 541 2163 597 tubae
2209 557 2330 599 non
2387 548 2600 600 terreat
2653 545 2736 602 ait
2785 549 3028 602 Petrus:
3063 567 3094 603 ‹
3133 548 3386 606 Obedire
3428 553 3660 623 oportet

2007 633 2124 686 Deo
2153 631 2349 702 magis
2368 647 2554 705 quam
2583 633 2931 690 hominibus
2961 635 3029 702 (Α
3041 642 3120 691 ct.
3142 653 3198 705 v,
3226 638 3340 708 29).
3374 660 3402 688 »
3431 641 3495 693 Et
3524 653 3656 693 rur-

2005 733 2180 776 sum:
2216 723 2376 777 «Non
2401 722 2562 778 enim
2591 737 2920 796 possumus
2953 737 3088 796 quae
3119 723 3378 782 vidimus
3405 729 3461 782 et
3491 725 3658 782 audi-

2002 809 2200 865 vimus
2224 825 2348 866 non
2377 809 2541 883 loqui
2569 812 2728 883 (Act.
2762 829 2840 880 iv,
2876 813 3024 885 20).»
3056 815 3402 870 Housman.
3439 815 3657 871 Contra

2003 913 2226 970 equum
2258 898 2506 969 clangor
2530 900 2688 957 tuba:
2710 900 2968 969 insonat,
2996 900 3246 974 quando
3266 901 3432 958 electi
3455 907 3655 958 mente

2002 985 2062 1042 in
2094 1002 2165 1042 eo
2193 987 2359 1059 quod
2416 987 2538 1058 agit
2584 988 2808 1046 fortiter
2857 1006 2889 1046 e
2918 989 3115 1046 vicino
3145 989 3428 1062 quaedam
3459 989 3656 1062 posita

2002 1073 2180 1146 culpa
2226 1075 2560 1132 terribiliter
2605 1080 2804 1133 tentat.
2842 1077 2957 1134 Sed
2999 1078 3239 1147 fervens
3294 1083 3350 1134 et
3393 1077 3654 1147 fremens

2002 1165 2196 1219 sorbet
2221 1169 2465 1234 terram,
2498 1165 2643 1237 quia
2670 1164 2857 1220 nimio
2889 1166 3101 1221 ardore
3132 1165 3522 1237 semetipsum
3539 1164 3656 1220 dis—

2003 1252 2164 1324 cutit,
2191 1257 2248 1310 et
2271 1253 2570 1327 quidquid
2598 1254 2659 1310 in
2683 1271 2744 1310 se
2774 1258 3076 1311 terrenum
3099 1255 3336 1328 reperit,
3369 1268 3492 1327 quo
3521 1266 3656 1325 pro-

1998 1340 2254 1397 ﬁciendo
2287 1343 2608 1410 consumit,
2641 1346 2699 1398 et
2721 1343 3068 1413 clangorem
3099 1343 3258 1399 tubae
3287 1357 3502 1397 sonare
3530 1353 3655 1395 non

1997 1434 2251 1502 reputat,
2279 1431 2423 1504 quia
2466 1430 3008 1488 considerationem
3056 1431 3297 1487 fortium
3346 1446 3421 1486 ne
3444 1429 3654 1485 vitium

1997 1519 2164 1591 quod
2188 1519 2263 1576 de
2293 1520 2522 1576 virtutis
2551 1520 2738 1590 gloria
2766 1524 3052 1577 nascatur
3072 1520 3357 1576 sollicitus
3376 1518 3654 1576 declinat.

234 1600 405 1658 nulla
434 1601 792 1660 adversitate
821 1609 1088 1672 terretur,
1120 1605 1172 1660 ei
1201 1622 1445 1679 quoque
1472 1608 1665 1677 magis
1691 1607 1892 1663 obvia-
1932 1625 1973 1678 Β
2002 1610 2276 1682 Sequitur
2300 1628 2312 1665 :

240 1693 359 1758 tur,
387 1695 448 1748 ut
465 1708 602 1748 eum
615 1709 685 1748 ex
699 1693 949 1750 obsessa
978 1694 1420 1752 machinatione
1449 1695 1626 1768 longe
1657 1697 1889 1767 feriant,

229 1781 330 1837 cui
399 1783 616 1854 apertis
674 1784 1201 1854 congressionibus
1240 1786 1491 1842 inaniter
1527 1789 1894 1861 apppropin-

230 1875 443 1942 quant.
476 1875 609 1928 Haec
644 1877 781 1929 tunc
809 1890 989 1946 super
1013 1889 1238 1946 equum
1253 1875 1352 1931 Dei
1374 1875 1653 1948 pharetra
1684 1894 1896 1933 sonue-

225 1962 345 2025 rat,
379 1975 517 2014 cum
542 1960 902 2031 quadragita
922 1961 1030 2016 viri
1059 1961 1120 2017 in
1152 1961 1316 2017 Pauli
1373 1968 1563 2018 morte
1593 1965 1895 2036 conspira-

225 2051 449 2103 verant
479 2046 633 2117 (Act.
665 2065 820 2114 xxm,
857 2050 962 2121 l3).
996 2050 1280 2105 Pharetra
1311 2065 1455 2119 ergo
1503 2052 1720 2121 sonuit,
1752 2053 1896 2124 quia

227 2135 480 2191 occultae
506 2136 969 2193 machinationis
999 2139 1078 2194 ad
1111 2139 1358 2194 Paulum
1390 2155 1577 2196 causa
1606 2143 1891 2212 pervenit.

226 2223 550 2295 Sequitur:
598 2225 868 2282 Vibravit
922 2227 1097 2283 hasta
1149 2234 1204 2283 et
1253 2229 1516 2298 clypeus.
1556 2261 1623 2269 —
1680 2233 1896 2287 Contra

226 2328 458 2384 equum
484 2313 708 2386 quippe
743 2315 863 2378 Dei,
902 2316 1045 2387 quia
1066 2332 1393 2388 pravorum
1419 2317 1665 2373 consilia
1686 2319 1892 2374 minae—

229 2414 353 2471 que
412 2405 816 2472 perstrepunt,
875 2403 1157 2474 pharetra
1227 2409 1433 2473 sonat;
1489 2406 1632 2478 quia
1687 2412 1894 2479 aperta

232 2503 418 2560 pcena
440 2493 505 2543 ut
533 2487 919 2546 interﬁciatur
944 2492 1220 2564 exquirit,
1237 2492 1410 2549 hasta
1431 2493 1727 2562 vibratur;
1751 2496 1894 2568 quia

229 2591 376 2632 vero
413 2576 465 2632 ei
490 2575 889 2651 disputatione
919 2579 1231 2651 resistitur,
1258 2581 1504 2653 clypeus
1547 2583 1888 2640 antefertur.

232 2663 466 2721 Habent
514 2665 674 2721 enim
704 2668 893 2723 sancti
922 2669 1343 2741 praedicatores
1397 2670 1642 2741 sagittas
1670 2671 1892 2744 quibus

232 2769 339 2809 cor
365 2753 736 2811 audientium
765 2755 1000 2813 feriunt.
1027 2758 1107 2813 De
1130 2758 1352 2829 quibus
1370 2758 1591 2815 Paulus
1616 2759 1888 2817 dicebat:

233 2863 262 2890 κ
307 2841 538 2898 Laboro
591 2859 784 2916 usque
813 2844 891 2900 ad
939 2845 1179 2901 vincula
1217 2847 1394 2919 quasi
1425 2847 1580 2903 male
1610 2864 1889 2920 operans,

232 2929 344 2985 sed
375 2946 573 2986 sermo
614 2931 714 2987 Dei
761 2947 883 2988 non
939 2936 1027 2988 est
1065 2932 1342 3022 alligatus
1368 2935 1460 3005 (II
1481 2937 1627 2991 Tim.
1663 2953 1721 3002 ιι,
1752 2939 1826 3008 9).
1862 2960 1890 2987 ››
1923 2967 1964 3022 C

233 3022 453 3075 Contra
481 3036 636 3093 quas
659 3026 1074 3093 persecutores
1097 3021 1308 3095 clypeo
1330 3039 1453 3078 sua:
1474 3023 1892 3095 disputationis

232 3109 422 3165 corda
461 3109 834 3166 audientium
883 3110 1180 3167 muniunt.
1215 3115 1560 3168 MORALITER.
1597 3115 1762 3184 Equo
1793 3113 1893 3170 Dei

227 3198 423 3254 hostis
444 3199 696 3255 callidus
724 3200 968 3270 sagittas
985 3216 1092 3272 per
1113 3200 1358 3258 insidias
1379 3202 1630 3273 impetit,
1645 3203 1892 3275 quando

230 3288 286 3344 ei
326 3288 440 3343 sub
486 3289 701 3344 virtute
783 3288 994 3344 vitium
1072 3289 1407 3360 abscondit,
1463 3292 1636 3347 hasta
1691 3299 1892 3348 autem

230 3377 519 3433 dominus
543 3378 836 3445 vulnerat,
871 3395 1009 3435 cum
1054 3379 1372 3436 manifesta
1412 3381 1676 3452 nequitia
1712 3382 1892 3437 etiam

233 3467 520 3522 scientem
544 3471 744 3523 tentat.
773 3469 939 3540 Saepe
957 3468 1232 3524 nonnulli
1253 3469 1386 3524 vitae
1412 3486 1535 3524 suae
1553 3470 1890 3526 custodiam

231 3555 601 3625 negligentes
649 3555 708 3611 in
747 3557 1192 3613 immunditiam
1219 3557 1482 3614 libidinis
1526 3558 1883 3628 demergun-

231 3649 359 3711 tur;
413 3644 686 3700 nonnulli
738 3661 879 3701 vero
928 3645 1078 3702 dum
1128 3646 1390 3702 libidinis
1441 3648 1889 3704 immunditiam

231 3733 491 3804 fugiunt,
523 3751 631 3807 per
679 3735 963 3791 castitatis
1003 3736 1242 3792 culmen
1288 3737 1349 3791 in
1392 3738 1742 3807 voraginem
1769 3738 1889 3793 ela-

228 3821 410 3876 tionis
441 3828 641 3878 ruunt.
667 3826 849 3878 Hasta
869 3827 1070 3878 autem
1099 3829 1185 3879 est
1215 3823 1395 3896 culpa
1424 3825 1498 3888 de
1523 3825 1684 3894 vitio,
1716 3828 1894 3894 sagit-

227 3915 293 3966 ta
322 3915 525 3966 autem
549 3911 624 3966 de
644 3911 856 3966 virtute
883 3911 1080 3983 culpa,
1125 3911 1232 3966 sed
1284 3912 1582 3984 perfectus
1635 3913 1891 3985 quisque

227 3998 311 4055 ab
348 4003 602 4070 utroque
629 3999 976 4069 protegitur.
1010 4000 1160 4054 Hinc
1193 4001 1473 4056 Salomon
1507 4001 1604 4057 ait:
1635 4024 1661 4050 «
1699 4001 1892 4057 Domi-

223 4104 356 4146 nus
390 4086 497 4141 erit
545 4086 603 4140 in
655 4086 836 4142 latere
866 4092 988 4153 tuo,
1022 4092 1078 4143 et
1125 4088 1418 4144 custodiet
1473 4090 1689 4160 pedem
1723 4095 1893 4145 tuum

219 4193 306 4234 ne
391 4174 647 4247 capiaris
723 4177 930 4246 (Prov.
984 4192 1066 4243 ιιι,
1123 4175 1236 4247 26).
1299 4195 1328 4228 >
1381 4177 1483 4233 Cui
1540 4180 1720 4232 etiam
1776 4177 1893 4249 cly-

219 4281 415 4340 peum
472 4263 886 4320 fraudulentus
938 4265 1125 4322 hostis
1179 4267 1451 4338 opponit,
1501 4270 1564 4322 ut
1619 4265 1667 4320 si
1720 4267 1892 4322 resis-

222 4353 410 4410 tentis
458 4357 668 4424 pectus
709 4352 976 4408 feriendo
1005 4369 1129 4409 non
1171 4353 1453 4426 perforat,
1503 4354 1712 4410 saltem
1761 4355 1891 4427 qui-

224 4441 493 4499 busdam
523 4441 961 4512 objectionibus
991 4443 1356 4515 proﬁcientis
1382 4443 1756 4501 intercludat.
1789 4444 1890 4500 Se-

225 4530 437 4602 quitur
465 4548 477 4586 :

304 4619 477 4676 Vens.
508 4624 596 4677 24,
629 4622 888 4678 Fervens
913 4627 968 4678 et
987 4624 1250 4692 fremens
1279 4623 1474 4679 sorbet
1505 4629 1750 4694 terram,
1781 4639 1888 4680 nec

227 4715 472 4778 reputat
499 4712 656 4767 tubte
676 4712 1038 4782 clangorem.
1064 4745 1132 4752 —
1149 4713 1342 4768 Primo
1365 4712 1593 4768 homini
1617 4712 1888 4786 peccanti

228 4798 462 4853 dictum
485 4804 608 4854 est:
645 4821 672 4848 «
705 4800 888 4856 Terra
918 4817 1000 4866 es,
1035 4806 1091 4856 et
1119 4801 1179 4856 in
1206 4807 1428 4857 terram
1455 4802 1567 4858 ibis
1600 4804 1768 4868 (Gen.
1800 4819 1886 4870 ιιι,

235 4887 384 4953 19).»
416 4888 566 4953 Quia
595 4904 737 4958 ergo
782 4890 972 4946 sancti
1004 4889 1252 4963 Spiritus
1299 4891 1422 4946 zelo
1448 4890 1883 4960 inﬂammatus,

227 4975 328 5031 vel
354 4976 506 5033 inter
535 4977 831 5050 supplicia
858 4979 1089 5050 positus
1117 4979 1417 5051 quoslibet
1435 4985 1778 5051 peccatores
1808 4980 1888 5038 ad

229 5081 296 5120 se
342 5065 576 5122 trahere
607 5081 730 5121 non
774 5066 1024 5135 desistit,
1056 5067 1291 5123 fervens
1321 5069 1531 5139 procul
1558 5068 1745 5124 dubio
1777 5074 1888 5125 ter-

227 5170 360 5209 ram
413 5155 631 5211 sorbet.
695 5155 878 5211 Tubae
925 5160 1126 5213 autem
1173 5155 1479 5226 clangunt,
1519 5173 1658 5212 cum
1705 5158 1887 5228 hujus

229 5242 432 5297 saeculi
483 5247 802 5315 potestates
831 5243 996 5316 loqui
1041 5248 1280 5299 sanctos
1315 5243 1651 5300 terribiliter
1687 5245 1884 5316 prohi-

227 5330 392 5386 bent.
429 5331 579 5396 Quia
608 5331 787 5401 igitur
825 5333 1309 5404 persecutionum
1363 5332 1559 5388 minas
1604 5333 1888 5404 preedica—

228 5424 390 5475 tores
419 5420 667 5476 minime
713 5419 1058 5488 formidant,
1091 5420 1433 5490 clangorem
1485 5421 1642 5477 tubte
1672 5436 1886 5477 sonare

228 5521 353 5562 non
380 5512 681 5580 reputant.
705 5507 843 5562 Haec
871 5522 908 5562 a
928 5506 1315 5578 principibus.
1333 5509 1712 5565 sacerdotum
1740 5509 1886 5566 tuba

229 5600 535 5664 sonuerat,
569 5613 709 5654 cum
737 5594 1068 5666 ﬂagellatos
1097 5597 1401 5668 apostolos
1437 5598 1511 5654 de
1565 5601 1684 5654 Deo
1714 5597 1880 5670 loqui

2070 1702 2234 1756 Vens.
2261 1703 2350 1755 25.
2387 1701 2498 1757 Ubi
2523 1701 2778 1758 audierit
2810 1701 3140 1768 buccinam,
3174 1701 3338 1758 dicit.
3380 1699 3508 1756 Vah
3538 1702 3558 1754 !
3586 1726 3654 1739 ——

2001 1789 2203 1860 Equus
2225 1804 2389 1858 ergo,
2417 1789 2619 1845 audita
2645 1790 2922 1858 buccina,
2956 1789 3074 1845 vah
3117 1789 3278 1858 dicit,
3311 1787 3457 1860 quia
3486 1785 3654 1841 fortis

1998 1876 2256 1948 quisque
2307 1877 2682 1949 prtedicator,
2715 1895 2852 1934 cum
2879 1881 3183 1933 certamen
3214 1875 3327 1932 sibi
3356 1873 3654 1947 passionis

1998 1965 2406 2036 propinquare
2451 1967 2768 2035 desiderat,
2795 1966 2870 2021 de
2913 1966 3190 2022 exercitio
3219 1963 3449 2020 virtutis
3493 1961 3656 2018 exul-

2002 2057 2103 2124 tat,
2132 2070 2241 2110 nec
2267 2059 2513 2110 terretur
2538 2071 2758 2128 pugna
2790 2054 3074 2128 periculo,
3105 2054 3250 2127 quia
3273 2053 3331 2108 vi
3342 2051 3534 2110 etoriae
3559 2051 3654 2107 la:-

2004 2145 2161 2196 tatur
2191 2142 2512 2215 triumpho.
2529 2143 2856 2198 Videamus
2872 2142 3142 2208 Paulum,
3161 2140 3474 2214 quomodo
3495 2142 3655 2195 amet

2001 2230 2166 2302 quod
2197 2230 2433 2300 refugit,
2465 2230 2776 2302 quomodo
2835 2230 3091 2300 refugiat
3134 2229 3303 2302 quod
3340 2232 3522 2285 amat.
3563 2226 3655 2282 Ait

2000 2320 2161 2375 enim
2182 2337 2194 2375 :
2220 2319 2623 2376 «Desiderium
2641 2320 2872 2376 habens
2902 2318 3164 2385 dissolvi,
3187 2322 3245 2374 et
3263 2334 3402 2374 cum
3427 2315 3654 2371 Christo

2001 2425 2129 2465 esse
2153 2410 2399 2480 (Philip.
2430 2426 2466 2475 ι,
2499 2411 2646 2481 23).»
2673 2413 2737 2465 Et
2765 2414 2965 2465 tamen
2989 2409 3163 2465 dicit:
3191 2406 3335 2473 «Qui
3357 2421 3567 2461 sumus
3591 2403 3654 2458 in

1999 2498 2112 2553 hoc
2143 2497 2486 2554 habitaculo
2517 2497 2968 2567 ingemiscimus
2995 2497 3331 2568 gravati,eo
3360 2493 3528 2567 quod
3547 2508 3655 2548 no-

1999 2587 2202 2643 lumus
2229 2587 2687 2660 exspoliari,sed
2718 2587 3129 2660 supervestiri,
3164 2591 3227 2642 ut
3257 2583 3654 2642 absorbeatur

1997 2671 2163 2744 quod
2188 2671 2438 2728 mortale
2465 2677 2555 2727 est
2582 2687 2618 2728 a
2647 2672 2767 2728 vita
2796 2673 2885 2740 ([1
2915 2671 3054 2728 Cor.
3091 2671 3270 2742 v,4).»
3301 2672 3647 2727 Moaxurea.

1998 2759 2204 2815 Multos
2259 2760 2416 2815 enim
2451 2777 2562 2814 sua
2608 2759 2852 2816 felicitas
2885 2760 3078 2825 stavit,
3111 2758 3330 2814 multos
3368 2757 3653 2812 diuturna

1997 2863 2116 2920 pax
2141 2847 2359 2902 inertes
2390 2847 2667 2902 reddidit.
2701 2849 2904 2919 Equus
2935 2862 3098 2916 ergo,
3130 2846 3340 2902 audita
3368 2844 3649 2909 buccina,

1999 2935 2141 2990 dicit
2168 2935 2305 3002 vah,
2347 2935 2491 3007 quia
2518 2934 2789 2991 videlicet
2845 2934 3141 3006 prteliator
3187 2935 3288 2990 Dei
3343 2949 3482 2990 cum
3527 2931 3652 2986 vim

2003 3023 2338 3079 tentationis
2363 3023 2731 3091 incumbere,
2763 3022 3076 3095 conspicit,
3106 3022 3416 3078 utilitatem
3443 3035 3652 3092 super-

2000 3128 2092 3168 nae
2143 3111 2607 3184 dispensationis
2650 3111 3056 3178 considerans,
3089 3128 3163 3166 ex
3207 3111 3340 3183 ipsa
3397 3108 3655 3164 validius

1999 3200 2356 3256 adversitate
2405 3201 2671 3256 conﬁdit.
2726 3199 3032 3272 Sequitur:
3083 3200 3309 3255 Procul
3363 3199 3658 3253 odoratur

2003 3291 2244 3346 bellum.
2272 3321 2340 3330 —
2371 3288 2594 3345 Bellum
2623 3289 2852 3362 quippe
2874 3288 3084 3360 procul
3112 3287 3366 3344 odorare
3407 3289 3519 3354 est,
3551 3283 3656 3340 ad-

1997 3395 2172 3435 versa
2209 3395 2345 3451 quae
2369 3378 2547 3448 longe
2590 3378 2789 3434 adhuc
2820 3378 3014 3450 posita
3039 3376 3358 3448 cogitando
3387 3390 3654 3449 praenos-

1999 3483 2151 3535 cere,
2205 3484 2281 3523 ne
2345 3466 2598 3522 fortasse
2665 3467 2902 3524 valeant
2949 3465 3278 3539 improvisa
3345 3478 3652 3536 superare.

1999 3557 2224 3613 Idcirco
2252 3557 2412 3612 enim
2455 3556 2765 3629 quodlibet
2811 3560 3113 3612 certamen
3140 3557 3476 3628 exsuperat,
3509 3551 3655 3626 quia

1997 3651 2196 3702 mente
2226 3646 2535 3702 certamini
2557 3650 2693 3702 ante
2723 3649 3025 3702 certamen
3052 3650 3243 3718 parat.
3268 3645 3412 3700 Hinc
3437 3641 3654 3699 Paulus

1998 3734 2305 3807 discipulis
2349 3733 2462 3790 ait:
2497 3757 2524 3782 ‹‹
2572 3735 2976 3806 Vosmetipsos
3034 3737 3271 3798 tentate,
3323 3734 3373 3787 si
3411 3731 3549 3787 estis
3591 3729 3652 3785 in

1998 3823 2138 3888 ﬁde,
2166 3821 2280 3893 ipsi
2309 3838 2416 3876 vos
2444 3822 2694 3892 probate
2727 3824 2813 3892 (ῙῙ
2839 3822 2976 3877 Cor.
3011 3837 3088 3887 ιιι,
3123 3823 3199 3891 5).
3238 3842 3265 3869 »
3293 3823 3648 3876 MORALITER.

2001 3910 2228 3966 Bellum
2279 3925 2543 3980 namque
2591 3909 2798 3981 procul
2873 3907 3114 3964 odorari
3172 3912 3280 3977 est,
3331 3924 3403 3962 ex
3453 3905 3653 3962 causis

1999 3995 2478 4070 praecedentibus
2519 4013 2656 4068 quae
2708 3996 2990 4051 vitiorum
3020 4010 3241 4066 pugnae
3280 3994 3653 4064 subsequan-

2001 4090 2096 4141 tur
2124 4099 2468 4153 agnoscere,
2500 4089 2557 4139 et
2608 4085 2759 4139 sicut
2784 4083 2932 4139 ﬂatu
2969 4083 3229 4150 narium,
3263 4082 3347 4137 sic
3379 4080 3653 4154 provisas

2001 4173 2429 4244 cogitationum
2461 4173 2758 4245 nequitias
2807 4173 3056 4228 latenter
3097 4171 3383 4227 indicare.
3420 4173 3497 4226 De
3528 4184 3653 4241 quo

2001 4261 2257 4318 odoratu
2311 4265 2466 4317 recte
2518 4261 2579 4317 in
2636 4262 2909 4318 Ecclesiae
2957 4279 3082 4318 suae
3137 4260 3420 4317 laudibus
3475 4257 3647 4314 dicit:

2001 4372 2030 4399 «
2064 4354 2254 4406 Nasus
2287 4354 2424 4406 tuus
2445 4350 2596 4407 sicut
2643 4352 2817 4407 turris
2846 4357 2934 4408 est
2962 4352 3023 4407 in
3056 4351 3285 4407 libano
3307 4351 3507 4421 (Cant.
3547 4364 3649 4418 vn,

1997 4442 2108 4512 4).»
2143 4441 2449 4513 Sequitur:
2483 4443 2978 4498 Exhortationem
3006 4442 3224 4497 ducum
3257 4446 3312 4498 et
3343 4441 3649 4496 ululatum

1997 4533 2390 4588 exercitus.-—
2419 4535 2605 4588 Duces
2624 4532 2891 4588 adversa:
2920 4532 3106 4604 partis
3136 4535 3275 4587 sunt
3301 4530 3517 4586 erroris
3548 4545 3652 4586 au-

1997 4626 2209 4678 ctores.
2235 4625 2314 4677 De
2343 4622 2563 4694 quibus
2591 4637 2698 4694 per
2727 4621 3108 4677 Psalmistum
3135 4620 3380 4676 dicitur:
3414 4617 3651 4673 «Effusa

1997 4716 2084 4766 est
2112 4711 2476 4784 contemptio
2507 4727 2685 4784 super
2713 4711 3032 4784 principes,
3055 4715 3112 4766 et
3135 4725 3332 4765 errare
3363 4708 3498 4764 fecit
3543 4722 3649 4763 eos

1995 4799 2058 4855 in
2079 4799 2241 4855 invio
2270 4804 2328 4856 et
2355 4815 2478 4854 non
2508 4799 2606 4855 via
2635 4800 2825 4870 (Psal.
2850 4815 2964 4868 ενι,
2989 4799 3101 4869 40).
3128 4821 3157 4847 ››
3189 4800 3267 4852 De
3296 4795 3520 4869 quibus
3542 4811 3652 4868 per

1999 4888 2388 4959 semetipsam
2422 4887 2642 4942 Veritas
2689 4887 2858 4944 dicit:
2895 4909 2923 4936 «
2958 4890 3161 4944 Caecus
3206 4886 3255 4942 si
3284 4901 3440 4943 caeco
3468 4885 3652 4942 duca-

1997 4983 2124 5034 tum
2153 4981 2407 5050 praestet,
2435 4977 2617 5033 ambo
2641 4977 2703 5033 in
2732 4978 2967 5034 faveam
3017 4977 3242 5034 cadunt
3282 4977 3522 5049 (Matth.
3546 4992 3647 5042 xv,

2003 5067 2110 5134 14).
2144 5089 2171 5116 ››
2205 5068 2322 5121 Hos
2348 5070 2548 5121 autem
2575 5066 2758 5122 duces
2787 5067 3079 5123 exercitus
3111 5066 3398 5139 sequitur,
3429 5081 3648 5139 pravo-

1995 5171 2130 5210 rum
2154 5155 2372 5210 scilicet
2401 5153 2595 5225 turba,
2614 5171 2750 5227 quae
2775 5155 2995 5228 iniquis
3011 5171 3220 5212 eorum
3241 5151 3651 5228 praeceptioni-

1994 5243 2109 5300 bus
2132 5243 2481 5310 famulatur.
2516 5243 2705 5299 Duces
2735 5250 2934 5301 autem
2965 5245 3372 5309 exhortantur,
3400 5238 3545 5310 quia
3586 5235 3648 5291 hi

1993 5333 2098 5406 qui
2127 5332 2467 5388 inﬁdelibus
2495 5338 2777 5405 praesunt,
2802 5349 3009 5406 prava,
3038 5349 3175 5404 quae
3197 5328 3412 5385 teneris
3441 5325 3647 5398 praeci-

1994 5422 2184 5494 piunt,
2230 5421 2403 5494 quasi
2459 5421 2866 5478 exhortatione
2914 5419 3297 5491 persuadent.
3347 5416 3646 5472 Exercitus

1993 5527 2133 5567 vero
2155 5511 2363 5577 ululat,
2385 5510 2528 5582 quia
2549 5515 2800 5566 catervae
2816 5505 3213 5578 reproborum
3229 5510 3438 5561 contra
3458 5505 3646 5562 vitam

1992 5599 2634 5672 moresque-ﬁdelium,
2670 5598 2819 5652 dum
2875 5593 2984 5649 soli
3041 5592 3350 5666 rapacitati
3389 5594 3642 5662 inhiant,
