4120 6156
451 139 559 196 475

1482 96 1541 191 s.
1584 134 1845 192 onoms
1880 122 2192 187 ABBATIS
2230 122 2735 181 CLUNIACENSIS
2773 123 2841 180 ll.

3754 121 3882 176 476

450 258 625 333 quasi
648 273 756 333 per
783 256 1075 314 ululatum
1099 208 1381 313 clamant.
1404 256 1519 314 Sed
1547 242 1807 330 quisque
1821 250 2107 328 pradica-
2212 244 2335 315 Dei,
2367 245 2513 318 quia
2558 245 2802 302 solerter
2858 243 3191 318 pravidere
3237 242 3521 333 vitiorum
3552 242 3886 333 certamina

454 329 545 404 tor
577 329 755 415 longe
783 348 921 402 ante
949 344 1289 401 considerat
1316 345 1480 417 quod
1499 329 1592 401 vel
1607 350 1880 402 auctores
1896 353 2107 397 eorum
2212 334 2434 407 nititur,
2468 335 2690 391 bellum
2733 334 2946 408 procul
2994 333 3304 403 odoratur,
3335 330 3482 404 quia
3529 329 3688 386 mala
3725 347 3888 405 pra-

455 438 661 491 contra
711 433 926 490 electos
981 431 1223 489 valeant
1276 433 1615 507 praecipere,
1674 432 1769 489 vel
1812 430 1989 487 turba
2023 426 2107 483 eis
2217 424 2604 498 euntia,‘quid
2628 425 2814 480 menti
2842 423 3206 497 persuadere
3233 421 3491 491 valeant,
3523 419 3887 492 cogitatione

454 521 696 580 subdita
740 539 927 596 quam
971 523 1164 596 possit
1200 522 1540 580 immaniter
1584 522 1865 580 insanire.
1897 523 1976 575 De
2012 516 2106 573 his
2215 514 2462 570 sollicita
2490 513 3241 587 respicit.Exhortationem
3266 510 3490 566 ducum
3518 509 3680 565 naris
3710 524 3889 579 saga-

453 612 709 669 ducibus
739 612 956 669 Paulus
978 613 1097 669 ait:
1124 615 1266 669 «Per
1284 613 1490 669 dulces
1521 628 1828 670 sermones
1857 613 1915 666 et
1933 610 2113 664 bene-

454 701 745 758 dictiones
785 702 1080 759 seducunt
1117 703 1301 759 corda
1336 702 1747 759 innocentium
1778 701 1960 774 (Rom.
1996 713 2106 765 XVI,

2214 603 2385 660 citate
2410 603 2821 675 deprehendit,
2839 608 2897 659 et
2910 602 3247 675 quialonge
3269 598 3644 674 prasciendo
3673 598 3891 655 subse-

2217 693 2530 764 quentium
2542 692 2919 765 iniquitatem
2933 690 3351 747 confusionem
3377 687 3691 761 conspicit,
3708 686 3892 760 quasi

458 795 569 863 48),
591 813 619 844 »
646 793 760 849 hos
787 792 1053 848 ululatus
1081 789 1448 850 odorabatur
1476 794 1715 850 dicens:
1751 790 2113 847 «Intrabunt
2217 781 2512 838 ululatum
2543 782 2834 837 exercitus
2863 780 3176 837 odorando
3209 776 3534 848 coBDOSCit-
3569 777 3640 832 se
3652 776 3891 849 ἶιιίῖωε

454 885 594 955 post
620 881 1050 939 discessionem
1077 898 1278 939 meam
1322 882 1451 956 lupi
1475 899 1690 953 graves
1719 883 1782 938 in
1814 898 1924 937 vos
1952 880 2108 950 (Act.

2289 874 2459 926 Vens.
2494 876 2582 926 26.
2626 871 2921 943 Nunquid
2958 886 3072 940 per
3119 868 3477 939 sapientiam
3524 872 3687 923 tuam
3737 867 3891 937 plu-

455 986 552 1040 xx,
577 974 690 1039 29).
718 993 748 1021 »
774 973 1121 1028 MORALITER.
1156 955 1465 1029 Tentantia
1506 972 1733 1045 quippe
1784 970 1944 1037 vitia,
1977 983 2112 1041 qua
2217 962 2418 1017 mescit
2435 963 2740 1030 accipiter,
2756 967 2812 1017 et
2827 960 3120 1030 expandit
3148 959 3279 1015 alas
3295 973 3435 1014 suas
3458 956 3539 1013 ad
3558 964 3841 1012 austrum
3865 955 3899 1010 ‘I

456 1056 752 1115 invisibile
798 1062 1007 1115 contra
1054 1075 1168 1115 nos
1196 1060 1474 1133 pralium
1521 1063 1812 1131 regnante
1842 1072 2023 1130 super
2050 1071 2113 1111 se

459 1146 745 1219 superbia
767 1146 1045 1212 militant,
1077 1147 1193 1204 alia
1222 1164 1391 1204 more
1416 1148 1643 1205 ducum
1673 1150 1968 1221 praeunt,
1999 1144 2116 1201 alia

455 1252 625 1293 more
655 1237 947 1294 exercitus
975 1237 1444 1311 subsequuntur.
1482 1244 1619 1312 Ipsa
1647 1254 1916 1311 namque
1942 1235 2113 1293 vitio-

456 1342 592 1382 rum
620 1327 829 1396 regina
876 1327 1182 1399 superbia,
1211 1344 1351 1383 cum
1379 1328 1685 1384 devictum
1715 1343 1818 1382 cor
1848 1324 2113 1398 caperit,

455 1431 600 1471 mox
623 1415 771 1471 illud
802 1421 1035 1489 septem
1084 1416 1517 1489 principalibus
1558 1417 1734 1485 vitiis,
1766 1415 1942 1489 quasi
1982 1413 2116 1486 qui-

454 1502 718 1559 busdam
746 1504 869 1559 suis
916 1503 1174 1560 ducibus
1211 1504 1655 1560 devastandum
1698 1504 1907 1560 trahit:
1943 1524 1971 1552 «
2003 1501 2115 1557 ini-

2220 1084 2290 1091 —-
2315 1054 2443 1106 Non
2463 1054 2663 1107 autem
2693 1049 2788 1105 hic
2817 1049 2965 1105 illud
2987 1048 3211 1121 plumae
3241 1051 3481 1119 tempus
3511 1045 3899 1117 dicitur,quo

2220 1140 2282 1196 in
2311 1140 2453 1195 nido
2475 1139 2738 1207 vestitur,
2768 1138 2876 1195 sed
2900 1138 3003 1194 illa
3030 1152 3236 1194 annua
3258 1136 3475 1209 pluma
3504 1133 3896 1199 describitur,

2223 1247 2358 1304 qua
2410 1230 2610 1285 laxata
2656 1233 2854 1285 vetere
2902 1243 3105 1301 penna
3150 1228 3497 1282 renovatur.
3544 1227 3611 1279 Et
3636 1222 3900 1297 quidem

2224 1318 2570 1374 domesticis
2623 1317 2858 1373 munita
2908 1332 2978 1373 ac
3010 1314 3271 1389 tepentia
3315 1313 3451 1369 loca
3478 1313 3899 1386 requiruntur.

2223 1408 2568 1478 Agrestibus
2608 1422 2752 1463 vero
2799 1406 2983 1461 moris
3032 1409 3139 1472 est,
3172 1407 3239 1459 ut
3279 1403 3462 1458 ﬂante
3514 1406 3717 1458 austro
3764 1399 3907 1456 alas

2224 1497 2588 1571 expandant,
2604 1501 2899 1570 quatenus
2927 1511 3136 1552 eorum
3158 1492 3435 1549 membra
3461 1492 3539 1547 ad
3559 1490 3906 1548 laxandam

455 1591 623 1659 tium,
660 1614 687 1641 »
713 1592 959 1665 quippe,
983 1593 1223 1648 «omnis
1253 1593 1479 1664 peccati
1505 1592 1787 1665 superbia
1818 1593 2025 1664 (Eccli.
2062 1608 2113 1659 x,
2142 1604 2188 1658 Β
2223 1604 2491 1662 pennam
2522 1592 2777 1643 veterem
2825 1586 2984 1642 venti
3026 1588 3232 1657 tepore
3262 1582 3703 1639 concalescant.
3740 1581 3905 1635 Cum

463 1670 545 1750 f5)
568 1697 582 1748 ;
603 1700 632 1729 ››
650 1696 725 1736 ex
751 1696 874 1752 qua
897 1679 1183 1737 nimirum
1208 1680 1475 1737 nascitur
1498 1681 1694 1736 inanis
1726 1681 1935 1751 gloria,
1963 1679 2116 1735 invi-

456 1766 578 1836 dia,
624 1766 735 1838 ira,
773 1767 1021 1835 tristitia,
1055 1768 1324 1836 avaritia,
1357 1768 1578 1824 ventris
1604 1768 1921 1839 ingluvies,
1948 1768 2118 1823 luxu-

455 1854 576 1925 ria;
605 1855 711 1912 sed
736 1856 964 1913 habent
991 1861 1199 1914 contra
1222 1874 1336 1914 nos
1360 1858 1491 1914 hac
1522 1859 1760 1928 singula
1790 1858 2115 1914 exercitum

453 1960 653 2001 suum.
685 1949 765 2002 De
792 1946 959 2003 inani
989 1947 1200 2019 gloria,
1232 1948 1663 2015 inobedientia,
1684 1947 2118 2020 jactantia,hy-

455 2034 726 2107 pocrisis,
783 2036 1216 2107 contentiones,
1272 2037 1633 2109 pertinacia,
1688 2036 2001 2093 discordiae
2061 2040 2118 2092 et

454 2122 788 2179 novitatum
844 2124 1344 2197 praesumptiones
1399 2125 1690 2181 oriuntur.
1730 2128 1809 2181 De
1868 2124 2114 2192 invidia,

456 2212 686 2284 Odium,
712 2214 1061 2284 susurratio,
1115 2214 1423 2279 detractio,
1455 2214 1769 2271 exsultatio
1799 2214 1861 2270 in
1909 2214 2117 2270 adver-

457 2301 538 2357 sis
587 2302 862 2373 proximi,
892 2302 1132 2360 afﬂictio
1163 2308 1365 2360 autem
1392 2304 1455 2360 in
1493 2304 1799 2378 prosperis
1831 2304 2115 2360 nascitur.

457 2392 538 2445 De
563 2388 674 2461 ira,
716 2392 860 2448 rixa
910 2396 1111 2449 tumor
1164 2393 1404 2462 mentis,
1436 2392 1837 2462 contumeliae,
1866 2392 2114 2465 clamor,

451 2476 804 2550 indignatio,
834 2480 1224 2554 blasphemia
1278 2480 1682 2554 proferuntur.
1728 2483 1808 2536 De
1862 2480 2114 2553 tristitia,

454 2565 705 2635 malitia,
733 2583 971 2639 rancor,
1002 2569 1486 2641 pusillanimitas,
1514 2568 1876 2641 desperatio,
1915 2573 2119 2642 torpor

456 2653 614 2711 circa
636 2660 954 2728 pracepta,
968 2657 1202 2715 vacatio
1219 2657 1437 2713 mentis
1455 2673 1599 2726 erga
1616 2657 1819 2714 illicita
1830 2658 2114 2715 nascitur.

459 2743 540 2797 De
568 2743 835 2811 avaritia,
881 2744 1161 2815 proditio,
1198 2745 1384 2816 fraus,
1415 2745 1670 2811 fallacia,
1716 2745 2002 2818 perjuria,
2034 2745 2119 2801 in-

458 2830 767 2904 quietudo,
779 2833 1072 2897 violentia
1095 2838 1153 2890 et
1184 2839 1392 2891 contra
1422 2834 1899 2891 misericordiam
1926 2834 2119 2892 obdu-

457 2914 718 2977 rationes
741 2921 938 2978 cordis
964 2922 1256 2979 oriuntur.
1292 2926 1371 2979 De
1400 2923 1620 2980 ventris
1646 2923 1926 2994 ingluvie,
1958 2923 2122 2995 inep-
2150 2960 2191 3017 ο

457 3010 521 3064 ta
545 3007 764 3080 laetitia,
804 3011 1148 3079 scurrilitas,
1202 3011 1607 3083 immunditia,
1651 3011 2115 3085 multiloquium,

458 3097 762 3156 hebetudo
792 3116 1004 3158 sensus
1029 3101 1188 3159 circa
1235 3101 1687 3172 intelligentiam
1726 3106 2115 3176 propagatur.

460 3190 541 3243 De
588 3187 846 3259 luxuria,
894 3192 1130 3248 caecitas
1184 3192 1421 3263 mentis,
1480 3191 1968 3255 inconsideratio,
2027 3191 2117 3246 in-

457 3277 815 3344 constantia,
861 3279 1269 3352 praecipitatio,
1327 3296 1500 3336 amor
1560 3279 1673 3350 sui,
1731 3278 1942 3335 odium
1997 3279 2114 3347 Dei,

459 3360 707 3419 affectus
751 3365 1061 3437 praesentis
1117 3366 1337 3433 saculi,
1383 3367 1597 3422 horror
1644 3370 1848 3424 autem
1897 3367 2117 3440 despe-

457 3451 608 3507 ratio
635 3451 817 3509 futuri
843 3458 1179 3522 generatur.
1198 3457 1351 3510 Bene
1380 3461 1582 3511 autem
1611 3455 1797 3511 duces
1818 3455 2118 3511 exhortari

459 3539 602 3596 dicti
627 3546 787 3611 sunt,
805 3542 1095 3599 exercitus
1121 3542 1372 3613 ululare,
1391 3544 1537 3616 quia
1565 3544 1763 3616 prima
1788 3543 1930 3599 vitia
1948 3544 2120 3600 dece-

458 3632 576 3701 pta
600 3629 785 3685 menti
806 3631 983 3702 quasi
1011 3631 1124 3688 sub
1154 3632 1424 3705 quadam
1452 3632 1681 3688 ratione
1713 3647 1776 3688 se
1805 3631 2116 3704 miserunt,

462 3717 569 3774 sed
624 3717 945 3777 innumera
1019 3736 1155 3793 qua
1215 3725 1566 3794 sequuntur,
1635 3721 1782 3777 dum
1829 3720 1988 3777 hanc
2038 3722 2118 3779 ad

460 3822 707 3864 omnem
785 3808 1084 3866 insaniam
1189 3810 1562 3884 pertrahunt,
1609 3810 1790 3884 quasi
1884 3810 2117 3867 bestiali

458 3895 719 3954 clamore
771 3899 1168 3956 confundunt.
1192 3900 1391 3956 Inanis
1422 3915 1690 3973 namque
1721 3899 1912 3972 gloria
1935 3899 2112 3956 dicit:

456 3986 649 4043 Debes
665 3988 902 4060 majora
929 3993 1230 4062 appetere,
1254 3993 1339 4057 ut,
1368 4005 1491 4062 quo
1518 3994 1808 4062 potestate
1834 3988 2115 4061 valueris,

454 4075 677 4133 multos
706 4079 991 4136 excedere
1019 4095 1092 4136 eo
1120 4079 1302 4136 etiam
1332 4079 1556 4149 valeas,
1587 4083 1644 4136 et
1672 4079 1949 4152 pluribus
1976 4094 2116 4151 pro-

455 4164 652 4222 desse.
684 4166 916 4224 Invidia
934 4184 1179 4241 quoque
1202 4168 1495 4240 loquitur:
1529 4172 1591 4223 tn
1611 4184 1735 4240 quo
1757 4168 1879 4237 illo,
1897 4168 1994 4224 vel
2015 4167 2116 4223 illo

456 4253 656 4309 minor
684 4256 790 4311 es?
845 4259 975 4313 Non
1004 4272 1148 4326 ergo
1179 4256 1285 4312 tibi
1313 4260 1418 4312 aut
1445 4256 1783 4328 superiores
1809 4272 1963 4325 esse,
2013 4260 2117 4313 aut

456 4342 637 4398 etiam
666 4343 932 4415 aquales
959 4344 1201 4401 debent.
1232 4345 1323 4400 Ira
1351 4344 1533 4401 etiam
1579 4344 1764 4401 fatur:
1799 4347 1942 4411 Qua
1973 4360 2116 4416 erga

457 4432 513 4486 te
541 4436 825 4502 aguntur,
864 4432 1280 4505 aquanimiter
1307 4432 1459 4488 ferre
1514 4448 1639 4489 non
1670 4437 1942 4506 possunt,
1973 4434 2118 4507 quia

457 4522 515 4575 et
536 4518 587 4575 si
614 4534 738 4576 non
763 4521 848 4577 eis
873 4537 1014 4577 cum
1046 4536 1272 4591 magna
1299 4521 1759 4594 exasperatione
1803 4522 2116 4594 resistitur,

456 4612 665 4667 contra
693 4613 748 4667 te
787 4610 912 4667 sine
939 4624 1227 4667 mensura
1256 4609 1657 4667 cumulantur.
1693 4610 1955 4667 Tristitia
1977 4628 2117 4669 vero

455 4699 568 4755 ait:
594 4699 749 4766 Quid
771 4699 961 4757 habes
990 4699 1150 4756 unde
1176 4699 1467 4771 gaudeas,
1500 4714 1640 4755 cum
1669 4704 1834 4756 tanta
1855 4700 2021 4757 male.
2041 4701 2117 4757 de

452 4789 746 4860 proximis
800 4789 1050 4863 portas?
1103 4790 1369 4847 Avaritia
1416 4805 1684 4862 namque
1737 4789 1906 4846 dicit:
1951 4792 2115 4849 Unde

456 4876 636 4949 culpa
680 4882 771 4934 est
821 4879 991 4951 quod
1039 4879 1324 4952 quadam
1374 4877 1660 4934 habenda
1712 4880 2110 4953 concupiscis,

453 4966 560 5038 qui
596 4980 722 5022 non
753 4966 1145 5039 multiplicare
1174 4967 1429 5041 appetis,
1464 4967 1571 5023 sed
1600 4983 1773 5039 egere
1802 4970 2113 5042 pertimes—

455 5055 588 5111 cis?
634 5055 863 5112 Ventris
922 5055 1217 5126 ingluvies
1275 5056 1530 5113 clamat:
1590 5057 1683 5113 Ad
1734 5073 1905 5114 esum
1959 5063 2113 5115 Deus

453 5144 688 5202 munda
712 5143 920 5200 omnia
947 5144 1235 5212 condidit,
1255 5150 1331 5214 et,
1351 5145 1495 5217 quia
1515 5145 1689 5203 satiat
1713 5146 1848 5203 cibo
1863 5148 2108 5221 respuit,

451 5234 601 5308 quid
650 5232 818 5291 aliud
871 5249 1063 5306 quam
1117 5232 1353 5289 muneri
1402 5234 1797 5292 contradicit?
1854 5237 2112 5294 Luxuria

451 5339 596 5380 vero
622 5323 810 5381 fatur:
843 5322 959 5379 Cur
996 5327 1051 5380 te
1089 5322 1152 5379 in
1179 5321 1485 5395 voluptate
1543 5328 1644 5380 tua
1682 5340 1803 5381 non
1848 5325 2062 5383 dilatas
2082 5328 2109 5383 ?

457 5411 515 5470 Si
538 5413 700 5469 enim
728 5412 966 5470 misceri
995 5415 1152 5469 Deus
1182 5412 1492 5469 hominem
1507 5413 1570 5469 in
1588 5414 1895 5487 voluptate
1920 5416 2109 5472 coitus

453 5498 657 5568 nollet,
687 5501 752 5556 in
779 5502 911 5574 ipso
938 5501 1195 5559 humani
1222 5502 1460 5573 generis
1486 5503 1732 5559 exordio
1764 5504 2107 5561 masculum

452 5591 512 5647 et
559 5587 849 5648 feminam
901 5606 1025 5649 non
1078 5591 1313 5650 fecisset
1362 5591 1529 5665 (Gen.
1563 5608 1605 5662 ι,
1631 5592 1744 5661 27).
1779 5591 1895 5650 Sed
1936 5593 2106 5652 miles

2224 1693 2365 1733 vero
2386 1680 2595 1732 ventus
2624 1675 2809 1744 deest,
2837 1673 2967 1730 aliis
2999 1678 3208 1729 contra
3232 1671 3473 1728 radium
3506 1669 3648 1725 solis
3669 1684 3908 1741 expan-

2226 1766 2305 1821 sis
2348 1770 2527 1837 atque
2555 1763 2877 1838 percussis,
2910 1766 3213 1835 tepentem
3246 1760 3361 1815 sibi
3392 1776 3607 1815 auram
3639 1758 3902 1815 faciunt.

2226 1854 2378 1920 Quid
2395 1869 2536 1923 ergo
2561 1870 2667 1926 per
2693 1851 3038 1924 accipitrem
3066 1850 3359 1920 signatur,
3392 1847 3507 1903 nisi
3527 1847 3696 1920 quod
3712 1863 3907 1903 unus-

2224 1944 2479 2016 quisque
2511 1946 2858 1997 sanctorum
2890 1943 3081 1996 tactus
3108 1938 3254 1994 ﬂatu
3274 1935 3730 2010 Spiritussancti
3754 1951 3904 1991 con-

2225 2033 2484 2101 calescit,
2516 2036 2574 2088 et
2599 2048 2778 2087 usum
2799 2034 3044 2085 vetusta
3072 2026 3539 2084 conversationis
3569 2024 3898 2097 abjiciens,

2223 2121 2367 2177 novi
2392 2119 2655 2176 hominis
2686 2118 2949 2174 formam
2980 2114 3203 2172 sumit?
3231 2114 3406 2181 Quod
3432 2113 3656 2170 Paulus
3681 2113 3901 2170 admo-

2223 2213 2324 2265 net
2352 2208 2590 2265 dicens:
2627 2230 2653 2258 «
2685 2206 3096 2280 Exspoliantes
3142 2220 3253 2259 vos
3281 2207 3541 2259 veterem
3576 2203 3897 2259 hominem

2224 2316 2365 2355 cum
2416 2297 2647 2353 actibus
2672 2296 2818 2366 suis,
2844 2298 2901 2351 et
2929 2293 3245 2350 induentes
3279 2308 3509 2349 novum
3540 2291 3649 2365 qui
3679 2307 3901 2348 secun-

2224 2391 2371 2444 dum
2403 2390 2589 2443 Deum
2615 2388 2848 2441 creatus
2892 2387 2981 2440 est
3028 2384 3181 2452 (Col.
3214 2398 3298 2450 ιιι,
3325 2384 3469 2449 9);››
3497 2384 3554 2437 et
3593 2396 3851 2437 rursum
3883 2398 3898 2437 :

2225 2496 2256 2531 ‹
2278 2477 2432 2533 Licet
2459 2475 2510 2531 is
2538 2474 2639 2547 qui
2670 2471 2812 2529 foris
2841 2476 2950 2542 est,
2980 2475 3181 2528 noster
3204 2470 3388 2527 homo
3444 2474 3899 2542 corrumpatur,

2224 2569 2428 2622 tamen
2457 2564 2562 2637 qui
2607 2564 2768 2619 intus
2798 2568 2887 2617 est
2932 2564 3255 2626 renovatur
3284 2559 3359 2615 de
3393 2559 3489 2616 die
3517 2559 3581 2615 in
3610 2558 3783 2615 diem
3814 2558 3912 2631 (II

2230 2656 2359 2711 Cor.
2392 2671 2466 2720 IV,
2504 2658 2609 2724 t6).
2645 2651 2788 2707 Alas
2816 2651 3041 2725 quippe
3088 2654 3325 2705 nostras
3354 2649 3434 2705 ad
3485 2652 3762 2706 austrum
3792 2663 3904 2703 ex-

2224 2744 2492 2818 pandere
2517 2745 2629 2815 est,
2660 2757 2768 2815 per
2799 2741 3127 2797 adventum
3155 2738 3345 2795 sancti
3373 2738 3624 2811 Spiritus
3652 2742 3905 2794 nostras

2225 2831 2567 2890 conﬁtendo
2598 2830 2987 2900 cogitationes
3018 2828 3272 2901 aperire,
3301 2831 3365 2883 ut
3385 2828 3518 2899 jam
3546 2843 3672 2883 non
3703 2826 3904 2885 libeat

2225 2919 2605 2990 defendendo
2634 2935 2745 2974 nos
2776 2923 2990 2990 tegere,
3019 2917 3126 2974 sed
3156 2916 3500 2974 accusando
3552 2915 3902 2989 publicare.

2226 3012 2387 3065 Tunc
2408 3024 2550 3080 ergo
2577 3007 2855 3081 accipiter
2885 3007 3222 3080 plumescit,
3256 3022 3396 3062 cum
3426 3004 3504 3061 ad
3529 3009 3817 3062 austrum
3849 3009 3907 3062 et

2227 3098 2354 3155 alas
2384 3098 2754 3171 expanderit,
2785 3097 2930 3171 quia
2959 3101 3101 3153 tunc
3148 3113 3210 3152 se
3242 3094 3661 3168 unusquisque
3708 3095 3908 3151 virtu-

2227 3191 2355 3244 tum
2384 3186 2598 3260 pennis
2626 3186 2820 3242 induit
2842 3202 2981 3242 cum
3003 3190 3211 3242 sancto
3237 3183 3476 3257 Spiritui
3497 3183 3908 3254 cogitationes

2229 3291 2371 3332 suas
2399 3274 2744 3332 conﬁtendo
2777 3274 3118 3331 substernit.
3154 3273 3265 3340 Qui
3295 3272 3456 3329 enim
3480 3276 3685 3329 vetera
3703 3271 3908 3329 faten-

2227 3367 2306 3422 do
2335 3381 2461 3421 non
2491 3365 2730 3437 detegit,
2746 3380 2916 3421 novae
2939 3365 3074 3420 vita
3091 3380 3276 3438 opera
3296 3362 3543 3419 minime
3568 3363 3853 3446 producit
3889 3382 3901 3419 :

2226 3455 2331 3528 qui
2356 3455 2544 3511 nescit
2581 3455 2787 3524 lugere
2824 3454 2991 3527 quod
3020 3457 3252 3526 gravat,
3285 3469 3410 3510 non
3438 3453 3597 3510 valet
3623 3452 3904 3526 proferre

2226 3543 2394 3618 quod
2411 3543 2703 3600 sublevat.
2739 3543 3018 3617 Sequitur
3044 3562 3058 3599 :

2297 3634 2461 3687 Vens.
2492 3636 2582 3687 27.
2613 3633 2908 3703 Nunquid
2930 3632 3012 3688 ad
3033 3638 3401 3702 praeceptum
3428 3638 3599 3689 tuum
3628 3632 3903 3689 etevabi-

2225 3725 2329 3775 tur
2352 3720 2580 3790 aquila,
2611 3724 2667 3775 et
2705 3721 2765 3774 in
2795 3720 3005 3775 arduis
3026 3726 3211 3790 ponet
3240 3718 3449 3777 nidum
3477 3736 3650 3777 suum
3670 3721 3699 3776 Τ
3726 3752 3799 3761 -
3830 3720 3902 3776 In

2228 3810 2529 3882 Scriptura
2569 3825 2741 3889 sacra
2773 3809 3068 3866 vocabulo
3107 3810 3347 3883 aquila,
3378 3810 3712 3885 aliquando
3740 3827 3902 3884 pra-

2226 3898 2409 3956 sentis
2439 3898 2637 3954 sabuli
2664 3902 2985 3972 potestates
3013 3899 3426 3972 designantur,
3457 3905 3523 3957 ut
3548 3906 3639 3956 est
3663 3900 3727 3956 in
3758 3904 3902 3957 Eze-

2225 3988 2377 4045 chiel
2408 4007 2421 4044 :
2454 4010 2480 4037 ‹‹
2510 3988 2725 4061 Aquila
2751 3988 2997 4057 grandis
3023 4004 3387 4060 magnarum
3418 3989 3675 4058 alarum,
3705 3988 3899 4059 longo

2225 4077 2640 4134 membrorum
2699 4076 2903 4146 ductu,
2959 4077 3140 4151 plena
3195 4078 3419 4151 plumis
3472 4084 3533 4134 et
3585 4078 3895 4150 varietate,

2225 4168 2387 4223 venit
2409 4167 2490 4223 ad
2520 4167 2833 4234 Libanum,
2858 4172 2914 4223 et
2940 4167 3070 4223 tulit
3095 4168 3425 4224 medullam
3448 4167 3630 4239 cedri,
3654 4173 3713 4224 et
3731 4184 3901 4224 sum—

2228 4256 2496 4312 mitatem
2526 4256 2832 4312 frondium
2863 4257 2994 4328 ejus
3025 4256 3249 4314 avulsit
3275 4257 3673 4329 (Ezech.xvn,
3696 4261 3751 4327 3,
3774 4261 3897 4323 4).»

2228 4344 2441 4418 Aquila
2488 4349 2689 4400 autem
2741 4344 3305 4402 Nabuchodonosor
3362 4345 3728 4416 intelligitur,
3786 4346 3897 4419 qui

2224 4432 2625 4490 immensitate
2678 4434 2968 4490 exercitus
3037 4450 3403 4505 magnarum
3468 4435 3724 4504 alarum,
3780 4451 3895 4509 pro

2226 4522 2612 4580 diuturnitate
2662 4528 3008 4597 temporum
3065 4525 3248 4595 longa
3304 4525 3744 4593 membrorum,
3775 4542 3892 4599 pro

2226 4613 2429 4670 multis
2458 4614 2672 4671 divitiis
2702 4614 2882 4687 plena
2926 4615 3173 4688 plumis,
3205 4631 3317 4688 pro
3346 4615 3667 4672 innumera
3708 4620 3894 4673 terre-

2224 4718 2318 4759 na
2349 4703 2551 4774 gloria
2582 4702 2760 4774 plena
2788 4704 3092 4761 varietate.
3129 4705 3280 4770 Quia
3306 4720 3450 4762 vero
3473 4704 3694 4761 Judaa
3724 4705 3894 4762 celsi-

2227 4791 2497 4848 tudinem
2527 4795 2754 4864 petens,
2789 4792 3167 4850 nubilitatem
3190 4794 3362 4865 regni
3391 4794 3542 4865 ejus,
3566 4795 3745 4868 quasi
3768 4810 3893 4851 me-

2223 4881 2451 4937 dullam
2480 4881 2641 4937 cedri
2662 4880 2926 4950 abstulit,
2960 4883 3290 4957 aliquando
3332 4899 3475 4939 vero
3507 4883 3890 4941 insidiatores

2222 4970 2462 5043 spiritus
2491 4971 2928 5045 exprimuntur,
2958 4976 3025 5029 ut
3052 4973 3197 5029 illud
3225 4972 3526 5029 Jeremia:
3564 4995 3591 5021 «
3624 4974 3891 5031 Velociu-

2219 5073 2315 5114 res
2335 5056 2575 5114 fuerunt
2600 5066 3010 5132 persecutores
3038 5060 3225 5118 nostri
3243 5060 3459 5134 aquilis
3476 5060 3610 5117 coeli
3640 5061 3889 5133 (Thren.

2217 5163 2298 5217 1v,
2332 5148 2435 5220 t9).
2474 5168 2495 5200 ι
2524 5147 2862 5221 Aliquando
2891 5149 3140 5206 subtiles
3170 5154 3520 5206 sanctorum
3546 5149 3891 5222 intelligen-

2216 5236 2311 5293 tia
2367 5237 2463 5293 vel
2510 5237 2744 5294 volatus
2773 5238 3094 5295 Dominica
3115 5238 3483 5296 ascensionis
3511 5238 3884 5311 intelligitur,

2216 5329 2284 5382 ut
2328 5325 2391 5383 in
2442 5327 2706 5383 Ezechiel
2734 5328 2891 5399 (cap,
2924 5344 2961 5383 ι.
2995 5328 3047 5400 5)
3077 5327 3153 5384 de
3208 5333 3469 5401 quatuor
3524 5328 3892 5385 animalibus

2215 5414 2451 5486 legitur,
2482 5421 2539 5473 et
2565 5416 2627 5472 in
2682 5417 3045 5490 Apocalypsi
3074 5418 3249 5488 (Cap.
3288 5435 3369 5485 1v,
3397 5421 3452 5485 6,
3493 5419 3550 5489 7)
3594 5416 3884 5475 similiter.

2217 5506 2331 5563 Sed
2351 5507 2465 5562 hoc
2485 5506 2620 5563 loco
2646 5506 2860 5579 aquilae
2891 5508 3136 5565 nomine
3157 5508 3389 5565 subtilis
3414 5513 3765 5566 sanctorum
3792 5509 3887 5565 in-

2218 5594 2559 5667 telligentia,
2602 5598 2659 5653 et
2680 5594 2954 5656 sublimis
2974 5612 3185 5656 eorum
3213 5597 3641 5675 contemplatio
3668 5598 3896 5671 ﬁgura-
