4130 6146
252 62 364 117 477

1089 63 1395 122 ΕΡΙΤΟΜΕ
1433 63 1820 124 MORALIUM
1858 61 1913 117 S.
1954 61 2165 121 GBEG.
2204 66 2274 121 ΙΝ
2309 64 2451 125 JOB.
2489 95 2557 105 —
2597 65 2728 120 LIB.
2771 65 2940 121 XXXI.

3620 68 3729 126 478

250 190 370 245 tur.
407 184 503 241 Ad
529 184 913 258 praeceptum
943 200 1091 257 ergo
1125 187 1222 244 Dei
1250 188 1513 247 elevatur
1542 189 1771 264 aquila,
1803 187 1948 243 dum
1984 188 2033 243 Α
2061 186 2207 245 libet
2230 188 2388 244 enim
2430 188 2491 244 in
2536 188 2653 243 hac
2694 186 2818 242 vita
2844 187 3076 260 positus
3099 185 3361 260 quisque
3390 187 3727 261 profecerit,

241 275 634 349 jussionibus
687 275 912 331 divinis
943 270 1373 351 obtemperans
1416 280 1477 337 in
1509 279 1786 355 supernis
1818 294 1947 334 sus-

246 365 539 440 penditur
564 364 848 421 ﬁdelium
879 364 1004 420 vita
1030 384 1043 433 ;
1097 384 1234 439 quas
1275 368 1335 423 in
1365 370 1568 426 arduis
1597 370 1815 426 nidum
1840 384 1948 441 po-

247 455 360 525 nit,
407 472 551 511 cum
608 453 916 511 desideria
971 456 1243 512 terrenas
1284 457 1645 531 despiciens,
1678 474 1786 531 spe
1820 458 1949 529 jam

248 544 599 601 coelestibus
628 545 916 613 nutritur,
942 547 999 599 et
1029 545 1468 603 habitationem
1500 549 1716 605 mentis
1744 565 1868 604 sure
1888 548 1949 604 in

246 633 483 703 abjecta
531 638 594 689 et
652 632 900 690 inﬁrma
947 636 1414 693 conversatione
1461 653 1584 693 non
1636 637 1945 694 construit.

246 722 390 778 Hinc
414 722 650 779 Paulus
682 723 802 779 ait:
859 744 886 773 ‹‹
914 724 1139 779 Nostra
1161 727 1533 783 conversatio
1571 727 1630 783 in
1671 727 1834 784 caelis
1863 732 1953 784 est

245 811 494 883 (Philip.
527 828 621 878 In,
653 814 750 884 20)
777 830 789 879 ;
846 815 901 867 et
938 825 1232 868 rursum:
1267 814 1423 875 «Qui
1456 817 1950 873 conresuscitavit

241 905 293 956 et
338 900 690 956 consedere
734 900 870 958 fecit
910 899 971 955 in
1033 901 1384 958 ccelestibus
1436 906 1679 975 (Ephes.
1731 922 1789 974 ιι,
1833 903 1945 976 6).»

237 989 386 1045 Hinc
443 990 735 1062 perfecta
786 990 1006 1047 animae
1064 992 1341 1062 sequenti
1399 1009 1461 1049 se
1510 996 1799 1051 Dominus
1839 1011 1947 1067 per

233 1079 616 1153 prophetam
652 1080 834 1136 dicit:
882 1101 909 1129 «
936 1079 1268 1136 Sustollam
1294 1086 1348 1137 te
1379 1099 1561 1156 super
1598 1084 1942 1141 altitudines

241 1174 411 1225 terrae
444 1170 603 1238 (Isa.
636 1186 800 1237 Lvm,
836 1170 987 1242 14).»
1025 1169 1347 1242 Sequitur:

320 1313 499 1368 Vens.
533 1316 632 1368 28.
682 1310 755 1368 In
799 1311 986 1382 petris
1030 1318 1256 1368 manet.
1287 1342 1359 1354 -—
1400 1315 1465 1367 In
1499 1329 1670 1370 sacro
1703 1315 1945 1388 eloquio

260 1418 400 1460 cum
458 1398 760 1471 singulari
832 1416 1087 1457 numero
1158 1404 1329 1474 petra
1386 1405 1755 1474 nominatur,
1810 1402 1948 1478 quis

263 1491 416 1550 alius
439 1507 637 1565 quam
682 1490 945 1548 Christus
991 1491 1327 1563 accipitur?
1359 1496 1424 1548 ut
1453 1498 1544 1548 est
1569 1492 1749 1549 illud:
1783 1516 1812 1542 «
1845 1496 1890 1548 P

260 1586 357 1639 tra
384 1584 587 1637 autem
615 1584 743 1636 erat
774 1578 1035 1635 Christus
1067 1580 1123 1647 (Ι
1145 1579 1280 1636 Cor.
1309 1598 1368 1648 x,
1399 1581 1472 1652 si).
1502 1603 1528 1630 »
1559 1580 1708 1636 Cum
1741 1585 1948 1639 autem

260 1666 577 1744 pluraliter
609 1668 990 1742 appellantur
1039 1669 1229 1724 sancti
1278 1669 1717 1741 exprimuntur,
1752 1672 1856 1742 qui
1885 1669 1952 1724 il-

260 1760 386 1816 lius
415 1758 633 1815 robore
664 1754 900 1815 solidati
942 1761 1102 1813 sunt.
1137 1758 1285 1813 Hinc
1316 1761 1518 1813 Petrus
1546 1758 1663 1813 ait:
1698 1778 1728 1811 «
1750 1762 1815 1814 Et
1838 1773 1952 1814 vos

266 1855 567 1921 tanquam
595 1846 827 1919 lapides
872 1846 987 1902 vivi
1018 1845 1473 1902 coeediﬁcamini
1523 1846 1742 1902 domos
1782 1844 1955 1919 spiri-

268 1938 468 1994 tuales
498 1937 555 2009 (Ι
578 1938 744 1993 Petr.
775 1952 833 2004 Il,
863 1936 975 2007 5).»
1006 1938 1120 1991 Ista
1167 1938 1372 1990 autem
1416 1934 1621 2007 aquila
1664 1937 1730 1991 in
1754 1936 1952 2005 petris

265 2032 524 2084 manere
553 2025 786 2093 dicitur,
819 2024 966 2097 quia
1015 2024 1078 2079 in
1122 2024 1293 2079 dictis
1323 2025 1712 2097 antiquorum
1742 2029 1799 2081 et
1826 2024 1952 2080 for-

268 2117 431 2174 tium
477 2118 720 2171 Patrum
760 2113 980 2170 mentis
1010 2112 1263 2169 statione
1293 2113 1655 2180 collocatur;
1713 2118 1771 2170 et
1798 2114 1950 2169 dum

270 2204 492 2262 eosad
538 2202 896 2259 memoriam
924 2200 1172 2271 reducit,
1198 2200 1260 2255 in
1307 2201 1657 2257 celsitudine
1706 2201 1950 2257 illorum

271 2292 644 2351 fortitudinis
671 2291 887 2347 nidum
917 2289 1030 2345 sibi
1055 2289 1343 2345 construit
1369 2293 1589 2345 sanctae
1611 2289 1951 2347 meditatio-

273 2384 397 2440 nis.
429 2384 683 2437 Possunt
710 2379 892 2436 etiam
929 2382 1112 2451 petrae
1159 2377 1400 2434 nomine
1444 2377 1733 2434 sublimes
1764 2379 1949 2434 virtu-

277 2477 415 2529 tum
445 2470 775 2527 ccelestium
821 2471 1144 2541 potestates
1188 2466 1451 2536 intelligi,
1484 2483 1621 2539 quae
1660 2466 1823 2523 velut
1852 2483 1954 2540 pe-

280 2566 391 2618 trae
447 2560 510 2616 in
564 2558 790 2629 arduis,
828 2558 911 2614 ita
962 2556 1041 2613 ab
1098 2556 1263 2611 omni
1322 2560 1490 2611 motu
1535 2556 1953 2612 mutabilitatis

281 2649 498 2706 aliena:
553 2655 709 2711 sunt,
751 2651 807 2703 et
855 2645 936 2701 ad
992 2644 1349 2700 soliditatem
1404 2643 1539 2699 ﬁxaa
1587 2643 1952 2700 celsitudinis

282 2739 447 2812 ipsa,
480 2737 574 2793 cui
628 2737 921 2792 inhaerent
966 2733 1290 2790 aeternitate
1336 2733 1685 2788 duruerunt.
1717 2733 1811 2788 Vir
1839 2734 1949 2789 ita-

288 2844 415 2901 que
445 2830 685 2882 sanctus
717 2841 855 2881 cum
888 2828 1124 2880 terrena
1148 2822 1421 2895 despicit,
1446 2837 1613 2877 more
1644 2838 1706 2877 se
1736 2822 1954 2894 aquilae

287 2917 375 2974 ad
401 2916 605 2973 altiora
636 2913 972 2987 suspendit,
1002 2916 1060 2969 et
1099 2928 1205 2986 per
1235 2911 1752 2984 contemplationis
1784 2912 1954 2983 spiri-

288 3013 422 3064 tum
489 3004 849 3071 sublevatus,
903 3018 1232 3077 perennem
1288 2999 1641 3072 angelorum
1699 3000 1953 3070 gloriam

286 3095 688 3172 preestolatur,
722 3098 905 3167 atque
946 3091 1087 3149 huic
1130 3091 1362 3148 mundo
1391 3092 1614 3162 hospes
1642 3090 1745 3146 illa
1772 3106 1955 3163 appe‘

288 3184 475 3242 tendo
502 3200 637 3257 quae
683 3182 916 3255 aspicit,
944 3180 1073 3252 jam
1125 3179 1188 3235 in
1220 3178 1825 3248 sublimibus_ﬁgitur.
1862 3180 1956 3235 Se-

287 3274 530 3347 quitur:
557 3273 636 3328 Et
677 3273 741 3327 in
779 3268 1112 3341 prwmptis
1140 3269 1408 3325 silicibus
1439 3272 1843 3324 commoratur
1870 3270 1957 3322 at-

290 3379 411 3437 que
435 3363 748 3419 inaccessis
797 3360 1069 3430 rupibus.
1102 3389 1173 3399 —
1220 3357 1504 3431 Praerupti
1555 3356 1775 3413 scilicet
1818 3359 1958 3411 sunt

288 3453 378 3511 illi
432 3452 741 3509 fortissimi
796 3448 1154 3519 angelorum
1213 3447 1410 3516 chori,
1461 3446 1606 3520 quia
1665 3461 1809 3517 pars
1862 3460 1958 3500 eo-

289 3559 432 3600 rum
484 3541 709 3609 cecidit,
740 3555 885 3613 pars
928 3554 1067 3595 vero
1115 3537 1420 3593 remansit.
1456 3536 1564 3602 Qui
1594 3534 1807 3604 integri
1832 3536 1958 3606 qui-

292 3632 437 3689 dem
466 3635 624 3688 stant
651 3645 759 3703 per
805 3628 1158 3702 qualitatem
1188 3626 1400 3693 meriti,
1433 3625 1540 3682 sed
1579 3623 1823 3696 superni
1851 3639 1959 3693 nu-
1996 3640 2001 3645 '

293 3720 443 3779 meri
500 3719 827 3793 quantitate
884 3716 1210 3790 preerupti;
1270 3719 1512 3787 propter
1584 3714 1741 3769 hanc
1810 3728 1959 3784 prae-

291 3809 635 3883 ruptionem
683 3806 979 3863 mediator
1006 3804 1183 3872 venit,
1217 3807 1282 3859 ut
1324 3817 1674 3871 mensuram
1705 3800 1957 3856 caelestis

291 3900 502 3973 patriai
554 3896 910 3971 locupletius
963 3895 1215 3951 fortasse
1266 3891 1617 3949 cumularet.
1678 3890 1826 3945 Hinc
1882 3890 1957 3946 de

293 3991 466 4045 Patre
510 3986 759 4043 dicitur:
808 4007 836 4035 ‹‹
865 3983 1178 4056 Proposuit
1224 3984 1287 4038 in
1317 3997 1388 4038 eo
1418 3981 1481 4037 in
1510 3977 1957 4052 dispensatione

290 4074 681 4151 plenitudinis
768 4076 1108 4144 temporum
1191 4072 1525 4125 instaurare
1615 4065 1822 4122 omnia
1894 4065 1956 4121 in

292 4164 550 4231 Christo,
577 4178 716 4235 qum
743 4161 805 4216 in
834 4160 998 4216 ccelis
1027 4163 1084 4215 et
1109 4174 1247 4231 quae
1277 4158 1339 4212 in
1370 4161 1524 4212 terra
1552 4158 1689 4209 sunt
1731 4153 1794 4209 in
1823 4152 1956 4225 ipso
1997 4171 2040 4224 ι)

296 4255 540 4328 (Ephes.
565 4270 608 4320 ι,
635 4258 689 4323 9,
725 4250 830 4322 10).
849 4273 878 4302 ››
908 4249 1025 4322 Ipsi
1045 4250 1225 4305 etiam
1248 4251 1386 4304 sunt
1408 4246 1725 4302 inaccessas
1755 4258 1955 4315 rupes.

292 4343 474 4402 Cordi
498 4343 658 4399 enim
684 4342 1069 4414 peccatorum
1094 4336 1410 4394 hominum
1449 4334 1622 4391 valde
1651 4332 1959 4389 inaccessa

291 4440 388 4492 est
417 4432 655 4490 claritas
700 4429 1074 4500 angelorum,
1108 4427 1251 4500 quia
1288 4423 1493 4498 quoad
1537 4422 1789 4496 pulchra
1835 4438 1960 4478 cor-

291 4522 531 4600 poralia
558 4520 789 4590 cecidit,
820 4534 892 4576 eo
939 4533 975 4575 a
1004 4515 1297 4591 spirituali
1335 4512 1529 4587 specie
1561 4511 1779 4569 oculos
1798 4510 1958 4567 clau-

293 4615 396 4672 sit.
431 4612 706 4686 Sequitur
729 4628 743 4667 :

372 4741 536 4796 Vens.
564 4736 654 4795 29.
695 4730 844 4794 Inde
869 4733 1310 4802 contemplatur
1329 4744 1540 4787 escam.
1570 4760 1639 4768 —
1660 4726 1725 4783 1d
1751 4730 1857 4794 est,
1886 4740 1959 4782 ex

292 4826 416 4888 illis
451 4828 646 4885 choris
671 4822 956 4897 angelicis
987 4821 1172 4879 tendit
1200 4819 1444 4877 oculum
1475 4817 1689 4874 mentis
1714 4815 1792 4873 ad
1821 4831 1960 4871 con-

292 4915 716 4991 templandam
740 4910 991 4986 gloriam
1017 4922 1291 4983 supernae
1315 4905 1821 4980 majestatis,quia
1836 4918 1959 4961 non

291 5010 431 5067 visu
457 5008 656 5064 adhuc
681 5004 880 5071 esurit,
912 5012 1036 5074 qua
1079 4998 1322 5056 tandem
1349 4997 1479 5054 visa
1508 4995 1773 5054 satiatur.
1809 4992 1959 5053 Scri-

291 5104 476 5174 ptum
513 5096 740 5169 quippe
787 5096 900 5149 est:
952 5111 981 5141 ‹‹
1001 5091 1114 5145 Pro
1143 5098 1214 5145 eo
1241 5086 1411 5160 quod
1436 5086 1733 5144 laboravit
1756 5085 1963 5142 anima

290 5189 455 5259 ejus,
481 5183 705 5240 videbit
743 5186 803 5238 et
848 5177 1159 5237 satiabitur
1203 5176 1340 5250 (Ira.
1386 5191 1503 5249 Lm,
1540 5175 1646 5246 ll).
1672 5196 1701 5225 ››
1743 5177 1809 5231 Et
1835 5189 1962 5231 rur-

291 5292 441 5334 sum
467 5292 480 5330 :
511 5294 540 5325 ‹‹
558 5271 722 5328 Beati
748 5269 853 5344 qui
881 5266 1211 5336 esuriunt,»
1238 5269 1347 5322 etc.
1368 5265 1607 5338 (Matth.
1636 5280 1695 5332 v,
1714 5267 1766 5330 6,
1795 5262 1874 5334 8.)
1896 5265 1964 5319 Et

290 5369 445 5425 item
470 5381 483 5420 :
518 5385 545 5413 ‹‹
568 5360 732 5419 Beati
759 5357 991 5415 mundo
1023 5356 1220 5423 corde,
1247 5374 1274 5406 »
1300 5358 1411 5411 etc.
1443 5353 1644 5423 (Ibid.,
1665 5353 1742 5423 8.)
1762 5350 1963 5423 Sequi-

289 5464 434 5518 tur:
470 5453 648 5511 Oculi
672 5454 800 5522 eius
826 5450 901 5505 de
924 5449 1101 5519 longe
1117 5446 1515 5516 prospiciunt.
1535 5472 1602 5484 —-
1634 5443 1963 5509 Quantum-

2059 293 2170 334 nec
2197 282 2372 335 Deum
2406 294 2511 351 per
2543 275 2831 349 speciem,
2865 276 2972 332 sed
3023 292 3131 350 per
3178 275 3504 347 aenigmata
3540 283 3597 337 et
3621 296 3731 355 per

2059 368 2368 440 speculum
2399 368 2561 424 videt
2593 366 2652 434 (Ι
2677 366 2817 422 Cor.
2852 381 2975 435 xm,
2999 366 3104 436 12).
3126 369 3207 421 Ac
3231 365 3280 421 si
3305 383 3446 438 ergo
3477 367 3725 426 diceret:

2055 457 2400 515 Intentionis
2431 457 2627 514 aciem
2658 454 2887 512 fortiter
2916 454 3187 525 tendunt,
3205 457 3465 514 necdum
3484 459 3731 533 propin-

2056 560 2246 617 quum
2272 545 2589 617 aspiciunt,
2615 543 2790 615 cujus
2823 542 3105 598 claritatis
3122 544 3601 613 magnitudinem
3622 564 3728 621 pe-

2054 638 2288 691 netrare
2323 634 2698 691 laudabilem
2725 648 3121 704 nequaquam
3148 639 3424 705 possunt.
3456 636 3619 693 Libet
3650 636 3731 694 ad

2054 723 2324 779 medium
2356 724 2519 781 Isaias
2567 722 2761 779 verba
2811 721 3143 777 deducere:
3178 743 3206 772 «
3235 722 3345 788 Qui
3375 726 3643 782 ambulat
3667 726 3730 780 in

2050 812 2310 884 justitiis,
2339 817 2397 869 et
2422 812 2695 884 loquitur
2731 810 3068 881 veritatem,
3095 810 3201 883 qui
3250 812 3487 884 projicit
3535 813 3730 869 avari—
3752 820 3765 825 “

2052 900 2196 955 tiam
2229 916 2302 956 ex
2326 900 2657 970 calumnia,
2684 902 2742 954 et
2769 899 2992 954 excutit
3016 914 3276 955 manuas
3299 916 3440 956 suas
3461 900 3539 956 ab
3565 899 3735 956 omni

2054 1005 2324 1046 munere.
2352 990 2460 1054 Qui
2490 990 2740 1045 obturat
2768 1003 2946 1045 aures
2977 1004 3117 1044 suas
3146 1005 3221 1045 ne
3260 989 3466 1046 audiat
3494 988 3734 1060 sangui-

2053 1094 2214 1146 nem,
2245 1083 2302 1136 et
2333 1078 2558 1135 claudit
2587 1077 2802 1134 oculos
2835 1093 2978 1133 suos
3003 1093 3078 1133 ne
3099 1064 3302 1136 videat
3324 1078 3553 1134 malum
3584 1078 3729 1148 (Isa.

2052 1184 2261 1235 xxxm,
2295 1168 2435 1240 t5).»
2472 1171 2540 1223 Et
2562 1167 2712 1223 item
2739 1184 2751 1221 :
2785 1169 2939 1221 «Iste
2968 1166 3029 1222 in
3059 1166 3306 1223 excelsis
3330 1167 3578 1236 habitat,
3602 1182 3733 1223 mu-

2053 1256 2325 1314 nimenta
2373 1273 2667 1313 saxorum
2713 1254 3050 1312 sublimitas
3083 1257 3234 1327 ejus,
3260 1256 3436 1330 panis
3466 1256 3520 1312 ei
3548 1255 3731 1311 datus

2056 1350 2176 1414 est;
2207 1362 2381 1419 aquae
2421 1348 2555 1417 ejus
2602 1344 2813 1401 ﬁdeles
2844 1350 3001 1402 sunt.
3035 1349 3255 1417 Regem
3284 1346 3346 1402 in
3374 1346 3589 1402 decore
3618 1359 3731 1400 suo

2055 1434 2298 1503 videbit,
2326 1434 2481 1491 oculi
2512 1435 2648 1505 ejus
2697 1439 2942 1490 cernent
2980 1440 3201 1490 terram
3253 1435 3328 1491 de
3374 1434 3551 1504 longe
3583 1434 3726 1505 (Isa.

1894 1510 1951 1598 ei
1988 1544 2028 1598 Β
2056 1539 2174 1593 XVI,
2210 1524 2315 1595 17).
2343 1546 2371 1574 »
2415 1525 2479 1579 1n
2527 1522 2778 1578 excelsis
2820 1538 3087 1595 namque
3118 1522 3387 1579 habitare
3417 1527 3509 1577 est
3538 1537 3639 1576 cor
3666 1521 3731 1576 in

2059 1612 2397 1668 caelestibus
2428 1628 2689 1685 ponere:
2730 1615 2786 1667 et
2814 1611 3192 1668 munimenta
3227 1626 3511 1667 saxorum
3544 1609 3728 1664 subli-

2058 1700 2236 1756 mitas
2285 1705 2494 1757 nostra
2545 1704 2654 1768 est,
2689 1716 2824 1756 cum
2880 1700 3125 1756 fortium
3174 1702 3416 1755 Patrum
3453 1695 3735 1769 exempla

2060 1788 2437 1859 respicimus,
2466 1787 2768 1860 castrique
2798 1787 3142 1844 ccelestibus
3168 1787 3524 1859 jungimur;
3557 1800 3734 1856 aqua;

2060 1877 2269 1932 ﬁdeles
2302 1882 2463 1949 sunt,
2495 1877 2642 1949 quia
2688 1878 2873 1934 verba
2904 1878 3037 1933 vitae
3067 1877 3236 1950 quod
3289 1880 3427 1933 ante
3476 1878 3735 1931 mortem

2060 1965 2390 2036 insinuant,
2422 1967 2537 2021 hoc
2585 1967 2768 2023 etiam
2824 1971 2958 2040 post
3005 1970 3266 2023 mortem
3317 1966 3737 2022 demonstrant

2060 2055 2236 2126 panis
2268 2056 2321 2111 ei
2353 2056 2549 2127 datur,
2578 2071 2717 2111 cum
2762 2055 3269 2128 contemplatione
3298 2053 3560 2111 reﬁcitur
3586 2071 3600 2121 ;
3644 2068 3735 2110 re-

2063 2160 2199 2214 gem
2244 2144 2312 2200 in
2363 2145 2576 2200 decore
2626 2162 2736 2201 suo
2766 2146 2987 2213 vident,
3020 2144 3168 2217 quia
3196 2145 3353 2200 ultra
3381 2142 3733 2215 semetipsos

2060 2231 2238 2303 rapti,
2272 2232 2340 2289 in
2369 2231 2500 2304 ipso
2529 2232 2762 2290 deitatis
2792 2233 3020 2304 fulgore
3050 2231 3262 2288 oculos
3291 2231 3492 2288 cordis
3516 2230 3730 2300 ﬁgunt.

2065 2320 2353 2392 Sequitur
2371 2340 2384 2377 :

2131 2411 2318 2466 Vens.
2351 2414 2438 2468 30.
2468 2412 2640 2468 Pulli
2679 2414 2807 2482 ejus
2856 2411 3121 2468 lambent
3150 2410 3525 2482 sanguinem.
3556 2438 3626 2449 —
3650 2407 3733 2464 Ac

2063 2498 2110 2554 si
2141 2505 2352 2571 aperte
2405 2500 2730 2557 diceretur:
2782 2506 2916 2573 Ipsa
2945 2499 3196 2573 quidem
3227 2495 3735 2570 contemplatione
3840 2492 3850 2513 '

2061 2587 2392 2646 divinitatis
2422 2592 2707 2664 pascitur,
2734 2590 2839 2647 sed
2869 2590 3011 2662 quia
3048 2590 3356 2646 auditores
3399 2588 3530 2661 ejus
3554 2586 3738 2644 deita-

2063 2677 2134 2732 tis
2159 2679 2472 2752 percipere
2520 2696 2743 2736 arcana
2771 2695 3169 2753 nequaquam
3208 2683 3484 2755 possunt,
3516 2677 3736 2750 cogniti

2063 2766 2335 2822 cruciﬁxi
2352 2769 2589 2824 Domini
2610 2785 2820 2824 cruore
2846 2768 3163 2825 satiuntur.
3194 2768 3560 2837 Sanguinem
3589 2766 3736 2824 lam-

2062 2855 2225 2923 bere,
2280 2860 2368 2912 est
2418 2857 2718 2928 passionis
2770 2855 3096 2912 Dominicaa
3150 2857 3395 2912 inﬁrma
3440 2855 3732 2912 venerari.

2062 2940 2210 2998 Hinc
2258 2944 2477 3000 Paulus
2529 2945 2835 3018 discipulis
2864 2943 2977 3000 ait:
3036 2967 3064 2996 α
3094 2948 3223 3001 Non
3273 2945 3432 3001 enim
3469 2943 3736 3014 iudicavi

2061 3047 2158 3087 me
2185 3032 2368 3088 scrire
2398 3033 2625 3105 aliquid
2652 3033 2806 3088 inter
2847 3048 2977 3103 vos,
3009 3032 3125 3088 nisi
3164 3035 3367 3088 Jesum
3407 3030 3730 3098 Christum,

2062 3124 2119 3177 et
2161 3121 2324 3176 hunc
2362 3121 2718 3178 cruciﬁxum
2761 3121 2821 3192 (Ι
2866 3122 3004 3178 Cor.
3035 3128 3098 3189 '11,
3138 3121 3259 3193 2).»
3303 3119 3622 3192 Sequitur:
3651 3118 3735 3175 Et

2061 3210 2401 3281 ubicunque
2429 3211 2690 3267 cadaver
2709 3211 2923 3280 fuerit,
2955 3214 3162 3268 statim
3186 3209 3447 3266 adest.—
3467 3208 3733 3265 Cadaver

2061 3296 2287 3369 quippe
2318 3314 2355 3353 a
2383 3312 2532 3353 casu
2554 3296 2788 3353 dicitur.
2805 3299 2873 3353 Et
2896 3312 3022 3353 non
3050 3296 3349 3354 immerito
3378 3311 3596 3369 corpus
3625 3297 3737 3351 Do-

2061 3384 2211 3441 mini
2240 3391 2483 3458 propter
2506 3402 2718 3443 casum
2746 3386 2977 3456 mortis,
3000 3386 3257 3443 cadaver
3286 3389 3555 3441 vocatur.
3587 3384 3733 3440 Hinc

2063 3473 2194 3546 ipsa
2224 3475 2446 3531 Veritas
2476 3475 2596 3531 ait:
2646 3493 2677 3528 «
2699 3473 3052 3548 Ubicunque
3100 3474 3276 3531 fuerit
3322 3489 3560 3546 corpus,
3592 3472 3733 3529 illuc

2064 3564 2593 3633 congregabuntur
2615 3568 2674 3620 et
2700 3563 2920 3635 aquilae
2952 3564 3197 3635 (Matth.
3230 3580 3400 3631 xxrv,
3434 3561 3583 3634 18).»
3612 3561 3732 3618 Ali-

2064 3658 2187 3709 ter:
2223 3654 2431 3709 Omnis
2461 3653 2622 3708 enim
2653 3653 2757 3725 qui
2788 3653 2849 3708 in
2879 3653 3110 3725 peccati
3138 3658 3395 3708 mortem
3435 3650 3731 3721 ceciderit,

2064 3758 2187 3799 non
2214 3742 2699 3798 inconvenienter
2748 3742 2965 3813 poterit
3011 3742 3271 3798 cadaver
3299 3741 3518 3797 vocari.
3552 3741 3732 3805 Quasi

2066 3831 2358 3889 exanimis
2389 3846 2656 3903 namque
2680 3831 2860 3902 jacet,
2892 3831 2997 3902 qui
3041 3830 3288 3901 justitiae
3325 3828 3733 3885 viviﬁcantem

2067 3920 2343 3992 spiritum
2372 3935 2497 3974 non
2526 3918 2709 3974 habet
2733 3937 2746 3986 ;
2789 3921 3032 3974 sanctus
3061 3922 3263 3973 autem
3289 3916 3548 3989 quisque
3576 3932 3731 3988 pree-

2067 4008 2316 4078 dicator,
2374 4007 2513 4062 illuc
2564 4005 3005 4079 praedicationis
3050 4004 3299 4060 utilitate
3362 4002 3567 4073 tendit,
3626 4003 3732 4059 ubi

2067 4096 2358 4172 prodesse
2386 4094 2698 4169 prospicit,
2725 4098 2791 4150 ut
2818 4110 2893 4150 ex
2938 4109 3010 4149 eo
3041 4092 3209 4165 quod
3233 4092 3363 4164 jam
3392 4089 3732 4164 spiritaliter

2069 4188 2231 4256 vivit,
2285 4185 2416 4242 aliis
2463 4185 2527 4240 in
2563 4187 2755 4240 morte
2803 4198 2915 4239 sua
2956 4181 3298 4253 jacentibus
3342 4181 3552 4255 prosit.
3586 4183 3735 4239 Esca

2070 4277 2295 4350 quippe
2346 4276 2650 4347 justorum
2705 4276 2813 4340 est,
2866 4271 3178 4330 conversio
3225 4277 3629 4344 peccatorum,
3656 4269 3734 4328 de

2069 4383 2192 4439 qua
2211 4365 2426 4422 dicitur
2450 4383 2462 4420 :
2498 4385 2527 4413 «
2555 4362 2900 4437 Operamini
2927 4377 3052 4418 non
3083 4360 3286 4418 cibum
3303 4360 3411 4433 qui
3438 4361 3610 4434 perit.
3627 4359 3734 4416 sed

2070 4455 2174 4529 qui
2202 4459 2517 4525 permanet
2560 4454 2624 4511 in
2672 4452 2856 4511 vitam
2904 4455 3190 4509 aeternam
3230 4450 3429 4515 (Joan.
3463 4466 3542 4515 v1,
3570 4448 3732 4519 27).»

2072 4548 2325 4603 Sanctus
2355 4544 2561 4617 itaque
2589 4542 2699 4599 Job
2748 4545 2917 4598 tanta
2965 4540 3081 4596 hac
3120 4537 3486 4594 districtione
3514 4534 3733 4606 ﬂagelli

2072 4650 2195 4692 non
2221 4633 2538 4690 aestimavit
2565 4630 2773 4701 augeri
2792 4629 2905 4685 sibi
2932 4621 3168 4693 merita,
3200 4625 3308 4681 sed
3336 4625 3481 4682 vitia
3508 4640 3735 4681 reseca-

2072 4725 2142 4783 ri.
2173 4726 2315 4790 Quse
2343 4722 2489 4795 quia
2538 4721 2600 4775 in
2645 4735 2707 4774 se
2739 4717 2906 4775 nulla
2934 4714 3234 4786 cognovit,
3268 4729 3622 4786 percussum
3649 4712 3736 4769 in-

2071 4814 2319 4886 juste-se
2348 4809 2616 4876 credidit,
2648 4812 2705 4864 et
2733 4805 3162 4880 percutientem
3208 4819 3459 4876 prorsus
3483 4817 3735 4873 arguere

2074 4908 2162 4961 est
2190 4901 2264 4958 de
2308 4897 2690 4973 percussione
2740 4909 3139 4951 murmurare.
3184 4892 3580 4950 Considerans
3632 4907 3737 4948 au-

2073 4993 2192 5045 tem
2223 4988 2510 5044 Dominus
2537 4984 2702 5057 quod
2731 4999 2803 5040 ea
2832 4996 2967 5056 quae
2997 4980 3261 5054 protulit,
3284 4995 3408 5036 non
3435 4996 3508 5036 ex
3537 4983 3734 5035 tumo-

2070 5094 2134 5136 re
2166 5075 2482 5151 superbiie,
2516 5074 2623 5131 sed
2670 5088 2745 5131 ex
2790 5071 3078 5146 qualitate
3107 5068 3426 5140 collegerat
3449 5068 3605 5137 vitm,
3634 5067 3733 5139 pie

2069 5168 2241 5226 illum
2263 5167 2554 5239 increpat,
2586 5162 2793 5219 dicens
2817 5161 2967 5235 (65):

2143 5257 2322 5314 Vens.
2361 5255 2450 5313 32.
2480 5252 2774 5323 Nunquid
2800 5252 2905 5323 qui
2932 5249 3236 5307 contendit
3273 5261 3405 5303 cum
3429 5246 3571 5311 Deo,
3608 5247 3733 5300 tam

2067 5348 2254 5420 facile
2277 5343 2566 5418 quiescit?
2598 5343 2803 5414 utique
2846 5341 2951 5413 qui
2996 5339 3203 5409 arguit
3248 5337 3436 5390 Deum
3482 5330 3651 5389 debet
3677 5337 3734 5389 et

2070 5436 2428 5508 respondere
2468 5433 2617 5492 illi?
2641 5461 2715 5474 —
2739 5435 2821 5488 Ac
2850 5429 2901 5486 si
2927 5427 3191 5501 apertius
3244 5423 3539 5483 diceretur
3565 5441 3579 5479 :
3625 5421 3735 5483 Qui

286 5591 291 5599 '
372 5583 492 5653 (65)
513 5574 771 5637 Prtseterit
790 5574 998 5633 auctor
1034 5566 1193 5629 Vers.
1228 5570 1315 5639 31,
1343 5568 1451 5627 ubi
1483 5568 1567 5626 sic
1594 5584 1617 5644 :p
1644 5567 1718 5625 Et
1749 5564 1969 5645 adjeqit
1997 5560 2284 5623 Dominus
2308 5566 2363 5620 et
2394 5526 2627 5620 locutus
2652 5561 2739 5617 est
2762 5553 2844 5614 ad
2865 5548 2994 5613 Job.
