4112 6152
457 131 564 185 679

1525 121 1581 180 s.
1624 121 1882 180 onoms
1919 106 2212 177 ABBATIS
2250 100 2750 178 CLUNIACENSlS
2789 121 2853 176 ιι.
2947 136 2987 146 --

3770 120 3872 178 480

458 253 626 308 tanta
640 249 715 306 de
733 253 834 305 tua
853 247 1086 304 actione
1102 246 1336 304 locutus
1353 262 1437 314 es,
1462 262 1568 302 cur
1588 245 1855 302 auditam
1887 247 2117 302 sancto-
2145 248 2190 300 A
2219 243 2323 299 sed
2351 243 2603 300 aliorum
2629 243 3044 300 celsitudinem
3076 241 3409 298 nesciebas.
3442 241 3674 298 Auditis
3702 241 3874 312 igitur

457 357 592 398 rum
615 339 799 396 vitam
813 337 1024 394 siluisti
1041 337 1069 392 ?
1091 341 1222 411 ipse
1238 337 1464 411 quippe
1477 335 1901 393 considerabas
1923 338 2111 402 tuam,

2223 331 2478 388 aliorum
2519 331 2853 400 virtutibus,
2890 330 2941 388 si
2981 330 3129 404 quid
3176 329 3358 397 vales,
3391 330 3696 402 responde
3741 331 3867 389 tuis.

1295 731 1635 818 LIBER
1717 727 2378 817 TRICESIMUS
2461 728 3055 816 SECUNDUS.

527 1048 696 1102 Vens.
727 1050 816 1114 33,
839 1049 930 1105 34.
959 1046 1332 1116 ReSpondens
1360 1051 1558 1103 autem
1592 1046 1702 1102 Job
1743 1045 1992 1101 Domino
2021 1043 2112 1099 di-

456 1135 587 1190 xit."
617 1134 733 1201 Qui
761 1135 975 1189 leniter
1005 1135 1236 1189 locutus
1263 1149 1413 1201 sum,
1431 1133 1788 1203 respondere
1813 1133 1960 1204 quid
1974 1146 2111 1201 pos-

455 1238 585 1278 sum
605 1223 634 1278 ?
658 1227 738 1278 Ac
781 1222 831 1278 si
859 1222 1054 1278 dicat:
1088 1223 1438 1279 Sermonem
1469 1239 1673 1278 meum
1703 1221 2109 1290 defenderem,

457 1311 505 1368 si
550 1312 710 1368 hunc
767 1328 905 1368 cum
960 1311 1209 1368 rationis
1267 1311 1534 1384 pondere
1588 1310 2004 1384 protulissem;
2053 1314 2112 1367 at

452 1404 781 1473 postquam
810 1400 1018 1470 lingua
1047 1400 1282 1457 levitate
1305 1416 1414 1457 usa
1443 1400 1834 1467 convincitur,
1855 1398 2004 1471 quid
2025 1415 2112 1454 re-

454 1491 571 1544 stat
595 1489 705 1544 nisi
740 1494 804 1544 ut
832 1488 1186 1544 conticendo
1232 1488 1597 1544 refrenetur?
1637 1487 1949 1560 Sequitur:
1979 1489 2108 1543 Ma-

454 1593 599 1634 num
645 1594 832 1634 meam
876 1593 1102 1646 ponam
1151 1592 1332 1646 super
1379 1593 1440 1633 os
1469 1593 1681 1634 meum.
1714 1609 1782 1617 —-
1813 1579 1933 1633 Usu
1961 1577 2112 1633 sacri

456 1667 695 1740 eloquii,
727 1666 789 1722 in
821 1683 1007 1722 manu
1037 1667 1325 1740 operatio,
1353 1667 1413 1722 in
1469 1683 1570 1722 ore
1598 1666 1818 1722 locutio
1850 1665 1998 1721 solet
2025 1664 2113 1719 in-

455 1754 656 1826 telligi.
687 1757 924 1812 Manum
968 1771 1110 1824 ergo
1161 1771 1342 1827 super
1393 1772 1462 1811 os
1494 1770 1715 1827 ponere
1763 1759 1868 1822 est,
1901 1753 2112 1810 virtute

454 1843 598 1900 boni
626 1843 822 1917 operis
852 1842 1064 1916 culpas
1087 1849 1311 1914 tergere
1330 1844 1585 1900 incautas
1605 1843 1944 1900 locutionis.
1970 1841 2112 1909 Quis

455 1931 617 1988 enim
665 1935 751 1986 est
799 1935 921 1986 tam
964 1931 1280 2004 perfectus,
1313 1931 1415 2004 qui
1448 1931 1657 1986 saltem
1690 1931 1753 1986 in
1781 1931 1973 1987 otioso
1999 1944 2114 1985 ser-

455 2035 636 2076 mone
665 2034 786 2074 non
828 2024 1052 2091 peccet,
1098 2019 1281 2075 Jacob
1326 2023 1657 2086 attestante,
1688 2019 1792 2092 qui
1835 2018 1950 2075 ait:
1985 2040 2014 2067 «
2048 2018 2112 2072 In

455 2107 656 2164 multis
683 2106 842 2162 enim
871 2107 1235 2164 oﬂ‘endimus
1265 2124 1474 2164 omnes
1507 2109 1654 2180 (Jac.
1686 2125 1765 2163 ιιι.
1798 2111 1914 2174 2).»
1948 2106 2112 2164 Unde

456 2201 664 2254 sancta
694 2196 973 2265 Ecclesia,
1004 2213 1256 2254 manum
1291 2214 1472 2270 super
1517 2214 1586 2252 os
1635 2198 1823 2270 ponit,
1856 2196 2003 2251 dum
2052 2195 2113 2250 in

455 2285 653 2342 electis
684 2285 814 2356 ejus
840 2285 1104 2358 quotidie
1134 2285 1338 2342 OtiOStB
1377 2285 1692 2342 locutionis
1720 2286 1905 2342 vitam
1936 2284 2115 2340 virtu-
2140 2318 2185 2370 Β

458 2379 520 2438 ιθ,
543 2374 715 2430 bona;
755 2375 1005 2430 actionis
1047 2375 1328 2447 operitur.
1364 2375 1660 2447 Scriptum
1689 2390 1953 2446 namque
1982 2377 2108 2430 est:

455 2462 618 2518 Beati
643 2478 904 2534 quorum
931 2463 1196 2518 remissae
1214 2468 1353 2518 sunt
1373 2462 1771 2536 iniquitates,»
1794 2467 1902 2518 etc.
1925 2462 2111 2532 (Psat.

454 2567 616 2616 xxxx,
646 2551 714 2620 1.)
745 2550 1053 2621 Sequitur:
1464 2577 1468 2580 -

526 2639 702 2694 Vsus.
731 2641 819 2693 35.
859 2639 1053 2694 Unum
1105 2639 1337 2694 locutus
1374 2653 1504 2694 sum
1546 2639 1706 2709 quod
1733 2640 1966 2694 utinam
1995 2655 2111 2694 non

455 2725 755 2792 dixissem,
787 2731 842 2781 et
872 2725 1132 2781 alterum
1153 2738 1178 2796 ,'
1204 2725 1416 2797 quibus
1447 2726 1612 2782 ultra
1635 2742 1755 2782 non
1781 2727 2023 2782 addam.
2043 2757 2114 2767 —

458 2814 514 2871 Si
545 2818 849 2870 transacta
896 2813 1079 2869 verba
1107 2813 1266 2870 beati
1307 2814 1416 2870 Job
1456 2814 1829 2883 discutimus,
1861 2815 1944 2870 nil
1973 2831 2113 2870 eum

454 2903 727 2977 nequiter
768 2903 990 2959 dixisse
1022 2904 1354 2976 reperimus
1381 2921 1394 2972 ;
1447 2903 1495 2959 si
1526 2920 1667 2960 vero
1712 2921 1783 2961 ea
1806 2921 1941 2978 quae
1972 2921 2112 2961 cum

402 2980 411 2990 ’
453 2992 694 3049 veritate
723 3009 794 3048 ac
820 2991 1089 3049 libertate
1121 2992 1353 3065 prolata
1398 2997 1558 3061 sunt,
1586 2994 1645 3050 in
1676 2994 1880 3067 aliquo
1908 3009 2114 3066 super-

450 3080 565 3137 biae
586 3080 728 3138 vitio
749 3081 1194 3151 ﬂectimus,duo
1217 3081 1602 3138 solummodo
1623 3083 1752 3154 jam
1772 3099 1895 3139 non
1917 3087 2109 3152 erunt,

452 3170 597 3243 quia
626 3169 812 3226 multa
846 3174 1004 3225 sunt.
1039 3170 1154 3228 Sed
1181 3170 1324 3242 quia
1351 3175 1623 3227 nostrum
1649 3176 1737 3227 est
1764 3171 2112 3228 hominibus

453 3274 697 3314 sensum
728 3258 925 3313 verbis
954 3258 1205 3330 aperire,
1238 3258 1403 3330 loqui
1429 3271 1573 3314 vero
1620 3264 1892 3315 nostrum
1918 3259 1996 3316 ad
2025 3260 2111 3315 di-

451 3346 621 3401 vinas
647 3360 822 3401 aures
853 3350 942 3401 est
970 3350 1203 3400 motum
1253 3345 1468 3401 mentis
1516 3347 1897 3418 expressione
1927 3348 2110 3404 actio-

451 3434 545 3490 nis
572 3433 904 3489 ostendere.
932 3433 1131 3488 Unum
1163 3449 1305 3505 ergo
1323 3433 1489 3506 loqui
1518 3433 1716 3491 illicita
1743 3440 1849 3502 est,
1882 3451 1976 3491 res
2006 3436 2111 3492 ﬂa-

453 3520 608 3591 gello
659 3520 876 3589 dignas
919 3535 1114 3590 agere,
1147 3520 1311 3576 aliud
1339 3521 1508 3593 loqui
1555 3526 1641 3578 est
1693 3522 1872 3579 etiam
1900 3523 1975 3578 de
2006 3522 2111 3579 ﬂa-

451 3608 606 3680 gello
636 3623 1033 3665 murmurare.
1066 3613 1145 3664 Ac
1191 3609 1239 3664 si
1268 3624 1412 3679 ergo
1454 3609 1649 3667 dicat:
1699 3613 1945 3667 Rectum
1974 3611 2107 3684 qui-

450 3697 590 3755 dem
638 3713 734 3753 me
783 3697 933 3753 inter
984 3697 1258 3754 homines
1305 3698 1549 3766 credidi,
1584 3699 1686 3755 sed
1733 3704 1787 3756 te
1826 3699 2108 3773 loquente

450 3791 587 3844 ante
618 3786 853 3858 ﬂagella
883 3803 1163 3859 pravum,
1193 3792 1249 3843 et
1277 3792 1415 3861 post
1442 3788 1680 3858 ﬂagella
1725 3805 1820 3846 me
1848 3789 2110 3860 rigidum

448 3875 666 3932 inveni.
700 3876 928 3943 Quibus
981 3875 1135 3932 ultra
1187 3892 1377 3933 unum
1433 3893 1554 3934 non
1608 3878 1789 3945 addo,
1839 3879 1944 3952 qui
1981 3880 2112 3949 jam

448 3980 612 4020 nunc
659 3968 890 4038 quanto
930 3969 984 4020 te
1014 3965 1295 4038 loquente
1325 3965 1602 4022 subtilius
1631 3966 1914 4039 intelligo,
1948 3972 2113 4025 tanto

449 4054 872 4127 memetipsum
923 4053 1209 4110 humilius
1250 4054 1561 4126 investigo.
1594 4055 1772 4113 Electi
1816 4062 2018 4113 autem
2049 4057 2112 4114 in

449 4143 708 4200 Ecclesia
735 4143 798 4198 in
837 4159 959 4199 uno
989 4148 1046 4199 et
1070 4143 1150 4199 ab
1201 4143 1316 4199 alio
1360 4143 1684 4216 deliquisse
1738 4162 1801 4202 se
1827 4147 2108 4217 sentiunt,

448 4231 594 4303 quia
625 4246 686 4285 se
730 4230 1067 4298 intelligunt
1094 4230 1189 4286 vel
1216 4231 1277 4286 in
1305 4231 1664 4300 cogitatione
1690 4237 1748 4288 et
1790 4249 1991 4306 opere,
2020 4235 2110 4291 vel

447 4317 508 4372 in
537 4317 638 4372 Dei
688 4333 758 4373 ac
806 4317 1066 4389 proximi
1110 4318 1386 4387 neglecta
1438 4318 1753 4376 dilectione
1801 4336 2105 4393 peccasse,

447 4405 671 4477 quibus
721 4421 783 4461 se
835 4405 1190 4478 promittunt
1241 4405 1396 4462 ultra
1443 4406 1526 4462 nil
1555 4407 1796 4476 addere,
1830 4411 1974 4482 quia
2003 4426 2110 4483 per

449 4493 858 4550 conversionis
901 4493 1154 4563 gratiam
1211 4499 1423 4551 curant
1467 4495 1815 4568 pcenitendo
1844 4499 2109 4571 quotidie

447 4583 627 4641 etiam
676 4587 978 4640 transacta
1007 4598 1287 4656 purgare.
1323 4585 1529 4642 Omnis
1580 4590 1783 4642 autem
1832 4594 2110 4660 peccator

442 4673 504 4730 in
554 4671 904 4746 poenitentia
958 4671 1260 4746 duplicem
1304 4673 1527 4730 habere
1582 4675 1872 4745 gemitum
1909 4675 2106 4750 debet,

444 4763 753 4826 nimirum,
811 4762 957 4835 quia
1013 4765 1069 4819 et
1119 4763 1375 4834 bonum,
1435 4765 1601 4837 quod
1646 4765 1928 4840 oportuit,
1984 4784 2107 4825 non

445 4850 611 4917 fecit;
642 4854 700 4906 et
727 4851 956 4908 malum
997 4851 1164 4924 quod
1209 4867 1334 4909 non
1381 4853 1664 4926 oportuit,
1721 4855 1874 4912 fecit.
1907 4858 2108 4930 Sequi-

446 4942 544 4994 tur
571 4955 584 4992 :

1085 5011 1314 5066 CAPUT
1355 5011 1475 5067 XL.

507 5115 695 5172 ‘Vm.
733 5115 781 5186 l,
809 5119 864 5174 2.
912 5116 1295 5185 Respondens
1328 5124 1528 5176 autem
1557 5121 1847 5178 Dominus
1876 5125 1990 5180 Job
2038 5125 2110 5182 de

444 5204 684 5262 turbine
696 5205 855 5262 dixit
881 5221 902 5261 :
923 5205 1186 5276 Accinge
1208 5206 1360 5262 sicut
1387 5207 1483 5263 vir
1508 5208 1737 5266 lumbos
1764 5216 1914 5277 tuos,
1930 5212 2111 5269 inter-

441 5293 663 5362 rogabo
694 5299 768 5361 te,
801 5299 855 5351 et
877 5293 1084 5350 indica
1105 5293 1273 5350 mihi.
1297 5324 1367 5336 ——
1394 5297 1522 5352 Haec
1545 5301 1746 5354 autem
1769 5299 1974 5356 omnia
1995 5301 2112 5373 pri-

442 5381 692 5451 mojam
725 5383 959 5440 Domini
997 5397 1274 5439 sermone
1320 5387 1570 5442 tractata
1600 5392 1757 5443 sunt.
1795 5387 2106 5460 Sequitur:

513 5469 680 5526 Vens.
695 5473 750 5526 3.
779 5471 1083 5543 Nunquid
1105 5471 1350 5528 irritum
1366 5473 1554 5542 facies
1565 5475 1868 5544 judicium
1893 5490 2108 5548 meum,

441 5561 496 5616 et
539 5557 968 5620 condemnabis
1015 5574 1131 5630 me,
1162 5564 1232 5624 ut
1279 5564 1344 5616 tu
1388 5561 1780 5642 justi/Soeris?
1804 5593 1873 5606 —
1899 5566 2110 5628 Beatus

2219 1041 2420 1114 itaque
2460 1042 2571 1100 Job
2621 1043 2764 1117 quia
2807 1042 3049 1115 culpam
3096 1057 3274 1097 suam
3303 1039 3456 1096 inter
3483 1039 3724 1110 ﬂagella
3751 1056 3873 1098 non

2218 1132 2460 1201 invenit,
2492 1149 2601 1188 nec
2633 1138 2833 1189 tamen
2890 1129 3127 1202 ﬂagella
3173 1129 3455 1187 eamdem
3484 1145 3734 1186 causam
3765 1129 3877 1187 sibi

2219 1238 2348 1279 esse
2395 1221 2654 1292 augendi
2702 1220 2895 1277 meriti
2944 1219 3424 1293 deprehendens,
3455 1218 3675 1289 injuste
3721 1219 3877 1276 feriri

2220 1327 2282 1367 se
2311 1310 2578 1374 credidit,
2611 1326 2748 1366 cum
2781 1309 2925 1383 quid
2974 1309 3034 1365 in
3086 1324 3148 1365 se
3195 1307 3505 1364 debuisset
3547 1307 3766 1378 corrigi
3795 1307 3878 1364 nil

2217 1399 2462 1456 invenit.
2495 1403 2620 1454 Non
2665 1398 2826 1454 enim
2870 1396 3090 1453 idcirco
3137 1413 3276 1453 eum
3329 1395 3570 1466 ﬂagella
3612 1395 3878 1453 coelestia

2219 1491 2659 1562 percusserunt,
2693 1490 2756 1542 ut
2795 1485 2858 1541 in
2904 1501 2975 1542 eo
3025 1483 3234 1558 culpas
3276 1483 3741 1555 exstinguerent,
3773 1485 3878 1541 sed

2219 1576 2418 1650 potius
2471 1580 2534 1631 ut
2582 1575 2793 1630 merita
2841 1577 3148 1645 augerent.
3186 1572 3319 1639 Sed,
3352 1587 3427 1628 ne
3456 1588 3596 1628 eum
3626 1573 3762 1646 ipsa
3788 1574 3877 1629 in-

2217 1664 2495 1722 nocentia
2544 1664 2602 1719 in
2649 1661 2947 1720 tumorem
2996 1660 3270 1718 elationis
3300 1660 3646 1730 inﬂecteret,
3672 1661 3877 1718 divina

2217 1770 2365 1811 voce
2391 1751 2725 1825 corripitur,
2760 1756 2824 1807 ut
2852 1766 3115 1824 superna
3155 1749 3447 1806 sententia
3476 1753 3532 1804 et
3561 1748 3609 1804 si
3640 1764 3764 1804 non
3792 1752 3884 1804 est

2219 1843 2478 1914 cognita,
2509 1856 2632 1897 non
2660 1844 2860 1896 tamen
2890 1840 3166 1896 credatur
3191 1839 3436 1911 injusta.
3471 1837 3783 1910 Sequitur:

2291 1987 2462 2040 Vens.
2484 1987 2537 2040 4.
2582 1983 2652 2039 Si
2676 1983 2855 2039 habes
2877 1981 3188 2038 brachium
3208 1981 3364 2037 sicut
3390 1981 3568 2047 Deus,
3591 1986 3646 2037 et
3671 1985 3729 2036 si
3743 1995 3884 2036 voce

2218 2075 2404 2130 simili
2430 2079 2621 2130 tonas.
2650 2105 2719 2114 —
2749 2077 2897 2129 Cum
2942 2071 3101 2128 enim
3154 2073 3274 2127 Deo
3318 2087 3438 2127 vox
3476 2074 3535 2126 et
3562 2069 3878 2127 brachium

2219 2164 2452 2230 dicitur,
2485 2161 2819 2220 cavendum
2846 2175 3230 2232 summopere
3261 2163 3352 2216 est
3387 2175 3463 2215 ne
3511 2158 3660 2232 quid
3700 2159 3762 2214 in
3809 2175 3880 2215 eo

2220 2268 2391 2308 mens
2420 2266 2776 2322 corporeum
2803 2248 3158 2321 suspicetur.
3195 2252 3257 2303 In
3286 2247 3881 2320 Antropomorphita-

2221 2358 2354 2397 rum
2394 2355 2659 2412 namque
2702 2339 2979 2394 haeresim
3027 2338 3242 2394 cadere
3268 2340 3357 2393 est
3384 2353 3546 2403 eum,
3578 2337 3684 2410 qui
3709 2336 3882 2393 incir-

2221 2429 2578 2501 cumscripte
2629 2425 2839 2500 implet
2890 2430 2948 2482 et
2997 2425 3412 2499 complectitur
3453 2425 3681 2495 omnia,
3730 2424 3883 2480 inter

2219 2534 2508 2593 corporea
2535 2517 2898 2573 lineamenta
2927 2515 3284 2572 concludere
3310 2533 3324 2584 ;
3361 2515 3468 2571 sed
3497 2514 3881 2588 omnipotens

2221 2612 2394 2676 Deus,
2427 2607 2506 2664 ad
2553 2623 2663 2662 sua
2713 2621 2826 2662 nos
2876 2606 3139 2673 trahens,
3191 2620 3382 2677 usque
3431 2603 3511 2660 ad
3562 2607 3773 2660 nostra
3819 2620 3882 2659 se

2219 2697 2512 2766 humiliat,
2544 2700 2744 2768 atque,
2774 2699 2840 2751 ut
2871 2695 2992 2751 alta
3017 2694 3294 2762 insinuet,
3325 2693 3613 2750 humilius
3632 2692 3884 2749 condes-

2221 2786 2436 2845 cendit.
2463 2784 2628 2842 Unde
2649 2785 2725 2840 sit
2743 2788 2808 2840 ut
2826 2801 2934 2857 per
2955 2784 3322 2856 Scripturam
3348 2799 3524 2840 suam
3548 2781 3882 2855 aliquando

2221 2894 2257 2934 a
2287 2874 2640 2948 corporibus
2682 2875 2958 2929 omnium
2989 2872 3443 2929 similitudinem
3473 2872 3689 2940 trahat,
3719 2875 3786 2927 ut
3814 2871 3878 2927 il-

2220 2965 2326 3022 lud
2355 2982 2367 3021 :
2403 2986 2430 3015 «
2461 2965 2571 3030 Qui
2599 2962 2852 3033 tetigerit
2880 2979 3010 3029 vos,
3036 2961 3227 3032 tangit
3253 2961 3546 3034 pupillam
3577 2959 3732 3017 oculi
3765 2960 3882 3017 mei

2220 3055 2424 3126 (Zach.
2451 3069 2512 3120 ιι,
2545 3055 2644 3113 8)»
2675 3055 2768 3107 et:
2803 3073 2832 3100 ‹‹
2852 3052 2918 3106 In
2949 3050 3209 3122 scapulis
3240 3049 3363 3105 suis
3393 3049 3786 3106 obumbravit
3815 3049 3882 3104 ti-

2220 3143 2282 3199 bi
2310 3143 2494 3214 (Psat.
2529 3156 2620 3207 xc,
2649 3141 2704 3211 4)
2748 3162 2775 3190 ››
2804 3139 3143 3212 Aliquando
3173 3155 3209 3195 a
3237 3139 3565 3208 mentibus,
3598 3142 3663 3194 ut
3693 3137 3881 3193 illud:

2221 3252 2249 3280 «
2273 3228 2638 3286 Recordatus
2706 3244 2840 3283 sum
2896 3226 3003 3297 tui,
3052 3226 3349 3283 miserans
3411 3225 3885 3282 adolescentiam

2218 3323 2386 3376 tuam
2413 3319 2558 3389 (Jer.
2593 3333 2652 3382 ιι,
2681 3316 2760 3388 2).
2779 3339 2808 3366 ››
2849 3315 3188 3389 Aliquando
3217 3314 3296 3371 ab
3326 3313 3563 3382 avibus,
3599 3319 3665 3370 ut
3691 3313 3880 3370 illud:

2222 3430 2249 3458 «
2278 3405 2571 3479 Expendit
2600 3404 2727 3460 alas
2770 3408 2828 3460 et
2871 3404 3101 3476 accepit
3136 3419 3240 3460 eos
3273 3404 3467 3475 (Deut.
3494 3419 3680 3468 xxxii,
3720 3404 3828 3473 tt).
3858 3425 3883 3451 η

2238 3494 2565 3568 tliquando
2613 3493 2792 3549 etiam
2836 3493 2916 3550 ab
2959 3492 3280 3550 insensatis
3325 3492 3527 3560 rebus,
3576 3497 3642 3548 ut
3693 3491 3880 3548 illud:

2225 3605 2252 3634 ‹‹
2278 3586 2424 3638 Ecce
2449 3596 2592 3651 ergo
2624 3580 2886 3637 stridebo
2928 3596 3111 3655 super
3135 3597 3266 3651 vos,
3297 3580 3449 3637 sicut
3477 3581 3686 3637 stridet
3711 3579 3886 3653 plau-

2145 3663 2188 3719 C
2225 3676 2416 3728 strum
2447 3675 2733 3727 onustum
2761 3670 2900 3725 feno
2927 3670 3129 3741 (Amos
3156 3687 3218 3738 ιι,
3247 3671 3395 3741 13).»
3426 3671 3573 3726 Cum
3602 3675 3810 3726 autem
3825 3669 3884 3724 in

2225 3765 2345 3818 Deo
2372 3758 2550 3829 oculi,
2585 3757 2849 3831 scapulae
2895 3763 3075 3832 atque
3111 3759 3220 3816 alae
3265 3758 3678 3826 nominantur,
3712 3758 3884 3814 effec-

2223 3850 2318 3902 tus
2345 3845 2596 3919 quidam
2627 3845 2990 3920 operationis
3019 3845 3387 3916 ostenditur;
3415 3863 3554 3904 cum
3585 3861 3730 3902 vero
3760 3860 3884 3900 ma-

2220 3951 2336 3992 nus
2365 3940 2423 3992 et
2451 3934 2787 4002 brachium,
2815 3935 3060 3993 dextera
3088 3936 3181 3993 vel
3223 3952 3340 3992 vox
3385 3936 3447 3992 in
3477 3939 3596 3992 Deo
3626 3935 3881 3992 dicitur:

2220 4040 2328 4098 per
2354 4024 2482 4080 haec
2512 4023 2807 4080 vocabula
2836 4024 3365 4081 consubstantialis
3402 4025 3534 4096 ejus
3578 4023 3756 4080 Filius
3789 4023 3887 4078 de-

2222 4117 2608 4172 monstratur.
2643 4117 2774 4185 lpse
2802 4112 3028 4186 quippe
3077 4116 3165 4169 est
3195 4128 3414 4169 manus
3438 4116 3496 4169 et
3520 4111 3790 4176 dextera,
3823 4116 3886 4167 ut

2219 4201 2404 4256 illud:
2460 4222 2488 4251 «
2512 4200 2744 4256 Tollam
2774 4200 2837 4257 in
2880 4201 3098 4258 caelum
3149 4217 3403 4258 manum
3448 4216 3651 4257 meam
3682 4203 3882 4271 (Deut.

2217 4306 2398 4358 xxxu,
2430 4292 2540 4361 40),
2557 4313 2585 4339 ››
2617 4295 2710 4346 et:
2750 4309 2771 4342 ι
2796 4290 3022 4346 Jurabo
3046 4306 3154 4363 per
3177 4290 3485 4348 dexteram
3511 4307 3716 4346 meam
3736 4290 3884 4359 (Isa.

2220 4393 2358 4446 Lxu,
2387 4381 2463 4446 8).
2488 4400 2516 4427 »
2547 4378 2678 4450 Ipse
2716 4378 3072 4434 brachium:
3125 4401 3152 4430 ι(
3186 4382 3252 4434 Et
3277 4379 3595 4436 brachium
3619 4378 3886 4442 Domini,

2219 4466 2314 4522 cui
2364 4465 2695 4522 revelatum
2753 4471 2844 4522 est
2897 4466 3036 4539 (Isa.
3095 4483 3302 4537 xxxm,
3365 4469 3485 4538 1).»
3536 4472 3676 4540 Ipsa
3724 4483 3883 4522 vox:

2223 4579 2249 4608 ς
2275 4559 2406 4627 ipse
2453 4555 2620 4622 dixit,
2653 4560 2710 4612 et
2759 4555 2914 4614 facta
2963 4561 3106 4614 sunt
3158 4557 3343 4628 (Psal.
3377 4573 3558 4624 xxxu,
3601 4557 3730 4627 9).»
3765 4559 3887 4612 Deo

2216 4659 2360 4712 ergo
2391 4643 2706 4700 brachium
2755 4645 2976 4702 habere
3006 4649 3094 4702 est
3143 4649 3496 4718 operantem
3539 4645 3752 4702 Filium
3795 4645 3888 4716 gi-

2218 4748 2430 4803 gnere:
2464 4748 2608 4788 voce
2637 4738 2844 4790 tonare
2892 4739 3000 4802 est,
3033 4733 3611 4792 consubstantialem
3664 4735 3783 4791 sibi
3814 4736 3885 4791 ﬁ-

2216 4821 2364 4878 lium
2391 4820 2768 4879 terrilibiliter
2793 4823 3224 4880 demonstrare.
3257 4822 3372 4880 Sed
3395 4839 3535 4880 cum
3559 4823 3741 4881 beato
3769 4824 3890 4882 Job

2186 4909 2332 4965 .ista
2382 4907 2683 4976 dicuntur,
2732 4909 2886 4968 mira
2936 4911 3384 4984 dispensatione
3437 4911 3670 4984 pietatis
3719 4928 3890 4984 eum,

2139 5009 2185 5063 1)
2219 4996 2370 5054 dum
2396 4996 2687 5072 increpat,
2714 4999 2955 5086 exaltat.
2984 4999 3298 5074 Sequitur:

2290 5121 2472 5178 Vens.
2489 5127 2542 5179 5.
2566 5123 2890 5182 Circumda
2912 5125 3022 5181 tibi
3039 5125 3330 5194 decorem,
3348 5132 3403 5183 et
3425 5127 3755 5184 insubtime
3779 5130 3897 5185 eri~

2218 5216 2438 5284 gere,et
2451 5218 2571 5268 esto
2586 5214 2960 5285 gloriosus,et
2975 5215 3250 5285 speciosis
3270 5215 3519 5272 induere
3530 5217 3896 5273 vestibus.—

2222 5299 2523 5357 Subaudis
2545 5306 2608 5358 ut
2636 5317 2750 5373 ego
2775 5321 2788 5370 ;
2824 5303 2953 5376 ipse
2976 5302 3092 5359 sibi
3117 5301 3451 5359 circumdat
3468 5303 3777 5361 decorem.
3815 5309 3899 5362 De

2219 5405 2342 5463 quo
2365 5390 2654 5462 scriptum
2674 5397 2792 5448 est:
2825 5414 2854 5442 «
2882 5392 3168 5448 Dominus
3189 5392 3781 5462 regnavit,decorem
3805 5396 3904 5452 in-

2220 5479 2403 5536 dutus
2433 5484 2522 5536 est
2545 5480 2729 5551 (Psat.
2755 5496 2885 5553 xcu,
2923 5483 3031 5550 1).»
3065 5485 3201 5555 lpse-
3223 5481 3391 5555 apud
3415 5498 3529 5539 nos
3548 5490 3614 5540 in
3634 5485 3901 5543 sublime

2223 5567 2484 5640 erigitur,
2516 5583 2656 5628 cum
2698 5569 2759 5634 in
2813 5569 3032 5631 nostris
3070 5571 3371 5637 mentibus
3418 5571 3481 5636 in
3525 5578 3745 5637 natura
3777 5588 3898 5634 sua
