  <div class='ocr_page' id='page_1' title='image "/cluster/home/n/w/nwhite01/storage/ocr_20150623/133/hvd.32044054759949/246.png"; bbox 0 0 4130 6146; ppageno 0'>
   <div class='ocr_carea' id='block_1_1' title="bbox 240 95 2874 162">
    <p class='ocr_par' dir='ltr' id='par_1_1' title="bbox 240 95 2874 162">
     <span class='ocr_line' id='line_1_1' title="bbox 240 95 2874 162; baseline -0.001 -1"><span class='ocrx_word' id='word_1_1' title='bbox 240 107 318 162; x_wconf 66' lang='grc'><strong>481</strong></span> <span class='ocrx_word' id='word_1_2' title='bbox 1013 101 1310 158; x_wconf 74' lang='lat' dir='ltr'><strong>EPITOME</strong></span> <span class='ocrx_word' id='word_1_3' title='bbox 1347 95 1716 157; x_wconf 73' lang='lat' dir='ltr'><strong>MORALIUM</strong></span> <span class='ocrx_word' id='word_1_4' title='bbox 1754 95 1813 152; x_wconf 91' lang='lat' dir='ltr'><strong>S.</strong></span> <span class='ocrx_word' id='word_1_5' title='bbox 1855 95 2066 154; x_wconf 74' lang='lat' dir='ltr'><strong>GREG.</strong></span> <span class='ocrx_word' id='word_1_6' title='bbox 2096 97 2165 156; x_wconf 84' lang='grc' dir='ltr'><strong>ΙΝ</strong></span> <span class='ocrx_word' id='word_1_7' title='bbox 2199 99 2342 157; x_wconf 77' lang='lat' dir='ltr'><strong>JOB.</strong></span> <span class='ocrx_word' id='word_1_8' title='bbox 2384 130 2457 141; x_wconf 85' lang='lat'><strong>-—</strong></span> <span class='ocrx_word' id='word_1_9' title='bbox 2498 99 2634 156; x_wconf 85' lang='lat' dir='ltr'><strong>LIB.</strong></span> <span class='ocrx_word' id='word_1_10' title='bbox 2671 101 2874 160; x_wconf 79' lang='lat' dir='ltr'><strong>XXXII.</strong></span> 
     </span>
    </p>
   </div>
   <div class='ocr_carea' id='block_1_2' title="bbox 3585 113 3692 168">
    <p class='ocr_par' dir='ltr' id='par_1_2' title="bbox 3585 113 3692 168">
     <span class='ocr_line' id='line_1_2' title="bbox 3585 113 3692 168; baseline 0 0"><span class='ocrx_word' id='word_1_11' title='bbox 3585 113 3692 168; x_wconf 70' lang='grc'><strong>482</strong></span> 
     </span>
    </p>
   </div>
   <div class='ocr_carea' id='block_1_3' title="bbox 236 215 3690 298">
    <p class='ocr_par' dir='ltr' id='par_1_3' title="bbox 236 215 3690 298">
     <span class='ocr_line' id='line_1_3' title="bbox 236 215 3690 298; baseline -0.001 -18"><span class='ocrx_word' id='word_1_12' title='bbox 236 239 349 281; x_wconf 89' lang='lat' dir='ltr'><strong>esse</strong></span> <span class='ocrx_word' id='word_1_13' title='bbox 374 217 857 295; x_wconf 83' lang='lat' dir='ltr'><strong>impenetrabilis</strong></span> <span class='ocrx_word' id='word_1_14' title='bbox 873 217 1334 276; x_wconf 76' lang='lat' dir='ltr'><strong>demonstratur.</strong></span> <span class='ocrx_word' id='word_1_15' title='bbox 1358 221 1487 293; x_wconf 89' lang='lat' dir='ltr'><strong>Ipse</strong></span> <span class='ocrx_word' id='word_1_16' title='bbox 1512 233 1653 274; x_wconf 80' lang='lat' dir='ltr'><strong>vero</strong></span> <span class='ocrx_word' id='word_1_17' title='bbox 1671 215 1896 286; x_wconf 80' lang='lat' dir='ltr'><strong>glorio-</strong></span> <span class='ocrx_word' id='word_1_18' title='bbox 1924 219 1974 273; x_wconf 84' lang='lat' dir='ltr'><strong>A</strong></span> <span class='ocrx_word' id='word_1_19' title='bbox 2015 218 2290 276; x_wconf 84' lang='lat' dir='ltr'><strong>terribilia</strong></span> <span class='ocrx_word' id='word_1_20' title='bbox 2315 219 2450 277; x_wconf 60' lang='lat' dir='ltr'><strong>haec</strong></span> <span class='ocrx_word' id='word_1_21' title='bbox 2475 219 2670 276; x_wconf 88' lang='lat' dir='ltr'><strong>facere</strong></span> <span class='ocrx_word' id='word_1_22' title='bbox 2701 219 2838 292; x_wconf 90' lang='lat' dir='ltr'><strong>ipsa</strong></span> <span class='ocrx_word' id='word_1_23' title='bbox 2876 238 3013 295; x_wconf 70' lang='lat' dir='ltr'><strong>quas</strong></span> <span class='ocrx_word' id='word_1_24' title='bbox 3044 226 3280 298; x_wconf 74' lang='lat' dir='ltr'><strong>pertuli,</strong></span> <span class='ocrx_word' id='word_1_25' title='bbox 3328 228 3435 286; x_wconf 80' lang='lat' dir='ltr'><strong>tibi</strong></span> <span class='ocrx_word' id='word_1_26' title='bbox 3482 233 3539 286; x_wconf 76' lang='lat' dir='ltr'><strong>et</strong></span> <span class='ocrx_word' id='word_1_27' title='bbox 3565 245 3690 288; x_wconf 79' lang='lat' dir='ltr'><strong>non</strong></span> 
     </span>
    </p>
   </div>
   <div class='ocr_carea' id='block_1_4' title="bbox 234 303 1893 382">
    <p class='ocr_par' dir='ltr' id='par_1_4' title="bbox 234 303 1893 382">
     <span class='ocr_line' id='line_1_4' title="bbox 234 303 1893 382; baseline -0.006 -13"><span class='ocrx_word' id='word_1_28' title='bbox 234 330 318 369; x_wconf 86' lang='lat' dir='ltr'><strong>sus</strong></span> <span class='ocrx_word' id='word_1_29' title='bbox 343 317 449 377; x_wconf 85' lang='lat' dir='ltr'><strong>est,</strong></span> <span class='ocrx_word' id='word_1_30' title='bbox 483 309 593 382; x_wconf 85' lang='lat' dir='ltr'><strong>qui</strong></span> <span class='ocrx_word' id='word_1_31' title='bbox 624 308 773 365; x_wconf 91' lang='lat' dir='ltr'><strong>dum</strong></span> <span class='ocrx_word' id='word_1_32' title='bbox 804 307 999 380; x_wconf 88' lang='lat' dir='ltr'><strong>seipso</strong></span> <span class='ocrx_word' id='word_1_33' title='bbox 1026 309 1366 381; x_wconf 81' lang='lat' dir='ltr'><strong>perfruitur,</strong></span> <span class='ocrx_word' id='word_1_34' title='bbox 1399 305 1727 364; x_wconf 89' lang='lat' dir='ltr'><strong>accidentis</strong></span> <span class='ocrx_word' id='word_1_35' title='bbox 1760 303 1893 360; x_wconf 92' lang='lat' dir='ltr'><strong>lau-</strong></span> 
     </span>
    </p>
   </div>
   <div class='ocr_carea' id='block_1_5' title="bbox 232 393 1897 469">
    <p class='ocr_par' dir='ltr' id='par_1_5' title="bbox 232 393 1897 469">
     <span class='ocr_line' id='line_1_5' title="bbox 232 393 1897 469; baseline -0.006 -11"><span class='ocrx_word' id='word_1_36' title='bbox 232 403 312 459; x_wconf 90' lang='lat' dir='ltr'><strong>dis</strong></span> <span class='ocrx_word' id='word_1_37' title='bbox 339 399 628 469; x_wconf 81' lang='lat' dir='ltr'><strong>indigens</strong></span> <span class='ocrx_word' id='word_1_38' title='bbox 662 413 786 454; x_wconf 93' lang='lat' dir='ltr'><strong>non</strong></span> <span class='ocrx_word' id='word_1_39' title='bbox 816 400 922 452; x_wconf 88' lang='lat' dir='ltr'><strong>est.</strong></span> <span class='ocrx_word' id='word_1_40' title='bbox 950 396 1082 469; x_wconf 86' lang='lat' dir='ltr'><strong>Ipse</strong></span> <span class='ocrx_word' id='word_1_41' title='bbox 1114 399 1386 468; x_wconf 79' lang='lat' dir='ltr'><strong>speciosis</strong></span> <span class='ocrx_word' id='word_1_42' title='bbox 1415 395 1688 452; x_wconf 85' lang='lat' dir='ltr'><strong>induitur</strong></span> <span class='ocrx_word' id='word_1_43' title='bbox 1727 393 1897 448; x_wconf 73' lang='lat' dir='ltr'><strong>cesti-</strong></span> 
     </span>
    </p>
   </div>
   <div class='ocr_carea' id='block_1_6' title="bbox 235 481 1896 561">
    <p class='ocr_par' dir='ltr' id='par_1_6' title="bbox 235 481 1896 561">
     <span class='ocr_line' id='line_1_6' title="bbox 235 481 1896 561; baseline -0.006 -16"><span class='ocrx_word' id='word_1_44' title='bbox 235 491 350 558; x_wconf 81' lang='lat' dir='ltr'><strong>bus,</strong></span> <span class='ocrx_word' id='word_1_45' title='bbox 377 487 488 561; x_wconf 89' lang='lat' dir='ltr'><strong>qui</strong></span> <span class='ocrx_word' id='word_1_46' title='bbox 516 489 868 542; x_wconf 88' lang='lat' dir='ltr'><strong>sanctorum</strong></span> <span class='ocrx_word' id='word_1_47' title='bbox 891 485 1105 541; x_wconf 91' lang='lat' dir='ltr'><strong>choros</strong></span> <span class='ocrx_word' id='word_1_48' title='bbox 1135 502 1288 558; x_wconf 90' lang='lat' dir='ltr'><strong>quos</strong></span> <span class='ocrx_word' id='word_1_49' title='bbox 1311 483 1598 547; x_wconf 88' lang='lat' dir='ltr'><strong>condidit,</strong></span> <span class='ocrx_word' id='word_1_50' title='bbox 1623 481 1683 536; x_wconf 88' lang='lat' dir='ltr'><strong>in</strong></span> <span class='ocrx_word' id='word_1_51' title='bbox 1710 497 1896 536; x_wconf 89' lang='lat' dir='ltr'><strong>usum</strong></span> 
     </span>
    </p>
   </div>
   <div class='ocr_carea' id='block_1_7' title="bbox 233 572 1894 647">
    <p class='ocr_par' dir='ltr' id='par_1_7' title="bbox 233 572 1894 647">
     <span class='ocr_line' id='line_1_7' title="bbox 233 572 1894 647; baseline -0.006 -12"><span class='ocrx_word' id='word_1_52' title='bbox 233 579 319 635; x_wconf 90' lang='lat' dir='ltr'><strong>sui</strong></span> <span class='ocrx_word' id='word_1_53' title='bbox 338 576 580 634; x_wconf 86' lang='lat' dir='ltr'><strong>decoris</strong></span> <span class='ocrx_word' id='word_1_54' title='bbox 623 574 971 647; x_wconf 87' lang='lat' dir='ltr'><strong>assumpsit,</strong></span> <span class='ocrx_word' id='word_1_55' title='bbox 997 590 1052 630; x_wconf 77' lang='lat' dir='ltr'><strong>et</strong></span> <span class='ocrx_word' id='word_1_56' title='bbox 1074 573 1229 630; x_wconf 85' lang='lat' dir='ltr'><strong>velut</strong></span> <span class='ocrx_word' id='word_1_57' title='bbox 1278 572 1615 647; x_wconf 86' lang='lat' dir='ltr'><strong>quamdam</strong></span> <span class='ocrx_word' id='word_1_58' title='bbox 1648 574 1894 640; x_wconf 81' lang='lat' dir='ltr'><strong>vestem,</strong></span> 
     </span>
    </p>
   </div>
   <div class='ocr_carea' id='block_1_8' title="bbox 233 659 1896 740">
    <p class='ocr_par' dir='ltr' id='par_1_8' title="bbox 233 659 1896 740">
     <span class='ocr_line' id='line_1_8' title="bbox 233 659 1896 740; baseline -0.005 -17"><span class='ocrx_word' id='word_1_59' title='bbox 233 666 555 740; x_wconf 83' lang='lat' dir='ltr'><strong>gloriosam</strong></span> <span class='ocrx_word' id='word_1_60' title='bbox 588 664 705 720; x_wconf 88' lang='lat' dir='ltr'><strong>sibi</strong></span> <span class='ocrx_word' id='word_1_61' title='bbox 765 663 1080 719; x_wconf 82' lang='lat' dir='ltr'><strong>Ecclesiam</strong></span> <span class='ocrx_word' id='word_1_62' title='bbox 1132 663 1387 719; x_wconf 85' lang='lat' dir='ltr'><strong>exhibet.</strong></span> <span class='ocrx_word' id='word_1_63' title='bbox 1448 665 1631 718; x_wconf 83' lang='lat' dir='ltr'><strong>«Non</strong></span> <span class='ocrx_word' id='word_1_64' title='bbox 1663 659 1896 715; x_wconf 88' lang='lat' dir='ltr'><strong>haben-</strong></span> 
     </span>
    </p>
   </div>
   <div class='ocr_carea' id='block_1_9' title="bbox 231 747 1897 822">
    <p class='ocr_par' dir='ltr' id='par_1_9' title="bbox 231 747 1897 822">
     <span class='ocr_line' id='line_1_9' title="bbox 231 747 1897 822; baseline -0.007 -8"><span class='ocrx_word' id='word_1_65' title='bbox 231 763 340 814; x_wconf 87' lang='lat' dir='ltr'><strong>tem</strong></span> <span class='ocrx_word' id='word_1_66' title='bbox 367 753 684 811; x_wconf 83' lang='lat' dir='ltr'><strong>maculam</strong></span> <span class='ocrx_word' id='word_1_67' title='bbox 729 758 832 808; x_wconf 90' lang='lat' dir='ltr'><strong>aut</strong></span> <span class='ocrx_word' id='word_1_68' title='bbox 874 768 1088 822; x_wconf 84' lang='lat' dir='ltr'><strong>rugam</strong></span> <span class='ocrx_word' id='word_1_69' title='bbox 1125 753 1358 822; x_wconf 85' lang='lat' dir='ltr'><strong>(Ephes.</strong></span> <span class='ocrx_word' id='word_1_70' title='bbox 1419 768 1476 815; x_wconf 88' lang='lat' dir='ltr'><strong>v,</strong></span> <span class='ocrx_word' id='word_1_71' title='bbox 1503 755 1619 815; x_wconf 77' lang='lat'><strong>27).</strong></span> <span class='ocrx_word' id='word_1_72' title='bbox 1650 770 1676 798; x_wconf 74' lang='grc' dir='ltr'><strong>ιι</strong></span> <span class='ocrx_word' id='word_1_73' title='bbox 1731 747 1897 804; x_wconf 90' lang='lat' dir='ltr'><strong>Unde</strong></span> 
     </span>
    </p>
   </div>
   <div class='ocr_carea' id='block_1_10' title="bbox 231 837 1896 920">
    <p class='ocr_par' dir='ltr' id='par_1_10' title="bbox 231 837 1896 920">
     <span class='ocr_line' id='line_1_10' title="bbox 231 837 1896 920; baseline -0.007 -16"><span class='ocrx_word' id='word_1_74' title='bbox 231 852 283 904; x_wconf 88' lang='lat' dir='ltr'><strong>et</strong></span> <span class='ocrx_word' id='word_1_75' title='bbox 302 861 408 920; x_wconf 88' lang='lat' dir='ltr'><strong>per</strong></span> <span class='ocrx_word' id='word_1_76' title='bbox 439 843 810 916; x_wconf 87' lang='lat' dir='ltr'><strong>Prophetam</strong></span> <span class='ocrx_word' id='word_1_77' title='bbox 842 841 1054 897; x_wconf 89' lang='lat' dir='ltr'><strong>dicitur</strong></span> <span class='ocrx_word' id='word_1_78' title='bbox 1087 860 1100 897; x_wconf 93' lang='lat'><strong>:</strong></span> <span class='ocrx_word' id='word_1_79' title='bbox 1152 864 1177 890; x_wconf 91' lang='grc'><strong>‹‹</strong></span> <span class='ocrx_word' id='word_1_80' title='bbox 1213 841 1658 898; x_wconf 84' lang='lat' dir='ltr'><strong>Confessionem</strong></span> <span class='ocrx_word' id='word_1_81' title='bbox 1709 843 1766 894; x_wconf 91' lang='lat' dir='ltr'><strong>et</strong></span> <span class='ocrx_word' id='word_1_82' title='bbox 1790 837 1896 894; x_wconf 85' lang='lat' dir='ltr'><strong>de-</strong></span> 
     </span>
    </p>
   </div>
   <div class='ocr_carea' id='block_1_11' title="bbox 231 930 1391 1001">
    <p class='ocr_par' dir='ltr' id='par_1_11' title="bbox 231 930 1391 1001">
     <span class='ocr_line' id='line_1_11' title="bbox 231 930 1391 1001; baseline -0.008 -10"><span class='ocrx_word' id='word_1_83' title='bbox 231 950 428 991; x_wconf 91' lang='lat' dir='ltr'><strong>corem</strong></span> <span class='ocrx_word' id='word_1_84' title='bbox 460 931 734 996; x_wconf 87' lang='lat' dir='ltr'><strong>induisti,</strong></span> <span class='ocrx_word' id='word_1_85' title='bbox 761 953 789 978; x_wconf 89' lang='grc'><strong>››</strong></span> <span class='ocrx_word' id='word_1_86' title='bbox 816 934 924 984; x_wconf 87' lang='lat' dir='ltr'><strong>etc.</strong></span> <span class='ocrx_word' id='word_1_87' title='bbox 958 930 1139 1001; x_wconf 88' lang='lat' dir='ltr'><strong>(Psal.</strong></span> <span class='ocrx_word' id='word_1_88' title='bbox 1175 945 1287 996; x_wconf 83' lang='lat' dir='ltr'><strong>cui,</strong></span> <span class='ocrx_word' id='word_1_89' title='bbox 1320 931 1391 1000; x_wconf 88' lang='lat'><strong>1).</strong></span> 
     </span>
    </p>
   </div>
   <div class='ocr_carea' id='block_1_12' title="bbox 295 1020 1897 1090">
    <p class='ocr_par' dir='ltr' id='par_1_12' title="bbox 295 1020 1897 1090">
     <span class='ocr_line' id='line_1_12' title="bbox 295 1020 1897 1090; baseline -0.004 -13"><span class='ocrx_word' id='word_1_90' title='bbox 295 1025 476 1080; x_wconf 71' lang='lat' dir='ltr'><strong>Vens.</strong></span> <span class='ocrx_word' id='word_1_91' title='bbox 515 1027 567 1078; x_wconf 88' lang='lat'><strong>6.</strong></span> <span class='ocrx_word' id='word_1_92' title='bbox 622 1022 914 1090; x_wconf 80' lang='lat' dir='ltr'><strong>Disperge</strong></span> <span class='ocrx_word' id='word_1_93' title='bbox 966 1020 1247 1090; x_wconf 84' lang='lat' dir='ltr'><strong>superbos</strong></span> <span class='ocrx_word' id='word_1_94' title='bbox 1293 1021 1355 1075; x_wconf 80' lang='lat' dir='ltr'><strong>in</strong></span> <span class='ocrx_word' id='word_1_95' title='bbox 1407 1020 1620 1089; x_wconf 81' lang='lat' dir='ltr'><strong>furore</strong></span> <span class='ocrx_word' id='word_1_96' title='bbox 1672 1024 1792 1073; x_wconf 86' lang='lat' dir='ltr'><strong>tuo.</strong></span> <span class='ocrx_word' id='word_1_97' title='bbox 1828 1049 1897 1057; x_wconf 90' lang='lat'><strong>——</strong></span> 
     </span>
    </p>
   </div>
   <div class='ocr_carea' id='block_1_13' title="bbox 227 1107 1896 1181">
    <p class='ocr_par' dir='ltr' id='par_1_13' title="bbox 227 1107 1896 1181">
     <span class='ocr_line' id='line_1_13' title="bbox 227 1107 1896 1181; baseline -0.005 -10"><span class='ocrx_word' id='word_1_98' title='bbox 227 1111 536 1172; x_wconf 83' lang='lat' dir='ltr'><strong>Subaudis</strong></span> <span class='ocrx_word' id='word_1_99' title='bbox 576 1114 640 1166; x_wconf 94' lang='lat' dir='ltr'><strong>ut</strong></span> <span class='ocrx_word' id='word_1_100' title='bbox 678 1124 814 1178; x_wconf 92' lang='lat' dir='ltr'><strong>ego,</strong></span> <span class='ocrx_word' id='word_1_101' title='bbox 845 1107 949 1181; x_wconf 90' lang='lat' dir='ltr'><strong>qui</strong></span> <span class='ocrx_word' id='word_1_102' title='bbox 997 1125 1098 1164; x_wconf 92' lang='lat' dir='ltr'><strong>eos</strong></span> <span class='ocrx_word' id='word_1_103' title='bbox 1141 1107 1578 1180; x_wconf 85' lang='lat' dir='ltr'><strong>tranquillitatis</strong></span> <span class='ocrx_word' id='word_1_104' title='bbox 1628 1112 1896 1179; x_wconf 89' lang='lat' dir='ltr'><strong>tempore</strong></span> 
     </span>
    </p>
   </div>
   <div class='ocr_carea' id='block_1_14' title="bbox 179 1195 1897 1269">
    <p class='ocr_par' dir='ltr' id='par_1_14' title="bbox 179 1195 1897 1269">
     <span class='ocr_line' id='line_1_14' title="bbox 179 1195 1897 1269; baseline -0.006 -9"><span class='ocrx_word' id='word_1_105' title='bbox 179 1217 183 1222; x_wconf 81' lang='lat'><strong>‘</strong></span> <span class='ocrx_word' id='word_1_106' title='bbox 220 1202 490 1260; x_wconf 88' lang='lat' dir='ltr'><strong>immites</strong></span> <span class='ocrx_word' id='word_1_107' title='bbox 521 1203 732 1256; x_wconf 86' lang='lat' dir='ltr'><strong>contra</strong></span> <span class='ocrx_word' id='word_1_108' title='bbox 764 1214 858 1254; x_wconf 92' lang='lat' dir='ltr'><strong>me</strong></span> <span class='ocrx_word' id='word_1_109' title='bbox 888 1197 1093 1268; x_wconf 89' lang='lat' dir='ltr'><strong>tolero,</strong></span> <span class='ocrx_word' id='word_1_110' title='bbox 1117 1201 1173 1254; x_wconf 93' lang='lat' dir='ltr'><strong>et</strong></span> <span class='ocrx_word' id='word_1_111' title='bbox 1203 1197 1504 1252; x_wconf 88' lang='lat' dir='ltr'><strong>districtus</strong></span> <span class='ocrx_word' id='word_1_112' title='bbox 1524 1195 1897 1269; x_wconf 88' lang='lat' dir='ltr'><strong>quandoque</strong></span> 
     </span>
    </p>
   </div>
   <div class='ocr_carea' id='block_1_15' title="bbox 221 1285 1896 1358">
    <p class='ocr_par' dir='ltr' id='par_1_15' title="bbox 221 1285 1896 1358">
     <span class='ocr_line' id='line_1_15' title="bbox 221 1285 1896 1358; baseline -0.005 -10"><span class='ocrx_word' id='word_1_113' title='bbox 221 1291 499 1356; x_wconf 83' lang='lat' dir='ltr'><strong>veniens,</strong></span> <span class='ocrx_word' id='word_1_114' title='bbox 533 1289 596 1344; x_wconf 92' lang='lat' dir='ltr'><strong>in</strong></span> <span class='ocrx_word' id='word_1_115' title='bbox 620 1303 757 1343; x_wconf 89' lang='lat' dir='ltr'><strong>meo</strong></span> <span class='ocrx_word' id='word_1_116' title='bbox 785 1302 888 1342; x_wconf 90' lang='lat' dir='ltr'><strong>eos</strong></span> <span class='ocrx_word' id='word_1_117' title='bbox 921 1285 1116 1342; x_wconf 78' lang='lat' dir='ltr'><strong>furore</strong></span> <span class='ocrx_word' id='word_1_118' title='bbox 1147 1285 1450 1358; x_wconf 86' lang='lat' dir='ltr'><strong>dispergo.</strong></span> <span class='ocrx_word' id='word_1_119' title='bbox 1499 1285 1667 1341; x_wconf 86' lang='lat' dir='ltr'><strong>Absit</strong></span> <span class='ocrx_word' id='word_1_120' title='bbox 1695 1290 1896 1340; x_wconf 91' lang='lat' dir='ltr'><strong>autem</strong></span> 
     </span>
    </p>
   </div>
   <div class='ocr_carea' id='block_1_16' title="bbox 219 1374 1900 1453">
    <p class='ocr_par' dir='ltr' id='par_1_16' title="bbox 219 1374 1900 1453">
     <span class='ocr_line' id='line_1_16' title="bbox 219 1374 1900 1453; baseline -0.005 -16"><span class='ocrx_word' id='word_1_121' title='bbox 219 1386 285 1437; x_wconf 90' lang='lat' dir='ltr'><strong>ut</strong></span> <span class='ocrx_word' id='word_1_122' title='bbox 313 1380 461 1453; x_wconf 89' lang='lat' dir='ltr'><strong>quis</strong></span> <span class='ocrx_word' id='word_1_123' title='bbox 493 1377 700 1434; x_wconf 89' lang='lat' dir='ltr'><strong>credat</strong></span> <span class='ocrx_word' id='word_1_124' title='bbox 728 1375 894 1449; x_wconf 92' lang='lat' dir='ltr'><strong>quod</strong></span> <span class='ocrx_word' id='word_1_125' title='bbox 939 1375 998 1431; x_wconf 91' lang='lat' dir='ltr'><strong>in</strong></span> <span class='ocrx_word' id='word_1_126' title='bbox 1044 1374 1144 1431; x_wconf 90' lang='lat' dir='ltr'><strong>illa</strong></span> <span class='ocrx_word' id='word_1_127' title='bbox 1181 1374 1505 1431; x_wconf 84' lang='lat' dir='ltr'><strong>divinitatis</strong></span> <span class='ocrx_word' id='word_1_128' title='bbox 1561 1374 1900 1430; x_wconf 79' lang='lat' dir='ltr'><strong>substantia</strong></span> 
     </span>
    </p>
   </div>
   <div class='ocr_carea' id='block_1_17' title="bbox 219 1463 1898 1539">
    <p class='ocr_par' dir='ltr' id='par_1_17' title="bbox 219 1463 1898 1539">
     <span class='ocr_line' id='line_1_17' title="bbox 219 1463 1898 1539; baseline -0.005 -13"><span class='ocrx_word' id='word_1_129' title='bbox 219 1471 425 1528; x_wconf 81' lang='lat' dir='ltr'><strong>furore</strong></span> <span class='ocrx_word' id='word_1_130' title='bbox 454 1464 851 1539; x_wconf 81' lang='lat' dir='ltr'><strong>tranquillitas</strong></span> <span class='ocrx_word' id='word_1_131' title='bbox 882 1464 1161 1520; x_wconf 87' lang='lat' dir='ltr'><strong>varietur.</strong></span> <span class='ocrx_word' id='word_1_132' title='bbox 1216 1464 1357 1520; x_wconf 83' lang='lat' dir='ltr'><strong>Hinc</strong></span> <span class='ocrx_word' id='word_1_133' title='bbox 1406 1464 1566 1520; x_wconf 91' lang='lat' dir='ltr'><strong>enim</strong></span> <span class='ocrx_word' id='word_1_134' title='bbox 1608 1463 1898 1535; x_wconf 91' lang='lat' dir='ltr'><strong>scriptum</strong></span> 
     </span>
    </p>
   </div>
   <div class='ocr_carea' id='block_1_18' title="bbox 2009 308 3690 393">
    <p class='ocr_par' dir='ltr' id='par_1_18' title="bbox 2009 308 3690 393">
     <span class='ocr_line' id='line_1_18' title="bbox 2009 308 3690 393; baseline 0.008 -30"><span class='ocrx_word' id='word_1_135' title='bbox 2009 308 2157 364; x_wconf 91' lang='lat' dir='ltr'><strong>mihi</strong></span> <span class='ocrx_word' id='word_1_136' title='bbox 2185 309 2415 382; x_wconf 86' lang='lat' dir='ltr'><strong>deputo</strong></span> <span class='ocrx_word' id='word_1_137' title='bbox 2445 309 2614 366; x_wconf 90' lang='lat' dir='ltr'><strong>bona</strong></span> <span class='ocrx_word' id='word_1_138' title='bbox 2643 310 2854 366; x_wconf 88' lang='lat' dir='ltr'><strong>omnia</strong></span> <span class='ocrx_word' id='word_1_139' title='bbox 2882 329 3022 385; x_wconf 57' lang='lat' dir='ltr'><strong>quas</strong></span> <span class='ocrx_word' id='word_1_140' title='bbox 3055 315 3260 373; x_wconf 83' lang='lat' dir='ltr'><strong>fecisti.</strong></span> <span class='ocrx_word' id='word_1_141' title='bbox 3307 318 3360 374; x_wconf 90' lang='lat' dir='ltr'><strong>Si</strong></span> <span class='ocrx_word' id='word_1_142' title='bbox 3385 335 3524 375; x_wconf 89' lang='lat' dir='ltr'><strong>vero</strong></span> <span class='ocrx_word' id='word_1_143' title='bbox 3553 336 3690 393; x_wconf 90' lang='lat' dir='ltr'><strong>pec-</strong></span> 
     </span>
    </p>
   </div>
   <div class='ocr_carea' id='block_1_19' title="bbox 2010 397 3690 480">
    <p class='ocr_par' dir='ltr' id='par_1_19' title="bbox 2010 397 3690 480">
     <span class='ocr_line' id='line_1_19' title="bbox 2010 397 3690 480; baseline 0.007 -28"><span class='ocrx_word' id='word_1_144' title='bbox 2010 403 2214 454; x_wconf 85' lang='lat' dir='ltr'><strong>cantes</strong></span> <span class='ocrx_word' id='word_1_145' title='bbox 2243 398 2398 455; x_wconf 90' lang='lat' dir='ltr'><strong>alios</strong></span> <span class='ocrx_word' id='word_1_146' title='bbox 2419 397 2806 472; x_wconf 90' lang='lat' dir='ltr'><strong>respiciendo</strong></span> <span class='ocrx_word' id='word_1_147' title='bbox 2836 416 2960 456; x_wconf 92' lang='lat' dir='ltr'><strong>non</strong></span> <span class='ocrx_word' id='word_1_148' title='bbox 2989 408 3160 476; x_wconf 91' lang='lat' dir='ltr'><strong>potes</strong></span> <span class='ocrx_word' id='word_1_149' title='bbox 3189 406 3456 478; x_wconf 91' lang='lat' dir='ltr'><strong>perdere,</strong></span> <span class='ocrx_word' id='word_1_150' title='bbox 3501 407 3690 480; x_wconf 90' lang='lat' dir='ltr'><strong>liquet</strong></span> 
     </span>
    </p>
   </div>
   <div class='ocr_carea' id='block_1_20' title="bbox 2007 486 3684 560">
    <p class='ocr_par' dir='ltr' id='par_1_20' title="bbox 2007 486 3684 560">
     <span class='ocr_line' id='line_1_20' title="bbox 2007 486 3684 560; baseline 0.007 -18"><span class='ocrx_word' id='word_1_151' title='bbox 2007 486 2174 558; x_wconf 90' lang='lat' dir='ltr'><strong>quod</strong></span> <span class='ocrx_word' id='word_1_152' title='bbox 2202 491 2374 544; x_wconf 89' lang='lat' dir='ltr'><strong>reatu</strong></span> <span class='ocrx_word' id='word_1_153' title='bbox 2403 487 2694 560; x_wconf 76' lang='lat' dir='ltr'><strong>nequitias</strong></span> <span class='ocrx_word' id='word_1_154' title='bbox 2729 492 2832 545; x_wconf 91' lang='lat' dir='ltr'><strong>tua</strong></span> <span class='ocrx_word' id='word_1_155' title='bbox 2858 494 2911 545; x_wconf 91' lang='lat' dir='ltr'><strong>te</strong></span> <span class='ocrx_word' id='word_1_156' title='bbox 2951 490 3162 550; x_wconf 77' lang='lat' dir='ltr'><strong>virtute</strong></span> <span class='ocrx_word' id='word_1_157' title='bbox 3209 511 3331 552; x_wconf 92' lang='lat' dir='ltr'><strong>non</strong></span> <span class='ocrx_word' id='word_1_158' title='bbox 3377 496 3684 552; x_wconf 89' lang='lat' dir='ltr'><strong>liberares.</strong></span> 
     </span>
    </p>
   </div>
   <div class='ocr_carea' id='block_1_21' title="bbox 2012 576 2341 649">
    <p class='ocr_par' dir='ltr' id='par_1_21' title="bbox 2012 576 2341 649">
     <span class='ocr_line' id='line_1_21' title="bbox 2012 576 2341 649; baseline 0 -17"><span class='ocrx_word' id='word_1_159' title='bbox 2012 576 2292 649; x_wconf 88' lang='lat' dir='ltr'><strong>Sequitur</strong></span> <span class='ocrx_word' id='word_1_160' title='bbox 2327 593 2341 632; x_wconf 91' lang='lat'><strong>:</strong></span> 
     </span>
    </p>
   </div>
   <div class='ocr_carea' id='block_1_22' title="bbox 2079 665 3689 742">
    <p class='ocr_par' dir='ltr' id='par_1_22' title="bbox 2079 665 3689 742">
     <span class='ocr_line' id='line_1_22' title="bbox 2079 665 3689 742; baseline 0.006 -22"><span class='ocrx_word' id='word_1_161' title='bbox 2079 667 2247 722; x_wconf 74' lang='lat' dir='ltr'><strong>Vens.</strong></span> <span class='ocrx_word' id='word_1_162' title='bbox 2288 669 2375 722; x_wconf 83' lang='lat'><strong>10.</strong></span> <span class='ocrx_word' id='word_1_163' title='bbox 2419 665 2574 722; x_wconf 85' lang='lat' dir='ltr'><strong>Ecce</strong></span> <span class='ocrx_word' id='word_1_164' title='bbox 2619 666 2948 724; x_wconf 81' lang='lat' dir='ltr'><strong>Behemoth</strong></span> <span class='ocrx_word' id='word_1_165' title='bbox 2995 687 3166 742; x_wconf 85' lang='lat' dir='ltr'><strong>quem</strong></span> <span class='ocrx_word' id='word_1_166' title='bbox 3205 673 3327 742; x_wconf 81' lang='lat' dir='ltr'><strong>feci</strong></span> <span class='ocrx_word' id='word_1_167' title='bbox 3372 679 3582 730; x_wconf 85' lang='lat' dir='ltr'><strong>tecum.</strong></span> <span class='ocrx_word' id='word_1_168' title='bbox 3611 704 3689 714; x_wconf 92' lang='lat'><em>—</em></span> 
     </span>
    </p>
   </div>
   <div class='ocr_carea' id='block_1_23' title="bbox 2009 753 3686 833">
    <p class='ocr_par' dir='ltr' id='par_1_23' title="bbox 2009 753 3686 833">
     <span class='ocr_line' id='line_1_23' title="bbox 2009 753 3686 833; baseline 0.005 -25"><span class='ocrx_word' id='word_1_169' title='bbox 2009 754 2199 820; x_wconf 85' lang='lat' dir='ltr'><strong>Quem</strong></span> <span class='ocrx_word' id='word_1_170' title='bbox 2229 753 2344 810; x_wconf 88' lang='lat' dir='ltr'><strong>sub</strong></span> <span class='ocrx_word' id='word_1_171' title='bbox 2377 753 2708 810; x_wconf 89' lang='lat' dir='ltr'><strong>Behemoth</strong></span> <span class='ocrx_word' id='word_1_172' title='bbox 2736 756 3002 828; x_wconf 86' lang='lat' dir='ltr'><strong>nomine,</strong></span> <span class='ocrx_word' id='word_1_173' title='bbox 3054 759 3166 816; x_wconf 89' lang='lat' dir='ltr'><strong>nisi</strong></span> <span class='ocrx_word' id='word_1_174' title='bbox 3205 761 3518 833; x_wconf 88' lang='lat' dir='ltr'><strong>antiquum</strong></span> <span class='ocrx_word' id='word_1_175' title='bbox 3572 763 3686 817; x_wconf 92' lang='lat' dir='ltr'><strong>ho-</strong></span> 
     </span>
    </p>
   </div>
   <div class='ocr_carea' id='block_1_24' title="bbox 2009 843 3684 918">
    <p class='ocr_par' dir='ltr' id='par_1_24' title="bbox 2009 843 3684 918">
     <span class='ocr_line' id='line_1_24' title="bbox 2009 843 3684 918; baseline 0.005 -20"><span class='ocrx_word' id='word_1_176' title='bbox 2009 847 2158 899; x_wconf 89' lang='lat' dir='ltr'><strong>stem</strong></span> <span class='ocrx_word' id='word_1_177' title='bbox 2182 843 2473 910; x_wconf 90' lang='lat' dir='ltr'><strong>insinuat,</strong></span> <span class='ocrx_word' id='word_1_178' title='bbox 2505 843 2612 916; x_wconf 90' lang='lat' dir='ltr'><strong>qui</strong></span> <span class='ocrx_word' id='word_1_179' title='bbox 2643 843 3065 918; x_wconf 78' lang='lat' dir='ltr'><strong>interpretatus</strong></span> <span class='ocrx_word' id='word_1_180' title='bbox 3114 866 3186 905; x_wconf 84' lang='lat' dir='ltr'><strong>ex</strong></span> <span class='ocrx_word' id='word_1_181' title='bbox 3235 849 3482 906; x_wconf 65' lang='lat' dir='ltr'><strong>Hebraea</strong></span> <span class='ocrx_word' id='word_1_182' title='bbox 3535 866 3684 906; x_wconf 92' lang='lat' dir='ltr'><strong>voce</strong></span> 
     </span>
    </p>
   </div>
   <div class='ocr_carea' id='block_1_25' title="bbox 2007 931 3685 1001">
    <p class='ocr_par' dir='ltr' id='par_1_25' title="bbox 2007 931 3685 1001">
     <span class='ocr_line' id='line_1_25' title="bbox 2007 931 3685 1001; baseline 0.004 -13"><span class='ocrx_word' id='word_1_183' title='bbox 2007 931 2069 988; x_wconf 91' lang='lat' dir='ltr'><strong>in</strong></span> <span class='ocrx_word' id='word_1_184' title='bbox 2095 932 2302 989; x_wconf 89' lang='lat' dir='ltr'><strong>Latina</strong></span> <span class='ocrx_word' id='word_1_185' title='bbox 2325 932 2556 1001; x_wconf 85' lang='lat' dir='ltr'><strong>lingua,</strong></span> <span class='ocrx_word' id='word_1_186' title='bbox 2591 935 2828 991; x_wconf 80' lang='lat' dir='ltr'><strong>animal</strong></span> <span class='ocrx_word' id='word_1_187' title='bbox 2853 937 3075 992; x_wconf 83' lang='lat' dir='ltr'><strong>sonat?</strong></span> <span class='ocrx_word' id='word_1_188' title='bbox 3127 938 3240 994; x_wconf 89' lang='lat' dir='ltr'><strong>Sed</strong></span> <span class='ocrx_word' id='word_1_189' title='bbox 3285 955 3423 994; x_wconf 90' lang='lat' dir='ltr'><strong>cum</strong></span> <span class='ocrx_word' id='word_1_190' title='bbox 3454 938 3529 995; x_wconf 90' lang='lat' dir='ltr'><strong>de</strong></span> <span class='ocrx_word' id='word_1_191' title='bbox 3565 942 3685 994; x_wconf 90' lang='lat' dir='ltr'><strong>Deo</strong></span> 
     </span>
    </p>
   </div>
   <div class='ocr_carea' id='block_1_26' title="bbox 2006 1021 3684 1099">
    <p class='ocr_par' dir='ltr' id='par_1_26' title="bbox 2006 1021 3684 1099">
     <span class='ocr_line' id='line_1_26' title="bbox 2006 1021 3684 1099; baseline 0.005 -22"><span class='ocrx_word' id='word_1_192' title='bbox 2006 1021 2240 1089; x_wconf 89' lang='lat' dir='ltr'><strong>dicitur,</strong></span> <span class='ocrx_word' id='word_1_193' title='bbox 2272 1022 2421 1096; x_wconf 87' lang='lat' dir='ltr'><strong>quia</strong></span> <span class='ocrx_word' id='word_1_194' title='bbox 2444 1021 2581 1078; x_wconf 87' lang='lat' dir='ltr'><strong>fecit</strong></span> <span class='ocrx_word' id='word_1_195' title='bbox 2613 1025 2822 1080; x_wconf 92' lang='lat' dir='ltr'><strong>omnia</strong></span> <span class='ocrx_word' id='word_1_196' title='bbox 2847 1025 3026 1081; x_wconf 88' lang='lat' dir='ltr'><strong>simul</strong></span> <span class='ocrx_word' id='word_1_197' title='bbox 3048 1027 3248 1096; x_wconf 77' lang='lat' dir='ltr'><strong>(Eccli.</strong></span> <span class='ocrx_word' id='word_1_198' title='bbox 3274 1044 3429 1096; x_wconf 81' lang='lat' dir='ltr'><strong>xviii,</strong></span> <span class='ocrx_word' id='word_1_199' title='bbox 3470 1029 3540 1099; x_wconf 85' lang='lat'><strong>1),</strong></span> <span class='ocrx_word' id='word_1_200' title='bbox 3565 1029 3684 1085; x_wconf 91' lang='lat' dir='ltr'><strong>hoc</strong></span> 
     </span>
    </p>
   </div>
   <div class='ocr_carea' id='block_1_27' title="bbox 2008 1110 3685 1185">
    <p class='ocr_par' dir='ltr' id='par_1_27' title="bbox 2008 1110 3685 1185">
     <span class='ocr_line' id='line_1_27' title="bbox 2008 1110 3685 1185; baseline 0.004 -19"><span class='ocrx_word' id='word_1_201' title='bbox 2008 1110 2237 1167; x_wconf 90' lang='lat' dir='ltr'><strong>animal</strong></span> <span class='ocrx_word' id='word_1_202' title='bbox 2264 1128 2408 1166; x_wconf 88' lang='lat' dir='ltr'><strong>cum</strong></span> <span class='ocrx_word' id='word_1_203' title='bbox 2461 1111 2707 1168; x_wconf 89' lang='lat' dir='ltr'><strong>homine</strong></span> <span class='ocrx_word' id='word_1_204' title='bbox 2755 1113 2962 1170; x_wconf 80' lang='lat' dir='ltr'><strong>fecisse</strong></span> <span class='ocrx_word' id='word_1_205' title='bbox 2994 1115 3236 1185; x_wconf 87' lang='lat' dir='ltr'><strong>indicat,</strong></span> <span class='ocrx_word' id='word_1_206' title='bbox 3288 1117 3436 1171; x_wconf 90' lang='lat' dir='ltr'><strong>dum</strong></span> <span class='ocrx_word' id='word_1_207' title='bbox 3464 1122 3685 1173; x_wconf 90' lang='lat' dir='ltr'><strong>cuncta</strong></span> 
     </span>
    </p>
   </div>
   <div class='ocr_carea' id='block_1_28' title="bbox 2006 1199 3680 1276">
    <p class='ocr_par' dir='ltr' id='par_1_28' title="bbox 2006 1199 3680 1276">
     <span class='ocr_line' id='line_1_28' title="bbox 2006 1199 3680 1276; baseline 0.003 -21"><span class='ocrx_word' id='word_1_208' title='bbox 2006 1199 2151 1272; x_wconf 89' lang='lat' dir='ltr'><strong>quia</strong></span> <span class='ocrx_word' id='word_1_209' title='bbox 2182 1199 2371 1256; x_wconf 89' lang='lat' dir='ltr'><strong>semel</strong></span> <span class='ocrx_word' id='word_1_210' title='bbox 2395 1200 2598 1256; x_wconf 86' lang='lat' dir='ltr'><strong>fecerit</strong></span> <span class='ocrx_word' id='word_1_211' title='bbox 2619 1207 2869 1258; x_wconf 90' lang='lat' dir='ltr'><strong>constat.</strong></span> <span class='ocrx_word' id='word_1_212' title='bbox 2898 1205 3111 1258; x_wconf 83' lang='lat' dir='ltr'><strong>Rerum</strong></span> <span class='ocrx_word' id='word_1_213' title='bbox 3138 1203 3362 1276; x_wconf 91' lang='lat' dir='ltr'><strong>quippe</strong></span> <span class='ocrx_word' id='word_1_214' title='bbox 3390 1204 3680 1260; x_wconf 89' lang='lat' dir='ltr'><strong>substan-</strong></span> 
     </span>
    </p>
   </div>
   <div class='ocr_carea' id='block_1_29' title="bbox 2009 1288 3682 1364">
    <p class='ocr_par' dir='ltr' id='par_1_29' title="bbox 2009 1288 3682 1364">
     <span class='ocr_line' id='line_1_29' title="bbox 2009 1288 3682 1364; baseline 0.003 -20"><span class='ocrx_word' id='word_1_215' title='bbox 2009 1289 2090 1344; x_wconf 87' lang='lat' dir='ltr'><strong>tia</strong></span> <span class='ocrx_word' id='word_1_216' title='bbox 2119 1288 2299 1344; x_wconf 88' lang='lat' dir='ltr'><strong>simul</strong></span> <span class='ocrx_word' id='word_1_217' title='bbox 2326 1294 2528 1346; x_wconf 87' lang='lat' dir='ltr'><strong>creata</strong></span> <span class='ocrx_word' id='word_1_218' title='bbox 2556 1296 2664 1357; x_wconf 89' lang='lat' dir='ltr'><strong>est,</strong></span> <span class='ocrx_word' id='word_1_219' title='bbox 2697 1290 2801 1346; x_wconf 90' lang='lat' dir='ltr'><strong>sed</strong></span> <span class='ocrx_word' id='word_1_220' title='bbox 2829 1291 3004 1346; x_wconf 89' lang='lat' dir='ltr'><strong>simul</strong></span> <span class='ocrx_word' id='word_1_221' title='bbox 3037 1308 3143 1363; x_wconf 90' lang='lat' dir='ltr'><strong>per</strong></span> <span class='ocrx_word' id='word_1_222' title='bbox 3167 1293 3396 1364; x_wconf 89' lang='lat' dir='ltr'><strong>species</strong></span> <span class='ocrx_word' id='word_1_223' title='bbox 3419 1293 3682 1349; x_wconf 87' lang='lat' dir='ltr'><strong>formata</strong></span> 
     </span>
    </p>
   </div>
   <div class='ocr_carea' id='block_1_30' title="bbox 2009 1379 3679 1454">
    <p class='ocr_par' dir='ltr' id='par_1_30' title="bbox 2009 1379 3679 1454">
     <span class='ocr_line' id='line_1_30' title="bbox 2009 1379 3679 1454; baseline 0.002 -20"><span class='ocrx_word' id='word_1_224' title='bbox 2009 1393 2133 1434; x_wconf 92' lang='lat' dir='ltr'><strong>non</strong></span> <span class='ocrx_word' id='word_1_225' title='bbox 2179 1383 2269 1433; x_wconf 90' lang='lat' dir='ltr'><strong>est</strong></span> <span class='ocrx_word' id='word_1_226' title='bbox 2324 1395 2337 1433; x_wconf 90' lang='lat'>:</span> <span class='ocrx_word' id='word_1_227' title='bbox 2395 1384 2454 1434; x_wconf 90' lang='lat' dir='ltr'><strong>et</strong></span> <span class='ocrx_word' id='word_1_228' title='bbox 2497 1379 2701 1451; x_wconf 90' lang='lat' dir='ltr'><strong>quoad</strong></span> <span class='ocrx_word' id='word_1_229' title='bbox 2733 1379 2906 1435; x_wconf 88' lang='lat' dir='ltr'><strong>simul</strong></span> <span class='ocrx_word' id='word_1_230' title='bbox 2956 1380 3168 1436; x_wconf 80' lang='lat' dir='ltr'><strong>exstitit</strong></span> <span class='ocrx_word' id='word_1_231' title='bbox 3229 1397 3336 1454; x_wconf 89' lang='lat' dir='ltr'><strong>per</strong></span> <span class='ocrx_word' id='word_1_232' title='bbox 3398 1381 3679 1437; x_wconf 88' lang='lat' dir='ltr'><strong>substan-</strong></span> 
     </span>
    </p>
   </div>
   <div class='ocr_carea' id='block_1_31' title="bbox 2010 1466 3679 1542">
    <p class='ocr_par' dir='ltr' id='par_1_31' title="bbox 2010 1466 3679 1542">
     <span class='ocr_line' id='line_1_31' title="bbox 2010 1466 3679 1542; baseline 0.002 -20"><span class='ocrx_word' id='word_1_233' title='bbox 2010 1466 2157 1522; x_wconf 90' lang='lat' dir='ltr'><strong>tiam</strong></span> <span class='ocrx_word' id='word_1_234' title='bbox 2195 1468 2485 1534; x_wconf 66' lang='lat' dir='ltr'><strong>materiaa,</strong></span> <span class='ocrx_word' id='word_1_235' title='bbox 2541 1484 2663 1524; x_wconf 92' lang='lat' dir='ltr'><strong>non</strong></span> <span class='ocrx_word' id='word_1_236' title='bbox 2718 1467 2894 1523; x_wconf 89' lang='lat' dir='ltr'><strong>simul</strong></span> <span class='ocrx_word' id='word_1_237' title='bbox 2946 1470 3225 1540; x_wconf 87' lang='lat' dir='ltr'><strong>apparuit</strong></span> <span class='ocrx_word' id='word_1_238' title='bbox 3269 1485 3376 1542; x_wconf 90' lang='lat' dir='ltr'><strong>per</strong></span> <span class='ocrx_word' id='word_1_239' title='bbox 3414 1469 3679 1541; x_wconf 90' lang='lat' dir='ltr'><strong>speciem</strong></span> 
     </span>
    </p>
   </div>
   <div class='ocr_carea' id='block_1_32' title="bbox 218 1552 3676 1630">
    <p class='ocr_par' dir='ltr' id='par_1_32' title="bbox 218 1552 3676 1630">
     <span class='ocr_line' id='line_1_32' title="bbox 218 1552 3676 1630; baseline -0.001 -15"><span class='ocrx_word' id='word_1_240' title='bbox 218 1563 308 1616; x_wconf 91' lang='lat' dir='ltr'><strong>est</strong></span> <span class='ocrx_word' id='word_1_241' title='bbox 341 1576 355 1613; x_wconf 93' lang='lat'>:</span> <span class='ocrx_word' id='word_1_242' title='bbox 395 1579 424 1607; x_wconf 78' lang='grc' dir='ltr'><strong>ι(</strong></span> <span class='ocrx_word' id='word_1_243' title='bbox 456 1560 544 1613; x_wconf 87' lang='lat' dir='ltr'><strong>Tu</strong></span> <span class='ocrx_word' id='word_1_244' title='bbox 565 1559 786 1622; x_wconf 90' lang='lat' dir='ltr'><strong>autem,</strong></span> <span class='ocrx_word' id='word_1_245' title='bbox 818 1553 1088 1623; x_wconf 90' lang='lat' dir='ltr'><strong>Domine,</strong></span> <span class='ocrx_word' id='word_1_246' title='bbox 1126 1570 1264 1609; x_wconf 91' lang='lat' dir='ltr'><strong>cum</strong></span> <span class='ocrx_word' id='word_1_247' title='bbox 1297 1552 1718 1626; x_wconf 89' lang='lat' dir='ltr'><strong>tranquillitate</strong></span> <span class='ocrx_word' id='word_1_248' title='bbox 1745 1552 1900 1624; x_wconf 90' lang='lat' dir='ltr'><strong>judi-</strong></span> <span class='ocrx_word' id='word_1_249' title='bbox 1927 1566 1973 1619; x_wconf 79' lang='grc' dir='ltr'>Β</span> <span class='ocrx_word' id='word_1_250' title='bbox 2009 1555 2239 1612; x_wconf 65' lang='lat' dir='ltr'><strong>formae.</strong></span> <span class='ocrx_word' id='word_1_251' title='bbox 2299 1555 2416 1611; x_wconf 89' lang='lat' dir='ltr'><strong>Sed</strong></span> <span class='ocrx_word' id='word_1_252' title='bbox 2463 1572 2570 1612; x_wconf 91' lang='lat' dir='ltr'><strong>cur</strong></span> <span class='ocrx_word' id='word_1_253' title='bbox 2608 1556 2682 1612; x_wconf 89' lang='lat' dir='ltr'><strong>de</strong></span> <span class='ocrx_word' id='word_1_254' title='bbox 2725 1557 3046 1612; x_wconf 89' lang='lat' dir='ltr'><strong>Behemoth</strong></span> <span class='ocrx_word' id='word_1_255' title='bbox 3080 1558 3409 1630; x_wconf 83' lang='lat' dir='ltr'><strong>specialiter</strong></span> <span class='ocrx_word' id='word_1_256' title='bbox 3436 1557 3676 1625; x_wconf 89' lang='lat' dir='ltr'><strong>dicitur,</strong></span> 
     </span>
    </p>
   </div>
   <div class='ocr_carea' id='block_1_33' title="bbox 217 1639 1897 1718">
    <p class='ocr_par' dir='ltr' id='par_1_33' title="bbox 217 1639 1897 1718">
     <span class='ocr_line' id='line_1_33' title="bbox 217 1639 1897 1718; baseline -0.005 -13"><span class='ocrx_word' id='word_1_257' title='bbox 217 1663 322 1704; x_wconf 79' lang='lat' dir='ltr'><strong>cas</strong></span> <span class='ocrx_word' id='word_1_258' title='bbox 354 1646 532 1718; x_wconf 85' lang='lat' dir='ltr'><strong>(Sap.</strong></span> <span class='ocrx_word' id='word_1_259' title='bbox 564 1660 665 1712; x_wconf 81' lang='lat' dir='ltr'><strong>xii,</strong></span> <span class='ocrx_word' id='word_1_260' title='bbox 697 1643 800 1713; x_wconf 90' lang='grc'><strong>18).</strong></span> <span class='ocrx_word' id='word_1_261' title='bbox 833 1664 862 1692; x_wconf 87' lang='grc'><strong>››</strong></span> <span class='ocrx_word' id='word_1_262' title='bbox 899 1641 1010 1698; x_wconf 91' lang='lat' dir='ltr'><strong>Sed</strong></span> <span class='ocrx_word' id='word_1_263' title='bbox 1041 1640 1206 1697; x_wconf 89' lang='lat' dir='ltr'><strong>furor</strong></span> <span class='ocrx_word' id='word_1_264' title='bbox 1231 1640 1471 1698; x_wconf 89' lang='lat' dir='ltr'><strong>Domini</strong></span> <span class='ocrx_word' id='word_1_265' title='bbox 1501 1641 1560 1697; x_wconf 92' lang='lat' dir='ltr'><strong>in</strong></span> <span class='ocrx_word' id='word_1_266' title='bbox 1586 1639 1741 1710; x_wconf 92' lang='lat' dir='ltr'><strong>loco,</strong></span> <span class='ocrx_word' id='word_1_267' title='bbox 1774 1657 1897 1696; x_wconf 90' lang='lat' dir='ltr'><strong>non</strong></span> 
     </span>
    </p>
   </div>
   <div class='ocr_carea' id='block_1_34' title="bbox 216 1729 1897 1810">
    <p class='ocr_par' dir='ltr' id='par_1_34' title="bbox 216 1729 1897 1810">
     <span class='ocr_line' id='line_1_34' title="bbox 216 1729 1897 1810; baseline -0.004 -19"><span class='ocrx_word' id='word_1_268' title='bbox 216 1732 607 1810; x_wconf 89' lang='lat' dir='ltr'><strong>perturbatio</strong></span> <span class='ocrx_word' id='word_1_269' title='bbox 631 1731 849 1788; x_wconf 63' lang='lat' dir='ltr'><strong>divinae</strong></span> <span class='ocrx_word' id='word_1_270' title='bbox 882 1729 1249 1798; x_wconf 63' lang='lat' dir='ltr'><strong>substantiae,</strong></span> <span class='ocrx_word' id='word_1_271' title='bbox 1277 1730 1383 1787; x_wconf 90' lang='lat' dir='ltr'><strong>sed</strong></span> <span class='ocrx_word' id='word_1_272' title='bbox 1413 1746 1592 1803; x_wconf 90' lang='lat' dir='ltr'><strong>super</strong></span> <span class='ocrx_word' id='word_1_273' title='bbox 1620 1734 1897 1802; x_wconf 90' lang='lat' dir='ltr'><strong>peccato-</strong></span> 
     </span>
    </p>
   </div>
   <div class='ocr_carea' id='block_1_35' title="bbox 216 1817 1899 1890">
    <p class='ocr_par' dir='ltr' id='par_1_35' title="bbox 216 1817 1899 1890">
     <span class='ocr_line' id='line_1_35' title="bbox 216 1817 1899 1890; baseline -0.006 -8"><span class='ocrx_word' id='word_1_274' title='bbox 216 1841 315 1882; x_wconf 88' lang='lat' dir='ltr'><strong>res</strong></span> <span class='ocrx_word' id='word_1_275' title='bbox 348 1821 518 1880; x_wconf 85' lang='lat' dir='ltr'><strong>male</strong></span> <span class='ocrx_word' id='word_1_276' title='bbox 572 1819 848 1877; x_wconf 91' lang='lat' dir='ltr'><strong>conscios</strong></span> <span class='ocrx_word' id='word_1_277' title='bbox 878 1818 1240 1876; x_wconf 82' lang='lat' dir='ltr'><strong>examinatio</strong></span> <span class='ocrx_word' id='word_1_278' title='bbox 1260 1819 1434 1890; x_wconf 68' lang='lat' dir='ltr'><strong>justas</strong></span> <span class='ocrx_word' id='word_1_279' title='bbox 1456 1818 1727 1875; x_wconf 55' lang='lat' dir='ltr'><strong>vindictae.</strong></span> <span class='ocrx_word' id='word_1_280' title='bbox 1759 1817 1899 1874; x_wconf 91' lang='lat' dir='ltr'><strong>dici-</strong></span> 
     </span>
    </p>
   </div>
   <div class='ocr_carea' id='block_1_36' title="bbox 216 1910 1896 1984">
    <p class='ocr_par' dir='ltr' id='par_1_36' title="bbox 216 1910 1896 1984">
     <span class='ocr_line' id='line_1_36' title="bbox 216 1910 1896 1984; baseline -0.007 -12"><span class='ocrx_word' id='word_1_281' title='bbox 216 1921 337 1972; x_wconf 87' lang='lat' dir='ltr'><strong>tur.</strong></span> <span class='ocrx_word' id='word_1_282' title='bbox 373 1911 655 1984; x_wconf 88' lang='lat' dir='ltr'><strong>Sequitur</strong></span> <span class='ocrx_word' id='word_1_283' title='bbox 689 1927 702 1965; x_wconf 91' lang='lat'><strong>:</strong></span> <span class='ocrx_word' id='word_1_284' title='bbox 733 1911 810 1965; x_wconf 88' lang='lat' dir='ltr'><strong>Et</strong></span> <span class='ocrx_word' id='word_1_285' title='bbox 843 1910 1184 1978; x_wconf 77' lang='lat' dir='ltr'><strong>respiciens,</strong></span> <span class='ocrx_word' id='word_1_286' title='bbox 1237 1923 1466 1965; x_wconf 83' lang='lat' dir='ltr'><strong>omnem</strong></span> <span class='ocrx_word' id='word_1_287' title='bbox 1511 1913 1896 1978; x_wconf 81' lang='lat' dir='ltr'><strong>arrogantem</strong></span> 
     </span>
    </p>
   </div>
   <div class='ocr_carea' id='block_1_37' title="bbox 221 1997 1897 2068">
    <p class='ocr_par' dir='ltr' id='par_1_37' title="bbox 221 1997 1897 2068">
     <span class='ocr_line' id='line_1_37' title="bbox 221 1997 1897 2068; baseline -0.005 -8"><span class='ocrx_word' id='word_1_288' title='bbox 221 2002 511 2060; x_wconf 82' lang='lat' dir='ltr'><strong>humilia.</strong></span> <span class='ocrx_word' id='word_1_289' title='bbox 571 2031 640 2040; x_wconf 95' lang='lat'>—</span> <span class='ocrx_word' id='word_1_290' title='bbox 696 2002 776 2054; x_wconf 83' lang='lat' dir='ltr'><strong>Ac</strong></span> <span class='ocrx_word' id='word_1_291' title='bbox 826 1997 875 2054; x_wconf 91' lang='lat' dir='ltr'><strong>si</strong></span> <span class='ocrx_word' id='word_1_292' title='bbox 927 1997 1104 2067; x_wconf 81' lang='lat' dir='ltr'><strong>dicat,</strong></span> <span class='ocrx_word' id='word_1_293' title='bbox 1138 2001 1204 2054; x_wconf 92' lang='lat' dir='ltr'><strong>ut</strong></span> <span class='ocrx_word' id='word_1_294' title='bbox 1233 2013 1367 2068; x_wconf 86' lang='lat' dir='ltr'><strong>ego.</strong></span> <span class='ocrx_word' id='word_1_295' title='bbox 1414 1997 1657 2053; x_wconf 91' lang='lat' dir='ltr'><strong>Duobus</strong></span> <span class='ocrx_word' id='word_1_296' title='bbox 1694 2001 1897 2052; x_wconf 90' lang='lat' dir='ltr'><strong>autem</strong></span> 
     </span>
    </p>
   </div>
   <div class='ocr_carea' id='block_1_38' title="bbox 217 2086 1893 2161">
    <p class='ocr_par' dir='ltr' id='par_1_38' title="bbox 217 2086 1893 2161">
     <span class='ocr_line' id='line_1_38' title="bbox 217 2086 1893 2161; baseline -0.006 -11"><span class='ocrx_word' id='word_1_297' title='bbox 217 2092 430 2150; x_wconf 89' lang='lat' dir='ltr'><strong>modis</strong></span> <span class='ocrx_word' id='word_1_298' title='bbox 463 2107 501 2147; x_wconf 90' lang='lat' dir='ltr'><strong>a</strong></span> <span class='ocrx_word' id='word_1_299' title='bbox 533 2087 782 2146; x_wconf 91' lang='lat' dir='ltr'><strong>Domino</strong></span> <span class='ocrx_word' id='word_1_300' title='bbox 804 2091 1084 2161; x_wconf 89' lang='lat' dir='ltr'><strong>peccator</strong></span> <span class='ocrx_word' id='word_1_301' title='bbox 1111 2087 1535 2160; x_wconf 90' lang='lat' dir='ltr'><strong>unusquisque</strong></span> <span class='ocrx_word' id='word_1_302' title='bbox 1552 2086 1893 2159; x_wconf 90' lang='lat' dir='ltr'><strong>respicitur;</strong></span> 
     </span>
    </p>
   </div>
   <div class='ocr_carea' id='block_1_39' title="bbox 218 2176 1895 2251">
    <p class='ocr_par' dir='ltr' id='par_1_39' title="bbox 218 2176 1895 2251">
     <span class='ocr_line' id='line_1_39' title="bbox 218 2176 1895 2251; baseline -0.005 -12"><span class='ocrx_word' id='word_1_303' title='bbox 218 2199 368 2239; x_wconf 90' lang='lat' dir='ltr'><strong>cum</strong></span> <span class='ocrx_word' id='word_1_304' title='bbox 399 2183 505 2236; x_wconf 91' lang='lat' dir='ltr'><strong>aut</strong></span> <span class='ocrx_word' id='word_1_305' title='bbox 533 2196 570 2235; x_wconf 91' lang='lat' dir='ltr'><strong>a</strong></span> <span class='ocrx_word' id='word_1_306' title='bbox 589 2182 834 2251; x_wconf 90' lang='lat' dir='ltr'><strong>peccato</strong></span> <span class='ocrx_word' id='word_1_307' title='bbox 863 2176 1243 2244; x_wconf 87' lang='lat' dir='ltr'><strong>convertitur,</strong></span> <span class='ocrx_word' id='word_1_308' title='bbox 1277 2181 1383 2232; x_wconf 92' lang='lat' dir='ltr'><strong>aut</strong></span> <span class='ocrx_word' id='word_1_309' title='bbox 1411 2191 1479 2231; x_wconf 81' lang='lat' dir='ltr'><strong>ex</strong></span> <span class='ocrx_word' id='word_1_310' title='bbox 1508 2180 1754 2248; x_wconf 90' lang='lat' dir='ltr'><strong>peccato</strong></span> <span class='ocrx_word' id='word_1_311' title='bbox 1783 2190 1895 2247; x_wconf 92' lang='lat' dir='ltr'><strong>pu-</strong></span> 
     </span>
    </p>
   </div>
   <div class='ocr_carea' id='block_1_40' title="bbox 219 2263 1898 2340">
    <p class='ocr_par' dir='ltr' id='par_1_40' title="bbox 219 2263 1898 2340">
     <span class='ocr_line' id='line_1_40' title="bbox 219 2263 1898 2340; baseline -0.005 -12"><span class='ocrx_word' id='word_1_312' title='bbox 219 2272 410 2328; x_wconf 88' lang='lat' dir='ltr'><strong>nitur.</strong></span> <span class='ocrx_word' id='word_1_313' title='bbox 443 2271 524 2325; x_wconf 89' lang='lat' dir='ltr'><strong>De</strong></span> <span class='ocrx_word' id='word_1_314' title='bbox 554 2270 822 2340; x_wconf 90' lang='lat' dir='ltr'><strong>respectu</strong></span> <span class='ocrx_word' id='word_1_315' title='bbox 849 2265 1010 2322; x_wconf 91' lang='lat' dir='ltr'><strong>enim</strong></span> <span class='ocrx_word' id='word_1_316' title='bbox 1042 2265 1456 2322; x_wconf 84' lang='lat' dir='ltr'><strong>conversionis</strong></span> <span class='ocrx_word' id='word_1_317' title='bbox 1488 2264 1722 2334; x_wconf 89' lang='lat' dir='ltr'><strong>dicitur,</strong></span> <span class='ocrx_word' id='word_1_318' title='bbox 1753 2263 1898 2336; x_wconf 92' lang='lat' dir='ltr'><strong>quia</strong></span> 
     </span>
    </p>
   </div>
   <div class='ocr_carea' id='block_1_41' title="bbox 223 2353 1892 2433">
    <p class='ocr_par' dir='ltr' id='par_1_41' title="bbox 223 2353 1892 2433">
     <span class='ocr_line' id='line_1_41' title="bbox 223 2353 1892 2433; baseline -0.001 -23"><span class='ocrx_word' id='word_1_319' title='bbox 223 2382 253 2410; x_wconf 76' lang='grc' dir='ltr'><strong>«ι</strong></span> <span class='ocrx_word' id='word_1_320' title='bbox 287 2357 555 2433; x_wconf 84' lang='lat' dir='ltr'><strong>respexit</strong></span> <span class='ocrx_word' id='word_1_321' title='bbox 585 2355 870 2413; x_wconf 89' lang='lat' dir='ltr'><strong>Dominus</strong></span> <span class='ocrx_word' id='word_1_322' title='bbox 901 2357 1158 2425; x_wconf 88' lang='lat' dir='ltr'><strong>Petrum,</strong></span> <span class='ocrx_word' id='word_1_323' title='bbox 1195 2377 1222 2405; x_wconf 76' lang='lat' dir='ltr'><strong>n</strong></span> <span class='ocrx_word' id='word_1_324' title='bbox 1254 2359 1364 2411; x_wconf 90' lang='lat' dir='ltr'><strong>etc.</strong></span> <span class='ocrx_word' id='word_1_325' title='bbox 1412 2355 1580 2422; x_wconf 88' lang='lat' dir='ltr'><strong>(Luc.</strong></span> <span class='ocrx_word' id='word_1_326' title='bbox 1612 2370 1752 2418; x_wconf 86' lang='lat' dir='ltr'><strong>xxu,</strong></span> <span class='ocrx_word' id='word_1_327' title='bbox 1782 2353 1892 2423; x_wconf 88' lang='lat'><strong>61).</strong></span> 
     </span>
    </p>
   </div>
   <div class='ocr_carea' id='block_1_42' title="bbox 225 2441 1896 2520">
    <p class='ocr_par' dir='ltr' id='par_1_42' title="bbox 225 2441 1896 2520">
     <span class='ocr_line' id='line_1_42' title="bbox 225 2441 1896 2520; baseline -0.007 -14"><span class='ocrx_word' id='word_1_328' title='bbox 225 2453 308 2506; x_wconf 89' lang='lat' dir='ltr'><strong>De</strong></span> <span class='ocrx_word' id='word_1_329' title='bbox 339 2450 616 2520; x_wconf 86' lang='lat' dir='ltr'><strong>respectu</strong></span> <span class='ocrx_word' id='word_1_330' title='bbox 644 2459 879 2501; x_wconf 89' lang='lat' dir='ltr'><strong>rursum</strong></span> <span class='ocrx_word' id='word_1_331' title='bbox 912 2441 1152 2499; x_wconf 90' lang='lat' dir='ltr'><strong>ultionis</strong></span> <span class='ocrx_word' id='word_1_332' title='bbox 1177 2443 1394 2520; x_wconf 80' lang='lat' dir='ltr'><strong>dicitur</strong></span> <span class='ocrx_word' id='word_1_333' title='bbox 1427 2459 1439 2498; x_wconf 93' lang='lat'><strong>:</strong></span> <span class='ocrx_word' id='word_1_334' title='bbox 1486 2465 1513 2491; x_wconf 85' lang='grc'><strong>‹‹</strong></span> <span class='ocrx_word' id='word_1_335' title='bbox 1546 2441 1752 2498; x_wconf 87' lang='lat' dir='ltr'><strong>Vultus</strong></span> <span class='ocrx_word' id='word_1_336' title='bbox 1788 2457 1896 2496; x_wconf 90' lang='lat' dir='ltr'><strong>au-</strong></span> 
     </span>
    </p>
   </div>
   <div class='ocr_carea' id='block_1_43' title="bbox 223 2531 1892 2606">
    <p class='ocr_par' dir='ltr' id='par_1_43' title="bbox 223 2531 1892 2606">
     <span class='ocr_line' id='line_1_43' title="bbox 223 2531 1892 2606; baseline -0.005 -12"><span class='ocrx_word' id='word_1_337' title='bbox 223 2544 350 2595; x_wconf 86' lang='lat' dir='ltr'><strong>tem</strong></span> <span class='ocrx_word' id='word_1_338' title='bbox 402 2534 636 2592; x_wconf 89' lang='lat' dir='ltr'><strong>Domini</strong></span> <span class='ocrx_word' id='word_1_339' title='bbox 683 2548 863 2606; x_wconf 90' lang='lat' dir='ltr'><strong>super</strong></span> <span class='ocrx_word' id='word_1_340' title='bbox 915 2531 1200 2589; x_wconf 80' lang='lat' dir='ltr'><strong>iacientes</strong></span> <span class='ocrx_word' id='word_1_341' title='bbox 1232 2531 1416 2603; x_wconf 87' lang='lat' dir='ltr'><strong>mala,</strong></span> <span class='ocrx_word' id='word_1_342' title='bbox 1471 2554 1498 2582; x_wconf 85' lang='lat'>»</span> <span class='ocrx_word' id='word_1_343' title='bbox 1550 2537 1660 2588; x_wconf 88' lang='lat' dir='ltr'><strong>etc.</strong></span> <span class='ocrx_word' id='word_1_344' title='bbox 1703 2531 1892 2602; x_wconf 86' lang='lat' dir='ltr'><strong>(Psal.</strong></span> 
     </span>
    </p>
   </div>
   <div class='ocr_carea' id='block_1_44' title="bbox 223 2623 886 2698">
    <p class='ocr_par' dir='ltr' id='par_1_44' title="bbox 223 2623 886 2698">
     <span class='ocr_line' id='line_1_44' title="bbox 223 2623 886 2698; baseline -0.012 -14"><span class='ocrx_word' id='word_1_345' title='bbox 223 2643 434 2694; x_wconf 67' lang='grc' dir='ltr'><strong>χχχιιι,</strong></span> <span class='ocrx_word' id='word_1_346' title='bbox 467 2623 850 2698; x_wconf 84' lang='lat' dir='ltr'><strong>17).Sequitur</strong></span> <span class='ocrx_word' id='word_1_347' title='bbox 873 2642 886 2676; x_wconf 88' lang='lat'><strong>:</strong></span> 
     </span>
    </p>
   </div>
   <div class='ocr_carea' id='block_1_45' title="bbox 298 2707 1898 2783">
    <p class='ocr_par' dir='ltr' id='par_1_45' title="bbox 298 2707 1898 2783">
     <span class='ocr_line' id='line_1_45' title="bbox 298 2707 1898 2783; baseline -0.006 -11"><span class='ocrx_word' id='word_1_348' title='bbox 298 2719 450 2772; x_wconf 72' lang='lat' dir='ltr'><strong>Vnus</strong></span> <span class='ocrx_word' id='word_1_349' title='bbox 480 2721 532 2770; x_wconf 88' lang='lat'><strong>7.</strong></span> <span class='ocrx_word' id='word_1_350' title='bbox 583 2714 822 2783; x_wconf 83' lang='lat' dir='ltr'><strong>Respice</strong></span> <span class='ocrx_word' id='word_1_351' title='bbox 868 2715 1113 2768; x_wconf 84' lang='lat' dir='ltr'><strong>cunctos</strong></span> <span class='ocrx_word' id='word_1_352' title='bbox 1163 2709 1466 2780; x_wconf 86' lang='lat' dir='ltr'><strong>superbos,</strong></span> <span class='ocrx_word' id='word_1_353' title='bbox 1508 2715 1564 2766; x_wconf 89' lang='lat' dir='ltr'><strong>et</strong></span> <span class='ocrx_word' id='word_1_354' title='bbox 1594 2707 1898 2779; x_wconf 74' lang='lat' dir='ltr'><strong>con/unde</strong></span> 
     </span>
    </p>
   </div>
   <div class='ocr_carea' id='block_1_46' title="bbox 229 2798 1897 2876">
    <p class='ocr_par' dir='ltr' id='par_1_46' title="bbox 229 2798 1897 2876">
     <span class='ocr_line' id='line_1_46' title="bbox 229 2798 1897 2876; baseline -0.007 -12"><span class='ocrx_word' id='word_1_355' title='bbox 229 2822 349 2876; x_wconf 87' lang='lat' dir='ltr'><strong>eos,</strong></span> <span class='ocrx_word' id='word_1_356' title='bbox 381 2812 433 2863; x_wconf 89' lang='lat' dir='ltr'><strong>et</strong></span> <span class='ocrx_word' id='word_1_357' title='bbox 467 2810 701 2862; x_wconf 83' lang='lat' dir='ltr'><strong>contere</strong></span> <span class='ocrx_word' id='word_1_358' title='bbox 722 2804 934 2873; x_wconf 80' lang='lat' dir='ltr'><strong>impios</strong></span> <span class='ocrx_word' id='word_1_359' title='bbox 964 2803 1028 2857; x_wconf 77' lang='lat' dir='ltr'><strong>in</strong></span> <span class='ocrx_word' id='word_1_360' title='bbox 1057 2802 1182 2856; x_wconf 92' lang='lat' dir='ltr'><strong>loco</strong></span> <span class='ocrx_word' id='word_1_361' title='bbox 1212 2815 1337 2856; x_wconf 87' lang='lat' dir='ltr'><strong>suo.</strong></span> <span class='ocrx_word' id='word_1_362' title='bbox 1396 2831 1452 2839; x_wconf 87' lang='lat'><strong>-—</strong></span> <span class='ocrx_word' id='word_1_363' title='bbox 1506 2798 1804 2855; x_wconf 89' lang='lat' dir='ltr'><strong>Subaudis</strong></span> <span class='ocrx_word' id='word_1_364' title='bbox 1832 2802 1897 2852; x_wconf 91' lang='lat' dir='ltr'><strong>ut</strong></span> 
     </span>
    </p>
   </div>
   <div class='ocr_carea' id='block_1_47' title="bbox 227 2886 1970 2976">
    <p class='ocr_par' dir='ltr' id='par_1_47' title="bbox 227 2886 1970 2976">
     <span class='ocr_line' id='line_1_47' title="bbox 227 2886 1970 2976; baseline -0.007 -23"><span class='ocrx_word' id='word_1_365' title='bbox 227 2912 348 2966; x_wconf 87' lang='lat' dir='ltr'><strong>ego</strong></span> <span class='ocrx_word' id='word_1_366' title='bbox 371 2893 610 2968; x_wconf 86' lang='lat' dir='ltr'><strong>superbi</strong></span> <span class='ocrx_word' id='word_1_367' title='bbox 642 2893 800 2950; x_wconf 92' lang='lat' dir='ltr'><strong>enim</strong></span> <span class='ocrx_word' id='word_1_368' title='bbox 825 2907 900 2948; x_wconf 85' lang='lat' dir='ltr'><strong>ex</strong></span> <span class='ocrx_word' id='word_1_369' title='bbox 928 2894 1204 2963; x_wconf 89' lang='lat' dir='ltr'><strong>respectu</strong></span> <span class='ocrx_word' id='word_1_370' title='bbox 1251 2888 1484 2944; x_wconf 91' lang='lat' dir='ltr'><strong>Domini</strong></span> <span class='ocrx_word' id='word_1_371' title='bbox 1511 2886 1894 2944; x_wconf 84' lang='lat' dir='ltr'><strong>confundun-</strong></span> <span class='ocrx_word' id='word_1_372' title='bbox 1925 2919 1970 2976; x_wconf 64' lang='grc' dir='ltr'>α</span> 
     </span>
    </p>
   </div>
   <div class='ocr_carea' id='block_1_48' title="bbox 229 2975 1896 3055">
    <p class='ocr_par' dir='ltr' id='par_1_48' title="bbox 229 2975 1896 3055">
     <span class='ocr_line' id='line_1_48' title="bbox 229 2975 1896 3055; baseline -0.007 -13"><span class='ocrx_word' id='word_1_373' title='bbox 229 2992 350 3054; x_wconf 86' lang='lat' dir='ltr'><strong>tur,</strong></span> <span class='ocrx_word' id='word_1_374' title='bbox 376 2989 478 3041; x_wconf 89' lang='lat' dir='ltr'><strong>aut</strong></span> <span class='ocrx_word' id='word_1_375' title='bbox 500 2984 594 3040; x_wconf 89' lang='lat' dir='ltr'><strong>hic</strong></span> <span class='ocrx_word' id='word_1_376' title='bbox 623 2983 695 3039; x_wconf 92' lang='lat' dir='ltr'><strong>de</strong></span> <span class='ocrx_word' id='word_1_377' title='bbox 724 2981 943 3055; x_wconf 87' lang='lat' dir='ltr'><strong>pietate</strong></span> <span class='ocrx_word' id='word_1_378' title='bbox 975 2981 1404 3050; x_wconf 89' lang='lat' dir='ltr'><strong>cognoscentes</strong></span> <span class='ocrx_word' id='word_1_379' title='bbox 1441 2981 1497 3032; x_wconf 89' lang='lat' dir='ltr'><strong>et</strong></span> <span class='ocrx_word' id='word_1_380' title='bbox 1538 2975 1896 3032; x_wconf 86' lang='lat' dir='ltr'><strong>damnantes</strong></span> 
     </span>
    </p>
   </div>
   <div class='ocr_carea' id='block_1_49' title="bbox 230 3065 1893 3143">
    <p class='ocr_par' dir='ltr' id='par_1_49' title="bbox 230 3065 1893 3143">
     <span class='ocr_line' id='line_1_49' title="bbox 230 3065 1893 3143; baseline -0.007 -12"><span class='ocrx_word' id='word_1_381' title='bbox 230 3073 508 3140; x_wconf 87' lang='lat' dir='ltr'><strong>crimina,</strong></span> <span class='ocrx_word' id='word_1_382' title='bbox 539 3077 644 3128; x_wconf 90' lang='lat' dir='ltr'><strong>aut</strong></span> <span class='ocrx_word' id='word_1_383' title='bbox 669 3070 785 3127; x_wconf 88' lang='lat' dir='ltr'><strong>illic</strong></span> <span class='ocrx_word' id='word_1_384' title='bbox 817 3067 1118 3143; x_wconf 88' lang='lat' dir='ltr'><strong>supplicia</strong></span> <span class='ocrx_word' id='word_1_385' title='bbox 1159 3068 1233 3123; x_wconf 92' lang='lat' dir='ltr'><strong>de</strong></span> <span class='ocrx_word' id='word_1_386' title='bbox 1283 3065 1512 3138; x_wconf 90' lang='lat' dir='ltr'><strong>justitia</strong></span> <span class='ocrx_word' id='word_1_387' title='bbox 1557 3065 1893 3122; x_wconf 89' lang='lat' dir='ltr'><strong>sentientes.</strong></span> 
     </span>
    </p>
   </div>
   <div class='ocr_carea' id='block_1_50' title="bbox 233 3153 1898 3236">
    <p class='ocr_par' dir='ltr' id='par_1_50' title="bbox 233 3153 1898 3236">
     <span class='ocr_line' id='line_1_50' title="bbox 233 3153 1898 3236; baseline -0.007 -16"><span class='ocrx_word' id='word_1_388' title='bbox 233 3161 561 3236; x_wconf 87' lang='lat' dir='ltr'><strong>lmpiorum</strong></span> <span class='ocrx_word' id='word_1_389' title='bbox 591 3176 727 3217; x_wconf 89' lang='lat' dir='ltr'><strong>vero</strong></span> <span class='ocrx_word' id='word_1_390' title='bbox 751 3159 922 3216; x_wconf 91' lang='lat' dir='ltr'><strong>locus</strong></span> <span class='ocrx_word' id='word_1_391' title='bbox 951 3157 1087 3230; x_wconf 90' lang='lat' dir='ltr'><strong>ipsa</strong></span> <span class='ocrx_word' id='word_1_392' title='bbox 1115 3155 1398 3228; x_wconf 90' lang='lat' dir='ltr'><strong>superbia</strong></span> <span class='ocrx_word' id='word_1_393' title='bbox 1429 3159 1537 3222; x_wconf 91' lang='lat' dir='ltr'><strong>est,</strong></span> <span class='ocrx_word' id='word_1_394' title='bbox 1581 3153 1726 3227; x_wconf 89' lang='lat' dir='ltr'><strong>quia</strong></span> <span class='ocrx_word' id='word_1_395' title='bbox 1756 3170 1898 3210; x_wconf 92' lang='lat' dir='ltr'><strong>cum</strong></span> 
     </span>
    </p>
   </div>
   <div class='ocr_carea' id='block_1_51' title="bbox 233 3239 1901 3326">
    <p class='ocr_par' dir='ltr' id='par_1_51' title="bbox 233 3239 1901 3326">
     <span class='ocr_line' id='line_1_51' title="bbox 233 3239 1901 3326; baseline -0.005 -19"><span class='ocrx_word' id='word_1_396' title='bbox 233 3251 526 3324; x_wconf 82' lang='lat' dir='ltr'><strong>scriptum</strong></span> <span class='ocrx_word' id='word_1_397' title='bbox 556 3249 628 3306; x_wconf 89' lang='lat' dir='ltr'><strong>sit</strong></span> <span class='ocrx_word' id='word_1_398' title='bbox 667 3266 680 3304; x_wconf 89' lang='lat'><strong>:</strong></span> <span class='ocrx_word' id='word_1_399' title='bbox 719 3270 747 3298; x_wconf 76' lang='grc' dir='ltr'><strong>ι(</strong></span> <span class='ocrx_word' id='word_1_400' title='bbox 789 3246 1030 3303; x_wconf 85' lang='lat' dir='ltr'><strong>Initium</strong></span> <span class='ocrx_word' id='word_1_401' title='bbox 1083 3242 1279 3326; x_wconf 66' lang='lat' dir='ltr'><strong>omnis</strong></span> <span class='ocrx_word' id='word_1_402' title='bbox 1332 3242 1561 3316; x_wconf 90' lang='lat' dir='ltr'><strong>peccati</strong></span> <span class='ocrx_word' id='word_1_403' title='bbox 1617 3239 1901 3314; x_wconf 89' lang='lat' dir='ltr'><strong>superbia</strong></span> 
     </span>
    </p>
   </div>
   <div class='ocr_carea' id='block_1_52' title="bbox 234 3327 1900 3412">
    <p class='ocr_par' dir='ltr' id='par_1_52' title="bbox 234 3327 1900 3412">
     <span class='ocr_line' id='line_1_52' title="bbox 234 3327 1900 3412; baseline -0.008 -16"><span class='ocrx_word' id='word_1_404' title='bbox 234 3340 448 3412; x_wconf 80' lang='lat' dir='ltr'><strong>(Eccli.</strong></span> <span class='ocrx_word' id='word_1_405' title='bbox 493 3355 553 3406; x_wconf 86' lang='lat' dir='ltr'><strong>x,</strong></span> <span class='ocrx_word' id='word_1_406' title='bbox 581 3341 694 3406; x_wconf 82' lang='lat'><strong>25).</strong></span> <span class='ocrx_word' id='word_1_407' title='bbox 719 3357 749 3390; x_wconf 84' lang='grc'>›</span> <span class='ocrx_word' id='word_1_408' title='bbox 782 3334 949 3392; x_wconf 91' lang='lat' dir='ltr'><strong>Unde</strong></span> <span class='ocrx_word' id='word_1_409' title='bbox 979 3332 1167 3389; x_wconf 90' lang='lat' dir='ltr'><strong>oritur</strong></span> <span class='ocrx_word' id='word_1_410' title='bbox 1195 3329 1492 3402; x_wconf 90' lang='lat' dir='ltr'><strong>impietas,</strong></span> <span class='ocrx_word' id='word_1_411' title='bbox 1524 3327 1606 3384; x_wconf 88' lang='lat' dir='ltr'><strong>ibi</strong></span> <span class='ocrx_word' id='word_1_412' title='bbox 1637 3327 1900 3384; x_wconf 85' lang='lat' dir='ltr'><strong>contine-</strong></span> 
     </span>
    </p>
   </div>
   <div class='ocr_carea' id='block_1_53' title="bbox 237 3416 1899 3497">
    <p class='ocr_par' dir='ltr' id='par_1_53' title="bbox 237 3416 1899 3497">
     <span class='ocr_line' id='line_1_53' title="bbox 237 3416 1899 3497; baseline -0.008 -11"><span class='ocrx_word' id='word_1_413' title='bbox 237 3435 352 3486; x_wconf 88' lang='lat' dir='ltr'><strong>tur.</strong></span> <span class='ocrx_word' id='word_1_414' title='bbox 385 3427 666 3494; x_wconf 79' lang='lat' dir='ltr'><strong>Quamvis</strong></span> <span class='ocrx_word' id='word_1_415' title='bbox 696 3441 805 3482; x_wconf 91' lang='lat' dir='ltr'><strong>nec</strong></span> <span class='ocrx_word' id='word_1_416' title='bbox 835 3422 1177 3497; x_wconf 89' lang='lat' dir='ltr'><strong>quidquam</strong></span> <span class='ocrx_word' id='word_1_417' title='bbox 1206 3435 1244 3475; x_wconf 90' lang='lat' dir='ltr'><strong>a</strong></span> <span class='ocrx_word' id='word_1_418' title='bbox 1273 3418 1555 3491; x_wconf 90' lang='lat' dir='ltr'><strong>superbia</strong></span> <span class='ocrx_word' id='word_1_419' title='bbox 1573 3416 1756 3473; x_wconf 87' lang='lat' dir='ltr'><strong>distat</strong></span> <span class='ocrx_word' id='word_1_420' title='bbox 1781 3416 1899 3473; x_wconf 89' lang='lat' dir='ltr'><strong>im-</strong></span> 
     </span>
    </p>
   </div>
   <div class='ocr_carea' id='block_1_54' title="bbox 237 3507 1898 3592">
    <p class='ocr_par' dir='ltr' id='par_1_54' title="bbox 237 3507 1898 3592">
     <span class='ocr_line' id='line_1_54' title="bbox 237 3507 1898 3592; baseline -0.007 -18"><span class='ocrx_word' id='word_1_421' title='bbox 237 3518 446 3592; x_wconf 86' lang='lat' dir='ltr'><strong>pietas.</strong></span> <span class='ocrx_word' id='word_1_422' title='bbox 495 3515 672 3573; x_wconf 88' lang='lat' dir='ltr'><strong>Valde</strong></span> <span class='ocrx_word' id='word_1_423' title='bbox 717 3516 879 3572; x_wconf 92' lang='lat' dir='ltr'><strong>enim</strong></span> <span class='ocrx_word' id='word_1_424' title='bbox 924 3508 1234 3584; x_wconf 83' lang='lat' dir='ltr'><strong>superbire</strong></span> <span class='ocrx_word' id='word_1_425' title='bbox 1264 3513 1354 3564; x_wconf 91' lang='lat' dir='ltr'><strong>est</strong></span> <span class='ocrx_word' id='word_1_426' title='bbox 1381 3507 1456 3564; x_wconf 90' lang='lat' dir='ltr'><strong>de</strong></span> <span class='ocrx_word' id='word_1_427' title='bbox 1486 3511 1729 3564; x_wconf 90' lang='lat' dir='ltr'><strong>auctore</strong></span> <span class='ocrx_word' id='word_1_428' title='bbox 1759 3522 1898 3579; x_wconf 90' lang='lat' dir='ltr'><strong>per-</strong></span> 
     </span>
    </p>
   </div>
   <div class='ocr_carea' id='block_1_55' title="bbox 236 3594 1897 3676">
    <p class='ocr_par' dir='ltr' id='par_1_55' title="bbox 236 3594 1897 3676">
     <span class='ocr_line' id='line_1_55' title="bbox 236 3594 1897 3676; baseline -0.005 -16"><span class='ocrx_word' id='word_1_429' title='bbox 236 3621 410 3662; x_wconf 78' lang='lat' dir='ltr'><strong>versa</strong></span> <span class='ocrx_word' id='word_1_430' title='bbox 436 3605 667 3662; x_wconf 88' lang='lat' dir='ltr'><strong>sentire.</strong></span> <span class='ocrx_word' id='word_1_431' title='bbox 700 3602 926 3676; x_wconf 88' lang='lat' dir='ltr'><strong>Impius</strong></span> <span class='ocrx_word' id='word_1_432' title='bbox 958 3613 1103 3668; x_wconf 88' lang='lat' dir='ltr'><strong>ergo</strong></span> <span class='ocrx_word' id='word_1_433' title='bbox 1141 3597 1203 3652; x_wconf 91' lang='lat' dir='ltr'><strong>in</strong></span> <span class='ocrx_word' id='word_1_434' title='bbox 1232 3596 1364 3653; x_wconf 92' lang='lat' dir='ltr'><strong>loco</strong></span> <span class='ocrx_word' id='word_1_435' title='bbox 1395 3612 1505 3652; x_wconf 91' lang='lat' dir='ltr'><strong>suo</strong></span> <span class='ocrx_word' id='word_1_436' title='bbox 1551 3594 1897 3663; x_wconf 89' lang='lat' dir='ltr'><strong>conteritur,</strong></span> 
     </span>
    </p>
   </div>
   <div class='ocr_carea' id='block_1_56' title="bbox 235 3683 1896 3768">
    <p class='ocr_par' dir='ltr' id='par_1_56' title="bbox 235 3683 1896 3768">
     <span class='ocr_line' id='line_1_56' title="bbox 235 3683 1896 3768; baseline -0.008 -16"><span class='ocrx_word' id='word_1_437' title='bbox 235 3696 381 3768; x_wconf 89' lang='lat' dir='ltr'><strong>quia</strong></span> <span class='ocrx_word' id='word_1_438' title='bbox 431 3695 560 3768; x_wconf 88' lang='lat' dir='ltr'><strong>ipsa</strong></span> <span class='ocrx_word' id='word_1_439' title='bbox 612 3692 912 3767; x_wconf 89' lang='lat' dir='ltr'><strong>superbia,</strong></span> <span class='ocrx_word' id='word_1_440' title='bbox 968 3704 1094 3764; x_wconf 90' lang='lat' dir='ltr'><strong>qua</strong></span> <span class='ocrx_word' id='word_1_441' title='bbox 1161 3687 1444 3753; x_wconf 78' lang='lat' dir='ltr'><strong>elevatur,</strong></span> <span class='ocrx_word' id='word_1_442' title='bbox 1515 3683 1896 3757; x_wconf 84' lang='lat' dir='ltr'><strong>opprimitur.</strong></span> 
     </span>
    </p>
   </div>
   <div class='ocr_carea' id='block_1_57' title="bbox 236 3770 1902 3856">
    <p class='ocr_par' dir='ltr' id='par_1_57' title="bbox 236 3770 1902 3856">
     <span class='ocr_line' id='line_1_57' title="bbox 236 3770 1902 3856; baseline -0.007 -16"><span class='ocrx_word' id='word_1_443' title='bbox 236 3783 402 3840; x_wconf 89' lang='lat' dir='ltr'><strong>Unde</strong></span> <span class='ocrx_word' id='word_1_444' title='bbox 433 3783 724 3856; x_wconf 88' lang='lat' dir='ltr'><strong>Propheta</strong></span> <span class='ocrx_word' id='word_1_445' title='bbox 753 3781 834 3838; x_wconf 90' lang='lat' dir='ltr'><strong>ait</strong></span> <span class='ocrx_word' id='word_1_446' title='bbox 865 3797 880 3835; x_wconf 91' lang='lat'>:</span> <span class='ocrx_word' id='word_1_447' title='bbox 907 3802 934 3829; x_wconf 86' lang='lat'><strong>«</strong></span> <span class='ocrx_word' id='word_1_448' title='bbox 970 3775 1241 3848; x_wconf 89' lang='lat' dir='ltr'><strong>Dejecisti</strong></span> <span class='ocrx_word' id='word_1_449' title='bbox 1267 3790 1370 3832; x_wconf 92' lang='lat' dir='ltr'><strong>eos</strong></span> <span class='ocrx_word' id='word_1_450' title='bbox 1397 3774 1545 3830; x_wconf 91' lang='lat' dir='ltr'><strong>dum</strong></span> <span class='ocrx_word' id='word_1_451' title='bbox 1571 3770 1902 3830; x_wconf 88' lang='lat' dir='ltr'><strong>allevaren-</strong></span> 
     </span>
    </p>
   </div>
   <div class='ocr_carea' id='block_1_58' title="bbox 234 3865 1299 3944">
    <p class='ocr_par' dir='ltr' id='par_1_58' title="bbox 234 3865 1299 3944">
     <span class='ocr_line' id='line_1_58' title="bbox 234 3865 1299 3944; baseline -0.01 -13"><span class='ocrx_word' id='word_1_452' title='bbox 234 3878 332 3930; x_wconf 89' lang='lat' dir='ltr'><strong>tur</strong></span> <span class='ocrx_word' id='word_1_453' title='bbox 361 3873 544 3944; x_wconf 86' lang='lat' dir='ltr'><strong>(Psal.</strong></span> <span class='ocrx_word' id='word_1_454' title='bbox 573 3888 745 3936; x_wconf 80' lang='lat' dir='ltr'><strong>Lxxu,</strong></span> <span class='ocrx_word' id='word_1_455' title='bbox 785 3870 889 3942; x_wconf 91' lang='lat'><strong>18).</strong></span> <span class='ocrx_word' id='word_1_456' title='bbox 927 3891 956 3919; x_wconf 86' lang='lat'><strong><em>»</em></strong></span> <span class='ocrx_word' id='word_1_457' title='bbox 980 3865 1256 3940; x_wconf 90' lang='lat' dir='ltr'><strong>Sequitur</strong></span> <span class='ocrx_word' id='word_1_458' title='bbox 1287 3883 1299 3921; x_wconf 90' lang='lat'>:</span> 
     </span>
    </p>
   </div>
   <div class='ocr_carea' id='block_1_59' title="bbox 305 3949 1898 4025">
    <p class='ocr_par' dir='ltr' id='par_1_59' title="bbox 305 3949 1898 4025">
     <span class='ocr_line' id='line_1_59' title="bbox 305 3949 1898 4025; baseline -0.006 -7"><span class='ocrx_word' id='word_1_459' title='bbox 305 3965 470 4018; x_wconf 72' lang='lat' dir='ltr'><strong>Vnus.</strong></span> <span class='ocrx_word' id='word_1_460' title='bbox 501 3965 553 4019; x_wconf 90' lang='lat'><strong>8.</strong></span> <span class='ocrx_word' id='word_1_461' title='bbox 585 3959 898 4018; x_wconf 86' lang='lat' dir='ltr'><strong>Absconde</strong></span> <span class='ocrx_word' id='word_1_462' title='bbox 921 3973 1017 4016; x_wconf 88' lang='lat' dir='ltr'><strong>eos</strong></span> <span class='ocrx_word' id='word_1_463' title='bbox 1047 3957 1111 4012; x_wconf 80' lang='lat' dir='ltr'><strong>in</strong></span> <span class='ocrx_word' id='word_1_464' title='bbox 1137 3955 1410 4025; x_wconf 78' lang='lat' dir='ltr'><strong>pulvere.</strong></span> <span class='ocrx_word' id='word_1_465' title='bbox 1443 3984 1512 3993; x_wconf 94' lang='lat'><strong>—</strong></span> <span class='ocrx_word' id='word_1_466' title='bbox 1537 3955 1618 4006; x_wconf 81' lang='lat' dir='ltr'><strong>Ac</strong></span> <span class='ocrx_word' id='word_1_467' title='bbox 1640 3949 1689 4005; x_wconf 89' lang='lat' dir='ltr'><strong>si</strong></span> <span class='ocrx_word' id='word_1_468' title='bbox 1714 3949 1898 4015; x_wconf 88' lang='lat' dir='ltr'><strong>dicat,</strong></span> 
     </span>
    </p>
   </div>
   <div class='ocr_carea' id='block_1_60' title="bbox 231 4037 1900 4125">
    <p class='ocr_par' dir='ltr' id='par_1_60' title="bbox 231 4037 1900 4125">
     <span class='ocr_line' id='line_1_60' title="bbox 231 4037 1900 4125; baseline -0.008 -15"><span class='ocrx_word' id='word_1_469' title='bbox 231 4056 296 4110; x_wconf 89' lang='lat' dir='ltr'><strong>ut</strong></span> <span class='ocrx_word' id='word_1_470' title='bbox 323 4067 457 4124; x_wconf 91' lang='lat' dir='ltr'><strong>ego.</strong></span> <span class='ocrx_word' id='word_1_471' title='bbox 490 4050 790 4125; x_wconf 90' lang='lat' dir='ltr'><strong>Superbos</strong></span> <span class='ocrx_word' id='word_1_472' title='bbox 816 4049 978 4106; x_wconf 90' lang='lat' dir='ltr'><strong>enim</strong></span> <span class='ocrx_word' id='word_1_473' title='bbox 1019 4049 1198 4118; x_wconf 88' lang='lat' dir='ltr'><strong>atque</strong></span> <span class='ocrx_word' id='word_1_474' title='bbox 1226 4042 1445 4115; x_wconf 89' lang='lat' dir='ltr'><strong>impios</strong></span> <span class='ocrx_word' id='word_1_475' title='bbox 1471 4041 1640 4111; x_wconf 91' lang='lat' dir='ltr'><strong>justo</strong></span> <span class='ocrx_word' id='word_1_476' title='bbox 1667 4037 1900 4125; x_wconf 87' lang='lat' dir='ltr'><strong>judicio</strong></span> 
     </span>
    </p>
   </div>
   <div class='ocr_carea' id='block_1_61' title="bbox 232 4124 1898 4213">
    <p class='ocr_par' dir='ltr' id='par_1_61' title="bbox 232 4124 1898 4213">
     <span class='ocr_line' id='line_1_61' title="bbox 232 4124 1898 4213; baseline -0.01 -14"><span class='ocrx_word' id='word_1_477' title='bbox 232 4141 521 4199; x_wconf 87' lang='lat' dir='ltr'><strong>Dominus</strong></span> <span class='ocrx_word' id='word_1_478' title='bbox 571 4124 633 4196; x_wconf 87' lang='lat' dir='ltr'><strong>in</strong></span> <span class='ocrx_word' id='word_1_479' title='bbox 678 4138 920 4213; x_wconf 91' lang='lat' dir='ltr'><strong>pulvere</strong></span> <span class='ocrx_word' id='word_1_480' title='bbox 975 4130 1312 4201; x_wconf 87' lang='lat' dir='ltr'><strong>abscondit,</strong></span> <span class='ocrx_word' id='word_1_481' title='bbox 1391 4127 1537 4202; x_wconf 91' lang='lat' dir='ltr'><strong>quia</strong></span> <span class='ocrx_word' id='word_1_482' title='bbox 1608 4124 1898 4182; x_wconf 91' lang='lat' dir='ltr'><strong>nimirum</strong></span> 
     </span>
    </p>
   </div>
   <div class='ocr_carea' id='block_1_62' title="bbox 227 4215 1972 4322">
    <p class='ocr_par' dir='ltr' id='par_1_62' title="bbox 227 4215 1972 4322">
     <span class='ocr_line' id='line_1_62' title="bbox 227 4215 1972 4322; baseline -0.011 -34"><span class='ocrx_word' id='word_1_483' title='bbox 227 4230 412 4304; x_wconf 89' lang='lat' dir='ltr'><strong>quasi</strong></span> <span class='ocrx_word' id='word_1_484' title='bbox 441 4234 576 4286; x_wconf 90' lang='lat' dir='ltr'><strong>ante</strong></span> <span class='ocrx_word' id='word_1_485' title='bbox 605 4229 816 4286; x_wconf 85' lang='lat' dir='ltr'><strong>faciem</strong></span> <span class='ocrx_word' id='word_1_486' title='bbox 846 4225 970 4283; x_wconf 89' lang='lat' dir='ltr'><strong>veri</strong></span> <span class='ocrx_word' id='word_1_487' title='bbox 1000 4221 1248 4281; x_wconf 90' lang='lat' dir='ltr'><strong>luminis</strong></span> <span class='ocrx_word' id='word_1_488' title='bbox 1273 4233 1396 4276; x_wconf 92' lang='lat' dir='ltr'><strong>non</strong></span> <span class='ocrx_word' id='word_1_489' title='bbox 1429 4218 1705 4317; x_wconf 77' lang='lat' dir='ltr'><strong>apparet,</strong></span> <span class='ocrx_word' id='word_1_490' title='bbox 1735 4215 1898 4322; x_wconf 72' lang='lat' dir='ltr'><strong>quis-</strong></span> <span class='ocrx_word' id='word_1_491' title='bbox 1925 4267 1972 4322; x_wconf 67' lang='grc' dir='ltr'>Β</span> 
     </span>
    </p>
   </div>
   <div class='ocr_carea' id='block_1_63' title="bbox 227 4305 1896 4394">
    <p class='ocr_par' dir='ltr' id='par_1_63' title="bbox 227 4305 1896 4394">
     <span class='ocr_line' id='line_1_63' title="bbox 227 4305 1896 4394; baseline -0.008 -18"><span class='ocrx_word' id='word_1_492' title='bbox 227 4321 369 4394; x_wconf 88' lang='lat' dir='ltr'><strong>quis</strong></span> <span class='ocrx_word' id='word_1_493' title='bbox 398 4319 596 4376; x_wconf 89' lang='lat' dir='ltr'><strong>adhuc</strong></span> <span class='ocrx_word' id='word_1_494' title='bbox 627 4335 698 4375; x_wconf 92' lang='lat' dir='ltr'><strong>ea</strong></span> <span class='ocrx_word' id='word_1_495' title='bbox 726 4334 861 4391; x_wconf 74' lang='lat' dir='ltr'><strong>quae</strong></span> <span class='ocrx_word' id='word_1_496' title='bbox 883 4313 1096 4372; x_wconf 90' lang='lat' dir='ltr'><strong>mundi</strong></span> <span class='ocrx_word' id='word_1_497' title='bbox 1126 4314 1286 4380; x_wconf 87' lang='lat' dir='ltr'><strong>sunt,</strong></span> <span class='ocrx_word' id='word_1_498' title='bbox 1315 4305 1542 4382; x_wconf 88' lang='lat' dir='ltr'><strong>appetit</strong></span> <span class='ocrx_word' id='word_1_499' title='bbox 1571 4310 1753 4378; x_wconf 92' lang='lat' dir='ltr'><strong>atque</strong></span> <span class='ocrx_word' id='word_1_500' title='bbox 1782 4305 1896 4362; x_wconf 89' lang='lat' dir='ltr'><strong>sub</strong></span> 
     </span>
    </p>
   </div>
   <div class='ocr_carea' id='block_1_64' title="bbox 228 4399 1898 4485">
    <p class='ocr_par' dir='ltr' id='par_1_64' title="bbox 228 4399 1898 4485">
     <span class='ocr_line' id='line_1_64' title="bbox 228 4399 1898 4485; baseline -0.008 -17"><span class='ocrx_word' id='word_1_501' title='bbox 228 4410 475 4485; x_wconf 88' lang='lat' dir='ltr'><strong>pulvere</strong></span> <span class='ocrx_word' id='word_1_502' title='bbox 506 4415 748 4466; x_wconf 76' lang='lat' dir='ltr'><strong>terrenae</strong></span> <span class='ocrx_word' id='word_1_503' title='bbox 778 4404 1154 4478; x_wconf 90' lang='lat' dir='ltr'><strong>cogitationis</strong></span> <span class='ocrx_word' id='word_1_504' title='bbox 1178 4401 1337 4459; x_wconf 91' lang='lat' dir='ltr'><strong>latet.</strong></span> <span class='ocrx_word' id='word_1_505' title='bbox 1370 4399 1540 4455; x_wconf 86' lang='lat' dir='ltr'><strong>Hunc</strong></span> <span class='ocrx_word' id='word_1_506' title='bbox 1570 4411 1898 4485; x_wconf 87' lang='lat' dir='ltr'><strong>pravarum</strong></span> 
     </span>
    </p>
   </div>
   <div class='ocr_carea' id='block_1_65' title="bbox 229 4483 1895 4572">
    <p class='ocr_par' dir='ltr' id='par_1_65' title="bbox 229 4483 1895 4572">
     <span class='ocr_line' id='line_1_65' title="bbox 229 4483 1895 4572; baseline -0.009 -15"><span class='ocrx_word' id='word_1_507' title='bbox 229 4483 664 4570; x_wconf 79' lang='lat' dir='ltr'><strong>cogitationum</strong></span> <span class='ocrx_word' id='word_1_508' title='bbox 710 4497 1019 4572; x_wconf 90' lang='lat' dir='ltr'><strong>pulverem</strong></span> <span class='ocrx_word' id='word_1_509' title='bbox 1068 4506 1360 4567; x_wconf 87' lang='lat' dir='ltr'><strong>oppressa</strong></span> <span class='ocrx_word' id='word_1_510' title='bbox 1434 4503 1607 4544; x_wconf 91' lang='lat' dir='ltr'><strong>mens</strong></span> <span class='ocrx_word' id='word_1_511' title='bbox 1663 4483 1895 4551; x_wconf 85' lang='lat' dir='ltr'><strong>tolerat,</strong></span> 
     </span>
    </p>
   </div>
   <div class='ocr_carea' id='block_1_66' title="bbox 227 4575 1897 4663">
    <p class='ocr_par' dir='ltr' id='par_1_66' title="bbox 227 4575 1897 4663">
     <span class='ocr_line' id='line_1_66' title="bbox 227 4575 1897 4663; baseline -0.011 -17"><span class='ocrx_word' id='word_1_512' title='bbox 227 4606 370 4663; x_wconf 72' lang='lat' dir='ltr'><strong>quae</strong></span> <span class='ocrx_word' id='word_1_513' title='bbox 401 4593 614 4646; x_wconf 86' lang='lat' dir='ltr'><strong>ventus</strong></span> <span class='ocrx_word' id='word_1_514' title='bbox 639 4586 1025 4660; x_wconf 74' lang='lat' dir='ltr'><strong>nequissima:</strong></span> <span class='ocrx_word' id='word_1_515' title='bbox 1060 4578 1398 4640; x_wconf 90' lang='lat' dir='ltr'><strong>tentationis</strong></span> <span class='ocrx_word' id='word_1_516' title='bbox 1451 4577 1742 4649; x_wconf 78' lang='lat' dir='ltr'><strong>asportet.</strong></span> <span class='ocrx_word' id='word_1_517' title='bbox 1797 4575 1897 4630; x_wconf 90' lang='lat' dir='ltr'><strong>Se-</strong></span> 
     </span>
    </p>
   </div>
   <div class='ocr_carea' id='block_1_67' title="bbox 226 4665 1894 4751">
    <p class='ocr_par' dir='ltr' id='par_1_67' title="bbox 226 4665 1894 4751">
     <span class='ocr_line' id='line_1_67' title="bbox 226 4665 1894 4751; baseline -0.01 -16"><span class='ocrx_word' id='word_1_518' title='bbox 226 4677 438 4751; x_wconf 87' lang='lat' dir='ltr'><strong>quitur</strong></span> <span class='ocrx_word' id='word_1_519' title='bbox 465 4694 478 4733; x_wconf 91' lang='lat'><strong>:</strong></span> <span class='ocrx_word' id='word_1_520' title='bbox 507 4677 706 4734; x_wconf 87' lang='lat' dir='ltr'><strong>Simul</strong></span> <span class='ocrx_word' id='word_1_521' title='bbox 725 4682 779 4733; x_wconf 91' lang='lat' dir='ltr'><strong>et</strong></span> <span class='ocrx_word' id='word_1_522' title='bbox 805 4676 996 4746; x_wconf 82' lang='lat' dir='ltr'><strong>facies</strong></span> <span class='ocrx_word' id='word_1_523' title='bbox 1025 4687 1229 4729; x_wconf 77' lang='lat' dir='ltr'><strong>eorum</strong></span> <span class='ocrx_word' id='word_1_524' title='bbox 1247 4670 1520 4738; x_wconf 86' lang='lat' dir='ltr'><strong>demerge</strong></span> <span class='ocrx_word' id='word_1_525' title='bbox 1545 4665 1608 4721; x_wconf 85' lang='lat' dir='ltr'><strong>in</strong></span> <span class='ocrx_word' id='word_1_526' title='bbox 1633 4665 1894 4734; x_wconf 83' lang='lat' dir='ltr'><strong>foveam.</strong></span> 
     </span>
    </p>
   </div>
   <div class='ocr_carea' id='block_1_68' title="bbox 227 4751 1898 4834">
    <p class='ocr_par' dir='ltr' id='par_1_68' title="bbox 227 4751 1898 4834">
     <span class='ocr_line' id='line_1_68' title="bbox 227 4751 1898 4834; baseline -0.011 -11"><span class='ocrx_word' id='word_1_527' title='bbox 227 4797 303 4808; x_wconf 92' lang='lat'>—</span> <span class='ocrx_word' id='word_1_528' title='bbox 333 4770 418 4822; x_wconf 83' lang='lat' dir='ltr'><strong>Ac</strong></span> <span class='ocrx_word' id='word_1_529' title='bbox 445 4765 496 4820; x_wconf 90' lang='lat' dir='ltr'><strong>si</strong></span> <span class='ocrx_word' id='word_1_530' title='bbox 523 4765 701 4834; x_wconf 89' lang='lat' dir='ltr'><strong>dicat,</strong></span> <span class='ocrx_word' id='word_1_531' title='bbox 723 4767 792 4820; x_wconf 92' lang='lat' dir='ltr'><strong>ut</strong></span> <span class='ocrx_word' id='word_1_532' title='bbox 820 4778 952 4833; x_wconf 91' lang='lat' dir='ltr'><strong>ego.</strong></span> <span class='ocrx_word' id='word_1_533' title='bbox 995 4763 1165 4818; x_wconf 78' lang='lat' dir='ltr'><strong>Justo</strong></span> <span class='ocrx_word' id='word_1_534' title='bbox 1214 4770 1480 4830; x_wconf 90' lang='lat' dir='ltr'><strong>namque</strong></span> <span class='ocrx_word' id='word_1_535' title='bbox 1525 4751 1754 4825; x_wconf 87' lang='lat' dir='ltr'><strong>judicio</strong></span> <span class='ocrx_word' id='word_1_536' title='bbox 1797 4767 1898 4806; x_wconf 92' lang='lat' dir='ltr'><strong>su-</strong></span> 
     </span>
    </p>
   </div>
   <div class='ocr_carea' id='block_1_69' title="bbox 223 4839 1899 4928">
    <p class='ocr_par' dir='ltr' id='par_1_69' title="bbox 223 4839 1899 4928">
     <span class='ocr_line' id='line_1_69' title="bbox 223 4839 1899 4928; baseline -0.01 -17"><span class='ocrx_word' id='word_1_537' title='bbox 223 4853 559 4928; x_wconf 89' lang='lat' dir='ltr'><strong>perborum</strong></span> <span class='ocrx_word' id='word_1_538' title='bbox 587 4852 768 4909; x_wconf 88' lang='lat' dir='ltr'><strong>facies</strong></span> <span class='ocrx_word' id='word_1_539' title='bbox 797 4850 1086 4908; x_wconf 84' lang='lat' dir='ltr'><strong>Dominus</strong></span> <span class='ocrx_word' id='word_1_540' title='bbox 1116 4848 1177 4904; x_wconf 94' lang='lat' dir='ltr'><strong>in</strong></span> <span class='ocrx_word' id='word_1_541' title='bbox 1220 4846 1460 4903; x_wconf 86' lang='lat' dir='ltr'><strong>foveam</strong></span> <span class='ocrx_word' id='word_1_542' title='bbox 1495 4839 1726 4913; x_wconf 88' lang='lat' dir='ltr'><strong>mergit,</strong></span> <span class='ocrx_word' id='word_1_543' title='bbox 1754 4839 1899 4913; x_wconf 89' lang='lat' dir='ltr'><strong>quia</strong></span> 
     </span>
    </p>
   </div>
   <div class='ocr_carea' id='block_1_70' title="bbox 222 4929 1898 4999">
    <p class='ocr_par' dir='ltr' id='par_1_70' title="bbox 222 4929 1898 4999">
     <span class='ocr_line' id='line_1_70' title="bbox 222 4929 1898 4999; baseline -0.01 0"><span class='ocrx_word' id='word_1_544' title='bbox 222 4941 621 4999; x_wconf 89' lang='lat' dir='ltr'><strong>intentionem</strong></span> <span class='ocrx_word' id='word_1_545' title='bbox 677 4939 874 4997; x_wconf 89' lang='lat' dir='ltr'><strong>cordis</strong></span> <span class='ocrx_word' id='word_1_546' title='bbox 923 4954 1136 4996; x_wconf 90' lang='lat' dir='ltr'><strong>eorum</strong></span> <span class='ocrx_word' id='word_1_547' title='bbox 1181 4951 1310 4992; x_wconf 90' lang='lat' dir='ltr'><strong>sese</strong></span> <span class='ocrx_word' id='word_1_548' title='bbox 1357 4933 1514 4989; x_wconf 90' lang='lat' dir='ltr'><strong>ultra</strong></span> <span class='ocrx_word' id='word_1_549' title='bbox 1543 4945 1755 4988; x_wconf 89' lang='lat' dir='ltr'><strong>omnes</strong></span> <span class='ocrx_word' id='word_1_550' title='bbox 1785 4929 1898 4985; x_wconf 88' lang='lat' dir='ltr'><strong>eri-</strong></span> 
     </span>
    </p>
   </div>
   <div class='ocr_carea' id='block_1_71' title="bbox 222 5017 1902 5102">
    <p class='ocr_par' dir='ltr' id='par_1_71' title="bbox 222 5017 1902 5102">
     <span class='ocr_line' id='line_1_71' title="bbox 222 5017 1902 5102; baseline -0.009 -15"><span class='ocrx_word' id='word_1_551' title='bbox 222 5036 472 5102; x_wconf 87' lang='lat' dir='ltr'><strong>gentem</strong></span> <span class='ocrx_word' id='word_1_552' title='bbox 523 5029 767 5086; x_wconf 83' lang='lat' dir='ltr'><strong>inferius</strong></span> <span class='ocrx_word' id='word_1_553' title='bbox 821 5027 1040 5100; x_wconf 90' lang='lat' dir='ltr'><strong>dejicit.</strong></span> <span class='ocrx_word' id='word_1_554' title='bbox 1102 5029 1229 5082; x_wconf 90' lang='lat' dir='ltr'><strong>Ima</strong></span> <span class='ocrx_word' id='word_1_555' title='bbox 1281 5021 1441 5080; x_wconf 89' lang='lat' dir='ltr'><strong>enim</strong></span> <span class='ocrx_word' id='word_1_556' title='bbox 1499 5017 1758 5092; x_wconf 89' lang='lat' dir='ltr'><strong>respicit,</strong></span> <span class='ocrx_word' id='word_1_557' title='bbox 1800 5033 1902 5074; x_wconf 89' lang='lat' dir='ltr'><strong>cu-</strong></span> 
     </span>
    </p>
   </div>
   <div class='ocr_carea' id='block_1_72' title="bbox 215 5115 1903 5194">
    <p class='ocr_par' dir='ltr' id='par_1_72' title="bbox 215 5115 1903 5194">
     <span class='ocr_line' id='line_1_72' title="bbox 215 5115 1903 5194; baseline -0.009 -16"><span class='ocrx_word' id='word_1_558' title='bbox 215 5123 328 5194; x_wconf 87' lang='lat' dir='ltr'><strong>jus</strong></span> <span class='ocrx_word' id='word_1_559' title='bbox 383 5121 564 5177; x_wconf 82' lang='lat' dir='ltr'><strong>facies</strong></span> <span class='ocrx_word' id='word_1_560' title='bbox 620 5119 862 5176; x_wconf 86' lang='lat' dir='ltr'><strong>foveam</strong></span> <span class='ocrx_word' id='word_1_561' title='bbox 920 5115 1189 5174; x_wconf 88' lang='lat' dir='ltr'><strong>attendit.</strong></span> <span class='ocrx_word' id='word_1_562' title='bbox 1263 5115 1438 5169; x_wconf 74' lang='lat' dir='ltr'><strong>Recte</strong></span> <span class='ocrx_word' id='word_1_563' title='bbox 1489 5125 1632 5180; x_wconf 90' lang='lat' dir='ltr'><strong>ergo</strong></span> <span class='ocrx_word' id='word_1_564' title='bbox 1691 5122 1903 5164; x_wconf 89' lang='lat' dir='ltr'><strong>eorum</strong></span> 
     </span>
    </p>
   </div>
   <div class='ocr_carea' id='block_1_73' title="bbox 216 5195 1904 5276">
    <p class='ocr_par' dir='ltr' id='par_1_73' title="bbox 216 5195 1904 5276">
     <span class='ocr_line' id='line_1_73' title="bbox 216 5195 1904 5276; baseline -0.009 -8"><span class='ocrx_word' id='word_1_565' title='bbox 216 5209 414 5268; x_wconf 84' lang='lat' dir='ltr'><strong>facies</strong></span> <span class='ocrx_word' id='word_1_566' title='bbox 479 5209 542 5265; x_wconf 92' lang='lat' dir='ltr'><strong>in</strong></span> <span class='ocrx_word' id='word_1_567' title='bbox 597 5208 835 5266; x_wconf 82' lang='lat' dir='ltr'><strong>foveam</strong></span> <span class='ocrx_word' id='word_1_568' title='bbox 891 5203 1159 5275; x_wconf 90' lang='lat' dir='ltr'><strong>demergi</strong></span> <span class='ocrx_word' id='word_1_569' title='bbox 1232 5200 1628 5276; x_wconf 89' lang='lat' dir='ltr'><strong>perhibentur</strong></span> <span class='ocrx_word' id='word_1_570' title='bbox 1658 5237 1672 5264; x_wconf 93' lang='lat'><strong>,</strong></span> <span class='ocrx_word' id='word_1_571' title='bbox 1759 5195 1904 5268; x_wconf 90' lang='lat' dir='ltr'><strong>quia</strong></span> 
     </span>
    </p>
   </div>
   <div class='ocr_carea' id='block_1_74' title="bbox 217 5282 1906 5372">
    <p class='ocr_par' dir='ltr' id='par_1_74' title="bbox 217 5282 1906 5372">
     <span class='ocr_line' id='line_1_74' title="bbox 217 5282 1906 5372; baseline -0.009 -14"><span class='ocrx_word' id='word_1_572' title='bbox 217 5303 551 5372; x_wconf 80' lang='lat' dir='ltr'><strong>sequentes</strong></span> <span class='ocrx_word' id='word_1_573' title='bbox 603 5295 834 5366; x_wconf 79' lang='lat' dir='ltr'><strong>intima,</strong></span> <span class='ocrx_word' id='word_1_574' title='bbox 885 5294 965 5353; x_wconf 92' lang='lat' dir='ltr'><strong>ad</strong></span> <span class='ocrx_word' id='word_1_575' title='bbox 1003 5291 1219 5351; x_wconf 82' lang='lat' dir='ltr'><strong>inferni</strong></span> <span class='ocrx_word' id='word_1_576' title='bbox 1243 5289 1600 5348; x_wconf 88' lang='lat' dir='ltr'><strong>barathrum</strong></span> <span class='ocrx_word' id='word_1_577' title='bbox 1627 5282 1906 5360; x_wconf 78' lang='lat' dir='ltr'><strong>tendunt,</strong></span> 
     </span>
    </p>
   </div>
   <div class='ocr_carea' id='block_1_75' title="bbox 217 5388 560 5462">
    <p class='ocr_par' dir='ltr' id='par_1_75' title="bbox 217 5388 560 5462">
     <span class='ocr_line' id='line_1_75' title="bbox 217 5388 560 5462; baseline -0.015 -14"><span class='ocrx_word' id='word_1_578' title='bbox 217 5388 514 5462; x_wconf 82' lang='lat' dir='ltr'><strong>Sequitur</strong></span> <span class='ocrx_word' id='word_1_579' title='bbox 547 5405 560 5444; x_wconf 90' lang='lat'><strong>:</strong></span> 
     </span>
    </p>
   </div>
   <div class='ocr_carea' id='block_1_76' title="bbox 296 5464 1905 5548">
    <p class='ocr_par' dir='ltr' id='par_1_76' title="bbox 296 5464 1905 5548">
     <span class='ocr_line' id='line_1_76' title="bbox 296 5464 1905 5548; baseline -0.009 -14"><span class='ocrx_word' id='word_1_580' title='bbox 296 5481 471 5542; x_wconf 71' lang='lat' dir='ltr'><strong>Vens.</strong></span> <span class='ocrx_word' id='word_1_581' title='bbox 505 5481 557 5534; x_wconf 87' lang='lat'><strong>9.</strong></span> <span class='ocrx_word' id='word_1_582' title='bbox 590 5478 669 5533; x_wconf 85' lang='lat' dir='ltr'><strong>Et</strong></span> <span class='ocrx_word' id='word_1_583' title='bbox 699 5492 804 5548; x_wconf 86' lang='lat' dir='ltr'><strong>ego</strong></span> <span class='ocrx_word' id='word_1_584' title='bbox 833 5473 1155 5545; x_wconf 82' lang='lat' dir='ltr'><strong>conﬁtebor</strong></span> <span class='ocrx_word' id='word_1_585' title='bbox 1185 5473 1327 5544; x_wconf 79' lang='lat' dir='ltr'><strong>quia</strong></span> <span class='ocrx_word' id='word_1_586' title='bbox 1355 5469 1598 5526; x_wconf 83' lang='lat' dir='ltr'><strong>salvare</strong></span> <span class='ocrx_word' id='word_1_587' title='bbox 1629 5470 1685 5522; x_wconf 84' lang='lat' dir='ltr'><strong>te</strong></span> <span class='ocrx_word' id='word_1_588' title='bbox 1709 5464 1905 5535; x_wconf 81' lang='lat' dir='ltr'><strong>possit</strong></span> 
     </span>
    </p>
   </div>
   <div class='ocr_carea' id='block_1_77' title="bbox 213 5554 1908 5639">
    <p class='ocr_par' dir='ltr' id='par_1_77' title="bbox 213 5554 1908 5639">
     <span class='ocr_line' id='line_1_77' title="bbox 213 5554 1908 5639; baseline -0.011 -11"><span class='ocrx_word' id='word_1_589' title='bbox 213 5571 489 5628; x_wconf 67' lang='lat' dir='ltr'><strong>dextera</strong></span> <span class='ocrx_word' id='word_1_590' title='bbox 542 5573 685 5639; x_wconf 60' lang='lat' dir='ltr'><strong>tua.</strong></span> <span class='ocrx_word' id='word_1_591' title='bbox 731 5597 798 5607; x_wconf 90' lang='lat'><strong>—-</strong></span> <span class='ocrx_word' id='word_1_592' title='bbox 844 5566 928 5622; x_wconf 85' lang='lat' dir='ltr'><strong>Ac</strong></span> <span class='ocrx_word' id='word_1_593' title='bbox 980 5564 1029 5620; x_wconf 89' lang='lat' dir='ltr'><strong>si</strong></span> <span class='ocrx_word' id='word_1_594' title='bbox 1078 5563 1280 5635; x_wconf 89' lang='lat' dir='ltr'><strong>aperte</strong></span> <span class='ocrx_word' id='word_1_595' title='bbox 1327 5558 1594 5616; x_wconf 84' lang='lat' dir='ltr'><strong>diceret:</strong></span> <span class='ocrx_word' id='word_1_596' title='bbox 1639 5554 1698 5613; x_wconf 91' lang='lat' dir='ltr'><strong>Si</strong></span> <span class='ocrx_word' id='word_1_597' title='bbox 1737 5557 1908 5628; x_wconf 88' lang='lat' dir='ltr'><strong>potes</strong></span> 
     </span>
    </p>
   </div>
   <div class='ocr_carea' id='block_1_78' title="bbox 2012 1643 3679 1718">
    <p class='ocr_par' dir='ltr' id='par_1_78' title="bbox 2012 1643 3679 1718">
     <span class='ocr_line' id='line_1_78' title="bbox 2012 1643 3679 1718; baseline 0 -17"><span class='ocrx_word' id='word_1_598' title='bbox 2012 1661 2154 1701; x_wconf 90' lang='lat' dir='ltr'><strong>cum</strong></span> <span class='ocrx_word' id='word_1_599' title='bbox 2206 1643 2424 1700; x_wconf 88' lang='lat' dir='ltr'><strong>beatus</strong></span> <span class='ocrx_word' id='word_1_600' title='bbox 2472 1646 2582 1701; x_wconf 84' lang='lat' dir='ltr'><strong>Job</strong></span> <span class='ocrx_word' id='word_1_601' title='bbox 2634 1645 2882 1716; x_wconf 83' lang='lat' dir='ltr'><strong>factum,</strong></span> <span class='ocrx_word' id='word_1_602' title='bbox 2929 1646 3095 1718; x_wconf 91' lang='lat' dir='ltr'><strong>quod</strong></span> <span class='ocrx_word' id='word_1_603' title='bbox 3150 1661 3472 1702; x_wconf 89' lang='lat' dir='ltr'><strong>commune</strong></span> <span class='ocrx_word' id='word_1_604' title='bbox 3535 1662 3679 1702; x_wconf 89' lang='lat' dir='ltr'><strong>cum</strong></span> 
     </span>
    </p>
   </div>
   <div class='ocr_carea' id='block_1_79' title="bbox 2009 1732 3680 1803">
    <p class='ocr_par' dir='ltr' id='par_1_79' title="bbox 2009 1732 3680 1803">
     <span class='ocr_line' id='line_1_79' title="bbox 2009 1732 3680 1803; baseline 0.001 -15"><span class='ocrx_word' id='word_1_605' title='bbox 2009 1733 2298 1788; x_wconf 88' lang='lat' dir='ltr'><strong>creaturis</strong></span> <span class='ocrx_word' id='word_1_606' title='bbox 2351 1734 2637 1790; x_wconf 86' lang='lat' dir='ltr'><strong>omnibus</strong></span> <span class='ocrx_word' id='word_1_607' title='bbox 2691 1735 3042 1803; x_wconf 89' lang='lat' dir='ltr'><strong>generaliter</strong></span> <span class='ocrx_word' id='word_1_608' title='bbox 3083 1735 3378 1791; x_wconf 86' lang='lat' dir='ltr'><strong>habeatur</strong></span> <span class='ocrx_word' id='word_1_609' title='bbox 3403 1733 3429 1787; x_wconf 84' lang='lat'><strong>?</strong></span> <span class='ocrx_word' id='word_1_610' title='bbox 3468 1732 3680 1790; x_wconf 90' lang='lat' dir='ltr'><strong>Subtili</strong></span> 
     </span>
    </p>
   </div>
   <div class='ocr_carea' id='block_1_80' title="bbox 2008 1820 3682 1890">
    <p class='ocr_par' dir='ltr' id='par_1_80' title="bbox 2008 1820 3682 1890">
     <span class='ocr_line' id='line_1_80' title="bbox 2008 1820 3682 1890; baseline 0 -12"><span class='ocrx_word' id='word_1_611' title='bbox 2008 1825 2212 1878; x_wconf 88' lang='lat' dir='ltr'><strong>autem</strong></span> <span class='ocrx_word' id='word_1_612' title='bbox 2240 1821 2612 1879; x_wconf 88' lang='lat' dir='ltr'><strong>discussione</strong></span> <span class='ocrx_word' id='word_1_613' title='bbox 2646 1845 2674 1873; x_wconf 89' lang='lat'>«</span> <span class='ocrx_word' id='word_1_614' title='bbox 2715 1823 2892 1878; x_wconf 89' lang='lat' dir='ltr'><strong>simul</strong></span> <span class='ocrx_word' id='word_1_615' title='bbox 2928 1847 2954 1873; x_wconf 89' lang='grc'><strong>››</strong></span> <span class='ocrx_word' id='word_1_616' title='bbox 2994 1823 3219 1878; x_wconf 81' lang='lat' dir='ltr'><strong>factum</strong></span> <span class='ocrx_word' id='word_1_617' title='bbox 3260 1820 3540 1890; x_wconf 88' lang='lat' dir='ltr'><strong>angelum</strong></span> <span class='ocrx_word' id='word_1_618' title='bbox 3571 1821 3682 1878; x_wconf 80' lang='lat' dir='ltr'><strong>ho-</strong></span> 
     </span>
    </p>
   </div>
   <div class='ocr_carea' id='block_1_81' title="bbox 2006 1909 3682 1984">
    <p class='ocr_par' dir='ltr' id='par_1_81' title="bbox 2006 1909 3682 1984">
     <span class='ocr_line' id='line_1_81' title="bbox 2006 1909 3682 1984; baseline 0.002 -18"><span class='ocrx_word' id='word_1_619' title='bbox 2006 1910 2362 1984; x_wconf 91' lang='lat' dir='ltr'><strong>minemque</strong></span> <span class='ocrx_word' id='word_1_620' title='bbox 2392 1912 2853 1982; x_wconf 88' lang='lat' dir='ltr'><strong>cognoscimus;</strong></span> <span class='ocrx_word' id='word_1_621' title='bbox 2888 1935 2915 1961; x_wconf 93' lang='grc'><strong>‹‹</strong></span> <span class='ocrx_word' id='word_1_622' title='bbox 2951 1911 3150 1981; x_wconf 89' lang='lat' dir='ltr'><strong>simul,</strong></span> <span class='ocrx_word' id='word_1_623' title='bbox 3189 1936 3216 1964; x_wconf 88' lang='grc'><strong>››</strong></span> <span class='ocrx_word' id='word_1_624' title='bbox 3247 1909 3518 1966; x_wconf 85' lang='lat' dir='ltr'><strong>videlicet</strong></span> <span class='ocrx_word' id='word_1_625' title='bbox 3554 1926 3682 1969; x_wconf 91' lang='lat' dir='ltr'><strong>non</strong></span> 
     </span>
    </p>
   </div>
   <div class='ocr_carea' id='block_1_82' title="bbox 2007 1998 3684 2072">
    <p class='ocr_par' dir='ltr' id='par_1_82' title="bbox 2007 1998 3684 2072">
     <span class='ocr_line' id='line_1_82' title="bbox 2007 1998 3684 2072; baseline 0.001 -17"><span class='ocrx_word' id='word_1_626' title='bbox 2007 1998 2238 2055; x_wconf 91' lang='lat' dir='ltr'><strong>unitate</strong></span> <span class='ocrx_word' id='word_1_627' title='bbox 2267 2001 2577 2072; x_wconf 90' lang='lat' dir='ltr'><strong>temporis,</strong></span> <span class='ocrx_word' id='word_1_628' title='bbox 2621 2000 2726 2056; x_wconf 90' lang='lat' dir='ltr'><strong>sed</strong></span> <span class='ocrx_word' id='word_1_629' title='bbox 2780 2001 3139 2070; x_wconf 90' lang='lat' dir='ltr'><strong>cogitatione</strong></span> <span class='ocrx_word' id='word_1_630' title='bbox 3186 1999 3454 2058; x_wconf 88' lang='lat' dir='ltr'><strong>rationis.</strong></span> <span class='ocrx_word' id='word_1_631' title='bbox 3514 2019 3544 2052; x_wconf 84' lang='grc'>‹</span> <span class='ocrx_word' id='word_1_632' title='bbox 3597 2002 3684 2059; x_wconf 87' lang='lat' dir='ltr'><strong>Si-</strong></span> 
     </span>
    </p>
   </div>
   <div class='ocr_carea' id='block_1_83' title="bbox 2006 2085 3682 2162">
    <p class='ocr_par' dir='ltr' id='par_1_83' title="bbox 2006 2085 3682 2162">
     <span class='ocr_line' id='line_1_83' title="bbox 2006 2085 3682 2162; baseline 0.002 -19"><span class='ocrx_word' id='word_1_633' title='bbox 2006 2085 2135 2143; x_wconf 91' lang='lat' dir='ltr'><strong>mul</strong></span> <span class='ocrx_word' id='word_1_634' title='bbox 2167 2108 2195 2134; x_wconf 88' lang='lat'>»</span> <span class='ocrx_word' id='word_1_635' title='bbox 2223 2102 2329 2159; x_wconf 90' lang='lat' dir='ltr'><strong>per</strong></span> <span class='ocrx_word' id='word_1_636' title='bbox 2361 2093 2672 2160; x_wconf 91' lang='lat' dir='ltr'><strong>acceptam</strong></span> <span class='ocrx_word' id='word_1_637' title='bbox 2705 2087 3030 2158; x_wconf 89' lang='lat' dir='ltr'><strong>imaginem</strong></span> <span class='ocrx_word' id='word_1_638' title='bbox 3080 2086 3415 2162; x_wconf 73' lang='lat' dir='ltr'><strong>sapientiae,</strong></span> <span class='ocrx_word' id='word_1_639' title='bbox 3463 2093 3520 2144; x_wconf 91' lang='lat' dir='ltr'><strong>et</strong></span> <span class='ocrx_word' id='word_1_640' title='bbox 3554 2103 3682 2146; x_wconf 92' lang='lat' dir='ltr'><strong>non</strong></span> 
     </span>
    </p>
   </div>
   <div class='ocr_carea' id='block_1_84' title="bbox 2007 2173 3680 2248">
    <p class='ocr_par' dir='ltr' id='par_1_84' title="bbox 2007 2173 3680 2248">
     <span class='ocr_line' id='line_1_84' title="bbox 2007 2173 3680 2248; baseline 0.004 -20"><span class='ocrx_word' id='word_1_641' title='bbox 2007 2197 2037 2224; x_wconf 85' lang='lat'><strong><em>«</em></strong></span> <span class='ocrx_word' id='word_1_642' title='bbox 2081 2173 2261 2230; x_wconf 90' lang='lat' dir='ltr'><strong>simul</strong></span> <span class='ocrx_word' id='word_1_643' title='bbox 2309 2198 2336 2224; x_wconf 77' lang='grc' dir='ltr'><strong>»ι</strong></span> <span class='ocrx_word' id='word_1_644' title='bbox 2392 2191 2499 2248; x_wconf 90' lang='lat' dir='ltr'><strong>per</strong></span> <span class='ocrx_word' id='word_1_645' title='bbox 2553 2176 2938 2246; x_wconf 89' lang='lat' dir='ltr'><strong>conjunctam</strong></span> <span class='ocrx_word' id='word_1_646' title='bbox 2989 2175 3399 2233; x_wconf 87' lang='lat' dir='ltr'><strong>substantiam</strong></span> <span class='ocrx_word' id='word_1_647' title='bbox 3448 2176 3680 2235; x_wconf 69' lang='lat' dir='ltr'><strong>formae.</strong></span> 
     </span>
    </p>
   </div>
   <div class='ocr_carea' id='block_1_85' title="bbox 2009 2262 3686 2337">
    <p class='ocr_par' dir='ltr' id='par_1_85' title="bbox 2009 2262 3686 2337">
     <span class='ocr_line' id='line_1_85' title="bbox 2009 2262 3686 2337; baseline 0.002 -17"><span class='ocrx_word' id='word_1_648' title='bbox 2009 2262 2310 2334; x_wconf 87' lang='lat' dir='ltr'><strong>Scriptum</strong></span> <span class='ocrx_word' id='word_1_649' title='bbox 2339 2279 2603 2337; x_wconf 89' lang='lat' dir='ltr'><strong>namque</strong></span> <span class='ocrx_word' id='word_1_650' title='bbox 2635 2270 2722 2320; x_wconf 89' lang='lat' dir='ltr'><strong>est</strong></span> <span class='ocrx_word' id='word_1_651' title='bbox 2749 2263 2824 2320; x_wconf 92' lang='lat' dir='ltr'><strong>de</strong></span> <span class='ocrx_word' id='word_1_652' title='bbox 2849 2264 3093 2320; x_wconf 87' lang='lat' dir='ltr'><strong>homine</strong></span> <span class='ocrx_word' id='word_1_653' title='bbox 3128 2282 3142 2320; x_wconf 92' lang='lat'>:</span> <span class='ocrx_word' id='word_1_654' title='bbox 3174 2287 3205 2316; x_wconf 85' lang='lat'><strong>«</strong></span> <span class='ocrx_word' id='word_1_655' title='bbox 3244 2263 3552 2322; x_wconf 89' lang='lat' dir='ltr'><strong>Faciamus</strong></span> <span class='ocrx_word' id='word_1_656' title='bbox 3577 2267 3686 2324; x_wconf 88' lang='lat' dir='ltr'><strong>ho-</strong></span> 
     </span>
    </p>
   </div>
   <div class='ocr_carea' id='block_1_86' title="bbox 2005 2351 3683 2422">
    <p class='ocr_par' dir='ltr' id='par_1_86' title="bbox 2005 2351 3683 2422">
     <span class='ocr_line' id='line_1_86' title="bbox 2005 2351 3683 2422; baseline 0.005 -14"><span class='ocrx_word' id='word_1_657' title='bbox 2005 2351 2236 2408; x_wconf 91' lang='lat' dir='ltr'><strong>minem</strong></span> <span class='ocrx_word' id='word_1_658' title='bbox 2294 2352 2371 2409; x_wconf 92' lang='lat' dir='ltr'><strong>ad</strong></span> <span class='ocrx_word' id='word_1_659' title='bbox 2424 2353 2754 2422; x_wconf 89' lang='lat' dir='ltr'><strong>imaginem</strong></span> <span class='ocrx_word' id='word_1_660' title='bbox 2803 2359 2860 2410; x_wconf 91' lang='lat' dir='ltr'><strong>et</strong></span> <span class='ocrx_word' id='word_1_661' title='bbox 2905 2353 3368 2410; x_wconf 88' lang='lat' dir='ltr'><strong>similitudinem</strong></span> <span class='ocrx_word' id='word_1_662' title='bbox 3412 2360 3683 2416; x_wconf 88' lang='lat' dir='ltr'><strong>nostram</strong></span> 
     </span>
    </p>
   </div>
   <div class='ocr_carea' id='block_1_87' title="bbox 2007 2440 3683 2514">
    <p class='ocr_par' dir='ltr' id='par_1_87' title="bbox 2007 2440 3683 2514">
     <span class='ocr_line' id='line_1_87' title="bbox 2007 2440 3683 2514; baseline 0.005 -18"><span class='ocrx_word' id='word_1_663' title='bbox 2007 2440 2177 2511; x_wconf 88' lang='lat' dir='ltr'><strong>(Gen.</strong></span> <span class='ocrx_word' id='word_1_664' title='bbox 2209 2456 2248 2508; x_wconf 85' lang='lat'><strong>1,</strong></span> <span class='ocrx_word' id='word_1_665' title='bbox 2281 2442 2392 2512; x_wconf 81' lang='lat'><strong>26).</strong></span> <span class='ocrx_word' id='word_1_666' title='bbox 2420 2465 2448 2491; x_wconf 88' lang='grc'><strong>››</strong></span> <span class='ocrx_word' id='word_1_667' title='bbox 2471 2444 2537 2497; x_wconf 91' lang='lat' dir='ltr'><strong>Et</strong></span> <span class='ocrx_word' id='word_1_668' title='bbox 2564 2457 2670 2514; x_wconf 89' lang='lat' dir='ltr'><strong>per</strong></span> <span class='ocrx_word' id='word_1_669' title='bbox 2701 2441 3061 2498; x_wconf 89' lang='lat' dir='ltr'><strong>Ezechielem</strong></span> <span class='ocrx_word' id='word_1_670' title='bbox 3088 2443 3174 2499; x_wconf 88' lang='lat' dir='ltr'><strong>ad</strong></span> <span class='ocrx_word' id='word_1_671' title='bbox 3209 2446 3390 2501; x_wconf 84' lang='lat' dir='ltr'><strong>Satan</strong></span> <span class='ocrx_word' id='word_1_672' title='bbox 3419 2445 3635 2503; x_wconf 90' lang='lat' dir='ltr'><strong>dicitur</strong></span> <span class='ocrx_word' id='word_1_673' title='bbox 3669 2466 3683 2506; x_wconf 92' lang='lat'>:</span> 
     </span>
    </p>
   </div>
   <div class='ocr_carea' id='block_1_88' title="bbox 2010 2528 3688 2606">
    <p class='ocr_par' dir='ltr' id='par_1_88' title="bbox 2010 2528 3688 2606">
     <span class='ocr_line' id='line_1_88' title="bbox 2010 2528 3688 2606; baseline 0.01 -29"><span class='ocrx_word' id='word_1_674' title='bbox 2010 2549 2039 2577; x_wconf 88' lang='grc'><strong>‹‹</strong></span> <span class='ocrx_word' id='word_1_675' title='bbox 2067 2530 2152 2583; x_wconf 89' lang='lat' dir='ltr'><strong>&#39;l‘u</strong></span> <span class='ocrx_word' id='word_1_676' title='bbox 2179 2528 2562 2600; x_wconf 89' lang='lat' dir='ltr'><strong>signaculum</strong></span> <span class='ocrx_word' id='word_1_677' title='bbox 2595 2529 2996 2586; x_wconf 89' lang='lat' dir='ltr'><strong>similitudinis</strong></span> <span class='ocrx_word' id='word_1_678' title='bbox 3023 2529 3250 2602; x_wconf 88' lang='lat' dir='ltr'><strong>plenus</strong></span> <span class='ocrx_word' id='word_1_679' title='bbox 3291 2533 3595 2606; x_wconf 76' lang='lat' dir='ltr'><strong>sapientiae</strong></span> <span class='ocrx_word' id='word_1_680' title='bbox 3627 2541 3688 2594; x_wconf 90' lang='lat' dir='ltr'><strong>et</strong></span> 
     </span>
    </p>
   </div>
   <div class='ocr_carea' id='block_1_89' title="bbox 2007 2617 3687 2691">
    <p class='ocr_par' dir='ltr' id='par_1_89' title="bbox 2007 2617 3687 2691">
     <span class='ocr_line' id='line_1_89' title="bbox 2007 2617 3687 2691; baseline 0.005 -19"><span class='ocrx_word' id='word_1_681' title='bbox 2007 2617 2308 2690; x_wconf 85' lang='lat' dir='ltr'><strong>perfectus</strong></span> <span class='ocrx_word' id='word_1_682' title='bbox 2359 2618 2574 2675; x_wconf 90' lang='lat' dir='ltr'><strong>decore</strong></span> <span class='ocrx_word' id='word_1_683' title='bbox 2629 2619 2688 2674; x_wconf 90' lang='lat' dir='ltr'><strong>in</strong></span> <span class='ocrx_word' id='word_1_684' title='bbox 2749 2619 2973 2675; x_wconf 90' lang='lat' dir='ltr'><strong>deliciis</strong></span> <span class='ocrx_word' id='word_1_685' title='bbox 3027 2620 3300 2691; x_wconf 87' lang='lat' dir='ltr'><strong>paradisi</strong></span> <span class='ocrx_word' id='word_1_686' title='bbox 3360 2623 3462 2679; x_wconf 91' lang='lat' dir='ltr'><strong>Dei</strong></span> <span class='ocrx_word' id='word_1_687' title='bbox 3519 2624 3687 2682; x_wconf 83' lang='lat' dir='ltr'><strong>fuisti</strong></span> 
     </span>
    </p>
   </div>
   <div class='ocr_carea' id='block_1_90' title="bbox 2011 2707 3684 2778">
    <p class='ocr_par' dir='ltr' id='par_1_90' title="bbox 2011 2707 3684 2778">
     <span class='ocr_line' id='line_1_90' title="bbox 2011 2707 3684 2778; baseline 0.005 -17"><span class='ocrx_word' id='word_1_688' title='bbox 2011 2707 2240 2778; x_wconf 85' lang='lat' dir='ltr'><strong>(Ezech.</strong></span> <span class='ocrx_word' id='word_1_689' title='bbox 2268 2723 2470 2777; x_wconf 86' lang='lat' dir='ltr'><strong>xxvui,</strong></span> <span class='ocrx_word' id='word_1_690' title='bbox 2505 2707 2608 2777; x_wconf 78' lang='lat'><strong>12).</strong></span> <span class='ocrx_word' id='word_1_691' title='bbox 2645 2729 2674 2757; x_wconf 88' lang='lat'><strong>»</strong></span> <span class='ocrx_word' id='word_1_692' title='bbox 2729 2708 2878 2774; x_wconf 85' lang='lat' dir='ltr'><strong>Quia</strong></span> <span class='ocrx_word' id='word_1_693' title='bbox 2927 2723 3071 2778; x_wconf 89' lang='lat' dir='ltr'><strong>ergo</strong></span> <span class='ocrx_word' id='word_1_694' title='bbox 3114 2708 3178 2763; x_wconf 89' lang='lat' dir='ltr'><strong>in</strong></span> <span class='ocrx_word' id='word_1_695' title='bbox 3221 2715 3440 2768; x_wconf 90' lang='lat' dir='ltr'><strong>cuncta</strong></span> <span class='ocrx_word' id='word_1_696' title='bbox 3469 2713 3684 2770; x_wconf 89' lang='lat' dir='ltr'><strong>condi-</strong></span> 
     </span>
    </p>
   </div>
   <div class='ocr_carea' id='block_1_91' title="bbox 2009 2795 3684 2870">
    <p class='ocr_par' dir='ltr' id='par_1_91' title="bbox 2009 2795 3684 2870">
     <span class='ocr_line' id='line_1_91' title="bbox 2009 2795 3684 2870; baseline 0.004 -20"><span class='ocrx_word' id='word_1_697' title='bbox 2009 2795 2169 2851; x_wconf 91' lang='lat' dir='ltr'><strong>tione</strong></span> <span class='ocrx_word' id='word_1_698' title='bbox 2193 2811 2415 2865; x_wconf 90' lang='lat' dir='ltr'><strong>rerum,</strong></span> <span class='ocrx_word' id='word_1_699' title='bbox 2449 2795 2681 2851; x_wconf 90' lang='lat' dir='ltr'><strong>nullum</strong></span> <span class='ocrx_word' id='word_1_700' title='bbox 2711 2795 3002 2851; x_wconf 83' lang='lat' dir='ltr'><strong>rationale</strong></span> <span class='ocrx_word' id='word_1_701' title='bbox 3031 2796 3261 2852; x_wconf 90' lang='lat' dir='ltr'><strong>animal</strong></span> <span class='ocrx_word' id='word_1_702' title='bbox 3284 2798 3394 2854; x_wconf 90' lang='lat' dir='ltr'><strong>nisi</strong></span> <span class='ocrx_word' id='word_1_703' title='bbox 3427 2801 3684 2870; x_wconf 89' lang='lat' dir='ltr'><strong>angelus</strong></span> 
     </span>
    </p>
   </div>
   <div class='ocr_carea' id='block_1_92' title="bbox 2009 2883 3678 2956">
    <p class='ocr_par' dir='ltr' id='par_1_92' title="bbox 2009 2883 3678 2956">
     <span class='ocr_line' id='line_1_92' title="bbox 2009 2883 3678 2956; baseline 0.003 -15"><span class='ocrx_word' id='word_1_704' title='bbox 2009 2888 2067 2941; x_wconf 90' lang='lat' dir='ltr'><strong>et</strong></span> <span class='ocrx_word' id='word_1_705' title='bbox 2090 2885 2276 2940; x_wconf 91' lang='lat' dir='ltr'><strong>homo</strong></span> <span class='ocrx_word' id='word_1_706' title='bbox 2307 2888 2396 2940; x_wconf 91' lang='lat' dir='ltr'><strong>est</strong></span> <span class='ocrx_word' id='word_1_707' title='bbox 2422 2883 2721 2956; x_wconf 89' lang='lat' dir='ltr'><strong>quidquid</strong></span> <span class='ocrx_word' id='word_1_708' title='bbox 2751 2884 2980 2940; x_wconf 88' lang='lat' dir='ltr'><strong>ratione</strong></span> <span class='ocrx_word' id='word_1_709' title='bbox 3006 2884 3089 2939; x_wconf 91' lang='lat' dir='ltr'><strong>uti</strong></span> <span class='ocrx_word' id='word_1_710' title='bbox 3143 2899 3264 2939; x_wconf 94' lang='lat' dir='ltr'><strong>non</strong></span> <span class='ocrx_word' id='word_1_711' title='bbox 3311 2891 3508 2956; x_wconf 89' lang='lat' dir='ltr'><strong>potest</strong></span> <span class='ocrx_word' id='word_1_712' title='bbox 3536 2904 3678 2946; x_wconf 90' lang='lat' dir='ltr'><strong>cum</strong></span> 
     </span>
    </p>
   </div>
   <div class='ocr_carea' id='block_1_93' title="bbox 2007 2971 3676 3048">
    <p class='ocr_par' dir='ltr' id='par_1_93' title="bbox 2007 2971 3676 3048">
     <span class='ocr_line' id='line_1_93' title="bbox 2007 2971 3676 3048; baseline 0.002 -19"><span class='ocrx_word' id='word_1_713' title='bbox 2007 2972 2253 3029; x_wconf 87' lang='lat' dir='ltr'><strong>homine</strong></span> <span class='ocrx_word' id='word_1_714' title='bbox 2278 2971 2502 3028; x_wconf 84' lang='lat' dir='ltr'><strong>factum</strong></span> <span class='ocrx_word' id='word_1_715' title='bbox 2527 2987 2650 3027; x_wconf 90' lang='lat' dir='ltr'><strong>non</strong></span> <span class='ocrx_word' id='word_1_716' title='bbox 2680 2976 2786 3028; x_wconf 88' lang='lat' dir='ltr'><strong>est.</strong></span> <span class='ocrx_word' id='word_1_717' title='bbox 2821 2975 2972 3041; x_wconf 89' lang='lat' dir='ltr'><strong>Ergo</strong></span> <span class='ocrx_word' id='word_1_718' title='bbox 3003 2972 3189 3027; x_wconf 91' lang='lat' dir='ltr'><strong>homo</strong></span> <span class='ocrx_word' id='word_1_719' title='bbox 3219 2988 3359 3028; x_wconf 90' lang='lat' dir='ltr'><strong>cum</strong></span> <span class='ocrx_word' id='word_1_720' title='bbox 3395 2990 3536 3030; x_wconf 90' lang='lat' dir='ltr'><strong>eum</strong></span> <span class='ocrx_word' id='word_1_721' title='bbox 3567 2977 3676 3048; x_wconf 91' lang='lat' dir='ltr'><strong>qui</strong></span> 
     </span>
    </p>
   </div>
   <div class='ocr_carea' id='block_1_94' title="bbox 2008 3059 3679 3132">
    <p class='ocr_par' dir='ltr' id='par_1_94' title="bbox 2008 3059 3679 3132">
     <span class='ocr_line' id='line_1_94' title="bbox 2008 3059 3679 3132; baseline 0.001 -14"><span class='ocrx_word' id='word_1_722' title='bbox 2008 3060 2238 3118; x_wconf 90' lang='lat' dir='ltr'><strong>ratione</strong></span> <span class='ocrx_word' id='word_1_723' title='bbox 2260 3075 2467 3116; x_wconf 88' lang='lat' dir='ltr'><strong>secum</strong></span> <span class='ocrx_word' id='word_1_724' title='bbox 2497 3059 2688 3116; x_wconf 88' lang='lat' dir='ltr'><strong>factus</strong></span> <span class='ocrx_word' id='word_1_725' title='bbox 2717 3063 2810 3116; x_wconf 89' lang='lat' dir='ltr'><strong>est</strong></span> <span class='ocrx_word' id='word_1_726' title='bbox 2833 3060 3084 3132; x_wconf 91' lang='lat' dir='ltr'><strong>periisse</strong></span> <span class='ocrx_word' id='word_1_727' title='bbox 3135 3059 3495 3129; x_wconf 88' lang='lat' dir='ltr'><strong>considerat,</strong></span> <span class='ocrx_word' id='word_1_728' title='bbox 3543 3063 3679 3119; x_wconf 87' lang='lat' dir='ltr'><strong>vici-</strong></span> 
     </span>
    </p>
   </div>
   <div class='ocr_carea' id='block_1_95' title="bbox 2008 3145 3677 3220">
    <p class='ocr_par' dir='ltr' id='par_1_95' title="bbox 2008 3145 3677 3220">
     <span class='ocr_line' id='line_1_95' title="bbox 2008 3145 3677 3220; baseline 0.001 -18"><span class='ocrx_word' id='word_1_729' title='bbox 2008 3163 2158 3203; x_wconf 91' lang='lat' dir='ltr'><strong>num</strong></span> <span class='ocrx_word' id='word_1_730' title='bbox 2189 3146 2535 3213; x_wconf 83' lang='lat' dir='ltr'><strong>sibicasum</strong></span> <span class='ocrx_word' id='word_1_731' title='bbox 2581 3146 2880 3218; x_wconf 69' lang='lat' dir='ltr'><strong>superbia:</strong></span> <span class='ocrx_word' id='word_1_732' title='bbox 2911 3163 2983 3202; x_wconf 87' lang='lat' dir='ltr'><strong>ex</strong></span> <span class='ocrx_word' id='word_1_733' title='bbox 3021 3146 3154 3219; x_wconf 90' lang='lat' dir='ltr'><strong>ipsa</strong></span> <span class='ocrx_word' id='word_1_734' title='bbox 3211 3145 3538 3220; x_wconf 88' lang='lat' dir='ltr'><strong>propinqui</strong></span> <span class='ocrx_word' id='word_1_735' title='bbox 3584 3149 3677 3204; x_wconf 87' lang='lat' dir='ltr'><strong>sui</strong></span> 
     </span>
    </p>
   </div>
   <div class='ocr_carea' id='block_1_96' title="bbox 2008 3235 3676 3310">
    <p class='ocr_par' dir='ltr' id='par_1_96' title="bbox 2008 3235 3676 3310">
     <span class='ocr_line' id='line_1_96' title="bbox 2008 3235 3676 3310; baseline 0 -18"><span class='ocrx_word' id='word_1_736' title='bbox 2008 3235 2340 3310; x_wconf 86' lang='lat' dir='ltr'><strong>perditione</strong></span> <span class='ocrx_word' id='word_1_737' title='bbox 2366 3235 2767 3308; x_wconf 86' lang='lat' dir='ltr'><strong>pertimescat.</strong></span> <span class='ocrx_word' id='word_1_738' title='bbox 2806 3235 3126 3291; x_wconf 91' lang='lat' dir='ltr'><strong>Sciendum</strong></span> <span class='ocrx_word' id='word_1_739' title='bbox 3175 3249 3314 3290; x_wconf 90' lang='lat' dir='ltr'><strong>vero</strong></span> <span class='ocrx_word' id='word_1_740' title='bbox 3372 3240 3481 3305; x_wconf 91' lang='lat' dir='ltr'><strong>est,</strong></span> <span class='ocrx_word' id='word_1_741' title='bbox 3529 3237 3676 3308; x_wconf 92' lang='lat' dir='ltr'><strong>quia</strong></span> 
     </span>
    </p>
   </div>
   <div class='ocr_carea' id='block_1_97' title="bbox 2009 3323 3678 3398">
    <p class='ocr_par' dir='ltr' id='par_1_97' title="bbox 2009 3323 3678 3398">
     <span class='ocr_line' id='line_1_97' title="bbox 2009 3323 3678 3398; baseline 0 -18"><span class='ocrx_word' id='word_1_742' title='bbox 2009 3325 2304 3382; x_wconf 87' lang='lat' dir='ltr'><strong>nefarium</strong></span> <span class='ocrx_word' id='word_1_743' title='bbox 2335 3323 2638 3381; x_wconf 66' lang='lat' dir='ltr'><strong>Manichaei</strong></span> <span class='ocrx_word' id='word_1_744' title='bbox 2663 3323 2892 3395; x_wconf 70' lang='lat' dir='ltr'><strong>dogma</strong></span> <span class='ocrx_word' id='word_1_745' title='bbox 2923 3325 3019 3381; x_wconf 92' lang='lat' dir='ltr'><strong>hic</strong></span> <span class='ocrx_word' id='word_1_746' title='bbox 3047 3323 3520 3397; x_wconf 87' lang='lat' dir='ltr'><strong>reprehenditur,</strong></span> <span class='ocrx_word' id='word_1_747' title='bbox 3570 3325 3678 3398; x_wconf 87' lang='lat' dir='ltr'><strong>qui</strong></span> 
     </span>
    </p>
   </div>
   <div class='ocr_carea' id='block_1_98' title="bbox 2009 3413 3676 3487">
    <p class='ocr_par' dir='ltr' id='par_1_98' title="bbox 2009 3413 3676 3487">
     <span class='ocr_line' id='line_1_98' title="bbox 2009 3413 3676 3487; baseline -0.001 -17"><span class='ocrx_word' id='word_1_748' title='bbox 2009 3414 2158 3470; x_wconf 92' lang='lat' dir='ltr'><strong>dum</strong></span> <span class='ocrx_word' id='word_1_749' title='bbox 2186 3413 2308 3470; x_wconf 91' lang='lat' dir='ltr'><strong>duo</strong></span> <span class='ocrx_word' id='word_1_750' title='bbox 2337 3413 2635 3487; x_wconf 89' lang='lat' dir='ltr'><strong>principia</strong></span> <span class='ocrx_word' id='word_1_751' title='bbox 2673 3413 2956 3486; x_wconf 89' lang='lat' dir='ltr'><strong>loquitur,</strong></span> <span class='ocrx_word' id='word_1_752' title='bbox 3002 3413 3385 3470; x_wconf 90' lang='lat' dir='ltr'><strong>tenebrarum</strong></span> <span class='ocrx_word' id='word_1_753' title='bbox 3436 3418 3676 3484; x_wconf 89' lang='lat' dir='ltr'><strong>gentem</strong></span> 
     </span>
    </p>
   </div>
   <div class='ocr_carea' id='block_1_99' title="bbox 2009 3501 3676 3571">
    <p class='ocr_par' dir='ltr' id='par_1_99' title="bbox 2009 3501 3676 3571">
     <span class='ocr_line' id='line_1_99' title="bbox 2009 3501 3676 3571; baseline -0.001 -11"><span class='ocrx_word' id='word_1_754' title='bbox 2009 3520 2134 3561; x_wconf 92' lang='lat' dir='ltr'><strong>non</strong></span> <span class='ocrx_word' id='word_1_755' title='bbox 2163 3503 2321 3561; x_wconf 83' lang='lat' dir='ltr'><strong>facta</strong></span> <span class='ocrx_word' id='word_1_756' title='bbox 2351 3519 2621 3560; x_wconf 88' lang='lat' dir='ltr'><strong>asserere</strong></span> <span class='ocrx_word' id='word_1_757' title='bbox 2651 3507 2922 3561; x_wconf 90' lang='lat' dir='ltr'><strong>conatur.</strong></span> <span class='ocrx_word' id='word_1_758' title='bbox 2957 3502 3274 3569; x_wconf 89' lang='lat' dir='ltr'><strong>Quomodo</strong></span> <span class='ocrx_word' id='word_1_759' title='bbox 3322 3501 3483 3558; x_wconf 89' lang='lat' dir='ltr'><strong>enim</strong></span> <span class='ocrx_word' id='word_1_760' title='bbox 3534 3517 3676 3571; x_wconf 89' lang='lat' dir='ltr'><strong>gen-</strong></span> 
     </span>
    </p>
   </div>
   <div class='ocr_carea' id='block_1_100' title="bbox 2010 3587 3678 3664">
    <p class='ocr_par' dir='ltr' id='par_1_100' title="bbox 2010 3587 3678 3664">
     <span class='ocr_line' id='line_1_100' title="bbox 2010 3587 3678 3664; baseline -0.002 -15"><span class='ocrx_word' id='word_1_761' title='bbox 2010 3598 2129 3650; x_wconf 90' lang='lat' dir='ltr'><strong>tem</strong></span> <span class='ocrx_word' id='word_1_762' title='bbox 2175 3591 2314 3648; x_wconf 90' lang='lat' dir='ltr'><strong>dicit</strong></span> <span class='ocrx_word' id='word_1_763' title='bbox 2361 3591 2796 3664; x_wconf 89' lang='lat' dir='ltr'><strong>nequissimam</strong></span> <span class='ocrx_word' id='word_1_764' title='bbox 2852 3606 2976 3647; x_wconf 91' lang='lat' dir='ltr'><strong>non</strong></span> <span class='ocrx_word' id='word_1_765' title='bbox 3034 3590 3276 3658; x_wconf 82' lang='lat' dir='ltr'><strong>factam,</strong></span> <span class='ocrx_word' id='word_1_766' title='bbox 3317 3587 3467 3646; x_wconf 92' lang='lat' dir='ltr'><strong>dum</strong></span> <span class='ocrx_word' id='word_1_767' title='bbox 3501 3589 3678 3647; x_wconf 87' lang='lat' dir='ltr'><strong>Behe-</strong></span> 
     </span>
    </p>
   </div>
   <div class='ocr_carea' id='block_1_101' title="bbox 2011 3678 3677 3752">
    <p class='ocr_par' dir='ltr' id='par_1_101' title="bbox 2011 3678 3677 3752">
     <span class='ocr_line' id='line_1_101' title="bbox 2011 3678 3677 3752; baseline -0.003 -14"><span class='ocrx_word' id='word_1_768' title='bbox 2011 3683 2199 3752; x_wconf 88' lang='lat' dir='ltr'><strong>moth,</strong></span> <span class='ocrx_word' id='word_1_769' title='bbox 2227 3681 2410 3738; x_wconf 91' lang='lat' dir='ltr'><strong>istum</strong></span> <span class='ocrx_word' id='word_1_770' title='bbox 2436 3680 2707 3737; x_wconf 88' lang='lat' dir='ltr'><strong>videlicet</strong></span> <span class='ocrx_word' id='word_1_771' title='bbox 2725 3684 3035 3736; x_wconf 88' lang='lat' dir='ltr'><strong>auctorem</strong></span> <span class='ocrx_word' id='word_1_772' title='bbox 3066 3678 3345 3752; x_wconf 78' lang='lat' dir='ltr'><strong>nequitiae</strong></span> <span class='ocrx_word' id='word_1_773' title='bbox 3376 3694 3485 3752; x_wconf 89' lang='lat' dir='ltr'><strong>per</strong></span> <span class='ocrx_word' id='word_1_774' title='bbox 3506 3684 3677 3734; x_wconf 86' lang='lat' dir='ltr'><strong>natu-</strong></span> 
     </span>
    </p>
   </div>
   <div class='ocr_carea' id='block_1_102' title="bbox 2008 3765 3677 3827">
    <p class='ocr_par' dir='ltr' id='par_1_102' title="bbox 2008 3765 3677 3827">
     <span class='ocr_line' id='line_1_102' title="bbox 2008 3765 3677 3827; baseline -0.003 0"><span class='ocrx_word' id='word_1_775' title='bbox 2008 3786 2140 3827; x_wconf 88' lang='lat' dir='ltr'><strong>ram</strong></span> <span class='ocrx_word' id='word_1_776' title='bbox 2170 3769 2324 3825; x_wconf 89' lang='lat' dir='ltr'><strong>bene</strong></span> <span class='ocrx_word' id='word_1_777' title='bbox 2360 3767 2673 3824; x_wconf 89' lang='lat' dir='ltr'><strong>conditum</strong></span> <span class='ocrx_word' id='word_1_778' title='bbox 2704 3782 2766 3822; x_wconf 91' lang='lat' dir='ltr'><strong>se</strong></span> <span class='ocrx_word' id='word_1_779' title='bbox 2809 3767 3098 3822; x_wconf 91' lang='lat' dir='ltr'><strong>Dominus</strong></span> <span class='ocrx_word' id='word_1_780' title='bbox 3129 3766 3340 3822; x_wconf 86' lang='lat' dir='ltr'><strong>fecisse</strong></span> <span class='ocrx_word' id='word_1_781' title='bbox 3370 3770 3618 3822; x_wconf 90' lang='lat' dir='ltr'><strong>testatur</strong></span> <span class='ocrx_word' id='word_1_782' title='bbox 3647 3765 3677 3822; x_wconf 64' lang='grc' dir='ltr'><strong><em>Ἰ</em></strong></span> 
     </span>
    </p>
   </div>
   <div class='ocr_carea' id='block_1_103' title="bbox 2008 3854 3674 3932">
    <p class='ocr_par' dir='ltr' id='par_1_103' title="bbox 2008 3854 3674 3932">
     <span class='ocr_line' id='line_1_103' title="bbox 2008 3854 3674 3932; baseline -0.002 -17"><span class='ocrx_word' id='word_1_783' title='bbox 2008 3857 2286 3932; x_wconf 90' lang='lat' dir='ltr'><strong>Sequitur</strong></span> <span class='ocrx_word' id='word_1_784' title='bbox 2318 3873 2331 3912; x_wconf 92' lang='lat'><strong>:</strong></span> <span class='ocrx_word' id='word_1_785' title='bbox 2359 3857 2588 3913; x_wconf 87' lang='lat' dir='ltr'><strong>Fenum</strong></span> <span class='ocrx_word' id='word_1_786' title='bbox 2613 3857 2765 3913; x_wconf 77' lang='lat' dir='ltr'><strong>sicut</strong></span> <span class='ocrx_word' id='word_1_787' title='bbox 2795 3855 2893 3912; x_wconf 86' lang='lat' dir='ltr'><strong>bos</strong></span> <span class='ocrx_word' id='word_1_788' title='bbox 2927 3855 3197 3912; x_wconf 82' lang='lat' dir='ltr'><strong>comedit.</strong></span> <span class='ocrx_word' id='word_1_789' title='bbox 3229 3885 3298 3893; x_wconf 98' lang='lat'><strong>—</strong></span> <span class='ocrx_word' id='word_1_790' title='bbox 3329 3854 3462 3910; x_wconf 81' lang='lat' dir='ltr'><strong>Haec</strong></span> <span class='ocrx_word' id='word_1_791' title='bbox 3491 3854 3674 3910; x_wconf 91' lang='lat' dir='ltr'><strong>etiam</strong></span> 
     </span>
    </p>
   </div>
   <div class='ocr_carea' id='block_1_104' title="bbox 2009 3941 3674 4014">
    <p class='ocr_par' dir='ltr' id='par_1_104' title="bbox 2009 3941 3674 4014">
     <span class='ocr_line' id='line_1_104' title="bbox 2009 3941 3674 4014; baseline -0.004 -11"><span class='ocrx_word' id='word_1_792' title='bbox 2009 3946 2219 4003; x_wconf 82' lang='lat' dir='ltr'><strong>eadem</strong></span> <span class='ocrx_word' id='word_1_793' title='bbox 2243 3943 2423 4000; x_wconf 87' lang='lat' dir='ltr'><strong>Isaias</strong></span> <span class='ocrx_word' id='word_1_794' title='bbox 2449 3943 2530 4000; x_wconf 87' lang='lat' dir='ltr'><strong>ait</strong></span> <span class='ocrx_word' id='word_1_795' title='bbox 2561 3961 2574 4000; x_wconf 88' lang='lat'><strong>:</strong></span> <span class='ocrx_word' id='word_1_796' title='bbox 2611 3966 2638 3993; x_wconf 91' lang='grc'><strong>‹‹</strong></span> <span class='ocrx_word' id='word_1_797' title='bbox 2673 3945 2789 3998; x_wconf 92' lang='lat' dir='ltr'><strong>Leo</strong></span> <span class='ocrx_word' id='word_1_798' title='bbox 2839 3942 2992 3998; x_wconf 89' lang='lat' dir='ltr'><strong>sicut</strong></span> <span class='ocrx_word' id='word_1_799' title='bbox 3036 3942 3149 3998; x_wconf 89' lang='lat' dir='ltr'><strong>bos</strong></span> <span class='ocrx_word' id='word_1_800' title='bbox 3179 3941 3438 3997; x_wconf 91' lang='lat' dir='ltr'><strong>comedit</strong></span> <span class='ocrx_word' id='word_1_801' title='bbox 3468 3941 3674 4014; x_wconf 81' lang='lat' dir='ltr'><strong>paleas</strong></span> 
     </span>
    </p>
   </div>
   <div class='ocr_carea' id='block_1_105' title="bbox 2011 4029 3675 4109">
    <p class='ocr_par' dir='ltr' id='par_1_105' title="bbox 2011 4029 3675 4109">
     <span class='ocr_line' id='line_1_105' title="bbox 2011 4029 3675 4109; baseline -0.005 -17"><span class='ocrx_word' id='word_1_802' title='bbox 2011 4037 2150 4109; x_wconf 91' lang='lat' dir='ltr'><strong>(Isa.</strong></span> <span class='ocrx_word' id='word_1_803' title='bbox 2181 4050 2262 4100; x_wconf 80' lang='lat' dir='ltr'><strong>x1,</strong></span> <span class='ocrx_word' id='word_1_804' title='bbox 2294 4033 2370 4104; x_wconf 87' lang='lat'><strong>7).</strong></span> <span class='ocrx_word' id='word_1_805' title='bbox 2407 4054 2436 4082; x_wconf 88' lang='lat'><strong>»</strong></span> <span class='ocrx_word' id='word_1_806' title='bbox 2467 4031 2619 4096; x_wconf 88' lang='lat' dir='ltr'><strong>Quid</strong></span> <span class='ocrx_word' id='word_1_807' title='bbox 2647 4036 2849 4089; x_wconf 89' lang='lat' dir='ltr'><strong>autem</strong></span> <span class='ocrx_word' id='word_1_808' title='bbox 2880 4031 2997 4087; x_wconf 87' lang='lat' dir='ltr'><strong>feni</strong></span> <span class='ocrx_word' id='word_1_809' title='bbox 3026 4031 3460 4103; x_wconf 90' lang='lat' dir='ltr'><strong>palearumque</strong></span> <span class='ocrx_word' id='word_1_810' title='bbox 3482 4029 3675 4085; x_wconf 87' lang='lat' dir='ltr'><strong>nomi-</strong></span> 
     </span>
    </p>
   </div>
   <div class='ocr_carea' id='block_1_106' title="bbox 2007 4119 3673 4191">
    <p class='ocr_par' dir='ltr' id='par_1_106' title="bbox 2007 4119 3673 4191">
     <span class='ocr_line' id='line_1_106' title="bbox 2007 4119 3673 4191; baseline -0.005 -10"><span class='ocrx_word' id='word_1_811' title='bbox 2007 4140 2104 4191; x_wconf 92' lang='lat' dir='ltr'><strong>ne,</strong></span> <span class='ocrx_word' id='word_1_812' title='bbox 2128 4121 2242 4179; x_wconf 88' lang='lat' dir='ltr'><strong>nisi</strong></span> <span class='ocrx_word' id='word_1_813' title='bbox 2268 4119 2607 4178; x_wconf 90' lang='lat' dir='ltr'><strong>carnalium</strong></span> <span class='ocrx_word' id='word_1_814' title='bbox 2632 4119 3050 4190; x_wconf 82' lang='lat' dir='ltr'><strong>vita~signatur</strong></span> <span class='ocrx_word' id='word_1_815' title='bbox 3069 4120 3096 4176; x_wconf 77' lang='lat' dir='ltr'><strong>‘I</strong></span> <span class='ocrx_word' id='word_1_816' title='bbox 3140 4123 3218 4175; x_wconf 91' lang='lat' dir='ltr'><strong>De</strong></span> <span class='ocrx_word' id='word_1_817' title='bbox 3255 4134 3379 4191; x_wconf 90' lang='lat' dir='ltr'><strong>qua</strong></span> <span class='ocrx_word' id='word_1_818' title='bbox 3408 4134 3515 4191; x_wconf 90' lang='lat' dir='ltr'><strong>per</strong></span> <span class='ocrx_word' id='word_1_819' title='bbox 3539 4133 3673 4191; x_wconf 90' lang='lat' dir='ltr'><strong>pro-</strong></span> 
     </span>
    </p>
   </div>
   <div class='ocr_carea' id='block_1_107' title="bbox 2007 4206 3672 4286">
    <p class='ocr_par' dir='ltr' id='par_1_107' title="bbox 2007 4206 3672 4286">
     <span class='ocr_line' id='line_1_107' title="bbox 2007 4206 3672 4286; baseline -0.006 -18"><span class='ocrx_word' id='word_1_820' title='bbox 2007 4213 2254 4286; x_wconf 88' lang='lat' dir='ltr'><strong>phetam</strong></span> <span class='ocrx_word' id='word_1_821' title='bbox 2281 4209 2497 4267; x_wconf 90' lang='lat' dir='ltr'><strong>dicitur</strong></span> <span class='ocrx_word' id='word_1_822' title='bbox 2529 4230 2541 4268; x_wconf 89' lang='lat'>:</span> <span class='ocrx_word' id='word_1_823' title='bbox 2581 4209 2836 4267; x_wconf 87' lang='lat' dir='ltr'><strong>«Omnis</strong></span> <span class='ocrx_word' id='word_1_824' title='bbox 2867 4225 3007 4265; x_wconf 90' lang='lat' dir='ltr'><strong>caro</strong></span> <span class='ocrx_word' id='word_1_825' title='bbox 3033 4208 3238 4264; x_wconf 89' lang='lat' dir='ltr'><strong>fenum</strong></span> <span class='ocrx_word' id='word_1_826' title='bbox 3261 4208 3403 4275; x_wconf 86' lang='lat' dir='ltr'><strong>(Isa.</strong></span> <span class='ocrx_word' id='word_1_827' title='bbox 3427 4223 3521 4274; x_wconf 85' lang='lat' dir='ltr'><strong>xL,</strong></span> <span class='ocrx_word' id='word_1_828' title='bbox 3545 4206 3620 4278; x_wconf 88' lang='lat'><strong>6).</strong></span> <span class='ocrx_word' id='word_1_829' title='bbox 3643 4229 3672 4258; x_wconf 85' lang='lat'>»</span> 
     </span>
    </p>
   </div>
   <div class='ocr_carea' id='block_1_108' title="bbox 2010 4296 3671 4371">
    <p class='ocr_par' dir='ltr' id='par_1_108' title="bbox 2010 4296 3671 4371">
     <span class='ocr_line' id='line_1_108' title="bbox 2010 4296 3671 4371; baseline -0.004 -13"><span class='ocrx_word' id='word_1_830' title='bbox 2010 4301 2122 4368; x_wconf 91' lang='lat' dir='ltr'><strong>Qui</strong></span> <span class='ocrx_word' id='word_1_831' title='bbox 2141 4315 2284 4371; x_wconf 89' lang='lat' dir='ltr'><strong>ergo</strong></span> <span class='ocrx_word' id='word_1_832' title='bbox 2311 4299 2409 4356; x_wconf 90' lang='lat' dir='ltr'><strong>hic</strong></span> <span class='ocrx_word' id='word_1_833' title='bbox 2440 4298 2908 4367; x_wconf 90' lang='lat' dir='ltr'><strong>Behemoth,illic</strong></span> <span class='ocrx_word' id='word_1_834' title='bbox 2936 4298 3030 4355; x_wconf 92' lang='lat' dir='ltr'><strong>leo</strong></span> <span class='ocrx_word' id='word_1_835' title='bbox 3057 4317 3070 4367; x_wconf 94' lang='lat'><strong>;</strong></span> <span class='ocrx_word' id='word_1_836' title='bbox 3103 4301 3161 4354; x_wconf 90' lang='lat' dir='ltr'><strong>et</strong></span> <span class='ocrx_word' id='word_1_837' title='bbox 3183 4296 3290 4369; x_wconf 91' lang='lat' dir='ltr'><strong>qui</strong></span> <span class='ocrx_word' id='word_1_838' title='bbox 3317 4297 3414 4353; x_wconf 89' lang='lat' dir='ltr'><strong>hic</strong></span> <span class='ocrx_word' id='word_1_839' title='bbox 3440 4296 3671 4366; x_wconf 88' lang='lat' dir='ltr'><strong>fenum,</strong></span> 
     </span>
    </p>
   </div>
   <div class='ocr_carea' id='block_1_109' title="bbox 2006 4386 3675 4462">
    <p class='ocr_par' dir='ltr' id='par_1_109' title="bbox 2006 4386 3675 4462">
     <span class='ocr_line' id='line_1_109' title="bbox 2006 4386 3675 4462; baseline -0.004 -16"><span class='ocrx_word' id='word_1_840' title='bbox 2006 4389 2122 4446; x_wconf 91' lang='lat' dir='ltr'><strong>illic</strong></span> <span class='ocrx_word' id='word_1_841' title='bbox 2150 4389 2357 4462; x_wconf 80' lang='lat' dir='ltr'><strong>palleae</strong></span> <span class='ocrx_word' id='word_1_842' title='bbox 2373 4388 2796 4457; x_wconf 90' lang='lat' dir='ltr'><strong>nominantur;</strong></span> <span class='ocrx_word' id='word_1_843' title='bbox 2821 4386 3008 4444; x_wconf 90' lang='lat' dir='ltr'><strong>boves</strong></span> <span class='ocrx_word' id='word_1_844' title='bbox 3024 4386 3186 4444; x_wconf 91' lang='lat' dir='ltr'><strong>enim</strong></span> <span class='ocrx_word' id='word_1_845' title='bbox 3211 4401 3437 4459; x_wconf 88' lang='lat' dir='ltr'><strong>aquam</strong></span> <span class='ocrx_word' id='word_1_846' title='bbox 3459 4400 3675 4458; x_wconf 89' lang='lat' dir='ltr'><strong>quam-</strong></span> 
     </span>
    </p>
   </div>
   <div class='ocr_carea' id='block_1_110' title="bbox 2005 4473 3672 4546">
    <p class='ocr_par' dir='ltr' id='par_1_110' title="bbox 2005 4473 3672 4546">
     <span class='ocr_line' id='line_1_110' title="bbox 2005 4473 3672 4546; baseline -0.003 -12"><span class='ocrx_word' id='word_1_847' title='bbox 2005 4478 2152 4537; x_wconf 90' lang='lat' dir='ltr'><strong>libet</strong></span> <span class='ocrx_word' id='word_1_848' title='bbox 2205 4477 2517 4536; x_wconf 90' lang='lat' dir='ltr'><strong>sordidam</strong></span> <span class='ocrx_word' id='word_1_849' title='bbox 2567 4477 2804 4546; x_wconf 89' lang='lat' dir='ltr'><strong>bibunt,</strong></span> <span class='ocrx_word' id='word_1_850' title='bbox 2851 4476 2956 4533; x_wconf 90' lang='lat' dir='ltr'><strong>sed</strong></span> <span class='ocrx_word' id='word_1_851' title='bbox 3000 4477 3134 4533; x_wconf 84' lang='lat' dir='ltr'><strong>feno</strong></span> <span class='ocrx_word' id='word_1_852' title='bbox 3163 4474 3409 4532; x_wconf 91' lang='lat' dir='ltr'><strong>nonnisi</strong></span> <span class='ocrx_word' id='word_1_853' title='bbox 3439 4473 3672 4530; x_wconf 91' lang='lat' dir='ltr'><strong>mundo</strong></span> 
     </span>
    </p>
   </div>
   <div class='ocr_carea' id='block_1_111' title="bbox 2005 4563 3672 4640">
    <p class='ocr_par' dir='ltr' id='par_1_111' title="bbox 2005 4563 3672 4640">
     <span class='ocr_line' id='line_1_111' title="bbox 2005 4563 3672 4640; baseline -0.005 -15"><span class='ocrx_word' id='word_1_854' title='bbox 2005 4573 2349 4625; x_wconf 83' lang='lat' dir='ltr'><strong>vescuntur.</strong></span> <span class='ocrx_word' id='word_1_855' title='bbox 2378 4568 2531 4634; x_wconf 93' lang='lat' dir='ltr'><strong>Quid</strong></span> <span class='ocrx_word' id='word_1_856' title='bbox 2559 4571 2646 4624; x_wconf 89' lang='lat' dir='ltr'><strong>est</strong></span> <span class='ocrx_word' id='word_1_857' title='bbox 2671 4583 2814 4638; x_wconf 90' lang='lat' dir='ltr'><strong>ergo</strong></span> <span class='ocrx_word' id='word_1_858' title='bbox 2841 4566 3006 4640; x_wconf 91' lang='lat' dir='ltr'><strong>quod</strong></span> <span class='ocrx_word' id='word_1_859' title='bbox 3035 4565 3196 4634; x_wconf 90' lang='lat' dir='ltr'><strong>bovi,</strong></span> <span class='ocrx_word' id='word_1_860' title='bbox 3227 4565 3334 4637; x_wconf 92' lang='lat' dir='ltr'><strong>qui</strong></span> <span class='ocrx_word' id='word_1_861' title='bbox 3372 4563 3672 4622; x_wconf 92' lang='lat' dir='ltr'><strong>mundum</strong></span> 
     </span>
    </p>
   </div>
   <div class='ocr_carea' id='block_1_112' title="bbox 2007 4649 3672 4726">
    <p class='ocr_par' dir='ltr' id='par_1_112' title="bbox 2007 4649 3672 4726">
     <span class='ocr_line' id='line_1_112' title="bbox 2007 4649 3672 4726; baseline -0.006 -10"><span class='ocrx_word' id='word_1_862' title='bbox 2007 4657 2286 4725; x_wconf 90' lang='lat' dir='ltr'><strong>comedit,</strong></span> <span class='ocrx_word' id='word_1_863' title='bbox 2318 4657 2646 4714; x_wconf 89' lang='lat' dir='ltr'><strong>Behemoth</strong></span> <span class='ocrx_word' id='word_1_864' title='bbox 2669 4655 2777 4712; x_wconf 86' lang='lat' dir='ltr'><strong>iste</strong></span> <span class='ocrx_word' id='word_1_865' title='bbox 2807 4659 3212 4726; x_wconf 88' lang='lat' dir='ltr'><strong>comparatur,</strong></span> <span class='ocrx_word' id='word_1_866' title='bbox 3227 4652 3342 4708; x_wconf 90' lang='lat' dir='ltr'><strong>nisi</strong></span> <span class='ocrx_word' id='word_1_867' title='bbox 3367 4652 3482 4708; x_wconf 92' lang='lat' dir='ltr'><strong>hoc</strong></span> <span class='ocrx_word' id='word_1_868' title='bbox 3503 4649 3672 4723; x_wconf 92' lang='lat' dir='ltr'><strong>quod</strong></span> 
     </span>
    </p>
   </div>
   <div class='ocr_carea' id='block_1_113' title="bbox 2006 4741 3673 4820">
    <p class='ocr_par' dir='ltr' id='par_1_113' title="bbox 2006 4741 3673 4820">
     <span class='ocr_line' id='line_1_113' title="bbox 2006 4741 3673 4820; baseline -0.005 -16"><span class='ocrx_word' id='word_1_869' title='bbox 2006 4747 2082 4804; x_wconf 90' lang='lat' dir='ltr'><strong>de</strong></span> <span class='ocrx_word' id='word_1_870' title='bbox 2109 4748 2222 4804; x_wconf 90' lang='lat' dir='ltr'><strong>isto</strong></span> <span class='ocrx_word' id='word_1_871' title='bbox 2244 4747 2490 4820; x_wconf 89' lang='lat' dir='ltr'><strong>antiquo</strong></span> <span class='ocrx_word' id='word_1_872' title='bbox 2515 4745 2686 4802; x_wconf 87' lang='lat' dir='ltr'><strong>hoste</strong></span> <span class='ocrx_word' id='word_1_873' title='bbox 2715 4760 2823 4818; x_wconf 90' lang='lat' dir='ltr'><strong>per</strong></span> <span class='ocrx_word' id='word_1_874' title='bbox 2853 4743 3211 4817; x_wconf 89' lang='lat' dir='ltr'><strong>prophetam</strong></span> <span class='ocrx_word' id='word_1_875' title='bbox 3238 4741 3455 4798; x_wconf 91' lang='lat' dir='ltr'><strong>dicitur</strong></span> <span class='ocrx_word' id='word_1_876' title='bbox 3473 4742 3501 4796; x_wconf 66' lang='grc' dir='ltr'><strong><em>Ἰ</em></strong></span> <span class='ocrx_word' id='word_1_877' title='bbox 3524 4743 3673 4797; x_wconf 86' lang='lat' dir='ltr'><strong>Esca</strong></span> 
     </span>
    </p>
   </div>
   <div class='ocr_carea' id='block_1_114' title="bbox 2007 4829 3674 4908">
    <p class='ocr_par' dir='ltr' id='par_1_114' title="bbox 2007 4829 3674 4908">
     <span class='ocr_line' id='line_1_114' title="bbox 2007 4829 3674 4908; baseline -0.004 -16"><span class='ocrx_word' id='word_1_878' title='bbox 2007 4837 2138 4908; x_wconf 91' lang='lat' dir='ltr'><strong>ejus</strong></span> <span class='ocrx_word' id='word_1_879' title='bbox 2165 4836 2332 4892; x_wconf 89' lang='lat' dir='ltr'><strong>electi</strong></span> <span class='ocrx_word' id='word_1_880' title='bbox 2361 4835 2609 4908; x_wconf 85' lang='lat' dir='ltr'><strong>(Habac.</strong></span> <span class='ocrx_word' id='word_1_881' title='bbox 2643 4850 2681 4904; x_wconf 88' lang='grc' dir='ltr'><strong>ι,</strong></span> <span class='ocrx_word' id='word_1_882' title='bbox 2720 4834 2827 4902; x_wconf 87' lang='lat'><strong>16).</strong></span> <span class='ocrx_word' id='word_1_883' title='bbox 2862 4854 2889 4884; x_wconf 79' lang='grc' dir='ltr'><strong>ι)</strong></span> <span class='ocrx_word' id='word_1_884' title='bbox 2932 4835 3154 4889; x_wconf 85' lang='lat' dir='ltr'><strong>Fenum</strong></span> <span class='ocrx_word' id='word_1_885' title='bbox 3183 4846 3328 4902; x_wconf 90' lang='lat' dir='ltr'><strong>ergo</strong></span> <span class='ocrx_word' id='word_1_886' title='bbox 3354 4829 3674 4888; x_wconf 90' lang='lat' dir='ltr'><strong>comedere</strong></span> 
     </span>
    </p>
   </div>
   <div class='ocr_carea' id='block_1_115' title="bbox 2008 4920 3674 4998">
    <p class='ocr_par' dir='ltr' id='par_1_115' title="bbox 2008 4920 3674 4998">
     <span class='ocr_line' id='line_1_115' title="bbox 2008 4920 3674 4998; baseline -0.004 -15"><span class='ocrx_word' id='word_1_887' title='bbox 2008 4925 2162 4983; x_wconf 92' lang='lat' dir='ltr'><strong>sicut</strong></span> <span class='ocrx_word' id='word_1_888' title='bbox 2214 4926 2326 4982; x_wconf 92' lang='lat' dir='ltr'><strong>bos</strong></span> <span class='ocrx_word' id='word_1_889' title='bbox 2374 4924 2619 4998; x_wconf 90' lang='lat' dir='ltr'><strong>appetit,</strong></span> <span class='ocrx_word' id='word_1_890' title='bbox 2677 4923 2821 4997; x_wconf 88' lang='lat' dir='ltr'><strong>quia</strong></span> <span class='ocrx_word' id='word_1_891' title='bbox 2873 4921 3278 4994; x_wconf 88' lang='lat' dir='ltr'><strong>suggestionis</strong></span> <span class='ocrx_word' id='word_1_892' title='bbox 3325 4937 3449 4978; x_wconf 70' lang='lat' dir='ltr'><strong>sua:</strong></span> <span class='ocrx_word' id='word_1_893' title='bbox 3496 4920 3674 4977; x_wconf 89' lang='lat' dir='ltr'><strong>dente</strong></span> 
     </span>
    </p>
   </div>
   <div class='ocr_carea' id='block_1_116' title="bbox 2008 5008 3675 5085">
    <p class='ocr_par' dir='ltr' id='par_1_116' title="bbox 2008 5008 3675 5085">
     <span class='ocr_line' id='line_1_116' title="bbox 2008 5008 3675 5085; baseline -0.005 -12"><span class='ocrx_word' id='word_1_894' title='bbox 2008 5019 2312 5073; x_wconf 89' lang='lat' dir='ltr'><strong>conterere</strong></span> <span class='ocrx_word' id='word_1_895' title='bbox 2342 5012 2637 5070; x_wconf 89' lang='lat' dir='ltr'><strong>mundam</strong></span> <span class='ocrx_word' id='word_1_896' title='bbox 2666 5013 2848 5070; x_wconf 87' lang='lat' dir='ltr'><strong>vitam</strong></span> <span class='ocrx_word' id='word_1_897' title='bbox 2889 5009 3247 5084; x_wconf 90' lang='lat' dir='ltr'><strong>spiritalium</strong></span> <span class='ocrx_word' id='word_1_898' title='bbox 3291 5010 3522 5085; x_wconf 68' lang='lat' dir='ltr'><strong>quaerit.</strong></span> <span class='ocrx_word' id='word_1_899' title='bbox 3558 5008 3675 5066; x_wconf 92' lang='lat' dir='ltr'><strong>Sed</strong></span> 
     </span>
    </p>
   </div>
   <div class='ocr_carea' id='block_1_117' title="bbox 2009 5099 3670 5178">
    <p class='ocr_par' dir='ltr' id='par_1_117' title="bbox 2009 5099 3670 5178">
     <span class='ocr_line' id='line_1_117' title="bbox 2009 5099 3670 5178; baseline -0.006 -17"><span class='ocrx_word' id='word_1_900' title='bbox 2009 5103 2406 5178; x_wconf 68' lang='lat' dir='ltr'><strong>quaerendum</strong></span> <span class='ocrx_word' id='word_1_901' title='bbox 2434 5105 2528 5158; x_wconf 91' lang='lat' dir='ltr'><strong>est</strong></span> <span class='ocrx_word' id='word_1_902' title='bbox 2555 5101 2605 5156; x_wconf 94' lang='lat' dir='ltr'><strong>si</strong></span> <span class='ocrx_word' id='word_1_903' title='bbox 2631 5100 2766 5158; x_wconf 88' lang='lat' dir='ltr'><strong>feno</strong></span> <span class='ocrx_word' id='word_1_904' title='bbox 2793 5100 2914 5157; x_wconf 87' lang='lat' dir='ltr'><strong>vita</strong></span> <span class='ocrx_word' id='word_1_905' title='bbox 2943 5099 3278 5157; x_wconf 88' lang='lat' dir='ltr'><strong>carnalium</strong></span> <span class='ocrx_word' id='word_1_906' title='bbox 3299 5099 3670 5169; x_wconf 87' lang='lat' dir='ltr'><strong>designatur,</strong></span> 
     </span>
    </p>
   </div>
   <div class='ocr_carea' id='block_1_118' title="bbox 2011 5184 3668 5267">
    <p class='ocr_par' dir='ltr' id='par_1_118' title="bbox 2011 5184 3668 5267">
     <span class='ocr_line' id='line_1_118' title="bbox 2011 5184 3668 5267; baseline -0.007 -18"><span class='ocrx_word' id='word_1_907' title='bbox 2011 5191 2320 5267; x_wconf 88' lang='lat' dir='ltr'><strong>quomodo</strong></span> <span class='ocrx_word' id='word_1_908' title='bbox 2350 5190 2554 5248; x_wconf 88' lang='lat' dir='ltr'><strong>fenum</strong></span> <span class='ocrx_word' id='word_1_909' title='bbox 2587 5189 2911 5247; x_wconf 90' lang='lat' dir='ltr'><strong>comedens</strong></span> <span class='ocrx_word' id='word_1_910' title='bbox 2935 5203 3138 5246; x_wconf 90' lang='lat' dir='ltr'><strong>escam</strong></span> <span class='ocrx_word' id='word_1_911' title='bbox 3175 5187 3358 5245; x_wconf 89' lang='lat' dir='ltr'><strong>habet</strong></span> <span class='ocrx_word' id='word_1_912' title='bbox 3397 5184 3668 5241; x_wconf 89' lang='lat' dir='ltr'><strong>electam.</strong></span> 
     </span>
    </p>
   </div>
   <div class='ocr_carea' id='block_1_119' title="bbox 2015 5271 3671 5354">
    <p class='ocr_par' dir='ltr' id='par_1_119' title="bbox 2015 5271 3671 5354">
     <span class='ocr_line' id='line_1_119' title="bbox 2015 5271 3671 5354; baseline -0.008 -14"><span class='ocrx_word' id='word_1_913' title='bbox 2015 5281 2132 5340; x_wconf 92' lang='lat' dir='ltr'><strong>Sed</strong></span> <span class='ocrx_word' id='word_1_914' title='bbox 2182 5282 2296 5339; x_wconf 89' lang='lat' dir='ltr'><strong>hoc</strong></span> <span class='ocrx_word' id='word_1_915' title='bbox 2335 5280 2506 5338; x_wconf 90' lang='lat' dir='ltr'><strong>citius</strong></span> <span class='ocrx_word' id='word_1_916' title='bbox 2550 5279 2828 5348; x_wconf 89' lang='lat' dir='ltr'><strong>occurrit,</strong></span> <span class='ocrx_word' id='word_1_917' title='bbox 2864 5279 3010 5354; x_wconf 91' lang='lat' dir='ltr'><strong>quia</strong></span> <span class='ocrx_word' id='word_1_918' title='bbox 3055 5276 3330 5336; x_wconf 90' lang='lat' dir='ltr'><strong>nonnulli</strong></span> <span class='ocrx_word' id='word_1_919' title='bbox 3352 5271 3671 5331; x_wconf 90' lang='lat' dir='ltr'><strong>hominum</strong></span> 
     </span>
    </p>
   </div>
   <div class='ocr_carea' id='block_1_120' title="bbox 2015 5362 3671 5447">
    <p class='ocr_par' dir='ltr' id='par_1_120' title="bbox 2015 5362 3671 5447">
     <span class='ocr_line' id='line_1_120' title="bbox 2015 5362 3671 5447; baseline -0.007 -17"><span class='ocrx_word' id='word_1_920' title='bbox 2015 5376 2071 5430; x_wconf 90' lang='lat' dir='ltr'><strong>et</strong></span> <span class='ocrx_word' id='word_1_921' title='bbox 2112 5371 2274 5447; x_wconf 89' lang='lat' dir='ltr'><strong>apud</strong></span> <span class='ocrx_word' id='word_1_922' title='bbox 2331 5371 2519 5428; x_wconf 91' lang='lat' dir='ltr'><strong>Deum</strong></span> <span class='ocrx_word' id='word_1_923' title='bbox 2575 5371 2781 5428; x_wconf 81' lang='lat' dir='ltr'><strong>fenum</strong></span> <span class='ocrx_word' id='word_1_924' title='bbox 2830 5374 2986 5438; x_wconf 88' lang='lat' dir='ltr'><strong>sunt,</strong></span> <span class='ocrx_word' id='word_1_925' title='bbox 3039 5373 3099 5426; x_wconf 90' lang='lat' dir='ltr'><strong>et</strong></span> <span class='ocrx_word' id='word_1_926' title='bbox 3165 5365 3328 5440; x_wconf 91' lang='lat' dir='ltr'><strong>apud</strong></span> <span class='ocrx_word' id='word_1_927' title='bbox 3394 5362 3671 5421; x_wconf 88' lang='lat' dir='ltr'><strong>homines</strong></span> 
     </span>
    </p>
   </div>
   <div class='ocr_carea' id='block_1_121' title="bbox 2015 5453 3671 5527">
    <p class='ocr_par' dir='ltr' id='par_1_121' title="bbox 2015 5453 3671 5527">
     <span class='ocr_line' id='line_1_121' title="bbox 2015 5453 3671 5527; baseline -0.005 -11"><span class='ocrx_word' id='word_1_928' title='bbox 2015 5461 2340 5518; x_wconf 89' lang='lat' dir='ltr'><strong>sanctitatis</strong></span> <span class='ocrx_word' id='word_1_929' title='bbox 2397 5460 2641 5517; x_wconf 90' lang='lat' dir='ltr'><strong>nomine</strong></span> <span class='ocrx_word' id='word_1_930' title='bbox 2704 5463 3036 5516; x_wconf 90' lang='lat' dir='ltr'><strong>censentur.</strong></span> <span class='ocrx_word' id='word_1_931' title='bbox 3116 5457 3196 5512; x_wconf 90' lang='lat' dir='ltr'><strong>De</strong></span> <span class='ocrx_word' id='word_1_932' title='bbox 3264 5453 3485 5527; x_wconf 90' lang='lat' dir='ltr'><strong>quibus</strong></span> <span class='ocrx_word' id='word_1_933' title='bbox 3565 5467 3671 5525; x_wconf 90' lang='lat' dir='ltr'><strong>per</strong></span> 
     </span>
    </p>
   </div>
   <div class='ocr_carea' id='block_1_122' title="bbox 2017 5539 3672 5620">
    <p class='ocr_par' dir='ltr' id='par_1_122' title="bbox 2017 5539 3672 5620">
     <span class='ocr_line' id='line_1_122' title="bbox 2017 5539 3672 5620; baseline -0.008 -11"><span class='ocrx_word' id='word_1_934' title='bbox 2017 5551 2401 5610; x_wconf 86' lang='lat' dir='ltr'><strong>Salomonem</strong></span> <span class='ocrx_word' id='word_1_935' title='bbox 2450 5550 2664 5608; x_wconf 90' lang='lat' dir='ltr'><strong>dicitur</strong></span> <span class='ocrx_word' id='word_1_936' title='bbox 2697 5567 2710 5606; x_wconf 90' lang='lat'><strong>:</strong></span> <span class='ocrx_word' id='word_1_937' title='bbox 2753 5572 2780 5598; x_wconf 89' lang='grc'><strong>‹‹</strong></span> <span class='ocrx_word' id='word_1_938' title='bbox 2817 5546 2942 5605; x_wconf 88' lang='lat' dir='ltr'><strong>Vidi</strong></span> <span class='ocrx_word' id='word_1_939' title='bbox 2969 5545 3188 5620; x_wconf 88' lang='lat' dir='ltr'><strong>impios</strong></span> <span class='ocrx_word' id='word_1_940' title='bbox 3235 5543 3518 5619; x_wconf 86' lang='lat' dir='ltr'><strong>sepultos,</strong></span> <span class='ocrx_word' id='word_1_941' title='bbox 3565 5539 3672 5615; x_wconf 90' lang='lat' dir='ltr'><strong>qui</strong></span> 
     </span>
    </p>
   </div>
  </div>
