4130 6146
460 99 578 156 4ss
687 66 700 83 ’

1508 82 1565 139 S.
1612 77 1875 138 ODONIS
1905 71 2206 131 ΑΒΒΑΤΙΒ
2248 70 2760 128 CLUNIACENSIS
2801 73 2867 127 ll.

3710 66 3888 131 ’484

462 216 643 275 etiam
672 228 811 270 cum
841 207 1042 265 adhuc
1068 207 1339 264 viverent
1363 204 1429 261 in
1475 203 1609 261 loco
1668 206 1877 260 sancto
1931 202 2122 270 erant,
2155 196 2203 249 Α
2236 193 2628 265 invalescens,
2658 192 2771 249 sub
2803 192 3122 250 crescentis
3150 191 3490 249 temtationis
3520 191 3638 249 ﬁne
3659 193 3892 252 robora-

463 310 522 363 et
541 301 948 363 laudabantur
970 297 1034 353 in
1065 296 1301 353 civitate
1339 295 1562 367 (Eccle.
1603 309 1727 361 VIII,
1785 293 1888 360 10).
1936 313 1963 340 ››
2017 291 2128 345 Per

461 395 581 451 hoc
608 390 857 465 quidem
887 387 1055 460 quod
1084 385 1382 442 mundam
1402 384 1589 441 vitam
1618 398 1726 455 per
1749 380 2018 438 studium
2044 377 2129 434 di-

464 486 628 552 cunt,
660 478 770 536 sed
799 495 874 534 ex
902 476 1005 533 illa
1030 476 1189 532 intus
1212 474 1449 549 placere
1479 488 1603 529 non
1635 474 1944 545 appetunt,
1971 473 2128 524 recte

465 589 605 629 esca
632 571 763 643 ejus
791 568 978 625 electa
1007 566 1241 635 dicitur,
1287 570 1343 622 et
1370 569 1570 621 tamen
1600 563 1806 618 fenum
1838 560 1988 616 sicut
2015 558 2129 615 bos

465 660 782 719 comedere
817 656 1137 712 Behemoth
1165 655 1272 711 iste
1305 655 1696 709 memoratur.
1733 648 2009 723 Sequitur
2041 662 2054 700 :

539 750 711 805 Vens.
748 746 834 800 ll.
879 744 1193 800 Fortitudo
1251 744 1380 812 ejus
1432 742 1494 795 in
1547 738 1783 804 lumbis,
1833 741 1889 793 et
1937 735 2133 791 virtus

468 840 598 907 eius
622 838 682 892 in
720 833 1002 890 umbilico
1027 830 1245 888 ventris
1275 831 1404 901 ejus
1433 826 1801 901 perhibetur.
1860 857 1928 866 -—
1986 823 2132 879 Hinc

467 927 694 983 Veritas
724 924 836 980 ait:
863 944 890 973 «
926 922 1051 979 Sint
1076 918 1269 976 lumbi
1297 917 1476 975 vestri
1502 915 1803 990 praecincti
1838 915 2000 983 (Luc.
2027 928 2131 982 xu,

470 1016 584 1087 35).
618 1036 646 1064 »
679 1014 824 1069 Hinc
849 1014 1052 1067 Petrus
1081 1010 1163 1065 ait
1193 1024 1208 1063 :
1243 1030 1271 1058 «
1307 1007 1599 1065 Succincti
1645 1005 1887 1061 lumbos
1919 1003 2135 1060 mentis

470 1107 684 1160 vestrae
714 1102 775 1169 (Ι
792 1102 957 1157 Petr.
990 1115 1029 1166 ι,
1070 1101 1177 1163 t3).
1207 1096 1360 1163 Quia
1385 1111 1529 1151 vero
1559 1094 1919 1151 feminarum
1962 1093 2136 1148 luxu-

470 1192 561 1248 ria
586 1187 822 1246 feminis
850 1186 913 1243 in
943 1184 1230 1242 umbilico
1261 1184 1616 1251 continetur,
1650 1183 1945 1256 propheta
1965 1184 2139 1238 testa-

470 1284 568 1337 tur
593 1279 799 1335 dicens
823 1294 836 1331 :
865 1298 894 1326 ‹‹
920 1279 985 1331 In
1010 1275 1106 1331 die
1131 1279 1296 1331 ortus
1328 1275 1410 1330 tui
1438 1289 1561 1330 non
1592 1278 1681 1329 est
1701 1274 1988 1347 praecisus
2009 1287 2139 1326 um-

470 1367 689 1425 bilicus
718 1370 859 1422 tuus
906 1363 1141 1431 (Ezech.
1190 1379 1309 1427 xvr,
1341 1363 1417 1434 4).
1471 1382 1498 1412 »
1558 1362 1885 1417 Behemoth
1937 1361 2139 1432 itaque

424 1499 435 1511 .
471 1457 581 1513 iste
610 1453 1025 1511 insatiabiliter
1052 1451 1326 1521 saeviens,
1347 1456 1403 1507 et
1431 1451 1721 1507 devorare
1746 1449 1925 1507 simul
1943 1448 2138 1505 homi-

2239 287 2356 339 tur.
2394 282 2556 338 Unde
2586 282 2738 337 bene
2779 281 3066 351 stringere
3119 281 3381 336 caudam
3418 280 3633 338 dicitur
3666 300 3678 350 ;
3724 281 3892 340 dente

2238 371 2401 428 enim
2432 370 2719 437 vulnerat,
2743 370 2990 443 quando
3018 369 3183 441 ligat,
3205 369 3350 443 quia
3379 370 3575 443 prima
3598 373 3892 443 suggestio

2237 460 2512 535 percutit,
2544 460 2651 516 sed
2680 476 3030 532 percussam
3082 464 3345 516 mentem
3390 475 3466 516 ne
3513 460 3765 517 evadere
3798 478 3894 519 va-

2238 549 2376 616 leat,
2427 547 2825 604 invalescente
2874 548 3195 604 tentatione
3234 547 3523 619 astringit.
3579 549 3895 609 Behemoth

2241 636 2405 693 enim
2434 636 2540 692 istc
2570 637 2737 710 prius
2766 637 2966 694 illicita
2993 653 3345 708 suggerens,
3386 637 3658 710 linguam
3698 640 3893 709 exerit,

2241 730 2379 799 post
2408 726 2485 781 ad
2516 726 2969 782 delectationem
2990 727 3343 799 pertrahens
3372 726 3614 784 dentem
3644 728 3793 797 ﬁgit,
3823 729 3898 785 ad

2243 819 2578 871 extremum
2599 831 2740 871 vero
2767 831 2873 888 per
2894 816 3352 872 consensionem
3367 816 3687 890 possidens
3708 818 3901 875 cauda

2244 904 2497 975 stringit.
2555 905 2873 977 Sequitur:
2903 907 3096 962 Nervi
3143 907 3550 963 testiculorum
3596 910 3724 977 ejus
3762 922 3900 977 per-

2243 995 2415 1065 plexi
2439 1000 2599 1050 sunt.
2630 1025 2703 1035 —-
2729 998 2833 1051 Tot
2861 995 2969 1050 iste
2997 995 3317 1051 Behemoth
3340 999 3515 1052 testes
3537 996 3739 1067 habet,
3758 1002 3904 1070 quot

2245 1082 2574 1155 iniquitatis
2607 1099 2729 1138 suae
2760 1083 3182 1155 praedicatores
3229 1083 3514 1156 possidet,
3567 1085 3674 1157 qui
3701 1086 3903 1159 pravis

2246 1172 2742 1246 persuasionibus
2772 1172 2956 1229 corda
2997 1172 3312 1229 hominum
3354 1173 3649 1231 virulenta
3689 1175 3904 1230 erroris

2249 1262 2481 1318 semina
2510 1261 2839 1327 fundendo,
2865 1268 3277 1334 corrumpunt.
3312 1263 3423 1328 Qui
3439 1264 3720 1333 perplexi
3742 1271 3903 1335 sunt,

2248 1351 2394 1423 quia
2420 1349 2696 1406 videlicet
2722 1351 3187 1423 praedicatorum
3215 1350 3371 1407 illius
3403 1357 3762 1421 argumenta
3807 1352 3907 1409 do-

2248 1439 2393 1495 losis
2418 1439 2848 1495 assertionibus
2878 1440 3236 1511 enodantur,
3264 1444 3329 1496 ut
3364 1445 3523 1497 recta
3549 1457 3680 1497 esse
3727 1440 3909 1496 simu-

473 1561 615 1602 nem
642 1558 945 1617 quaerens,
974 1541 1159 1597 modo
1190 1541 1251 1596 in
1278 1540 1629 1613 superbiam
1654 1543 1917 1595 mentem
1947 1537 2136 1607 erigit,
2179 1547 2224 1602 Β
2248 1527 2412 1617 lenti
2446 1544 2580 1617 quae
2638 1544 2917 1617 perversa
2964 1528 3349 1601 persuadent,
3390 1533 3455 1585 ut
3493 1529 3904 1599 alligationum

474 1632 662 1690 modo
697 1647 941 1688 carnem
982 1630 1233 1686 luxuriae
1263 1629 1566 1702 voluptate
1592 1628 1938 1701 corrumpit.
1990 1630 2141 1682 Bene

477 1726 681 1778 autem
718 1734 1111 1793 nequaquam
1159 1717 1444 1773 fortitudo
1492 1717 1621 1789 ejus
1674 1716 1735 1772 in
1782 1716 2007 1771 lumbis
2047 1715 2145 1773 vel

380 1816 393 1831 ‘
476 1810 765 1867 umbilico
796 1824 1026 1875 eorum,
1058 1807 1292 1877 dicitur,
1321 1806 1426 1879 qui
1473 1809 1949 1879 prosternuntur,
2001 1805 2144 1878 quia

478 1899 765 1957 nimirum
792 1898 923 1970 ejus
950 1897 1193 1970 proprie
1221 1912 1439 1969 corpus
1465 1895 1620 1951 ﬁunt
1665 1895 1770 1967 qui
1809 1894 2142 1965 suggestio-

478 2005 629 2046 num
662 1988 929 2061 turpium
954 1985 1382 2042 blandimentis
1412 1984 1664 2057 decepti,
1684 1984 1735 2040 ei
1758 2000 1866 2058 per
1893 1984 2142 2041 luxuriae

481 2077 647 2134 ﬂuxa
676 2074 1096 2133 succumbunt.
1126 2072 1403 2146 Sequitur
1430 2092 1444 2128 :

551 2167 728 2222 Vens.
766 2166 850 2220 t2.
882 2163 1144 2234 Stringit
1173 2162 1430 2219 caudam
1459 2177 1632 2218 suam
1663 2164 1840 2233 quasi
1874 2162 2139 2218 cedrum.

481 2286 552 2297 -—-
580 2258 644 2311 ln
673 2268 845 2310 sacra
867 2252 1170 2325 Scriptura
1200 2250 1361 2308 cedri
1391 2251 1636 2306 nomine
1666 2250 2013 2327 aliquando-
2026 2251 2146 2308 alta

482 2338 832 2396 excellentia
888 2338 1094 2409 gloriae
1148 2339 1403 2395 caelestis
1455 2338 1825 2412 exprimitur,
1887 2343 1949 2395 ut
1999 2339 2145 2395 illud

483 2430 791 2502 Prophette
824 2445 838 2484 :
870 2450 898 2478 ‹‹
927 2431 1126 2485 Justus
1158 2431 1222 2483 ut
1251 2427 1455 2500 palma
1473 2427 1726 2495 ﬂorebit,
1752 2428 1901 2483 sicut
1931 2428 2145 2484 cedrus

487 2516 718 2588 Libani,
750 2538 777 2566 η
804 2520 913 2572 etc.
943 2517 1132 2588 (Psal.
1151 2530 1263 2585 xcr,
1293 2516 1400 2583 13).
1423 2514 1763 2589 Aliquando
1784 2521 1983 2573 autem
2005 2534 2144 2590 pra-

486 2619 702 2660 vorum
730 2603 927 2673 rigida
956 2602 1132 2659 elatio
1163 2603 1532 2674 designatur,
1581 2607 1648 2659 ut
1698 2604 1845 2660 illud
1878 2624 1891 2661 :
1943 2626 1973 2655 ‹‹
2024 2608 2147 2661 Vox

489 2692 726 2748 Domini
752 2690 1181 2763 confringentis
1214 2692 1424 2748 cedros
1482 2693 1667 2764 (Psal.
1724 2710 1937 2760 xxvru,
1996 2699 2072 2762 5).
2118 2717 2145 2744 »

490 2781 647 2848 Quid
675 2787 878 2839 autem
899 2781 1094 2839 cauda
1120 2781 1439 2839 Behemoth
1471 2781 1658 2850 istius,
1700 2783 1817 2838 nisi
1859 2783 1959 2839 illa
2003 2784 2150 2841 anti-

488 2872 592 2945 qui
622 2871 811 2928 hostis
838 2871 1183 2927 extremitas
1228 2870 1480 2927 dicitur?
1527 2873 1675 2928 Cum
1717 2872 2003 2929 nimirum
2038 2889 2148 2929 vas

488 2961 803 3036 proprium
849 2959 1019 3017 illum
1073 2959 1375 3033 perditum
1419 2960 1728 3017 hominem
1757 2961 2144 3032 ingrediatur,

488 3051 594 3126 qui
653 3049 989 3125 specialiter
1045 3049 1436 3106 Antichristus
1500 3055 1906 3124 nuncupatur,
1966 3068 2150 3124 quem

489 3140 635 3214 quia
660 3140 845 3196 modo
871 3137 1202 3195 honoribus
1228 3138 1445 3207 saeculi,
1478 3139 1664 3195 modo
1696 3141 1885 3210 signis
1917 3157 1988 3196 ex
2017 3157 2153 3216 pro-

491 3229 666 3300 digiis
696 3228 850 3285 ﬁctae
881 3227 1208 3284 sanctitatis
1238 3226 1300 3283 in
1329 3226 1541 3283 timore
1597 3229 1875 3301 potentiae
1920 3230 2151 3289 elevare

491 3316 870 3393 permittitur,
898 3319 1054 3371 recte
1081 3331 1228 3372 voce
1274 3316 1585 3375 Dominica
1636 3318 1831 3375 cauda
1872 3319 2030 3376 illius
2060 3336 2152 3376 ce-

493 3407 604 3464 dro
633 3408 1039 3479 comparatur.
1089 3404 1251 3460 Sicut
1298 3404 1511 3468 cedrus
1564 3406 1815 3464 arbusta
1853 3413 2062 3466 caetera
2089 3409 2152 3465 in

495 3496 686 3554 altum
739 3492 1066 3551 crescendo
1116 3493 1349 3556 deserit,
1411 3495 1493 3551 ita
1543 3511 1706 3559 nunc
1758 3497 2151 3555 Antichristus

495 3583 711 3642 mundi
754 3582 1007 3653 gloriam
1060 3583 1466 3657 temporaliter
1514 3584 1790 3643 obtinens
1840 3603 2153 3645 mensuras

495 3672 814 3731 hominum
844 3675 901 3728 et
937 3671 1184 3729 honoris
1214 3671 1492 3743 culmine,
1526 3678 1583 3730 et
1613 3674 1923 3746 signorum
1964 3682 2156 3751 potes-

498 3766 616 3819 tate
646 3760 1031 3818 transcendit.
1063 3760 1310 3834 Spiritus
1334 3762 1560 3837 quippe
1586 3762 1649 3819 in
1676 3763 1779 3821 illo
1809 3769 1916 3836 est,
1944 3766 2048 3840 qui
2093 3766 2155 3823 in

498 3849 858 3907 sublimibus
889 3850 1164 3906 conditus
1193 3851 1523 3925 potentiam
1575 3857 1805 3911 natura
1854 3871 1975 3911 suae
2031 3871 2155 3912 non

496 3940 756 4015 perdidit
782 3938 877 3995 vel
905 3939 1206 4011 dejectus;
1265 3942 1438 4013 cujus
1488 3941 1709 4000 idcirco
1754 3943 1937 4001 virtus
1994 3961 2157 4003 nunc

498 4029 771 4087 maxime
816 4028 1167 4097 ostenditur,
1226 4030 1370 4103 quia
1431 4030 1876 4105 dispensatione
1939 4033 2156 4090 divinae

499 4118 860 4177 fortitudinis
896 4118 1133 4188 ligatur.
1194 4120 1360 4176 Unde
1409 4135 1515 4192 per
1555 4124 1847 4178 Joannem
1895 4121 2153 4179 dicitur:

502 4229 531 4261 ‹‹
560 4207 696 4262 Vidi
725 4206 1009 4276 angelum
1038 4206 1502 4263 descendentem
1530 4208 1604 4263 de
1630 4210 1803 4277 caelo,
1833 4209 2159 4268 habentem

503 4295 735 4352 clavem
765 4294 973 4367 abyssi
1002 4298 1059 4351 et
1083 4298 1359 4351 catenam
1388 4311 1678 4366 magnam
1707 4297 1769 4352 in
1800 4315 1987 4355 manu
2027 4317 2158 4372 sua,

504 4390 563 4441 et
614 4382 1011 4458 apprehendit
1060 4385 1389 4443 draconem
1437 4391 1773 4459 serpentem
1821 4389 2159 4462 antiquum,

505 4473 612 4548 qui
667 4478 755 4531 est
788 4471 1087 4530 diabolus
1145 4478 1205 4531 et
1262 4478 1528 4544 -atanas,
1575 4480 1631 4532 et
1655 4476 1861 4548 ligavit
1889 4494 2029 4535 eum
2056 4495 2165 4553 per

507 4579 703 4623 annos
732 4562 912 4633 mille,
946 4567 1004 4620 et
1030 4562 1193 4620 misit
1220 4579 1360 4619 eum
1392 4562 1453 4619 in
1486 4564 1801 4639 abyssum,
1854 4570 1911 4623 et
1952 4567 2167 4625 clausit

508 4658 565 4711 et
610 4654 865 4726 signavit
911 4669 1091 4727 super
1140 4652 1309 4709 illum
1358 4653 1563 4724 (Apoc.
1612 4671 1713 4727 xx,
1769 4659 1898 4723 1-3).
1944 4678 1971 4707 ››
2012 4659 2165 4715 Bene

508 4747 712 4801 autem
750 4743 1036 4815 stringere
1085 4742 1345 4799 caudam
1398 4742 1631 4815 dicitur,
1686 4744 1830 4819 quia
1867 4748 1991 4803 tota
2036 4748 2166 4821 ejus

507 4831 698 4889 virtus
728 4830 790 4887 in
819 4830 920 4888 illo
949 4831 1239 4889 damnato
1267 4831 1512 4890 homine
1541 4838 1826 4906 congesta
1859 4834 2164 4907 densatur,

510 4925 579 4979 ut
604 4924 771 4979 tanto
799 4938 906 4996 per
933 4920 1101 4981 illum
1149 4922 1325 4979 fortia
1368 4938 1437 4980 ac
1480 4923 1635 4980 mira
1689 4922 1885 4993 faciat,
1939 4930 2170 4999 quanto

510 5010 680 5067 illum
731 5010 990 5069 collectis
1042 5011 1165 5068 suis
1215 5010 1444 5068 viribus
1498 5011 1760 5085 instigat.
1818 5015 2164 5069 MORALITER.

513 5099 783 5158 Caudam
841 5100 1043 5177 itaque
1096 5101 1276 5177 quasi
1324 5100 1572 5157 cedrum
1603 5101 1890 5173 stringere
1934 5100 2167 5173 dicitur,

424 5179 435 5187 ’
511 5191 657 5265 quia
686 5190 871 5247 semel
894 5191 1023 5264 ejus
1046 5195 1287 5264 recepta
1313 5190 1376 5246 in
1406 5190 1585 5247 corde
1618 5190 1883 5254 tentatio,
1914 5189 1974 5245 in
2022 5208 2169 5248 cun-

514 5282 621 5338 ctis
650 5298 785 5357 quae
812 5282 1247 5356 subsequenter
1272 5281 1553 5352 intulerit,
1583 5275 1746 5338 velut
1788 5297 1855 5338 ex
1890 5280 2024 5351 jure
2066 5280 2171 5338 do-

514 5372 797 5429 minatur.
833 5372 1027 5444 Hujus
1054 5386 1198 5443 ergo
1224 5368 1547 5426 Behemoth
1603 5374 1784 5445 caput
1830 5368 2019 5426 herba
2061 5373 2169 5442 est,

516 5463 713 5519 cauda
741 5459 977 5529 cedrus,
1009 5460 1153 5536 quia
1184 5475 1257 5517 ex
1286 5458 1483 5535 prima
1511 5458 1757 5533 quidem
1790 5458 2171 5530 suggestione

511 5548 832 5611 blandiens
861 5548 1296 5618 substernitur;
1326 5548 1433 5606 sed
1450 5562 1559 5621 per
1579 5563 1760 5607 usum
1785 5547 2172 5607 vehementer

2249 1615 2576 1689 implicatio
2605 1615 2779 1688 quasi
2808 1632 3128 1672 nervorum
3164 1617 3544 1690 perplexitas,
3584 1618 3693 1674 etsi
3721 1617 3910 1673 videri

2248 1704 2458 1778 possit,
2490 1704 2641 1760 solvi
2662 1720 2785 1761 non
2814 1706 3026 1777 possit.
3064 1706 3269 1777 Ipsum
3291 1705 3579 1762 nimirum
3608 1722 3793 1762 suum
3819 1721 3909 1763 ca-

2250 1798 2360 1868 put
2378 1794 2696 1861 imitantes,
2728 1795 2835 1868 qui
2862 1795 3036 1869 quasi
3063 1795 3159 1852 leo
3182 1795 3243 1851 in
3262 1795 3514 1866 insidiis,
3531 1800 3589 1852 et
3609 1795 3782 1851 saevit
3810 1811 3911 1869 per

2250 1884 2580 1957 potentiam
2612 1884 2826 1940 terreni
2859 1884 3159 1955 culminis,
3196 1888 3253 1940 et
3279 1884 3587 1942 blanditur
3626 1900 3738 1958 per
3785 1900 3910 1957 spe-

2251 1973 2403 2028 ciem
2426 1972 2774 2029 sanctitatis.
2801 1972 2957 2029 Multi
2986 1972 3147 2028 enim
3177 1973 3603 2029 Antichristum
3646 1988 3779 2029 non
3835 1972 3912 2027 vi-

2250 2061 2489 2132 derunt,
2522 2061 2629 2117 sed
2658 2066 2860 2118 tamen
2892 2061 3141 2118 testiculi
3171 2062 3301 2133 ejus
3329 2066 3489 2129 sunt,
3540 2062 3684 2135 quia
3726 2060 3912 2118 corda

2251 2150 2503 2207 actionis
2530 2168 2653 2206 sua:
2683 2151 2958 2223 exemplo
2990 2157 3402 2225 corrumpunt.
3436 2151 3716 2226 Quisquis
3747 2167 3914 2208 nam-

2250 2257 2371 2314 que
2399 2241 2461 2296 in
2492 2240 2772 2313 superbia
2798 2239 3037 2309 tollitur,
3067 2241 3339 2314 quisquis
3374 2241 3638 2297 avaritiae
3684 2240 3915 2298 deside-

2251 2329 2353 2385 riis
2401 2329 2719 2399 cruciatur,
2773 2328 2867 2385 vel
2916 2330 3166 2386 luxuriae
3209 2330 3619 2403 voluptatibus
3645 2328 3912 2402 solvitur,

2253 2419 2400 2493 quid
2430 2418 2593 2475 aliud
2617 2435 2804 2492 quam
2835 2419 3176 2476 Antichristi
3223 2420 3390 2476 testis
3413 2420 3441 2476 ?
3494 2420 3604 2487 Qui
3650 2419 3808 2477 dum
3856 2435 3914 2475 se

2252 2505 2505 2563 libenter
2531 2508 2713 2578 hujus
2741 2508 2953 2564 usibus
2979 2507 3267 2581 implicat,
3299 2507 3578 2582 exemplo
3627 2525 3741 2567 suo
3794 2507 3917 2565 aliis

2252 2597 2466 2653 erroris
2498 2596 2649 2652 fetus
2670 2597 2985 2653 ministrat.
3011 2600 3355 2654 MORALITER.
3387 2601 3587 2655 Testes
3617 2599 3752 2671 ejus
3787 2602 3921 2654 sunt

2256 2685 2669 2756 suggestiones
2697 2702 2923 2759 pravae,
2947 2685 3171 2759 quibus
3200 2686 3260 2742 in
3291 2687 3507 2743 mentis
3537 2686 3920 2760 corruptione

2254 2774 2543 2847 fervescit,
2576 2780 2757 2849 atque
2778 2776 2839 2831 in
2869 2781 3259 2850 constuprata
3278 2777 3485 2833 anima
3505 2777 3695 2850 iniqui
3722 2773 3921 2849 operis

2187 2901 2228 2957 ε
2255 2864 2487 2957 prolem
2519 2865 2723 2957 gignit,
2759 2865 2883 2921 sive
2908 2866 3191 2957 pestifera
3221 2871 3579 2957 argumenta
3605 2864 3921 2957 machina-

2258 2955 2510 3011 tionum.
2534 2958 2641 3011 Per
2662 2955 2795 3028 ipsa
2820 2960 3046 3030 quippe
3077 2955 3413 3013 calliditatis
3445 2972 3569 3012 suae
3616 2955 3779 3011 vires
3822 2953 3925 3010 eri-

2259 3045 2360 3116 git,
2385 3048 2444 3101 et
2473 3044 2636 3101 ﬂuxa
2656 3045 3000 3103 mortalium
3032 3045 3217 3103 corda
3263 3045 3609 3123 corrumpit.
3664 3044 3789 3103 Sed
3825 3044 3925 3100 ho-

2257 3148 2397 3188 rum
2451 3134 2862 3189 testiculorum
2917 3135 3092 3191 nervi
3130 3136 3410 3204 perplexi
3455 3140 3615 3203 sunt,
3647 3133 3761 3207 qui
3793 3148 3925 3204 sug-

2261 3223 2590 3293 gestionem
2620 3223 2776 3279 illius
2802 3228 3179 3296 argumenta,
3207 3224 3527 3299 implicatis
3570 3223 3927 3283 inventioni-

2257 3311 2374 3368 bus
2391 3311 2799 3381 alligantur,ut
2817 3310 3139 3386 plerosque
3158 3313 3241 3371 ita
3260 3313 3763 3387 peccarefaciant,
3785 3327 3927 3387 qua-

2262 3405 2434 3459 tenus
2452 3401 2500 3457 si
2516 3401 2769 3458 fortasse
2785 3407 3033 3475 peccata
3052 3402 3257 3474 fugere
3294 3407 3607 3478 appetimt,
3641 3403 3766 3459 hoc
3803 3402 3927 3458 sine

2263 3492 2458 3548 alieno
2478 3492 2706 3567 peccati
2715 3491 2934 3566 laqueo
2947 3508 3072 3549 non
3088 3491 3434 3564 evadant,et
3448 3492 3661 3568 culpas
3680 3493 3925 3563 faciant,

2262 3581 2412 3637 dum
2442 3581 2678 3650 vivant;
2702 3582 2878 3639 veluti
2901 3583 3036 3656 quis
3058 3599 3196 3657 quae
3220 3582 3433 3639 mundi
3454 3587 3596 3639 sunt
3620 3583 3929 3654 deserens,

2264 3671 2461 3727 alieno
2504 3687 2565 3727 se
2596 3671 2850 3728 subdere
2899 3672 3178 3743 regimini
3215 3672 3461 3745 appetit,
3493 3672 3598 3729 sed
3653 3688 3803 3730 eum
3831 3670 3932 3749 qui

2266 3759 2380 3816 sibi
2409 3760 2488 3816 ad
2518 3761 2705 3815 Deum
2737 3776 2994 3833 praeesse
3016 3760 3459 3829 debeat,minus
3486 3767 3661 3819 cauta
3684 3760 3934 3836 inquisi-

2266 3850 2425 3905 tione
2455 3849 2753 3906 discernit.
2787 3851 2890 3907 Cui
2915 3850 3167 3907 fortasse
3198 3851 3247 3906 is
3271 3851 3377 3924 qui
3409 3850 3533 3907 sine
3569 3850 3808 3923 judicio
3839 3849 3933 3907 eli-

2266 3940 2443 4012 gitur,
2475 3944 2532 3996 et
2556 3955 2809 4012 praeesse
2832 3941 2963 4012 jam
3011 3941 3276 4015 coeperit,
3326 3941 3421 4011 agi
3475 3958 3612 4014 quae
3664 3942 3772 3997 Dei
3800 3944 3936 3997 sunt

2264 4028 2560 4103 prohibet,
2583 4046 2718 4101 quae
2749 4030 2961 4085 mundi
2993 4035 3131 4086 sunt
3174 4030 3367 4103 jubet.
3417 4033 3679 4087 Pensans
3728 4031 3934 4104 itaque

2267 4118 2566 4191 subditus,
2588 4117 2681 4173 vel
2702 4135 2838 4192 quae
2871 4118 2944 4175 sit
2970 4118 3147 4193 culpa
3176 4118 3612 4191 inobedientiae,
3642 4119 3744 4175 vel
3768 4117 3935 4195 quod

2267 4207 2615 4276 contagium
2639 4206 2939 4263 saecularis
2960 4208 3111 4280 vitae,
3155 4211 3212 4264 et
3254 4207 3497 4264 obedire
3550 4207 3837 4281 trepidat,
3884 4210 3939 4263 et

2268 4313 2391 4353 non
2422 4296 2665 4353 obedire
2696 4296 2997 4353 formidat.
3030 4298 3143 4355 Sed
3174 4297 3222 4353 si
3261 4298 3512 4354 omnino
3563 4298 3772 4354 nullus
3812 4298 3937 4354 sine

2266 4391 2514 4459 peccato
2569 4386 2862 4442 evadendi
2911 4386 3108 4443 aditus
3160 4391 3340 4461 patet,
3396 4387 3632 4443 minora
3694 4401 3941 4465 semper

2269 4475 2583 4549 eligantur,
2614 4475 2761 4550 quia
2790 4479 2846 4531 et
2874 4475 2980 4548 qui
3020 4492 3334 4532 murorum
3384 4477 3652 4550 undique
3699 4476 3942 4533 ambitu

2270 4564 2524 4636 refugiat
2550 4564 2865 4634 clauditur,
2892 4565 2998 4621 ubi
3028 4581 3089 4622 se
3117 4566 3178 4622 in
3230 4566 3373 4637 fuga
3430 4567 3794 4642 praecipitat,
3836 4564 3941 4623 ubi

2270 4654 2509 4711 brevior
2539 4671 2750 4712 murus
2778 4654 3092 4712 invenitur.
3130 4656 3441 4729 Sequitur:

2343 4748 2516 4801 Vens.
2550 4749 2634 4801 t3.
2666 4745 2811 4801 Ossa
2841 4747 2969 4817 ejus
2998 4746 3157 4803 velut
3194 4747 3403 4817 ﬁstula
3432 4747 3593 4803 teris.
3618 4778 3687 4787 —
3714 4747 3787 4803 In
3818 4761 3943 4805 cor-

2272 4849 2418 4907 pore
2444 4849 2586 4890 ossa
2612 4839 2753 4891 sunt
2780 4850 2917 4909 quin
2947 4835 3345 4892 continentur.
3400 4836 3594 4893 Habet
3634 4851 3783 4907 ergo
3817 4851 3942 4893 car-

2272 4937 2380 4978 nes
2431 4920 2559 4978 haec
2605 4921 2828 4991 bellua,
2875 4924 3060 4981 habet
3105 4939 3283 4994 ossa;
3316 4923 3461 5001 quia
3490 4929 3549 4981 et
3574 4924 3770 4998 iniqui
3803 4928 3943 4980 sunt

2275 5009 2373 5066 alii
2406 5053 2420 5080 ,
2492 5010 2597 5083 qui
2665 5015 2868 5068 tamen
2920 5012 2998 5069 ab
3047 5012 3177 5069 aliis
3244 5014 3307 5069 in
3381 5029 3580 5070 errore
3638 5017 3937 5075 tenentur,

2275 5097 2595 5172 nequiores
2650 5098 2835 5173 aliqui
2906 5100 2969 5157 in
3034 5116 3229 5156 errore
3306 5104 3363 5157 et
3436 5100 3587 5158 alios
3659 5102 3940 5157 retinent.

2239 5188 2431 5257 'Quid
2484 5188 2647 5246 aliud
2698 5204 2837 5246 ossa
2900 5190 3260 5261 Antichristi,
3300 5207 3491 5263 quam
3530 5191 3837 5265 quoslibet
3884 5190 3942 5245 in

2250 5276 2406 5349 ‘ejus
2451 5294 2701 5352 corpore
2748 5278 3105 5336 valentiores
3160 5279 3515 5353 accipimus,
3559 5280 3620 5337 in
3673 5295 3946 5354 quorum

2277 5368 2456 5426 corde
2504 5369 2790 5445 iniquitas
2841 5370 2990 5431 dum
3047 5370 3435 5427 vehementer
3489 5370 3779 5437 induruit,
3841 5383 3946 5442 per

2276 5474 2379 5514 eos
2452 5461 2575 5517 tota
2647 5457 2777 5530 ejus
2852 5461 3121 5534 corporis
3196 5474 3493 5533 compago
3596 5456 3946 5515 subsistit?

2277 5550 2452 5606 Recte
2478 5546 2639 5605 enim
2663 5546 2881 5606 ﬁstulae
2910 5548 3045 5607 aeris
3074 5552 3526 5622 comparantur,
3575 5545 3718 5621 qius.
3766 5544 3949 5605 nimi-
