4120 6156
186 108 288 163 485

968 106 1270 163 ΕΡΙΤΟΜΕ
1308 105 1674 167 MORALIUM
1712 106 1770 163 S.
1811 106 1855 162 (ἶ

1947 108 2014 165 Β.
2056 112 2125 169 ΙΝ
2159 114 2303 172 JOB.
2333 144 2403 167 «ιι-
2432 118 2564 178 LIB.
2603 123 2827 182 XXXIII.

3502 139 3610 196 m

183 245 317 285 rum
371 243 551 317 more,
592 227 817 284 metalli
871 228 934 285 in
975 230 1256 287 sensibus
1288 210 1507 287 sonum
1553 230 1841 303 loquendi
1877 233 1925 291 Α
1955 235 2068 289 tur.
2098 236 2252 301 Quid
2274 254 2381 311 per
2402 239 2663 300 laminas
2686 244 2843 316 ferri,
2868 248 2982 305 nisi
3001 250 3222 317 duritia
3248 255 3609 317 fortitudinis

182 317 426 383 habent,
453 316 558 372 sed
581 332 827 374 sensum
855 318 1009 375 bene
1034 320 1277 376 vivendi
1293 336 1415 377 non
1439 320 1682 381 habent.
1717 320 1840 375 Hoc

182 422 448 479 namque
479 406 656 479 quasi
684 406 986 464 humiliter
1015 408 1321 481 loquendo
1347 414 1642 477 asserunt,
1675 408 1842 481 quod

180 495 315 552 elati
346 494 606 550 vivendo
635 500 1048 553 contemnunt.
1085 498 1250 555 Unde
1278 497 1431 554 bene
1455 514 1562 571 per
1594 497 1841 557 Paulum

180 585 431 642 dicitur:
458 606 487 635 ι(
514 584 574 640 Si
601 584 822 655 linguis
868 587 1187 643 hominum
1240 587 1457 661 loquar
1493 592 1551 644 et
1596 586 1840 657 angelo-

180 690 337 740 rum,
370 673 723 730 charitatem
752 679 955 731 autem
1012 691 1136 732 non
1165 676 1448 744 habeam,
1484 677 1675 735 factus
1704 692 1841 735 sum

181 762 344 819 velut
373 778 455 818 ass
484 778 735 833 sonans,
790 768 895 819 aut
940 764 1291 835 cymbalum
1323 765 1579 822 tinniens
1612 767 1670 831 (Ι
1697 765 1836 822 Cor.

179 869 294 925 xm,
331 858 407 917 1).
440 876 470 903 ››
515 856 863 910 Mommsen.
895 854 1036 919 Quis
1086 871 1194 927 per
1222 871 1361 912 ossa
1409 855 1732 913 Behemoth
1758 854 1838 911 is-

179 943 293 998 tius
321 942 436 997 nisi
465 942 713 998 consilia
742 941 1140 1013 designantur
1162 945 1190 1000 ‘I
1219 948 1367 1000 Nam
1399 948 1553 1001 sicut
1605 945 1665 1000 in
1696 943 1840 1003 ossi~

175 1029 292 1085 bus
323 1030 541 1104 positio
586 1034 677 1086 est
705 1031 973 1103 corporis
1003 1031 1309 1104 roburque
1349 1032 1636 1103 subsistit,
1666 1032 1746 1090 ita
1775 1031 1837 1093 in

176 1119 575 1176 fraudulentis
604 1119 866 1175 consiliis
914 1124 1038 1177 tota
1068 1137 1130 1177 se
1186 1122 1317 1192 ejus
1375 1121 1599 1178 malitia
1628 1120 1834 1190 erigit;

172 1225 375 1282 neque
404 1209 567 1265 enim
596 1208 653 1265 vi
695 1210 1048 1282 quempiam
1079 1210 1313 1283 premit,
1359 1211 1465 1267 sed
1517 1209 1837 1269 calliditate

170 1296 466 1370 pestiferae
493 1296 905 1369 persuasionis
964 1297 1256 1354 interﬁcit.
1292 1301 1359 1355 Et
1390 1315 1651 1365 rursum,
1686 1298 1838 1359 sicut

170 1385 454 1442 medullae
496 1385 837 1441 confortant
887 1402 1027 1442 ossa
1070 1387 1215 1458 quia
1260 1387 1529 1457 irrigant,
1582 1387 1665 1443 ita
1701 1387 1832 1458 ejus

169 1475 422 1531 consilia
443 1491 549 1548 per
574 1480 804 1531 naturai
834 1475 1115 1548 spiritalis
1140 1477 1473 1549 potentiam
1510 1475 1713 1535 infusa
1741 1475 1833 1533 in-

172 1565 364 1636 geniis
386 1565 684 1621 subtilitas
710 1565 973 1621 roborat.
1010 1569 1128 1621 Hoc
1157 1581 1302 1622 vero
1353 1565 1606 1623 testiculi
1635 1565 1714 1625 ab
1743 1581 1835 1622 os-
1864 1589 1906 1645 Β

172 1654 363 1724 sibus,
385 1654 447 1711 id
474 1658 565 1709 est
598 1655 1016 1725 suggestiones
1042 1671 1079 1711 a
1108 1655 1373 1711 consiliis
1392 1654 1636 1724 distant,
1665 1655 1834 1728 quod

171 1760 278 1816 per
305 1744 442 1800 illos
471 1749 672 1817 aperte
701 1744 883 1801 noxia
901 1744 1123 1812 inserit,
1157 1760 1264 1817 per
1292 1745 1420 1801 haec
1450 1749 1652 1801 autem
1681 1761 1832 1817 qua~

172 1834 223 1889 si
250 1839 314 1890 et
333 1833 498 1890 bono
519 1833 839 1889 consulens
861 1834 939 1889 ad
960 1834 1202 1906 culpam
1226 1834 1422 1891 trahit.
1447 1836 1602 1891 Bene
1631 1838 1833 1893 autem

171 1925 309 1980 aeris
341 1924 555 1980 ﬁstulis
577 1928 1027 1996 comparantur.
1058 1924 1206 1980 Airis
1232 1925 1457 1997 quippe
1486 1924 1700 1982 ﬁstulae
1741 1941 1832 1982 εον

169 2015 338 2071 noris
394 2014 588 2086 aptari
644 2015 924 2070 cantibus
971 2014 1182 2082 solent,
1237 2014 1319 2070 ita
1348 2031 1592 2087 quoque
1639 2020 1835 2075 astuta

170 2103 447 2173 consilia,
481 2103 631 2159 dum
663 2103 712 2158 si
735 2119 861 2176 qua
876 2103 1103 2159 blanda
1131 2103 1469 2176 provisione
1491 2103 1829 2173 consulunt,

170 2210 276 2250 cor
304 2210 346 2250 a
374 2193 511 2249 forti
540 2192 867 2248 intentione
889 2197 1253 2265 pervertunt,
1272 2197 1330 2249 et
1349 2193 1497 2249 dum
1522 2193 1722 2250 dulcia
1740 2209 1832 2249 res»

170 2287 414 2349 sonant,
475 2282 554 2338 ad
598 2283 780 2338 noxia
809 2282 1114 2339 inclinant.
1150 2281 1335 2337 Veluti
1376 2282 1512 2355 quis
1559 2283 1833 2353 frangere

168 2373 514 2429 voluntates
559 2377 753 2443 parat,
805 2377 862 2428 et
914 2371 1155 2427 alterius
1184 2370 1591 2427 voluntatibus
1632 2371 1830 2440 subdi,

168 2460 310 2516 huic
340 2461 530 2521 hostis
556 2460 805 2517 callidus
830 2460 1147 2517 blandiens
1174 2461 1317 2517 dicit
1351 2478 1363 2517 :
1398 2464 1442 2519 0
1470 2465 1700 2534 quanta
1730 2477 1836 2534 per

169 2550 558 2621 temetipsum
582 2565 759 2619 agere
789 2548 1067 2605 miranda
1092 2557 1350 2621 poteras,
1374 2550 1425 2605 si
1444 2566 1835 2623 nequaquam

171 2644 225 2694 te
259 2638 496 2711 judicio
525 2638 767 2696 alterius
798 2638 1171 2695 subdidisses
1222 2640 1235 2694 ι
1264 2644 1322 2695 et
1363 2640 1457 2695 his
1488 2640 1720 2698 similia.
1741 2642 1838 2695 Sen

170 2730 381 2801 quitur
429 2730 790 2800 :Cartaligo
855 2730 1023 2784 illius
1079 2730 1257 2800 quasi
1307 2731 1547 2786 lamina:
1599 2731 1832 2800 ferreas.

172 2818 476 2889 Cartilago
532 2835 799 2892 namque
854 2818 1009 2874 ossis
1038 2819 1288 2891 quidem
1344 2819 1604 2892 speciem
1634 2820 1831 2876 habet.

171 2908 332 2974 Quid
359 2913 454 2965 est
480 2924 622 2979 ergo
649 2908 815 2981 quod
857 2907 1143 2978 cartilago
1194 2910 1325 2979 ejus
1363 2908 1604 2965 laminis
1635 2909 1835 2964 ferreis
1875 2936 1917 2990 ο

172 3001 588 3069 comparatur,
611 2996 724 3051 nisi
753 2995 921 3068 quod
935 2996 999 3053 hi
1021 2997 1127 3068 qui
1148 2996 1326 3052 inillo
1353 2996 1673 3053 debiliores
1699 3002 1837 3053 sunt

170 3087 247 3143 ad
271 3086 683 3160 perpetranda
727 3085 892 3142 mala
928 3085 1251 3158 nequiores
1309 3087 1619 3144 existunt?
1665 3090 1836 3142 Ferro

168 3178 404 3250 quippe
418 3180 629 3232 caetera
640 3176 878 3233 metalla
893 3175 1311 3247 conciduntur,
1336 3182 1393 3234 et
1403 3176 1687 3246 cartilago
1707 3177 1837 3247 ejus

170 3266 387 3325 similis
414 3265 570 3321 ferro
592 3265 825 3333 dicitur,
857 3265 1001 3337 quia
1026 3265 1088 3320 hi
1116 3265 1222 3337 qui
1250 3266 1312 3320 in
1334 3266 1466 3336 ejus
1488 3281 1738 3338 corpore
1759 3264 1840 3321 ad

168 3353 639 3411 ostentationem
705 3353 992 3409 virtutum
1066 3369 1191 3409 non
1253 3352 1576 3421 sufﬁciunt,
1633 3357 1839 3410 contra

169 3460 391 3501 necem
421 3443 688 3503 ﬁdelium
718 3443 915 3500 acrius
946 3442 1375 3499 accenduntur.
1401 3442 1513 3508 Qui
1529 3448 1685 3503 recte
1714 3459 1839 3499 non

172 3534 334 3590 ferro
394 3532 839 3600 tantummodo,
888 3533 996 3588 sed
1052 3531 1293 3589 laminis
1341 3532 1544 3587 ferreis
1594 3548 1839 3605 compa-

170 3629 428 3692 rantur;
455 3623 599 3696 quia
618 3623 768 3678 dum
795 3638 857 3677 se
896 3622 1367 3694 circumquaque
1400 3622 1463 3677 in
1491 3622 1839 3679 credulitate

170 3712 432 3771 dilatare
458 3711 757 3779 ambiunt,
798 3710 978 3783 quasi
1007 3710 1069 3766 in
1090 3710 1228 3766 ferri
1277 3726 1339 3766 se
1363 3710 1606 3769 laminis
1637 3716 1839 3767 exten-

168 3802 351 3859 dunt.
381 3805 727 3859 Housman.
761 3800 913 3867 Quid
933 3816 1041 3873 per
1060 3799 1493 3869 cartilaginem,
1522 3801 1636 3856 nisi
1659 3801 1839 3857 simu-

168 3891 321 3949 latio
378 3893 509 3962 ejus
536 3890 872 3963 accipitur?
923 3889 1219 3959 Cartilago
1247 3905 1514 3963 namque
1553 3891 1709 3946 ossis
1738 3907 1837 3946 os-

167 3981 371 4038 tendit
398 3982 679 4054 speciem,
729 3979 834 4035 sed
863 3979 1016 4035 ossis
1064 3994 1190 4035 non
1241 3979 1423 4035 habet
1473 3978 1835 4037 ﬁrmitatem.

171 4074 240 4127 Et
270 4073 416 4127 sunt
445 4068 739 4125 nonnulla
768 4068 908 4125 vitia
934 4084 1071 4141 quas
1098 4067 1425 4123 ostendunt
1466 4067 1529 4122 in
1564 4084 1625 4123 se
1668 4069 1839 4126 recti-

167 4160 407 4217 tudinis
438 4159 718 4233 speciem.
755 4158 1111 4230 Plerumque
1158 4157 1220 4212 in
1271 4156 1628 4213 ulciscendis
1685 4158 1840 4214 vitiis

169 4248 502 4307 crudelitas
533 4249 747 4320 agitur,
775 4254 831 4304 et
855 4247 1083 4319 justitia
1105 4251 1366 4321 putatur,
1417 4252 1596 4320 atque
1630 4246 1841 4304 immo-

170 4342 394 4398 derata
416 4340 506 4397 ira
526 4340 675 4412 justi
704 4339 811 4395 zeli
840 4338 1119 4394 meritum
1172 4338 1451 4394 creditur.
1486 4337 1840 4412 Plerumque

171 4430 477 4487 dissoluta
522 4429 795 4486 remissio
850 4428 1026 4501 quasi
1077 4427 1482 4484 mansuetudo
1529 4444 1601 4484 ac
1646 4428 1838 4501 pietas

172 4521 472 4590 habetur;
506 4535 952 4592 nonnunquam
981 4518 1198 4576 effusio
1222 4517 1635 4575 misericordia
1655 4519 1841 4576 credi-

1952 322 2358 418 designatur?
2406 332 2685 389 Nonnulli
2738 336 2899 394 enim
2927 339 3170 399 inﬁrma
3226 346 3470 418 faciunt,
3501 350 3609 408 sed

1952 411 2223 509 elationis
2251 416 2505 490 decepti,
2538 419 2792 479 fortibus
2848 442 2920 483 ea
2976 431 3421 503 suspicionibus
3456 411 3608 509 'jun-

1953 507 2121 569 gunt,
2153 508 2208 561 et
2237 521 2360 577 quo
2386 524 2515 564 esse
2546 525 2771 582 magna
2796 514 3074 586 sentiunt,
3120 536 3193 576 eo
3231 522 3306 578 de
3354 507 3485 582 sua
3505 540 3609 584 ne-

1951 591 2138 681 quitia
2162 596 2473 654 emendari
2497 605 2910 661 contemnunt.
2940 608 3020 661 De
3062 610 3285 681 quibus
3317 615 3606 675 Jeremias

1951 677 2034 769 ait
2062 696 2075 735 :
2109 703 2137 730 «
2168 682 2556 743 Candidiores
2608 692 2867 748 Nazaraei
2920 694 3052 765 ejus
3081 677 3268 769 —nive,
3299 702 3605 763 nitidiores

1948 767 2119 866 lacte,
2149 772 2606 833 rubicundiores
2636 779 2817 837 ebore
2848 783 3118 858 antiquo,
3161 767 3446 862 sapphiro
3476 795 3607 866 pul-

1949 859 2232 919 chriores.
2266 866 2581 936 Denigrata
2606 874 2693 926 est
2716 887 2899 944 super
2924 859 3251 934 carbones'
3275 859 3460 937 iacies
3481 859 3494 866 ’
3510 898 3606 939 eo-

1946 963 2104 1016 rum,
2136 954 2194 1007 et
2221 966 2345 1009 non
2374 960 2513 1011 sunt
2541 957 2761 1026 cogniti
2787 959 2851 1015 in
2889 961 3122 1033 plateis,
3154 965 3410 1027 adhaesit
3453 970 3605 1027 cutis

1947 1050 2158 1128 eorum
2202 1041 2444 1099 ossibus
2477 1061 2489 1098 :
2523 1045 2680 1102 aruit
2725 1051 2782 1104 et
2832 1047 2991 1107 facta
3027 1056 3121 1109 est
3152 1055 3333 1126 quasi
3368 1055 3604 1128 lignum

1946 1124 2193 1194 (Thren.
2227 1145 2304 1200 ιν,
2335 1138 2387 1198 7,
2415 1134 2491 1203 8).
2526 1152 2556 1187 ι
2582 1135 2861 1207 Sequitur
2892 1155 2906 1192 :

2015 1254 2184 1309 Vens.
2220 1258 2306 1310 14.
2338 1258 2468 1326 Ipse
2522 1265 2606 1315 est
2658 1262 3031 1332 principium
3088 1268 3326 1325 viarum
3369 1271 3498 1328 Dei.
3532 1305 3601 1314 —

1946 1340 2100 1433 Quid
2129 1342 2290 1433 enim
2318 1346 2444 1402 vias
2477 1348 2595 1417 Dei,
2628 1349 2741 1405 nisi
2772 1351 2901 1422 ejus
2931 1354 3194 1413 actiones
3225 1358 3601 1433 accipimus?

1946 1432 2025 1485 De
2063 1430 2285 1503 quibus
2340 1451 2448 1507 per
2479 1439 2838 1510 prophetam
2895 1442 3109 1499 dicitur
3147 1463 3159 1500 :
3196 1469 3223 1495 «
3259 1430 3386 1504 Non
3437 1450 3601 1509 enim

1943 1517 2054 1609 viae
2084 1535 2234 1575 mea;
2259 1521 2410 1579 sicut
2437 1524 2549 1580 viae
2579 1530 2786 1582 vestra:
2814 1529 2954 1599 (Isa.
2978 1546 3066 1600 Lv,
3100 1533 3173 1605 8).
3212 1556 3238 1583 »
3297 1537 3363 1591 Et
3387 1537 3602 1609 princi-

1943 1606 2112 1679 pium
2140 1609 2376 1666 viarum
2406 1612 2507 1668 Dei
2537 1614 2861 1672 Behemoth
2890 1618 3123 1688 dicitur,
3148 1622 3291 1694 quia
3315 1606 3600 1685 nimirum

1944 1712 2083 1752 cum
2133 1704 2349 1756 cuncta
2400 1718 2612 1758 creans
2657 1708 2880 1777 ageret,
2912 1706 3073 1764 hunc
3104 1710 3368 1784 primum
3399 1714 3602 1771 condi-

1944 1785 2046 1852 dit,
2070 1803 2252 1860 quem
2273 1789 2516 1865 reliquis
2542 1792 2769 1862 angelis
2797 1795 3249 1855 eminentiorem
3281 1799 3434 1856 fecit.
3455 1800 3601 1859 Hinc

1944 1878 2237 1951 propheta
2266 1879 2386 1935 ait:
2421 1902 2448 1931 «
2484 1881 2656 1937 Cedri
2685 1897 2809 1938 non
2838 1882 3080 1942 fuerunt
3128 1886 3368 1944 altiores
3413 1888 3513 1946 illo
3541 1889 3600 1949 in

1942 1965 2226 2037 paradiso
2259 1967 2377 2036 Dei,
2411 1968 2634 2025 abietes
2690 1986 2814 2026 non
2843 1980 3308 2047 coaequaverunt
3354 1978 3601 2037 summi-

1944 2052 2047 2108 tati
2099 2054 2248 2125 ejus,
2289 2078 2318 2105 »
2365 2061 2475 2129 etc,
2535 2057 2770 2129 (Ezech.
2821 2077 2978 2129 ml,
3043 2063 3123 2136 8.)
3195 2067 3263 2120 Et
3310 2081 3594 2122 rursum:

1950 2160 1969 2191 ι
1996 2144 2080 2197 Tu
2137 2144 2518 2213 signaculum
2566 2146 2990 2221 similitudinis,
3023 2150 3237 2223 plenus
3284 2155 3597 2227 sapientia,

1945 2235 2002 2287 et
2050 2233 2343 2304 perfectus
2418 2235 2632 2292 decore
2691 2237 2753 2292 in
2819 2237 3044 2294 deliciis
3102 2241 3368 2315 paradisi
3440 2243 3600 2299 fuisti

1944 2321 2178 2392 (Ezech.
2214 2341 2417 2394 xxvm,
2454 2330 2562 2393 i2).
2600 2349 2628 2376 »
2669 2327 3012 2385 Consideret
3050 2345 3193 2401 ergo
3222 2330 3408 2388 homo
3449 2332 3599 2406 quid

1874 2434 1885 2441 κ
1943 2410 2209 2468 elevatus
2234 2413 2297 2468 in
2327 2418 2483 2473 terra
2514 2420 2832 2482 mereatur,
2861 2416 2912 2472 si
2951 2418 3007 2472 et
3032 2418 3314 2490 praelatus
3370 2421 3598 2492 angelis

1942 2497 2005 2553 in
2051 2501 2202 2556 ccelo
2253 2503 2663 2575 prosternitur.
2711 2505 2859 2560 Hinc
2909 2507 3206 2580 propheta
3259 2508 3340 2563 ait
3370 2527 3384 2564 :
3420 2531 3448 2558 «
3475 2510 3604 2565 Ine-

1941 2587 2171 2645 briatus
2214 2596 2301 2647 est
2325 2590 2388 2646 in
2419 2592 2569 2648 coelo
2623 2592 2859 2666 gladius
2897 2596 3041 2667 (Isa.
3085 2612 3282 2665 xxxrv,
3312 2597 3389 2669 ὅ).
3426 2619 3455 2647 ››
3508 2599 3604 2654 Se-

1944 2677 2145 2749 quitur
2193 2695 2206 2734 :
2248 2679 2364 2747 Qui
2399 2681 2543 2751 fecit
2591 2697 2744 2752 eum,
2786 2684 3119 2755 applicavi!
3142 2686 3417 2756 gladium
3449 2687 3597 2756 ejus.

1946 2767 2188 2823 Gladius
2239 2770 2464 2843 quippe
2520 2770 2847 2827 Behemoth
2905 2772 3096 2842 istius,
3151 2773 3289 2847 ipsa
3343 2774 3602 2831 nocendi

1945 2856 2171 2913 malitia
2197 2863 2303 2913 est.
2340 2858 2455 2914 Sed
2494 2858 2573 2914 ab
2627 2875 2698 2915 eo
2754 2876 2877 2935 quo
2920 2860 3118 2917 bonus
3164 2880 3273 2938 per
3318 2869 3600 2921 naturam

1945 2946 2136 3001 factus
2168 2950 2256 3002 est
2293 2946 2423 3018 ejus
2455 2947 2689 3017 gladius
2739 2949 3094 3023 applicatur,
3140 2951 3284 3027 quia
3312 2953 3442 3023 ejus
3468 2969 3599 3008 ma-

1944 3032 2068 3088 litia
2115 3033 2320 3090 divina
2367 3034 2816 3108 dispensatione
2870 3038 3263 3110 restringitur,
3322 3056 3398 3095 ne
3427 3039 3599 3097 ferire

1945 3126 2177 3178 tantum
2204 3122 2523 3179 hominum
2574 3129 2805 3181 mentes
2851 3131 3148 3198 quantum
3203 3128 3426 3203 appetit
3472 3144 3602 3205 per-

1946 3211 2230 3268 mittatur.
2292 3217 2401 3269 Iste
2451 3229 2715 3286 namque
2782 3215 3131 3289 Behemoth,
3185 3217 3328 3289 quia
3384 3216 3601 3295 princi-

1946 3301 2115 3373 pium
2140 3301 2376 3359 viarum
2408 3302 2508 3358 Dei
2537 3307 2649 3373 est,
2692 3319 2831 3360 cum
2855 3309 3065 3363 contra
3097 3310 3380 3364 sanctum
3403 3306 3602 3363 virum

1944 3390 2247 3448 licentiam
2269 3392 2605 3448 tentationis
2637 3393 2885 3467 accepit,
2913 3399 3129 3451 cuncta
3159 3394 3423 3469 abstulit,
3467 3411 3604 3452 con-

1946 3481 2217 3537 vivantes
2246 3482 2401 3537 ﬁlios
2426 3481 2724 3550 exstinxit,
2752 3482 2859 3538 sed
2889 3482 3127 3552 gladius
3158 3484 3287 3555 ejus
3323 3501 3362 3540 a
3392 3484 3604 3542 Condi-

1948 3574 2071 3626 tore
2096 3571 2434 3644 replicatur,
2464 3588 2605 3627 cum
2627 3570 2843 3627 dicitur
2872 3588 2884 3626 :
2910 3594 2939 3623 «
2959 3570 3240 3629 Animam
3254 3572 3413 3629 illius
3432 3590 3605 3635 serva

1947 3660 2099 3731 (Job.
2130 3676 2189 3729 ιι,
2218 3660 2291 3732 6).
2321 3682 2348 3710 ››
2379 3660 2721 3718 Notandum
2742 3676 2985 3735 quoque
3008 3665 3096 3718 est
3115 3662 3282 3735 quod
3307 3679 3603 3721 vesanum

1910 3785 1919 3793 .
1947 3746 2173 3817 dogma
2217 3748 2336 3802 Arii
2359 3752 2567 3821 aperta
2586 3748 2648 3803 in
2674 3748 2790 3803 hoc
2815 3748 2949 3805 loco
2990 3749 3217 3806 ratione
3238 3749 3561 3827 dissipatur
3586 3770 3601 3821 ;

1946 3834 2241 3893 facturam
2271 3837 2495 3913 quippe
2527 3836 2628 3892 Dei
2657 3836 2872 3894 Filium
2898 3838 3141 3914 patitur,
3169 3842 3227 3895 et
3254 3855 3391 3896 ecce
3422 3841 3604 3898 Behe-

1946 3924 2116 3981 moth
2142 3926 2204 3979 in
2234 3923 2466 3981 factura
2494 3940 2696 3981 rerum
2726 3925 2957 4001 primus
2988 3930 3222 3983 creatus
3252 3928 3601 3985 ostenditur.

1948 4018 2226 4091 Superest
2248 4030 2390 4085 ergo
2431 4019 2495 4072 ut
2520 4016 2693 4072 Arius
2732 4032 2857 4073 non
2887 4015 3114 4075 factum
3160 4017 3370 4076 Filium
3394 4018 3608 4095 praedi-

1949 4110 2059 4174 cet,
2105 4109 2208 4162 aut
2258 4122 2397 4162 eum
2453 4110 2590 4179 post
2618 4107 2943 4164 Behemoth
2992 4108 3304 4167 conditum
3350 4109 3605 4167 stultum

1948 4200 2131 4270 putet.
2176 4195 2326 4262 Quia
2353 4212 2497 4253 vero
2553 4212 2667 4253 nos
2703 4196 3127 4268 cognoscimus
3184 4215 3323 4259 cum
3376 4203 3605 4277 quanto

1946 4286 2115 4344 hoste
2165 4300 2532 4358 pugnamus,
2584 4290 2854 4365 superest
2900 4291 2965 4343 ut
3012 4287 3431 4361 unusquisque
3470 4303 3608 4345 nos-

1948 4380 2107 4433 trum
2144 4379 2309 4432 tanto
2358 4392 2420 4432 se
2464 4374 2699 4449 plenius
2736 4375 2964 4435 auctori
3004 4375 3331 4448 subjaceat,
3378 4380 3607 4451 quanto

1950 4472 2160 4524 contra
2190 4481 2252 4521 se
2279 4466 2486 4523 saevire
2512 4465 2800 4527 violenter
2827 4465 3158 4527 adversarii
3187 4466 3343 4527 vires
3367 4454 3603 4543 pensat.

1027 4823 1372 4915 LIBER
1482 4825 2150 4914 TRICESIMUS
2233 4824 2736 4919 TERTIUS.

247 5142 428 5201 Vm.
454 5143 538 5196 15.
562 5139 723 5196 Huic
748 5144 974 5197 montes
1006 5138 1219 5195 herbas
1236 5137 1466 5207 ferunt.
1499 5166 1569 5179 —-
1596 5141 1662 5193 In
1685 5138 1836 5195 Scri-
1866 5140 1912 5193 D
1951 5140 2093 5210 (Isa.
2123 5155 2186 5209 ιι,
2216 5138 2292 5211 2).
2330 5158 2349 5190 ι
2380 5137 2719 5210 Aliquando
2749 5141 2958 5195 sancta
3004 5139 3284 5211 Ecclesia,
3320 5144 3386 5198 ut
3411 5141 3559 5197 illud
3586 5147 3601 5188 ε

166 5237 364 5306 ptura
394 5246 568 5286 sacra
597 5248 736 5287 cum
764 5244 1020 5286 numero
1047 5227 1334 5299 singulari
1364 5244 1539 5284 mons
1575 5228 1839 5301 ponitur,

1949 5248 1974 5283 α
2005 5230 2118 5296 Qui
2142 5228 2454 5285 conﬁdunt
2478 5228 2540 5283 in
2568 5228 2820 5285 Domino
2852 5223 3005 5286 sicut
3029 5245 3205 5286 mons
3243 5230 3382 5286 Sion
3411 5230 3601 5300 (Psal.

167 5321 518 5395 aliquando
547 5322 894 5377 incarnatus
926 5320 1214 5376 Dominus
1269 5318 1641 5389 designatur,
1697 5318 1848 5373 sicut
1954 5336 2141 5388 cum,
2168 5323 2241 5386 t).
2275 5337 2305 5372 ι
2336 5317 2675 5391 Aliquando
2707 5322 3128 5376 testamentum
3154 5316 3408 5385 Domini,
3455 5317 3607 5376 sicut

166 5412 476 5484 scriptum
495 5414 590 5466 est
621 5428 635 5466 :
672 5435 698 5462 α
734 5410 852 5466 Erit
879 5410 941 5465 in
988 5409 1333 5466 novissimis
1363 5408 1577 5465 diebus
1617 5423 1848 5481 praepa-

1956 5408 2233 5466 Habacuc
2260 5407 2342 5464 ait
2373 5426 2386 5464 :
2417 5427 2448 5461 ‹
2482 5411 2638 5464 Deus
2668 5424 2704 5465 a
2751 5408 2976 5465 Libano
3018 5407 3232 5473 veniet,
3278 5410 3335 5462 et
3361 5411 3607 5465 sanctus

166 5507 354 5561 ratus
381 5516 559 5557 mons
586 5500 807 5557 domus
837 5500 1072 5559 Domini
1126 5499 1190 5556 in
1241 5499 1521 5557 verticem
1548 5497 1847 5555 montium
1957 5496 2032 5553 de
2052 5501 2256 5555 monte
2276 5484 2577 5556 umbroso
2603 5501 2661 5553 et
2706 5497 3014 5553 condenso
3066 5493 3319 5564 (Habac.
3352 5510 3434 5566 ut,
3466 5500 3542 5565 3).
3572 5514 3603 5549 ›
