4130 6146
517 87 624 142 487

1549 75 1607 133 S.
1649 73 1906 133 ODONIS
1943 63 2234 127 ABBATIS
2277 61 2780 127 CLUNIACENSIS
2816 67 2884 123 Il.

3821 61 3923 118 εεε

521 204 859 280 Aliquando
889 205 1164 276 apostata
1193 199 1467 270 angelus,
1497 203 1563 255 ut
1587 198 1736 255 illud
1763 215 1776 255 :
1816 221 1842 247 ‹‹
1873 193 2176 253 Transmi-
2207 196 2255 250 A
2287 209 2608 266 percussus
2645 191 2851 262 fugiat,
2889 193 2946 280 et
2976 186 3056 244 ad
3083 155 3268 242 corda
3297 181 3693 280 reproborum
3725 181 3928 280 frigida

523 296 710 366 grain
725 297 992 350 montem
1011 291 1164 348 sicut
1185 305 1398 363 passer
1421 290 1604 361 (Psat.
1629 305 1688 356 x,
1723 287 1790 359 Ι).
1816 309 1844 338 ››
1871 289 2020 344 Cum
2035 299 2178 340 vero

523 387 758 440 montes
811 380 1030 454 plurali
1085 395 1339 436 numero
1396 377 1806 448 nominantur,
1853 373 2181 447 aliquando

522 471 812 530 celsitudo
865 469 1285 543 apostolorum
1342 472 1522 540 atque
1551 467 1986 540 prophetarum
2021 463 2184 520 desi-

523 565 761 633 gnatur,
796 565 860 615 ut
879 558 1026 615 illud
1075 575 1088 613 :
1143 581 1170 608 «
1201 557 1432 614 iustitia
1489 561 1593 612 tua
1621 555 1773 611 sicut
1815 557 2050 610 montes
2081 551 2184 608 Dei

523 651 712 720 (Psal.
745 665 921 716 xxxv,
953 649 1030 721 7).
1063 666 1095 700 »
1119 645 1458 719 Aliquando
1487 661 1630 702 vero
1653 643 2031 700 saecularium
2071 657 2182 715 po-

524 743 806 795 testatum
847 741 1048 792 tumor
1099 735 1470 808 exprimitur,
1526 733 1600 789 de
1649 733 1872 805 quibus
1915 728 2130 786 dicitur
2165 744 2180 785 :

531 848 552 879 ι
571 831 792 885 Montes
821 825 972 881 sicut
991 839 1126 880 cera
1157 824 1457 880 ﬂuxerunt
1485 838 1521 878 a
1549 821 1699 878 facie
1729 818 1965 877 Domini
1987 817 2180 891 (Psal.

524 932 676 986 xcvr,
691 921 762 986 5).
780 937 807 964 »
829 913 976 970 Elati
991 929 1255 985 namque
1279 911 1479 968 saeculi
1502 911 1682 982 hujus
1697 910 1838 966 huic
1861 907 2184 966 Behemoth

528 1005 744 1062 herbas
771 1003 1004 1072 ferunt,
1035 1002 1179 1074 quia
1217 1017 1290 1056 ex
1347 1015 1419 1056 eo
1449 999 1623 1055 illum
1672 998 1965 1063 reficiunt,
2017 995 2186 1070 quod

525 1092 798 1165 nequiter
817 1094 1162 1163 operantur,
1193 1089 1339 1160 quia
1365 1104 1507 1144 suas
1527 1087 1610 1143 illi
1636 1088 1894 1143 atterunt
1911 1085 2107 1142 ﬂuxas
2127 1086 2184 1142 et

523 1180 788 1236 lubricas
827 1178 1182 1234 voluntates.
1237 1199 1264 1226 α
1300 1179 1481 1232 Erunt
1527 1177 1707 1246 enim,
1733 1175 1812 1232 ait
1841 1175 2182 1248 Apostolus,

526 1269 802 1326 homines
843 1268 1073 1340 seipsos
1126 1271 1423 1332 amantes,
1477 1267 1856 1339 voluptatum
1887 1269 2186 1322 amatores

524 1357 720 1426 magis
743 1372 930 1429 quam
965 1356 1064 1412 Dei
1097 1357 1187 1423 (II
1215 1357 1362 1411 Tim.
1389 1373 1472 1422 ιιι,
1505 1360 1561 1423 2,
1585 1357 1662 1426 4).
1701 1377 1728 1404 ››
1761 1357 1902 1418 Quae
1933 1359 2025 1410 est
2043 1369 2186 1424 ergo

525 1446 716 1502 herba
744 1445 1062 1511 montium,
1100 1443 1213 1499 nisi
1243 1443 1516 1516 voluptas
1543 1443 1708 1499 ﬂuxa
1737 1461 1874 1516 quae
1906 1461 1978 1500 ex
2007 1443 2188 1500 corde

2287 281 2510 338 redeat.
2545 281 2856 354 Sequitur:
2889 279 2962 334 In
2993 279 3215 332 secreto
3249 273 3490 330 calami.
3527 275 3590 326 In
3617 285 3786 326 sacro
3811 269 3928 326 elo-

2287 370 2430 443 quio
2459 369 2678 427 calami
2707 367 2798 424 vel
2828 363 3145 424 arundinis
3178 359 3579 436 appellatione
3607 358 3926 432 aliquando

2287 459 2538 516 verbum
2562 472 2818 514 manens
2851 453 3158 527 accipitur,
3183 455 3248 507 ut
3274 450 3424 507 illud
3449 467 3463 505 :
3490 471 3517 498 (ς
3551 448 3779 518 Lingua
3805 463 3936 503 mea

2289 549 2560 605 calamus
2594 547 2827 609 scribae,
2861 566 2889 595 »
2941 547 3050 600 etc.
3105 541 3292 613 (Psat.
3325 555 3479 609 xLiv,
3503 539 3582 610 2.)
3603 536 3936 608 Aliquando

2287 637 2604 694 doctorum
2655 635 2888 710 peritia,
2935 637 3001 689 ut
3052 630 3200 687 illud
3231 647 3245 686 :
3271 651 3298 680 «
3333 632 3398 684 Et
3446 628 3510 684 in
3561 625 3858 684 cubilibus
3878 625 3938 681 in

2288 727 2512 800 quibus
2566 726 2733 800 prius
2787 724 3080 780 dracones
3137 718 3514 788 habitabant,
3541 716 3763 773 orietur
3789 715 3942 770 viror

2290 815 2510 872 calami
2538 818 2596 871 et
2619 814 2787 886 junci
2813 815 2955 885 ([sa.
2996 827 3172 879 xxxv,
3203 809 3279 880 7).
3315 830 3344 858 »
3377 807 3485 863 Ubi
3513 821 3620 878 per
3645 803 3941 861 calamum

2290 904 2564 961 doctrina
2591 903 2998 970 scribentium,
3029 916 3136 974 per
3159 900 3416 970 juncum
3455 895 3724 952 viriditas
3777 893 3942 950 audi-

2289 997 2490 1051 torum
2515 991 2876 1062 intelligitur.
2903 987 3242 1061 Aliquando
3282 984 3488 1042 mobili
3499 989 3586 1040 tas
3617 981 3855 1051 mentis,
3885 985 3946 1036 ut

2291 1082 2440 1139 illud
2481 1099 2494 1136 :
2529 1104 2557 1133 ‹‹
2592 1080 2746 1147 Quid
2789 1079 2988 1136 existis
3045 1077 3242 1132 videre
3273 1075 3300 1130 ‘I
3353 1073 3726 1129 Arundinem
3775 1074 3944 1126 vento

2293 1172 2581 1242 agitatam
2605 1170 2632 1225 ‘7
2657 1191 2684 1220 ››
2719 1168 2954 1240 (Matth,
2989 1183 3061 1234 ιιι,
3095 1167 3169 1237 7.)
3197 1161 3537 1236 Aliquando
3565 1161 3723 1216 nitor
3752 1157 3946 1228 glorize

2293 1259 2639 1333 temporalis
2661 1257 2967 1330 accipitur,
3001 1259 3064 1310 ut
3106 1253 3253 1309 illud
3283 1249 3598 1324 Sapientia:
3637 1265 3652 1304 :
3681 1271 3710 1299 ς(
3751 1247 3948 1318 Fulge-

2294 1349 2448 1406 bunt
2471 1348 2617 1420 justi
2645 1352 2702 1404 et
2731 1351 3026 1418 tanquam
3057 1341 3320 1398 scintillae
3349 1341 3412 1395 in
3445 1336 3811 1396 arundineto
3837 1335 3948 1392 dis-

2299 1443 2536 1495 current
2563 1437 2728 1506 (Sap.
2762 1453 2846 1502 in,
2877 1435 2954 1506 7).
2981 1452 3010 1486 ›
3039 1431 3146 1488 Ubi
3168 1429 3595 1487 arundinetum
3625 1427 3816 1482 vitam
3847 1441 3950 1480 saa-

527 1534 791 1604 gignitur
817 1531 1260 1605 superborum?
1287 1513 1514 1596 Quibus
1544 1513 1831 1588 nimiru’m
1851 1532 2054 1588 herbis
2083 1535 2187 1588 Be-
2219 1547 2264 1601 Β
2300 1526 2596 1585 cularium
2654 1523 2936 1598 appellat.
2987 1521 3111 1576 Hoc
3177 1535 3319 1590 ergo
3365 1518 3500 1574 loco
3557 1513 3950 1588 appellatione

527 1621 908 1678 hemothiste
933 1621 1219 1693 pascitur,
1252 1621 1396 1694 quia
1421 1619 1484 1676 in
1519 1621 1604 1676 eis
1653 1637 1900 1694 poenam
1953 1624 2188 1677 aeternae

529 1709 739 1766 mortis
759 1709 1048 1774 esuriens,
1066 1725 1276 1766 eorum
1295 1707 1540 1781 perditis
1563 1709 1831 1766 moribus
1855 1709 2188 1766 satiabitur.

533 1799 812 1872 Sequitur
843 1815 856 1853 :
893 1798 1104 1854 Omnes
1132 1798 1326 1854 bestiae
1353 1800 1492 1868 agri
1518 1799 1728 1854 ludent
1759 1800 1860 1855 ibi.
1898 1797 2053 1866 Quid
2085 1814 2192 1870 per

530 1887 753 1944 bestias
783 1887 912 1958 agri
941 1887 1056 1942 nisi
1105 1887 1402 1942 immundi
1457 1887 1698 1960 spiritus
1741 1888 2135 1957 designantur
2165 1888 2192 1944 ?

533 1975 700 2033 Unde
731 1979 788 2032 et
817 1975 892 2031 de
921 1975 1053 2047 ipso
1102 1975 1508 2046 malignorum
1562 1976 1880 2049 spirituum
1922 1977 2192 2048 principe

532 2069 740 2121 contra
769 2063 1028 2137 Ephraiu
1055 2064 1306 2120 dicitur:
1334 2087 1360 2114 «
1392 2066 1583 2122 Bestia
1637 2065 1766 2136 agri
1815 2065 2046 2122 scindet
2089 2081 2191 2121 eos

531 2154 683 2225 (Ose.
715 2169 844 2222 xm,
871 2153 945 2223 8).
969 2173 997 2202 »
1031 2155 1098 2208 Et
1126 2153 1309 2209 Isaias
1338 2171 1350 2208 :
1389 2175 1416 2202 ‹‹
1443 2153 1592 2210 Mala
1620 2153 1814 2210 bestia
1855 2170 1980 2210 non
2029 2161 2191 2210 tran-

531 2241 667 2297 sibit
693 2257 800 2314 per
823 2257 958 2297 eam
984 2243 1125 2313 (Isa,
1161 2259 1334 2311 xxxv,
1369 2242 1444 2314 9).
1483 2265 1510 2291 ››
1545 2245 1610 2298 Et
1638 2242 1787 2315 quid
1813 2259 1921 2316 per
1951 2259 2190 2312 agrum,

530 2330 643 2386 nisi
671 2345 936 2404 praesens
991 2330 1280 2386 saaculum
1327 2331 1614 2403 accipitur
1640 2332 1667 2387 ?
1709 2331 1856 2387 Hinc
1901 2333 2190 2388 Dominus

532 2419 614 2476 ait
646 2436 658 2473 :
690 2438 722 2472 ‹
751 2425 905 2488 Ager
933 2423 1136 2474 autem
1161 2423 1250 2474 est
1285 2418 1552 2474 mundus
1587 2419 1826 2486 (Matth.
1859 2437 1985 2490 xui,
2017 2423 2128 2492 28).
2163 2443 2191 2470 ››

531 2507 674 2578 Agri
695 2522 838 2576 ergo
864 2505 1069 2562 bestiae
1099 2507 1161 2562 in
1181 2506 1383 2562 herbis
1415 2507 1712 2563 montium
1759 2507 1996 2576 ludunt,
2050 2509 2194 2581 quia

532 2596 800 2667 projecta
821 2595 895 2650 de
925 2594 1336 2666 superioribus
1359 2595 1420 2650 in
1451 2595 1613 2651 hunc
1641 2597 1942 2652 mundum
1963 2597 2192 2653 daemo-

531 2684 632 2739 nia
656 2683 858 2755 pravis
887 2683 1288 2756 superborum
1313 2683 1600 2756 operibus
1622 2685 2012 2742 delectantur.
2037 2689 2194 2742 Bene

531 2770 592 2826 in
643 2770 844 2827 herbis
901 2770 1138 2838 ludunt,
1180 2787 1320 2828 cum
1367 2771 1608 2845 reprobi
1639 2773 1880 2845 spiritus
1923 2775 2194 2830 humana

531 2860 716 2916 corda
745 2861 826 2917 ad
855 2859 1086 2916 illicitas
1113 2860 1502 2930 cogitationes
1551 2863 1925 2934 pertrahunt.
1976 2867 2086 2918 Pro
2119 2879 2192 2919 eo

531 2950 692 3006 enim
743 2949 910 3023 quod
959 2949 1202 3021 superbi
1231 2949 1458 3022 quique
1486 2951 1720 3007 nullum
1769 2952 2000 3008 malum
2029 2953 2190 3022 cogi-

530 3039 715 3095 tando
745 3042 1124 3111 praetereunt,
1156 3037 1322 3094 nulla
1353 3043 1442 3094 est
1470 3039 1598 3110 agri
1625 3039 1820 3096 bestia
1877 3057 2011 3113 quae
2068 3057 2192 3096 non

529 3127 749 3183 horum
779 3127 1079 3183 montium
1109 3126 1299 3182 herba
1328 3127 1588 3183 satietur.
1621 3129 1897 3200 Sequitur
1924 3146 1938 3183 :

603 3215 780 3271 Vens.
814 3221 898 3270 l6.
933 3215 1058 3271 Sub
1089 3215 1304 3271 umbra
1332 3215 1572 3271 dormit.
1609 3247 1674 3255 —
1705 3216 2098 3273 Obumbratio
2129 3218 2191 3274 in

531 3317 702 3358 sacro
736 3302 980 3375 eloquio
1030 3301 1360 3374 aliquando
1403 3302 1734 3360 incarnatio
1761 3305 1994 3361 Domini
2025 3306 2194 3379 poni-

529 3395 646 3455 tur,
691 3395 756 3447 ut
791 3390 938 3446 illud
971 3408 984 3445 :
1021 3409 1040 3441 ι
1073 3391 1268 3446 Virtus
1319 3391 1608 3446 Altissimi
1647 3392 2037 3451 obumbrabit
2085 3394 2192 3451 tibi

529 3481 697 3550 (Luc.
731 3495 768 3550 I,
805 3479 908 3550 15).
943 3500 972 3526 »
1006 3477 1348 3550 Aliquando
1377 3479 1594 3534 mentis
1615 3479 1985 3552 refrigerium
2011 3498 2047 3538 a
2077 3483 2187 3538 fer-

527 3582 672 3622 vore
697 3567 1033 3623 carnalium
1063 3566 1514 3636 cogitationum,
1544 3572 1609 3624 ut
1635 3567 1820 3626 illud:
1851 3591 1878 3620 ι(
1909 3571 2031 3626 Sub
2059 3588 2195 3628 um-

527 3655 641 3712 bra
671 3654 907 3712 alarum
965 3661 1205 3712 tuarum
1257 3660 1501 3730 protege
1549 3673 1646 3714 me
1678 3659 1863 3730 (Psal.
1895 3677 2016 3728 xvr,
2050 3663 2125 3732 8).
2159 3683 2190 3712 »

451 3741 464 3752 “
529 3743 631 3800 Vel
675 3762 688 3800 :
735 3763 766 3798 ς
799 3744 922 3800 Sub
954 3745 1174 3800 umbra
1202 3743 1360 3800 illius
1390 3761 1576 3818 quem
1615 3745 2038 3804 desiderabam
2064 3749 2192 3805 sedi

529 3833 732 3902 (Cant.
757 3849 814 3902 ιι,
843 3837 919 3901 3).
946 3855 974 3883 ››
997 3831 1340 3906 Aliquando
1369 3834 1614 3891 umbras
1640 3836 2018 3894 recedentem
2047 3839 2191 3896 cha-

527 3923 762 3980 ritatem
774 3921 1007 3994 frigidae
1025 3923 1242 3979 mentis
1265 3922 1616 3997 accipimus,
1641 3923 1792 3981 sicut
1811 3925 1886 3982 de
1903 3931 2190 3999 peccante

527 4011 774 4068 homine
805 4011 1035 4068 dictum
1061 4015 1170 4082 est,
1199 4013 1346 4084 quia
1372 4016 1612 4069 secutus
1641 4017 1732 4068 est
1752 4015 2022 4072 umbras.
2041 4019 2194 4072 Non-

527 4115 846 4172 nunquam
875 4115 1018 4155 vero
1047 4101 1468 4173 per~umbram
1493 4101 1568 4172 (si
1595 4104 1799 4158 tamen
1821 4119 1961 4159 cum
1989 4104 2189 4175 adjec-

527 4187 687 4244 tione
719 4187 925 4242 mortis
953 4187 1236 4258 ponatur)
1265 4187 1362 4243 vel
1391 4203 1557 4244 mors
1591 4189 1788 4244 carnis
1815 4192 2186 4262 exprimitur,

529 4279 598 4330 ut
622 4273 770 4330 illud
798 4291 810 4328 :
845 4295 872 4322 ‹‹
901 4277 969 4330 Et
1024 4275 1336 4348 cooperuit
1363 4291 1476 4331 nos
1501 4277 1721 4334 umbra
1763 4279 1970 4334 mortis
1995 4280 2184 4350 (Psal.

529 4378 690 4424 XLIII,
721 4363 836 4434 20).
867 4384 894 4412 ››
925 4363 1088 4418 Mors
1120 4363 1347 4436 quippe
1405 4366 1603 4420 carnis
1633 4366 1838 4436 imago
1869 4371 1956 4423 est
1983 4367 2190 4424 mortis

531 4457 788 4508 aeternae.
840 4451 938 4508 Vel
985 4455 1140 4510 certe
1168 4467 1334 4510 mors
1372 4453 1675 4523 diabolus,
1707 4461 1772 4512 ut
1799 4456 1948 4512 illud
1976 4473 1989 4512 :
2020 4480 2046 4506 ‹‹
2075 4461 2190 4514 Νο-

531 4556 672 4597 men
699 4540 782 4597 illi
831 4557 994 4597 mors
1039 4543 1249 4614 (Apoc.
1282 4559 1359 4615 v1,
1393 4543 1465 4615 8).
1487 4566 1516 4594 ››
1561 4544 1781 4601 Umbra
1811 4561 1954 4615 ergo
1983 4547 2192 4602 mortis

529 4633 670 4686 sunt
697 4645 909 4686 omnes
939 4631 1201 4704 reprobi,
1231 4632 1339 4706 qui
1365 4630 1522 4688 illius
1550 4634 1884 4706 nequitiam
1914 4633 2188 4692 elationis

528 4719 856 4788 imitantur,
889 4721 1142 4795 ejusque
1190 4721 1518 4792 imaginem
1547 4723 1728 4796 quasi
1757 4723 2038 4780 umbram
2087 4741 2190 4781 ex-

531 4807 818 4879 primunt.
847 4809 970 4864 Hoc
996 4815 1200 4866 autem
1226 4810 1360 4867 loco
1410 4811 1631 4869 umbra
1673 4813 1952 4886 nequitiae
1983 4818 2190 4887 torpor

531 4895 838 4968 accipitur,
866 4896 928 4952 in
957 4913 1081 4969 qua
1109 4898 1237 4972 ipse
1261 4900 1587 4956 Behemoth
1615 4901 1854 4973 dormit,
1887 4903 2032 4974 quia
2054 4919 2192 4959 con-

531 4988 623 5040 tra
648 4984 833 5040 corda
858 4983 1120 5042 claritate
1146 4987 1400 5044 calentia
1429 4987 1717 5046 sollicitus
1740 4990 1965 5061 vigilat,
1997 4991 2060 5046 in
2085 4990 2186 5047 fri-

531 5072 686 5144 gidis
707 5076 909 5129 autem
929 5087 1176 5130 securus
1197 5074 1378 5145 jacet.
1407 5077 1672 5134 Dormire
1703 5078 1881 5135 etiam
1921 5081 1984 5135 in
2014 5095 2189 5136 sanc-

531 5167 732 5218 torum
761 5160 1044 5218 cordibus
1073 5177 1198 5218 non
1223 5167 1440 5236 potest,
1467 5165 1614 5238 quia
1641 5167 1690 5222 si
1745 5168 1995 5240 quando
2035 5185 2097 5224 se
2127 5168 2188 5224 in

531 5249 618 5308 eis
639 5249 720 5308 ad
741 5253 1119 5306 momentum
1151 5249 1425 5324 collocat,
1457 5257 1638 5310 tantas
1657 5269 1800 5311 eum
1827 5271 2006 5312 voces
2031 5256 2188 5312 exci-

535 5343 681 5411 tant,
713 5343 956 5411 quantae
986 5353 1060 5395 ex
1085 5339 1327 5397 illorum
1361 5341 1664 5398 mentibus
1719 5347 1942 5400 sancta:
1971 5345 2191 5416 cogita-

534 5427 723 5485 tiones
745 5428 823 5485 ad
843 5429 1060 5486 caelum
1075 5428 1356 5486 clamant.
1387 5429 1550 5486 Unde
1575 5431 1642 5486 ﬁt
1673 5436 1736 5486 ut
1763 5432 2064 5489 bonarum
2091 5450 2190 5490 ac-

535 5518 766 5576 tionum
827 5518 1013 5576 armis
1065 5521 1326 5590 territus,
1369 5535 1442 5577 ac
1489 5519 1886 5596 suspiriorum
1945 5522 2191 5597 spiculis

2301 1615 2538 1687 calami,
2569 1618 2798 1671 mentes
2824 1609 3202 1668 saecularium
3232 1608 3627 1677 designantur
3651 1623 3664 1673 ;
3695 1619 3952 1678 quorum

2299 1706 2486 1764 corda
2521 1704 2734 1761 tacitus
2764 1705 2940 1768 tenet,
2969 1700 3119 1756 dum
3143 1714 3245 1754 eos
3267 1697 3346 1753 ad
3371 1696 3708 1769 appetitum
3739 1697 3952 1764 tempe
4059 1771 4066 1778 ᾗ

2299 1794 2441 1851 ralis
2473 1792 2680 1849 nitoris
2708 1797 2888 1864 atque
2935 1786 3260 1844 altitudinis
3311 1787 3674 1844 commovet,
3703 1785 3766 1836 et
3789 1779 3952 1853 quasi

2299 1882 2383 1938 ibi
2431 1882 2559 1953 ipse
2597 1878 2836 1952 quietus
2881 1875 3103 1932 dormit
3153 1873 3258 1930 ubi
3314 1888 3417 1928 eos
3461 1887 3620 1944 quos
3663 1867 3946 1943 possidet,

2299 1970 2605 2045 quiescere
2635 1984 2758 2024 non
2787 1965 3092 2040 permittit.
3125 1965 3191 2018 In
3220 1964 3334 2019 hoc
3357 1961 3516 2017 enim
3539 1960 3708 2034 quod
3739 1957 3855 2032 ipsi
3879 1957 3955 2012 in-

2301 2059 2506 2116 teritus
2533 2073 2702 2113 more
2724 2055 2942 2112 calami
2969 2052 3144 2109 vacui
3174 2055 3508 2119 remanent,
3537 2049 3749 2106 locum
3791 2047 3954 2103 Behe-

2301 2149 2474 2204 moth
2501 2146 2596 2202 isti
2616 2145 2720 2202 ubi
2742 2143 2909 2217 apud
2938 2159 3003 2199 se
3019 2141 3392 2214 requiescere
3409 2139 3647 2207 debeat,
3669 2136 3950 2211 praebent.

2306 2235 2583 2308 Sequitur
2615 2235 2722 2290 :In
2781 2234 2924 2289 locis
2955 2231 3353 2288 humentibus.
3385 2260 3454 2268 ——
3499 2231 3654 2284 Loca
3697 2241 3954 2298 namque

2302 2326 2383 2381 hu
2391 2324 2615 2381 mentia
2646 2328 2788 2379 sunt
2807 2328 3181 2379 terrenorum
3202 2319 3519 2376 hominum
3537 2321 3798 2387 mentes,
3815 2331 3955 2390 quas

2302 2414 2524 2470 humor
2553 2412 2810 2469 carnalis
2842 2409 3378 2483 concupiscentiae,
3411 2407 3555 2482 quia
3579 2407 3796 2480 replet,
3833 2404 3954 2462 ﬂui-

2301 2503 2413 2561 das
2440 2502 2598 2558 facit.
2627 2505 2782 2558 Loca
2810 2501 3035 2574 quippe
3055 2498 3366 2556 humentia
3385 2503 3525 2553 sunt
3543 2513 3738 2570 opera
3759 2495 3954 2567 volup-

2303 2596 2496 2648 tuosa.
2527 2593 2601 2647 In
2628 2592 2719 2648 his
2747 2589 2950 2663 itaque
2978 2591 3120 2646 locis
3153 2587 3531 2645 humentibus
3553 2587 3806 2653 dormit,
3825 2584 3956 2658 quia

2301 2681 2364 2737 in
2413 2679 2810 2754 reproborum
2853 2678 3173 2736 hominum
3217 2676 3453 2733 lubrica
3489 2675 3844 2749 operatione
3873 2689 3954 2729 re-

2303 2767 2572 2842 quiescit.
2595 2768 2775 2824 Aliter
2807 2785 2819 2822 :
2849 2771 3103 2823 Possunt
3119 2781 3228 2839 per
3255 2765 3390 2821 loca
3412 2763 3756 2831 humentia,
3781 2779 3956 2820 mem-

2300 2857 2412 2914 bra
2443 2857 2740 2927 genitalia,
2762 2855 2824 2911 id
2855 2861 2943 2912 est
2958 2855 3217 2925 luxuria,
3238 2853 3560 2926 designari,
3583 2859 3645 2910 ut
3666 2859 3735 2910 et
3747 2869 3852 2926 per
3867 2867 3956 2908 ca-

2301 2946 2536 3002 lamum
2557 2945 2748 3016 gloria
2761 2944 3080 3018 superbiat,
3095 2948 3153 3000 et
3163 2959 3270 3016 per
3287 2942 3424 3000 loca
3439 2942 3783 3012 humentia,
3795 2942 3956 2997 luxu-

2301 3036 2391 3092 ria
2410 3035 2678 3108 corporis
2699 3036 3089 3107 exprimatur.
3113 3037 3240 3089 Duo
3257 3032 3482 3106 quippe
3513 3033 3641 3088 haec
3658 3037 3812 3088 sunt
3833 3031 3958 3086 vitia

2303 3139 2438 3197 quae
2459 3125 2728 3180 humano
2745 3122 2947 3196 generi
2967 3121 3312 3178 immaniter
3325 3121 3724 3177 dominantur
3746 3138 3760 3176 :
3781 3135 3956 3176 unum

2301 3212 2576 3268 videlicet
2621 3211 2882 3284 spiritus,
2935 3216 3115 3284 atque
3172 3211 3336 3268 aliud
3387 3209 3604 3266 carnis.
3657 3209 3958 3282 Antiquus

2300 3299 2503 3375 itaque
2527 3299 2714 3357 hostis
2765 3300 3106 3356 humanum
3137 3315 3330 3370 genus
3371 3299 3456 3354 vel
3505 3313 3613 3371 per
3640 3296 3954 3355 elationem

2301 3390 2651 3462 praecipitat,
2713 3388 2806 3444 vel
2863 3403 2970 3460 per
3005 3387 3310 3444 luxuriam
3365 3385 3603 3461 premit,
3655 3385 3954 3460 quosdam

2302 3494 2444 3534 vero
2469 3479 2648 3534 etiam
2668 3478 2731 3533 in
2758 3481 3012 3549 utroque
3040 3477 3328 3550 possidet.
3366 3477 3641 3550 Sequitur
3671 3492 3686 3531 :

2373 3565 2550 3622 Vens.
2616 3565 2698 3620 l7.
2730 3567 3064 3636 Protegunt
3123 3566 3352 3622 umbra?
3387 3565 3663 3621 umbram
3718 3567 3866 3635 ejus.
3895 3591 3952 3602 —

2304 3655 2539 3712 Umbrae
2567 3654 2792 3727 quippe
2845 3658 2986 3710 sunt
3034 3653 3262 3710 diaboli
3315 3669 3527 3710 omnes
3560 3652 3812 3726 iniqui;
3863 3649 3956 3724 qui

2301 3743 2450 3800 dum
2503 3743 2819 3799 imitationi
2871 3742 3201 3816 iniquitatis
3245 3743 3375 3814 ejus
3411 3743 3771 3810 inserviunt,
3795 3739 3958 3814 quasi

2302 3833 2382 3888 ab
2411 3832 2542 3903 ejus
2592 3847 2842 3904 corpore
2873 3831 3154 3902 imaginis
3186 3831 3452 3904 speciem
3499 3831 3773 3888 trahunt.
3836 3832 3956 3887 Um—

2299 3921 2426 3977 brae
2475 3921 2676 3995 itaque
2707 3921 2991 3976 umbram
3038 3925 3398 3993 protegunt;
3442 3920 3586 3994 quia
3617 3925 3957 3993 peceatores

2300 4010 2528 4082 quique
2583 4010 2646 4064 in
2702 4025 2825 4082 quo
2884 4009 2998 4065 sibi
3053 4009 3210 4065 male
3269 4012 3410 4067 sunt
3437 4009 3686 4076 conscii,
3719 4010 3784 4066 in
3809 4023 3879 4066 eo
3909 4011 3959 4062 et

2301 4097 2488 4154 alium
2511 4101 2860 4171 peccantem
2889 4097 3038 4154 dum
3065 4098 3412 4171 corripiunt,
3431 4093 3958 4164 defendunt.Quod

2303 4187 2384 4244 ad
2407 4189 2520 4243 hoc
2547 4187 2834 4244 nimirum
2865 4187 3062 4244 studio
3093 4187 3338 4258 faciunt,
3371 4203 3447 4245 ne
3496 4187 3643 4245 dum
3677 4187 3864 4262 culpa
3903 4187 3957 4242 in

2303 4293 2426 4349 qua
2471 4282 2528 4332 et
2581 4277 2696 4349 ipsi
2747 4277 2997 4347 obligati
3028 4281 3186 4348 sunt,
3217 4277 3281 4332 in
3327 4277 3459 4334 aliis
3515 4278 3854 4350 corrigitur,
3885 4273 3959 4332 ad

2299 4365 2465 4438 ipsos
2517 4366 2888 4438 quandoque
2936 4366 3224 4424 veniatur.
3281 4367 3426 4423 Hinc
3479 4368 3782 4441 propheta
3835 4365 3956 4422 ait:

2302 4476 2330 4504 ‹‹
2363 4455 2642 4512 Oriuntur
2669 4457 2730 4510 in
2759 4455 3044 4512 domibus
3075 4456 3284 4529 spinae,
3338 4463 3396 4513 et
3428 4457 3648 4524 urticae,
3686 4463 3748 4514 et
3770 4454 3956 4531 paliu-

2297 4560 2403 4602 rus
2429 4545 2492 4600 in
2511 4544 2947 4601 munitionibus
2977 4546 3027 4618 ej
3039 4562 3107 4601 us
3139 4547 3274 4618 (Isa,
3302 4563 3494 4616 xxxiv,
3533 4548 3616 4619 14)
3671 4571 3704 4596 ››
3729 4545 3839 4603 Ubi
3857 4557 3958 4618 per

2299 4635 2521 4690 urticas
2553 4634 2984 4706 cogitationum
3013 4636 3374 4708 prurigines,
3407 4651 3516 4709 per
3547 4636 3760 4709 spinas
3789 4633 3954 4690 vitio-

2297 4738 2436 4778 rum
2464 4724 2840 4795 punetiones,
2873 4724 3204 4796 accipimus
3231 4743 3246 4794 ;
3299 4741 3408 4798 per
3437 4725 3750 4799 paliurum
3797 4739 3952 4787 vero,

2299 4827 2437 4884 quas
2469 4813 2646 4884 spina
2674 4817 2762 4869 est
2807 4813 3192 4886 densissima,
3224 4815 3741 4888 nequissimorum
3765 4813 3953 4871 tuitio-

2299 4915 2440 4956 nem
2463 4901 2874 4972 intelligimus.
2905 4904 3389 4961 Circumdabunt
3415 4921 3544 4962 eam
3593 4907 3812 4963 salices
3841 4911 3954 4960 tor-

2299 4991 2505 5046 rentis.
2534 5021 2602 5030 —
2661 4995 2726 5047 ln
2780 5008 2953 5049 sacro
2999 4993 3239 5067 eloquio
3297 4994 3550 5051 salicum
3595 5011 3826 5052 nomen
3853 4992 3948 5050 ali-

2299 5078 2548 5152 quando
2579 5096 2690 5152 pro
2715 5081 3004 5138 viriditate
3050 5082 3198 5138 boni
3248 5084 3511 5157 ponitur,
3549 5089 3614 5142 ut
3641 5083 3794 5142 illud
3823 5097 3950 5156 pro-

2297 5168 2525 5240 phetae:
2551 5191 2578 5220 «
2609 5169 3042 5227 Germinabunt
3065 5171 3126 5227 in
3149 5171 3350 5229 herbis
3381 5173 3534 5230 sicut
3561 5173 3775 5230 salices
3788 5173 3952 5245 juxta

2297 5257 2550 5316 ﬂuentes
2600 5275 2793 5333 aquas
2849 5262 3049 5332 (Joan.
3098 5279 3252 5330 μιν,
3281 5263 3410 5336 4).’›
3469 5263 3818 5337 Aliquando
3849 5275 3952 5336 pro

2297 5347 2596 5405 sterilitate
2625 5348 2864 5421 reprobi
2891 5350 3303 5421 designantur,
3321 5356 3388 5408 ut
3405 5352 3556 5408 illud
3591 5369 3605 5407 :
3629 5374 3656 5402 α
3686 5356 3754 5408 In
3771 5347 3955 5407 salici-

2295 5436 2412 5493 bus
2441 5437 2504 5493 in
2533 5437 2732 5494 medio
2759 5439 2910 5510 ejus,
2947 5463 2974 5490 ››
3028 5447 3085 5497 et
3128 5441 3360 5514 reliqua
3407 5443 3595 5515 (Psal.
3628 5457 3851 5512 cxxxvr,
3879 5439 3950 5510 2).

2297 5527 2549 5584 Terrena
2577 5527 2782 5600 utique
2824 5529 3094 5588 mortalis
3121 5531 3250 5589 vitae
3287 5547 3534 5588 cursum
3564 5530 3866 5602 designat,
3891 5529 3956 5584 ut
