4120 6156
227 113 334 171 489

967 147 971 150 ι
1030 116 1323 173 EPITOME
1350 109 1718 173 MOBALIUM
1745 114 1801 168 S.
1835 106 2038 167 GREG.
2070 107 2135 164 IN
2167 107 2314 166 JOB.
2341 141 2408 153 —-
2443 112 2571 170 LIB.
2603 114 2844 171 XXXIII.

3547 118 3659 174 490

226 237 401 294 illud.
431 259 460 288 «
483 240 565 294 De
609 240 865 294 torrente
912 237 972 293 in
1018 238 1116 294 via
1162 239 1328 296 bibet
1377 241 1565 308 (Psal.
1609 255 1718 306 cur,
1751 237 1826 309 7).
1858 258 1885 285 »
1931 242 1974 295 A
2005 249 2133 288 rem
2161 233 2436 303 duceret;
2467 234 2550 291 ibi
2569 236 2866 308 divinitas,
2893 237 3400 311 quasperforaret.
3431 241 3496 298 In
3520 258 3661 303 ocu-

229 327 713 383 Circumdabunt
737 342 870 382 eum
898 329 1108 384 salices
1132 330 1432 384 torrentis.
1454 329 1565 395 Qui
1594 332 1894 384 amatores

227 416 369 471 vitae
427 415 716 482 mortalis,
777 431 814 470 a
867 414 1044 474 bonis
1097 417 1328 472 actibus
1380 418 1554 491 quasi
1605 414 1897 472 fructibus

231 503 435 570 alieni,
463 507 630 559 tanto
651 503 899 576 antiquo
928 504 1085 560 hosti
1102 505 1318 560 arctius
1339 504 1648 576 inhzerent,
1671 507 1899 577 quanto

233 608 341 648 eos
368 592 593 664 largius
618 593 928 650 delectatio
968 595 1321 651 transitoriae
1352 595 1675 668 voluptatis
1701 593 1900 650 infun-

234 682 343 738 dit.
377 683 498 738 Hos
537 682 717 739 etiam
770 683 944 755 quasi
997 683 1058 739 in
1088 684 1392 740 radicibus
1447 689 1679 741 torrens
1726 683 1899 754 rigat,

235 772 388 827 dum
416 771 475 826 in
507 772 631 827 suis
663 772 1124 841 cogitationibus
1155 791 1327 830 amor
1343 774 1477 830 vitae
1499 773 1755 830 carnalis
1781 773 1904 827 ine-

235 861 413 917 briat.
445 861 672 917 Habent
697 861 1025 918 honestatis
1066 863 1369 919 interdum
1394 863 1579 920 verba
1612 862 1787 936 quasi
1816 861 1904 917 fo-

238 951 340 1020 lia,
376 951 480 1007 sed
519 951 753 1006 nullum
805 951 938 1007 vitm
987 953 1227 1026 pondus
1280 969 1353 1009 ex
1399 953 1576 1009 bonis
1620 951 1905 1026 operibus

238 1040 588 1096 ostendunt.
624 1041 901 1112 Sequitur
933 1058 945 1096 :

227 1237 231 1242 .
311 1184 482 1239 Vens.
515 1186 598 1239 l8.
628 1183 976 1240 Absorbebit
1007 1186 1260 1254 ﬂuvium
1290 1193 1346 1244 et
1394 1203 1514 1243 non
1562 1185 1904 1255 mirabitur,

240 1277 295 1328 et
328 1271 504 1328 habet
527 1273 814 1343 ﬁduciam
839 1274 999 1344 quod
1023 1275 1242 1344 inﬂuat
1271 1276 1557 1332 Jordanis
1586 1277 1652 1331 in
1675 1291 1736 1330 os
1753 1276 1904 1346 eius.

240 1392 311 1401 ——
331 1361 485 1422 Quid
509 1361 624 1417 hoc
652 1361 784 1419 loco
810 1362 975 1418 ﬂuvii
998 1364 1264 1434 nomine,
1296 1364 1410 1420 nisi
1441 1364 1692 1420 humani
1732 1379 1908 1434 gene-

241 1449 324 1506 ris
350 1449 624 1506 decursio
655 1451 1035 1521 designatur?
1061 1455 1201 1518 Quae
1232 1452 1392 1509 velut
1420 1470 1457 1509 a
1478 1453 1570 1509 sui
1597 1453 1778 1509 fontis
1797 1451 1913 1508 ori-

243 1538 384 1609 gine
414 1539 724 1595 nascendo
753 1539 961 1611 surgit,
1012 1541 1117 1596 sed
1145 1541 1322 1614 quasi
1351 1541 1428 1598 ad
1472 1541 1596 1598 ima
1637 1541 1910 1597 deﬂuens

240 1627 562 1685 moriendo
592 1629 930 1702 pertransit.
959 1631 1113 1696 Quid
1141 1636 1344 1688 autem
1385 1631 1652 1702 signatur
1695 1629 1914 1703 apella-

243 1717 407 1774 tione
451 1717 748 1788 Iordanis,
788 1718 903 1774 nisi
949 1719 1056 1792 qui
1092 1720 1223 1790 jam
1275 1720 1490 1777 imbuti
1535 1723 1675 1776 sunt
1716 1735 1916 1776 sacra-

243 1811 456 1863 mento
484 1805 865 1879 baptismatis
885 1807 912 1862 ?
943 1807 1093 1873 Quia
1123 1807 1283 1864 enim
1311 1809 1671 1881 Redemptor
1709 1811 1912 1864 noster

241 1894 308 1950 in
338 1895 455 1950 hoc
480 1894 728 1950 ﬂumine
751 1895 1041 1967 baptizari
1068 1895 1350 1967 dignatus
1375 1901 1481 1965 est,
1512 1897 1643 1968 ejus
1667 1895 1913 1952 nomine

244 1981 472 2039 debent
500 1983 781 2056 baptizati
811 1999 1025 2039 omnes
1071 1984 1344 2057 exprimi,
1392 2000 1514 2058 quo
1542 1985 1657 2040 hoc
1709 1984 1912 2056 ipsum

247 2072 495 2144 contigit
525 2079 968 2130 sacramentum
993 2073 1373 2145 baptismatis
1418 2074 1722 2129 inchoare.
1755 2079 1836 2129 Ac
1865 2073 1916 2129 si

248 2178 397 2232 ergo
426 2162 646 2219 diceret
678 2181 690 2219 :
726 2165 874 2220 Ante
903 2163 1362 2236 Redemptorem
1385 2163 1596 2219 mundi
1617 2163 1916 2219 mundum

249 2267 379 2308 non
406 2251 653 2308 miratus
683 2251 1015 2324 absorbuit,
1043 2252 1170 2324 sed,
1195 2252 1362 2325 quod
1383 2256 1471 2308 est
1495 2251 1711 2317 acrius,
1735 2251 1916 2307 etiam

253 2347 393 2414 post
420 2341 829 2415 Redemptoris
853 2341 1178 2398 adventum
1207 2341 1513 2414 quosdam
1561 2341 1667 2414 qui
1694 2339 1920 2413 baptis-

253 2429 434 2486 matis
463 2434 842 2486 sacramento
873 2429 1094 2502 signati
1121 2434 1263 2485 sunt
1307 2428 1600 2500 deglutire
1648 2445 1710 2484 se
1739 2444 1918 2502 posse

253 2519 506 2576 conﬁdit
537 2537 550 2574 :
583 2519 731 2576 alios
771 2519 932 2575 enim
961 2519 1101 2575 ﬁdei
1129 2535 1327 2575 errore
1359 2518 1731 2592 supplantat,
1773 2516 1922 2574 alios
1953 2562 1972 2578 κ

255 2625 375 2665 usu
400 2625 604 2682 pravae
634 2609 996 2682 operationis
1025 2608 1289 2665 inclinat.
1338 2612 1418 2665 De
1448 2608 1665 2664 talibus
1694 2607 1922 2664 dictum

255 2703 381 2755 est:
418 2721 446 2747 ‹‹
481 2698 847 2755 Conﬁtentur
893 2714 1074 2754 nosse
1103 2699 1314 2770 Deum,
1353 2698 1524 2754 factis
1571 2701 1773 2754 autem
1815 2712 1920 2752 ne-

256 2792 407 2858 gant
437 2788 574 2858 (Tit.
603 2804 642 2856 1,
671 2789 782 2859 '26).
823 2811 850 2837 »
883 2791 988 2843 Et:
1023 2810 1051 2836 «
1077 2787 1188 2853 Qui
1216 2787 1358 2844 dicit
1389 2803 1450 2843 se
1481 2802 1659 2843 nosse
1708 2789 1917 2853 Deum,

255 2882 317 2933 et
341 2875 630 2932 mandata
655 2876 786 2947 ejus
816 2892 940 2932 non
965 2875 1244 2942 custodit,
1271 2874 1534 2932 mendax
1564 2879 1650 2930 est
1673 2874 1729 2946 (Ι
1741 2875 1918 2930 Joan.

258 2983 319 3034 ιι,
380 2966 454 3036 4).
488 2987 516 3014 ››
573 2964 750 3021 Aliter
795 2983 808 3020 :

259 3054 537 3128 exprimi,
568 3057 822 3128 possunt
857 3070 965 3128 per
993 3053 1242 3109 ﬂuvium
1299 3052 1603 3123 designari
1633 3070 1646 3120 ;
1697 3051 1923 3124 quique

260 3143 426 3199 enim
481 3142 598 3197 ﬁde
635 3143 765 3214 jam
810 3141 1067 3198 veritatis
1122 3145 1519 3213 agnoverunt,
1573 3139 1679 3196 sed
1727 3139 1924 3196 vivere

262 3231 517 3288 ﬁdeliter
535 3231 864 3303 negligunt,
897 3235 1052 3287 recte
1081 3230 1301 3286 ﬂuvius
1329 3229 1447 3286 dici
1476 3232 1748 3302 possunt,
1781 3228 1925 3302 quia

261 3320 538 3377 videlicet
565 3319 848 3376 deorsum
880 3319 1092 3375 ﬂuunt.
1123 3318 1398 3375 Jordanis
1446 3334 1588 3374 vero
1635 3317 1926 3374 Hebraico

262 3408 566 3466 vocabulo
600 3410 896 3466 descensio
943 3424 1146 3465 eorum
1191 3407 1425 3464 dicitur.
1474 3410 1540 3464 Et
1583 3412 1722 3464 sunt
1771 3422 1925 3463 non-

263 3498 416 3555 nulli
436 3497 540 3562 qui
569 3497 696 3554 vias
725 3497 981 3554 veritatis
1019 3502 1366 3570 appetentes
1411 3497 1768 3570 semetipsos
1817 3499 1926 3553 ab-

259 3586 497 3659 jiciunt,
531 3590 709 3660 atque
747 3601 784 3642 a
827 3587 958 3642 vitae
1006 3586 1218 3642 veteris
1267 3577 1520 3642 elatione
1567 3584 1924 3652 discedunt;

265 3692 531 3748 cumque
561 3680 784 3732 aeterna
812 3675 1081 3748 cupiunt,
1110 3674 1280 3731 valde
1311 3691 1373 3730 se
1416 3674 1495 3731 ab
1530 3674 1648 3731 hoc
1697 3673 1928 3730 mundo

266 3765 500 3823 alienos
531 3764 809 3822 reddunt.
843 3765 987 3821 Hinc
1017 3763 1230 3821 dicitur
1259 3781 1273 3820 :
1309 3786 1337 3815 ι(
1373 3764 1483 3830 Qui
1521 3763 1651 3820 vult
1678 3769 1814 3837 post
1832 3779 1930 3820 me

266 3855 470 3912 venire
493 3855 753 3925 abneget
777 3854 1166 3927 semetipsum
1199 3854 1434 3926 (Matth.
1465 3870 1583 3921 xvr,
1610 3857 1722 3925 24).
1756 3877 1785 3904 ››
1820 3853 1935 3910 Sed

266 3945 554 4016 antiquus
578 3943 766 4000 hostis
791 3944 906 3999 hoc
927 3958 1037 4017 pro
1062 3957 1288 4013 magno
1314 3957 1439 3998 non
1456 3941 1803 4010 habet,cum
1821 3940 1938 3997 sub

263 4035 404 4108 jure
435 4050 557 4089 sua:
607 4032 942 4106 tyrannidis
969 4036 1204 4088 terrena
1226 4035 1562 4104 quaerentes
1591 4035 1766 4087 tenet.
1794 4031 1936 4087 Pro-

269 4124 460 4198 pheta
486 4123 710 4196 quippe
742 4126 989 4179 testante
1021 4121 1416 4191 cognovimus
1447 4119 1592 4193 quia
1620 4136 1764 4177 εει-κ
1810 4123 1937 4191 ejus

269 4215 497 4271 electae.
528 4214 883 4284 Magnopere
909 4210 1070 4267 enim
1100 4209 1230 4266 illos
1258 4225 1470 4282 rapere
1509 4209 1732 4278 nititur,
1782 4225 1939 4283 quos

271 4303 592 4375 despectos
620 4301 867 4358 terrenis
919 4299 1152 4370 studiis,
1197 4299 1373 4371 jungi
1415 4299 1545 4371 jam
1599 4298 1938 4356 ccelestibus
1980 4300 2020 4354 ι)

270 4389 739 4464 contemplatur.
773 4389 920 4445 Hinc
949 4404 1056 4462 per
1084 4387 1445 4462 prophetam
1469 4387 1683 4444 dicitur
1715 4405 1730 4445 :
1772 4411 1801 4439 «
1825 4388 1940 4445 Vo-

274 4481 436 4538 cavit
461 4480 749 4536 Dominus
791 4478 1087 4550 judicium
1143 4477 1221 4534 ad
1272 4476 1497 4549 ignem,
1542 4481 1600 4534 et
1635 4477 1944 4534 devoravit

277 4571 577 4642 abyssum
605 4563 885 4636 multum,
905 4571 963 4624 et
989 4566 1250 4623 comedit
1271 4569 1505 4639 partem
1525 4565 1744 4623 domus
1760 4567 1942 4638 (Dan.

279 4677 387 4727 vn,
421 4659 496 4731 4).
533 4680 558 4708 ιι
594 4657 872 4731 Sequitur
904 4674 917 4712 :

357 4786 642 4840 Vens.19.
675 4784 749 4839 In
779 4783 966 4839 oculis
997 4783 1126 4852 ejus
1156 4781 1331 4852 quasi
1364 4780 1535 4837 hamo
1575 4781 1769 4851 capiet
1795 4795 1948 4838 eum.

283 4904 357 4914 —-
389 4872 529 4938 Quis
556 4872 783 4928 nesciat
806 4869 974 4944 quod
993 4869 1056 4926 in
1075 4870 1261 4926 hamo
1282 4884 1420 4925 esca
1439 4869 1794 4941 ostenditur,
1815 4884 1954 4926 acu-

283 4963 421 5020 leus
449 4960 778 5018 occultatur
797 4961 824 5016 ‘I
855 4961 1004 5016 Esca
1031 4957 1193 5014 enim
1235 4961 1544 5030 provocat,
1596 4961 1663 5013 ut
1712 4958 1958 5014 aculeus

286 5053 546 5126 pungat.
573 5047 864 5104 Dominus
892 5045 1095 5120 itaque
1125 5049 1326 5102 noster
1354 5044 1433 5100 ad
1452 5045 1706 5101 humani
1726 5044 1959 5116 generis

287 5138 771 5212 redemptionem
799 5137 1064 5204 veniens,
1097 5135 1260 5191 velut
1285 5133 1620 5208 quemdam
1663 5133 1740 5190 de
1789 5150 1852 5190 se
1899 5133 1963 5190 in

290 5245 508 5288 necem
537 5227 763 5285 diaboli
791 5227 1044 5284 hamum
1073 5224 1228 5281 fecit.
1263 5223 1605 5297 Assumpsit
1627 5223 1790 5280 enim
1832 5238 1962 5280 cor-

289 5334 434 5394 pus,
467 5320 618 5374 utin
657 5333 728 5374 eo
776 5315 1101 5374 Behemoth
1145 5315 1254 5371 iste
1301 5313 1482 5388 quasi
1533 5327 1737 5369 escam
1790 5327 1966 5368 suam

292 5413 554 5465 mortem
580 5408 778 5464 carnis
789 5409 1124 5480 appeteret;
1143 5419 1332 5476 quam
1349 5406 1607 5460 mortem
1617 5401 1767 5457 dum
1783 5401 1845 5457 in
1871 5400 1970 5457 illo

295 5497 516 5569 injuste
529 5496 774 5570 appetit,
790 5510 904 5552 nos
923 5509 1078 5568 quos
1088 5492 1264 5564 quasi
1280 5491 1438 5563 juste
1465 5489 1726 5554 tenebat,
1750 5488 1946 5544 amisit
1960 5548 1973 5563 ,

251 5627 260 5634 .
300 5585 392 5643 Ibi
418 5585 646 5659 quippe
671 5585 865 5641 inerat
886 5581 1256 5651 humanitas,
1284 5595 1423 5654 quae
1453 5579 1534 5637 ad
1564 5594 1629 5636 se
1657 5576 1971 5635 devorato-

712 5675 958 5729 Puaon
1006 5669 1274 5728 CXXXIII.

882 2965 1041 3028 Quos
1107 2980 1216 3038 per
1282 2963 1606 3020 Iordanem
1663 2962 1921 3018 dicimus
1963 2947 2004 3004 (ἶ

2005 321 2076 377 lis
2104 321 2330 395 quippe
2360 323 2582 380 habere
2612 325 2887 395 dicimus,
2914 327 3078 399 quod
3106 343 3309 384 coram
3339 329 3514 388 nobis
3551 348 3661 406 po-

2009 411 2187 466 situm
2218 412 2512 469 videmus.
2545 414 2840 486 Antiquus
2869 431 3010 471 vero
3035 416 3220 473 hostis
3267 418 3516 476 humani
3561 436 3662 491 ge-

2007 501 2165 556 neris
2190 500 2631 575 redemptorem
2658 507 2796 560 ante
2851 519 2913 559 se
2966 505 3232 576 positum
3268 507 3432 580 vidit,
3479 525 3664 583 quem

2010 590 2436 660 cognoscendo
2490 591 2823 659 confessus,
2854 592 3196 650 conﬁtendo
3237 598 3540 668 pertimuit
3583 598 3668 655 di-

2012 695 2153 734 cens
2185 696 2199 734 :
2250 699 2281 733 ‹
2314 680 2468 746 Quid
2497 680 2672 737 nobis
2704 686 2761 738 et
2790 681 2916 751 tibi,
2951 682 3052 738 Fili
3079 681 3233 739 Dei?
3277 687 3493 744 Venisti
3530 692 3667 745 ante

2013 771 2248 840 tempus
2292 774 2570 842 torquere
2617 772 2771 827 nos?
2798 795 2827 821 ››
2888 772 3122 842 (Matth.
3159 789 3290 845 vui,
3319 778 3436 843 29.)
3487 793 3668 848 quem

2012 861 2068 913 et
2093 857 2261 914 novit
2288 863 2347 914 et
2375 859 2718 915 momordit.
2747 860 3055 933 Sequitur:
3087 863 3166 916 Et
3190 863 3252 917 in
3276 864 3520 921 sudibus
3539 881 3672 935 per-

2011 946 2239 1017 forabit
2260 963 2438 1005 nares
2468 951 2616 1019 ejus.
2648 981 2717 991 —
2747 950 2900 1015 Quid
2931 949 3091 1006 aliud
3118 951 3323 1020 sudes,
3352 952 3417 1008 id
3445 959 3534 1010 est
3560 969 3670 1027 pa-

2011 1035 2103 1092 los
2133 1036 2485 1109 acsipimus,
2511 1038 2617 1111 qui
2644 1038 2917 1096 videlicet
2957 1045 3330 1097 exacuuntur
3379 1047 3442 1098 ut
3484 1044 3675 1114 ﬁgan-

2014 1129 2129 1190 tur,
2177 1125 2292 1181 nisi
2339 1131 2516 1183 acuta
2555 1132 2900 1184 sanctorum
2957 1127 3253 1185 consilia?
3302 1133 3444 1197 Quae
3493 1132 3675 1204 hujus

2016 1214 2343 1270 Behemoth
2368 1230 2544 1271 nares
2566 1215 2890 1289 perforant,
2919 1215 3064 1272 dum
3099 1219 3523 1288 sagacissimas
3545 1222 3675 1293 ejus

2015 1297 2263 1357 insidias
2292 1307 2348 1358 et
2377 1302 2682 1373 vigilando
2713 1304 3219 1378 circumspiciunt,
3249 1311 3308 1363 et
3331 1309 3676 1380 superando

2017 1389 2399 1460 transﬁgunt.
2430 1395 2537 1449 Per
2564 1409 2740 1450 nares
2769 1393 2921 1450 odor
2949 1395 3216 1452 trahitur.
3258 1397 3510 1455 Naribus
3533 1414 3676 1470 ergo

2021 1479 2344 1536 Behemoth
2373 1481 2603 1538 callidae
2649 1483 2781 1554 ejus
2828 1483 3061 1540 insidias
3108 1484 3521 1556 designantur,
3570 1503 3680 1560 per

1945 1591 1992 1647 Β
2017 1583 2172 1640 quas
2202 1570 2589 1640 sagacissime
2618 1571 2840 1636 nititur,
2871 1578 2927 1630 et
2967 1573 3202 1632 occulta
3249 1575 3448 1632 cordis
3493 1577 3682 1634 nostri

2018 1657 2183 1715 bona
2210 1674 2596 1730 cognoscere,
2627 1665 2685 1717 et
2709 1661 2840 1718 haec
2864 1663 3132 1736 pessima
3151 1665 3539 1737 persuasione
3567 1667 3684 1722 dis-

2023 1746 2240 1820 sipare.
2269 1749 2334 1804 In
2364 1748 2618 1806 sudibus
2646 1750 2850 1824 itaque
2881 1752 3169 1808 Dominus
3197 1769 3374 1810 nares
3401 1755 3531 1827 ejus
3554 1771 3686 1829 per-

2021 1836 2194 1905 forat,
2225 1837 2370 1910 quia
2398 1839 2646 1896 callidas
2675 1841 2806 1912 ejus
2836 1841 3082 1898 insidias
3107 1843 3297 1899 acutis
3336 1849 3684 1902 sanctorum

2023 1925 2298 1982 sensibus
2314 1932 2634 2000 penetrans
2654 1935 2917 1986 enervat.
2933 1933 3186 1988 Possunt
3205 1947 3311 2004 per
3339 1932 3521 1990 sudes
3545 1951 3686 1992 acu-

2023 2019 2136 2085 tas,
2167 2032 2275 2088 per
2303 2017 2492 2090 ipsius
2524 2034 2766 2074 carnem
2798 2020 3130 2077 manifestae
3162 2023 3465 2095 sapientiae
3499 2024 3689 2081 verba

2026 2103 2271 2174 signari.
2306 2108 2372 2162 Et
2398 2107 2543 2179 quia
2570 2101 2818 2163 naribus
2849 2109 2999 2165 odor
3028 2110 3300 2181 trahitur,
3353 2127 3462 2185 per
3509 2114 3686 2169 Behe-

2025 2195 2194 2250 moth
2223 2211 2400 2251 nares
2431 2195 2532 2252 illa
2561 2196 2790 2269 antiqui
2807 2197 2994 2254 hostis
3016 2199 3344 2272 exploratio
3360 2201 3680 2272 ﬁguratur;

2026 2283 2131 2354 qui
2174 2299 2314 2339 cum
2349 2285 2536 2341 Deum
2589 2285 2969 2343 incarnatum
2999 2303 3128 2343 esse
3158 2288 3474 2362 dubitaret,
3524 2291 3687 2346 hunc

2028 2371 2332 2427 miraculis
2375 2372 2564 2429 voluit
2613 2389 2994 2444 cognoscere,
3046 2375 3292 2433 dicens:
3349 2400 3378 2427 «
3407 2378 3465 2434 Si
3512 2378 3687 2435 Filius

2030 2459 2130 2515 Dei
2149 2474 2233 2530 es,
2268 2482 2297 2510 ››
2322 2464 2379 2516 et
2402 2460 2633 2535 reliqua
2655 2462 2896 2532 (Matth.
2929 2478 3010 2525 1v.
3043 2463 3117 2535 3).
3153 2465 3266 2521 Sed
3295 2465 3443 2522 dum
3469 2466 3522 2521 ei
3551 2482 3687 2539 pro-

2026 2549 2186 2604 tinus
2214 2549 2650 2622 respondetur:
2676 2570 2706 2605 ‹
2720 2554 2846 2608 Non
2863 2551 2924 2607 in
2941 2551 3068 2608 solo
3089 2569 3248 2625 pane
3270 2554 3413 2611 vivit
3431 2556 3635 2623 homo,
3659 2579 3688 2608 ››

2027 2643 2085 2694 et
2106 2638 2336 2712 reliqua
2362 2640 2560 2710 (1bid.,
2587 2642 2645 2707 4)
2671 2658 2684 2708 ;
2717 2645 2775 2697 et
2801 2657 2816 2696 :
2851 2663 2879 2690 «
2911 2645 3039 2697 Non
3061 2643 3318 2699 tentabis
3366 2645 3689 2701 Dominum

2031 2731 2218 2784 Deum
2241 2732 2412 2784 tuum
2443 2729 2640 2800 (Ibid.,
2669 2734 2746 2798 7),
2781 2752 2810 2779 »
2849 2730 3027 2803 quasi
3072 2733 3499 2790 sententiarum
3548 2751 3688 2791 sua-

2029 2833 2165 2872 rum
2191 2817 2574 2873 acuminibus
2600 2817 3051 2888 indagationem
3075 2821 3303 2893 antiqui
3333 2822 3522 2878 hostis
3541 2823 3690 2880 veri-

2031 2911 2122 2962 tas
2150 2905 2419 2978 perculit,
2450 2907 2626 2979 quasi
2673 2922 2848 2963 nares
2873 2907 3002 2979 ejus
3047 2909 3300 2966 sudibus
3346 2911 3687 2984 perforavit.

2034 2995 2313 3068 Sequitur
2343 3011 2356 3049 :

2102 3086 2274 3141 Vens.
2306 3084 2397 3139 20.
2419 3083 2517 3140 An
2539 3085 2860 3142 extrahere
2876 3088 3101 3156 poteris
3117 3087 3449 3145 Leviathan
3470 3090 3646 3146 hamo
3663 3092 3692 3144 ἱ)

2031 3205 2101 3214 -
2133 3172 2451 3241 Subaudis,
2476 3177 2540 3229 ut
2565 3189 2698 3244 ego.
2726 3176 3046 3232 Leviathan
3061 3175 3288 3250 quippe
3313 3179 3688 3237 additamen-

2033 3269 2158 3318 tum
2209 3277 2410 3319 eorum
2459 3262 2691 3319 dicitur.
2749 3264 3065 3321 Hominum
3121 3265 3412 3334 videlicet,
3469 3267 3691 3340 quibus

2034 3351 2218 3408 semel
2287 3350 2528 3424 culpam
2583 3353 3090 3426 praevaricationis
3149 3354 3364 3423 intulit,
3423 3359 3481 3412 et
3533 3357 3691 3414 hanc

2034 3454 2227 3512 usque
2255 3438 2332 3495 ad
2365 3443 2650 3496 aeternam
2680 3446 2937 3498 mortem
2965 3441 3232 3514 quotidie
3252 3443 3527 3516 pessimis
3557 3461 3693 3516 sug-

2034 3527 2404 3599 gestionibus
2433 3529 2713 3587 extendit.
2741 3533 2935 3588 Potest
2956 3547 3201 3605 quoque
3224 3548 3333 3605 per
3354 3532 3692 3590 irrisionrm

2039 3617 2356 3675 Leviathan
2383 3617 2608 3674 vocari.
2648 3619 2843 3676 Primo
2893 3620 3121 3693 quippe
3167 3621 3399 3678 homini
3447 3637 3693 3696 persua-

2037 3706 2204 3762 sione
2231 3705 2451 3762 callida
2476 3704 2845 3763 divinitatem
2877 3724 2939 3764 se
2986 3709 3333 3767 additurum
3371 3711 3694 3783 perhibuit,

2040 3795 2147 3851 sed
2172 3795 2679 3852 immortalitatem
2701 3796 2850 3852 tulit.
2872 3797 2987 3853 Sed
3023 3798 3344 3856 Leviathan
3373 3801 3483 3857 iste
3509 3801 3694 3857 hamo

2041 3890 2253 3958 captus
2281 3889 2388 3946 est.
2422 3885 2567 3957 quia
2607 3885 2672 3941 in
2715 3885 3108 3958 Redemptore
3146 3893 3351 3945 nostro
3394 3890 3544 3946 dum
3591 3906 3699 3963 per

2045 3973 2323 4030 satellites
2354 3987 2497 4028 suos
2513 3988 2718 4030 eseam
2757 3974 3025 4046 corporis
3065 3976 3410 4049 momordit,
3430 3977 3700 4034 divinita-

2045 4062 2118 4119 tis
2138 4061 2306 4117 illum
2328 4060 2572 4117 aculeus
2594 4061 2936 4135 perforavit.
2962 4063 3146 4135 Hujus
3160 4063 3325 4120 hami
3341 4063 3518 4133 linea,
3545 4065 3703 4122 Chri-

2049 4151 2121 4207 sti
2141 4154 2230 4206 est
2248 4148 2619 4221 genealogia.
2644 4153 2791 4208 Nam
2812 4167 2950 4207 cum
2972 4151 3213 4208 dicitur:
3241 4175 3268 4233 (ς
3282 4152 3587 4210 Abraham
3609 4169 3705 4224 ge-

2049 4241 2180 4298 nuit
2197 4244 2387 4308 lsaac,
2409 4242 2577 4298 Isaac
2596 4240 2802 4312 genuit
2822 4240 3010 4297 Jacob
3037 4242 3275 4311 (Matth.
3305 4258 3345 4312 ι,
3363 4243 3438 4315 2),
3464 4265 3492 4292 »
3515 4259 3706 4316 usque

2055 4329 2134 4386 ad
2153 4328 2393 4386 Mariam
2413 4328 2729 4399 virginem,
2761 4330 2935 4402 quasi
2971 4329 3256 4403 quaedam
3293 4330 3450 4388 linea
3475 4335 3710 4405 torque-

2054 4423 2170 4489 tur,
2191 4419 2254 4475 in
2284 4419 2456 4487 cujus
2493 4423 2759 4476 extremo
2806 4420 3150 4477 ineat-natur
3195 4421 3503 4490 Dominus,
3533 4421 3596 4477 id
3624 4425 3713 4478 est

2056 4510 2276 4567 hamus
2302 4507 2607 4579 ligaretur,
2637 4524 2822 4582 quem
2848 4509 2911 4565 in
2940 4509 3032 4564 his
3062 4509 3238 4583 aquis
3267 4511 3519 4567 humani
3541 4525 3716 4581 gene-

2057 4600 2140 4656 ris
2161 4597 2602 4672 dependentem
2632 4602 2840 4670 aperto
2887 4613 2988 4653 ore
3034 4598 3142 4654 iste
3185 4605 3350 4655 cetus
3390 4603 3714 4672 appeteret.

2065 4687 2341 4760 Sequitur
2366 4703 2379 4742 :
2403 4687 2482 4741 Et
2497 4687 2648 4756 fune
2671 4687 2798 4757 liga
2838 4687 2885 4741 is
2905 4687 3174 4757 linguam
3192 4689 3318 4758 ejus
3337 4689 3366 4745 ?
3393 4688 3719 4760 Subaudis,

2065 4781 2131 4834 ut
2141 4791 2272 4846 ego.
2290 4774 2593 4847 Scriptura
2603 4774 2766 4830 enim
2786 4790 2956 4831 sacra
2968 4775 3126 4830 funis
3138 4776 3382 4833 nomine
3394 4777 3724 4851 aliquando

2066 4863 2506 4922 dimensionem
2528 4862 2703 4919 sortis
2728 4863 3024 4934 designat,
3064 4869 3132 4922 ut
3153 4865 3300 4922 illud
3324 4883 3337 4921 :
3373 4889 3403 4916 ‹‹
3424 4869 3616 4925 Funes
3637 4885 3730 4926 ce-

2069 4953 2342 5011 ciderunt
2366 4952 2512 5008 mihi
2531 4952 2592 5008 in
2611 4952 2931 5025 praeclaris,
2958 4975 2986 5004 »
3017 4959 3075 5011 et
3119 4955 3350 5029 reliqua
3388 4957 3577 5029 (Psal.
3627 4975 3730 5028 xv,

2073 5045 2148 5115 6).
2183 5041 2524 5114 Aliquando
2549 5047 2814 5115 peccata,
2848 5047 2915 5099 ut
2940 5043 3088 5100 illud
3103 5046 3441 5118 prophetae:
3461 5068 3489 5095 ‹‹
3516 5049 3610 5101 Vae
3629 5045 3736 5116 qui

2076 5131 2306 5189 trahitis
2362 5130 2702 5204 iniquitates
2736 5131 2797 5188 in
2845 5132 3124 5190 funiculis
3175 5135 3456 5190 vanitatis
3503 5135 3645 5200 (Isa.
3677 5149 3735 5202 v,

2082 5221 2190 5290 18).
2221 5241 2252 5269 ››
2282 5218 2620 5292 Aliquando
2650 5229 2852 5277 autem
2871 5221 3055 5278 ﬁdem
3075 5221 3392 5290 designare
3409 5219 3739 5275 consuevit.

2083 5309 2406 5368 Salomone
2433 5313 2770 5381 attestante,
2812 5311 2918 5383 qui
2948 5311 3064 5367 ait:
3117 5332 3144 5359 ‹‹
3177 5307 3499 5364 Funiculus
3533 5308 3745 5382 triplex

2085 5397 2324 5455 diﬁcile
2351 5399 2650 5472 rumpitur
2673 5399 2896 5471 (Eccle.
2923 5415 3000 5467 IV,
3033 5401 3140 5465 I2).
3167 5419 3196 5447 »
3225 5399 3343 5453 Hoc
3371 5397 3572 5471 itaque
3612 5398 3747 5456 loco

2085 5487 2246 5546 funis
2303 5489 2566 5559 nomine,
2639 5487 2762 5544 sive
2812 5491 3147 5560 peccatum,
3217 5485 3342 5543 sive
3407 5488 3591 5544 ﬁdem
3666 5488 3751 5544 nil

2091 5576 2293 5636 obstat
2318 5576 2584 5649 intelligi.
2614 5578 2966 5634 lncarnatus
2993 5589 3138 5632 vero
3169 5575 3459 5633 Dominus
3485 5577 3625 5633 fune
3644 5575 3756 5633 lin-

3297 5668 3362 5720 16
