4112 6152
499 77 600 136 491

1508 103 1512 110 -
1611 71 1669 130 S.
1711 65 1970 128 ODONIS
2005 65 2301 128 ABBATIS
2343 66 2811 128 LUNIACENSIS
2849 69 2894 122 ll

3819 70 3916 130 692

499 216 686 272 guam
711 197 1014 255 leviathan
1040 167 1262 265 ligavit,
1292 193 1439 266 quia
1471 215 1500 244 α
1525 193 1588 250 in
1617 191 2007 252 similitudine
2033 206 2158 248 car-
2187 193 2236 246 Α
2265 205 2509 257 servum
2540 191 3006 261 sempiternum?
3034 222 3104 231 —
3137 190 3460 262 Subaudis,
3489 194 3554 248 ut
3598 205 3730 261 ego.
3781 189 3917 250 Anti-

497 290 592 348 nis
617 287 846 362 peccati
870 286 1061 358 (Rom.
1091 300 1220 354 vui,
1254 284 1331 356 3),
1367 305 1396 336 »
1427 283 1728 357 apparuit,
1755 285 1814 338 et
1842 279 2051 338 omnia
2075 295 2164 338 er-

496 393 701 436 rorum
725 376 859 448 ejus
904 373 1376 448 prmdicamenta
1417 371 1754 438 damnavit,
1806 373 1871 427 ut
1907 372 2160 442 Aposto-

490 468 588 526 lus
610 466 694 528 ait
711 483 726 523 :
743 487 774 518 «
790 467 857 522 Et
874 463 951 522 de
969 467 1216 538 peccato
1237 461 1548 521 damnavit
1567 463 1879 534 peccatum
1902 459 2058 530 (Ibid
2063 458 2158 528 .~).»

497 556 662 613 Unde
685 553 840 612 bene
865 567 973 627 per
999 551 1361 626 prophetam
1389 549 1606 608 dicitur
1629 567 1642 606 :
1687 571 1716 599 «
1753 551 1819 606 Et
1867 545 2164 619 desolabit

493 645 784 704 Dominus
825 643 1100 713 linguam
1128 641 1313 698 maris
1344 640 1578 712 Egypti
1607 641 1748 711 (Isa.
1776 653 1866 706 χι,
1901 636 2006 709 l5).
2042 659 2070 687 »
2105 635 2162 692 Si

493 738 700 794 autem
727 733 870 790 fune
916 729 1070 787 ﬁdes
1116 729 1407 799 signatur,
1452 727 1749 796 leviathan
1777 725 1988 796 lingua
2017 723 2159 782 fune

495 819 824 890 stringitur,
857 819 1022 892 quia,
1050 820 1297 874 extensa
1341 815 1481 872 ﬁdei
1519 814 1813 873 Trinitatis
1864 811 2154 882 doctrina,

495 924 766 970 errorum
796 906 1261 980 prmdicamenta
1287 904 1598 962 siluerunt.
1631 903 1777 960 Hinc
1803 902 1965 960 enim
2019 900 2160 958 scri-

494 1001 668 1071 ptum
697 1000 826 1056 est:
882 997 1018 1052 «Tu
1057 993 1331 1066 dirupisti
1375 993 1570 1052 fontes
1603 997 1660 1052 et
1697 995 2008 1059 torrentes,
2041 993 2152 1048 etc.

495 1087 684 1160 (Paul.
709 1089 929 1156 LXXIII),
965 1084 1070 1156 15).
1106 1083 1384 1158 Sequitur
1416 1100 1430 1140 :

566 1179 733 1234 Vsus.
763 1179 852 1233 21.
885 1173 1176 1246 Nunquid
1196 1169 1382 1244 'pones
1441 1173 1736 1229 circulum
1788 1172 1854 1231 in
1903 1169 2156 1226 naribus

493 1266 667 1337 eius?
692 1295 766 1318 -τ-
798 1263 1120 1334 Subaudis,
1150 1266 1218 1320 ut
1241 1279 1378 1334 ego.
1431 1261 1591 1320 Sicut
1638 1277 1746 1334 per
1791 1275 1970 1317 nares
2011 1257 2156 1315 insi-

491 1355 627 1423 ἀίω,
657 1355 742 1414 ita
769 1369 878 1428 per
907 1351 1197 1412 circulum
1228 1351 1449 1408 divinae
1495 1351 1730 1409 virtutis
1783 1347 2158 1420 omnipoten-

489 1445 575 1504 tia
603 1445 974 1515 designatur.
1007 1441 1273 1500 Circulus
1302 1457 1446 1510 ergo
1485 1441 1538 1496 ei
1576 1439 1638 1498 in
1686 1439 1934 1498 naribus
1981 1435 2156 1510 poni-

2271 295 2430 352 quus
2458 280 2660 353 itaque
2692 279 2900 346 hostis,
2942 284 3000 335 et
3046 295 3083 336 a
3133 279 3470 338 sinceritate
3517 280 3731 338 divina;
3775 281 3922 338 inno-

2271 369 2498 437 centiae,
2554 368 2796 424 malitiae
2855 384 3180 424 succensus
3243 367 3393 436 face,
3460 368 3781 437 discordat,
3825 369 3918 427 sed

2271 457 2350 512 ab
2375 457 2505 529 ejus
2531 457 2781 528 judicio,
2813 456 2991 512 etiam
3022 457 3428 514 discordaudo
3459 473 3586 514 non
3613 458 3908 532 discrepat.

2269 548 2422 606 Nam
2453 546 2614 602 viros
2636 546 2830 618 justos
2861 561 3099 618 semper
3128 545 3420 604 malevola
3445 547 3662 604 tentari
3689 549 3912 621 appetit,

2269 635 2376 692 sed
2420 640 2623 692 tamen
2652 635 2767 692 hoc
2819 635 3074 692 Domino
3129 635 3226 690 vel
3273 635 3733 692 misericorditer
3783 637 3917 703 ﬁeri,

2265 724 2362 781 vel
2386 725 2546 797 juste
2593 723 2895 797 permittit.
2925 726 3066 801 Haec
3105 741 3250 794 ergo
3298 725 3433 798 ipsa
3485 727 3820 784 tentationis
3858 727 3920 786 li-

2267 814 2461 872 centia
2487 818 2734 887 pactum
2761 818 3030 884 vocatur,
3062 813 3124 870 in
3151 829 3276 886 qua
3317 820 3374 872 et
3400 814 3766 874 desiderium
3808 820 3920 876 ten-

2266 903 2474 960 tatoris
2505 904 2720 974 agitur,
2771 907 2830 960 et
2860 907 3061 960 tamen
3109 919 3217 977 per
3246 919 3385 960 eam
3424 903 3578 961 miro
3605 904 3787 962 modo
3826 921 3921 964 vo-

2263 991 2465 1047 luntas
2487 992 2630 1064 justi
2660 991 3092 1064 dispensatoris
3115 991 3417 1064 impletur.
3452 997 3517 1048 In
3547 997 3726 1066 pacto
3763 1009 3920 1055 nam-

2173 1108 2191 1118 ~
2263 1097 2381 1154 que
2411 1080 2887 1138 discordantium
2911 1080 3112 1152 jurgia
3155 1081 3274 1137 ﬁne
3299 1081 3640 1138 desiderato
3689 1082 3920 1139 conclu-

2264 1169 2507 1226 duntur.
2541 1173 2608 1226 Et
2635 1170 2788 1226 bene
2814 1185 2888 1226 ex
2917 1171 3032 1226 hoc
3059 1173 3237 1242 pacto
3265 1187 3475 1226 servus
3515 1171 3706 1244 accipi
3733 1172 3919 1244 perhi-

2265 1258 2458 1328 betur,
2490 1259 2634 1333 quia
2661 1259 2801 1315 inde
2832 1259 3208 1332 obtemperat
3231 1259 3477 1316 nutibus
3503 1275 3779 1332 supernae
3799 1277 3922 1331 gra-

2265 1347 2378 1415 tite,
2401 1348 2562 1404 unde
2583 1352 2816 1405 exercet
2841 1348 2998 1404 iram
3019 1348 3408 1422 nequissimae
3435 1349 3758 1405 voluntatis
3779 1367 3916 1408 suae.

2269 1439 2485 1494 Servus
2515 1453 2658 1510 ergo
2695 1454 2768 1494 ex
2821 1441 2998 1510 pacto
3042 1442 3153 1508 est,
3211 1438 3317 1510 qui
3361 1437 3510 1494 dum
3554 1438 3918 1496 voluntatem

493 1539 611 1604 tur,
641 1533 790 1590 dum
822 1531 1235 1591 circumducta
1285 1529 1672 1602 protectionis
1717 1543 1992 1603 supernae
2045 1525 2160 1584 for~
2183 1543 2224 1596 Β
2265 1542 2439 1584 suam
2469 1527 2718 1600 implere
2748 1527 3126 1600 permittitur,
3178 1543 3215 1584 a
3261 1528 3504 1600 superni
3549 1527 3780 1595 consilii
3821 1543 3919 1586 vo-

493 1623 721 1682 midine
748 1623 880 1694 ejus
910 1621 1157 1691 sagacis
1183 1620 1488 1688 retinetur,
1518 1635 1629 1676 nec
1659 1623 1868 1678 contra
1911 1615 2157 1674 inﬁrmi-

495 1715 646 1776 tates
674 1711 992 1773 hominum
1015 1714 1249 1768 tantum
1279 1708 1925 1782 praevaleatquantum
1955 1703 2155 1778 perdi-

495 1799 674 1860 tionis
713 1803 1074 1870 argumenta
1109 1798 1357 1855 latenter
1399 1796 1688 1870 explorat.
1737 1799 1930 1855 Potest
1976 1794 2155 1850 etiam

497 1889 700 1948 circuli
756 1889 1002 1946 nomine
1049 1887 1265 1945 occulti
1313 1887 1524 1958 judicii
1575 1885 1940 1957 adjutorium
1998 1882 2155 1940 desi-

497 1978 690 2050 gnari.
721 1977 1044 2036 Leviathan
1073 1977 1274 2048 itaque
1305 1975 1367 2030 in
1389 1975 1635 2032 naribus
1675 1990 1711 2030 a
1761 1973 2011 2031 Domino
2041 1970 2153 2028 cir-

491 2066 668 2124 culus
698 2065 961 2140 ponitur,
992 2064 1137 2138 quia
1163 2063 1368 2134 iudicii
1409 2064 1538 2135 ejus
1585 2062 1852 2124 notantia
1898 2060 1960 2117 in
1999 2059 2151 2116 insi-

493 2155 608 2213 diis
631 2155 778 2222 suis,
804 2170 880 2212 ne
905 2157 1204 2227 quantum
1250 2153 1374 2210 vult
1402 2151 1744 2226 praevaleat,
1795 2153 2148 2208 coarctatur.

496 2245 661 2302 Unde
683 2244 810 2314 regi
849 2243 1188 2317 Babyloniae
1211 2243 1427 2300 dicitur
1457 2259 1470 2298 :
1523 2264 1550 2292 «
1583 2243 1813 2298 Ponam
1861 2239 2151 2296 circulum

493 2334 554 2392 in
581 2333 832 2392 navibus
856 2333 973 2388 tuis
1001 2334 1118 2404 (IV
1136 2334 1279 2402 Reg.
1311 2348 1431 2402 ΠΧ,
1458 2333 1568 2401 28).
1605 2351 1633 2380 ››
1669 2329 1944 2402 Sequitur
1971 2345 1984 2384 :
2025 2328 2150 2383 Aut

493 2425 744 2481 armilla
772 2419 1109 2493 perforabis
1146 2422 1462 2478 maxillam
1495 2421 1622 2490 ejus
1645 2423 1672 2474 ?
1713 2449 1783 2460 --
1828 2416 2148 2487 Subaudis,

493 2515 562 2570 ut
581 2527 717 2582 ego.
747 2514 855 2568 Per
883 2510 1182 2568 armillam
1207 2509 1425 2567 occulti.
1445 2509 1576 2579 ejus
1613 2507 1824 2578 judicii
1846 2522 1990 2576 erga
2035 2522 2148 2562 nos

493 2599 781 2674 proiectio
805 2599 1082 2672 impensa
1135 2598 1505 2667 designatur.
1555 2595 1786 2656 Maxilla
1827 2596 2031 2668 itaque
2075 2595 2153 2652 1e-

493 2689 740 2749 viathan
791 2688 1146 2761 perforatur,
1196 2687 1340 2760 quia
1385 2685 1672 2746 ineffabili
1724 2684 2151 2744 misericordiae

491 2777 760 2852 potentia
781 2778 868 2834 sic
895 2775 1136 2834 malitias
1166 2775 1398 2849 antiqui
1426 2775 1616 2856 hostis
1669 2774 1892 2840 obviat,
1946 2778 2013 2830 ut
2051 2773 2154 2830 ali-

489 2867 744 2942 quando
784 2883 888 2925 eos
929 2866 1134 2931 etiam,
1183 2882 1340 2956 quos
1381 2866 1534 2956 jam,
1562 2865 1738 2942 cepit,
1791 2865 2040 2932 amittat,
2096 2868 2154 2920 et
2180 2901 2219 2956 ρ

491 2957 668 3030 quasi
695 2957 775 3013 ab
804 2973 907 3014 ore
944 2956 1102 3012 illius
1143 2955 1386 3028 cadunt,
1435 2955 1542 3028 qui
1587 2959 1727 3028 post
1773 2957 2147 3027 .perpetratas

492 3045 706 3118 culpas
731 3046 812 3103 ad
837 3045 1245 3108 innocentiam
1273 3043 1544 3101 redeunt.
1578 3042 1776 3101 Aliter.
1808 3047 1874 3102 In
1921 3059 2023 3101 ore
2072 3048 2152 3100 te-

490 3149 635 3196 aere
654 3134 957 3200 laviathan
981 3134 1214 3202 dicitur,
1240 3149 1366 3192 non
1403 3149 1559 3206 quos
1599 3133 1856 3207 perfecte
1901 3138 2150 3206 peccato

491 3223 779 3297 implicat,
809 3225 916 3281 sed
942 3240 1098 3297 quos
1135 3223 1336 3280 adhuc
1379 3223 1606 3295 peccati
1656 3223 2150 3296 persuasionibus

491 3317 698 3383 tantat,
728 3313 833 3370 sed
859 3313 1010 3370 miro
1036 3312 1498 3387 dispensationis
1545 3312 1775 3384 ordine,
1827 3313 1977 3369 dum
2020 3316 2148 3370 ten-

490 3405 714 3470 tantur,
738 3402 1166 3472 humiliantur;
1207 3403 1356 3459 dum
1385 3401 1794 3469 humiliantur,
1841 3403 1972 3472 ejus
2019 3418 2148 3458 esse

487 3491 618 3563 jam
639 3491 1349 3554 desinunt.Mandendum
1369 3491 1640 3563 quidem,
1664 3491 1769 3546 sed
1797 3506 1918 3547 non
1948 3491 2152 3561 deglu-

491 3579 762 3638 tiendum
799 3585 1113 3655 acceperat
1154 3580 1428 3650 Paulum,
1467 3579 1718 3652 quando
1773 3579 1962 3648 illum,
2009 3585 2149 3652 post

489 3672 576 3726 tot
601 3669 1034 3728 mvelationum
1063 3668 1370 3733 sublimia,
1409 3666 1672 3723 stimulis
1719 3667 1916 3724 carnis
1964 3669 2148 3740 agita-

487 3755 596 3816 bat
617 3759 705 3828 (ΙΙ
725 3759 864 3816 Cor.
890 3773 994 3829 xu,
1024 3762 1100 3826 7).
1119 3756 1290 3813 Unde
1327 3755 1579 3812 occultis
1606 3754 1706 3812 Dei
1755 3755 2149 3830 dispensatio-

487 3845 668 3918 nihus
689 3848 976 3919 serviens,
1009 3851 1250 3905 sanctos
1273 3849 1358 3901 ad
1385 3845 1690 3902 interitum
1716 3847 2140 3917 tentatvolens,

489 3936 596 3995 sed
627 3937 707 3994 ad
735 3952 992 4008 regnum
1023 3935 1310 3993 tentando
1339 3939 1538 3993 servat
1561 3935 1798 3993 invitus.
1833 3937 2108 4010 Sequitur
2127 3947 2146 3994 :‘

557 4027 736 4084 Vane.
764 4031 854 4084 22.
883 4026 1178 4096 Nunquid
1213 4025 1645 4096 multiplicabit
1687 4027 1768 4083 ad
1815 4032 1871 4083 te
1916 4042 2138 4098 preces,

485 4121 592 4174 aut
609 4116 888 4186 loquetur
916 4113 1026 4170 tibi
1045 4114 1296 4170 mollia?
1337 4143 1410 4154 —
1440 4113 1760 4180 Subaudis,
1793 4119 1860 4171 ut
1885 4115 2050 4171 mihi.
2083 4115 2141 4172 Si

483 4201 646 4260 enim
677 4203 755 4262 ad
785 4219 1107 4276 personam
1138 4202 1260 4258 Filii
1291 4202 1392 4258 Dei
1419 4202 1551 4259 hate
1572 4203 1758 4260 vorba
1786 4203 2136 4278 referantur,

482 4291 796 4350 inoarnato
825 4291 1078 4348 Domino
1103 4291 1155 4348 ei
1179 4291 1390 4351 mollia
1435 4291 1816 4364 loquebatur,
1865 4307 2007 4349 cum
2052 4293 2140 4348 di-

481 4383 644 4438 ceret
671 4397 686 4436 :
720 4401 750 4435 ι(
783 4382 914 4437 Scio
937 4381 1084 4453 quia
1110 4381 1194 4437 sis
1218 4383 1467 4438 Sanctus
1495 4381 1594 4436 Dei
1623 4382 1834 4452 (Marc.
1880 4399 1920 4446 ι,
1970 4385 2082 4456 24).
2109 4407 2138 4436 ››

481 4472 689 4527 Preces
717 4468 1092 4544 multiplicat,
1125 4485 1266 4526 cum
1294 4485 1402 4543 per
1427 4469 1692 4540 legiones
1721 4471 1980 4528 diceret:
2033 4473 2137 4531 «Si

481 4557 646 4631 ejicie
674 4573 806 4626 nos,
835 4559 1004 4616 mitte
1031 4575 1144 4616 nos
1169 4559 1231 4616 in
1261 4574 1502 4630 gregem
1542 4575 1864 4632 porcorum
1895 4563 2135 4628 (Matth.

480 4663 600 4718 nu,
631 4647 740 4720 31).
772 4670 800 4699 ››
835 4648 1124 4714 Quamvis
1149 4647 1398 4718 intelligi
1425 4649 1622 4721 aptius
1647 4653 1844 4722 potest
1889 4650 2031 4724 quia
2061 4651 2141 4708 ad

481 4739 669 4804 Deum
697 4751 904 4810 preces
939 4735 1314 4810 multiplicat,
1362 4753 1504 4794 cum
1548 4738 1610 4795 in
1653 4738 1880 4810 judicio
1927 4740 2136 4814 iniqui,

475 4825 586 4899 qui
613 4831 751 4882 sunt
775 4843 995 4899 corpus
1033 4827 1083 4899 ej
1095 4843 1183 4895 us,
1219 4825 1334 4883 sibi
1376 4828 1544 4901 parci
1589 4828 2008 4903 deprecantur,
2049 4833 2141 4888 di-

477 4920 680 4975 centes
711 4931 725 4970 :
759 4915 1081 4986 «Domine,
1123 4915 1392 5002 Domine,
1425 4917 1590 4990 aperi
1615 4918 1795 4974 nobis
1843 4920 2006 4990 (Luc.
2055 4939 2142 5002 ru,

473 5006 589 5066 25).
615 5025 644 5054 ››
679 5001 914 5069 Quibus
955 5001 1391 5075 respondetur:
1438 5004 1646 5062 Nescio
1687 5021 1796 5062 vos
1847 5007 2071 5080 (Ibid).
2111 5032 2139 5060 »

471 5091 666 5156 Mollia
687 5091 870 5152 etiam
891 5107 999 5165 per
1015 5091 1292 5150 membra
1315 5109 1428 5150 sua
1474 5098 1616 5150 hinc
1657 5093 1956 5168 loquetur,
1997 5113 2137 5155 cum

469 5181 729 5242 dixerint
757 5197 772 5236 :
796 5203 826 5236 κ
855 5180 1126 5250 Domine,
1156 5181 1428 5254 Domine,
1455 5198 1658 5240 nonne
1677 5183 1740 5240 in
1761 5185 2009 5242 nomine
2029 5191 2134 5244 tuo

469 5269 964 5344 prophetavimus
985 5271 1014 5326 ?
1044 5293 1073 5323 ››
1107 5274 1216 5328 etc.
1251 5271 1493 5344 (Matth.
1526 5290 1629 5342 vn,
1667 5275 1786 5345 22.)
1834 5275 1952 5332 Sed
1986 5291 2132 5334 mox

471 5357 733 5420 audient.
765 5382 794 5408 »
823 5357 1030 5418 Nescio
1049 5359 1155 5430 qui
1197 5359 1338 5416 estis
1363 5362 1564 5431 (Ibid.,
1597 5366 1710 5427 23).
1741 5379 1770 5416 ›
1803 5363 2078 5434 Sequitur
2111 5383 2124 5420 :

543 5447 712 5502 Vsus.
768 5451 862 5508 23.
914 5448 1207 5520 Nunquid
1255 5449 1436 5518 feriet
1488 5454 1680 5506 tecum
1715 5456 1964 5519 pactum
1984 5457 2014 5509 ?
2056 5486 2126 5496 ——

2262 1615 2487 1672 luntate
2516 1615 2754 1686 ligatur.
2783 1617 2906 1671 Hoc
2937 1619 3140 1672 autem
3168 1615 3230 1671 in
3260 1615 3392 1672 loco
3423 1631 3459 1672 a
3501 1617 3758 1673 Domino
3801 1633 3916 1674 non

2263 1704 2460 1760 solum
2487 1721 2560 1761 ex
2588 1709 2766 1778 pacto
2789 1719 3016 1777 servus,
3044 1705 3152 1760 sed
3175 1705 3572 1778 sempiternus
3598 1721 3810 1761 servus
3831 1723 3918 1763 ac-

2263 1795 2495 1866 cipitur.
2530 1797 2730 1866 Neque
2761 1795 2923 1850 enim
2949 1794 3144 1865 justos
3169 1794 3298 1865 jam
3319 1793 3379 1850 in
3401 1793 3675 1851 felicitate
3703 1795 3917 1868 pollen-

2259 1886 2348 1938 tes
2378 1887 2604 1940 tentare
2637 1883 3012 1956 permittitur,
3048 1883 3152 1938 sed
3183 1899 3324 1939 cum
3375 1899 3486 1939 suo
3534 1899 3785 1958 corpore
3830 1902 3912 1942 re-

2260 1971 2466 2044 probis
2495 1972 2716 2028 scilicet
2747 1971 3005 2028 ﬂammis
3032 1971 3340 2028 ultricibus
3370 1972 3652 2040 tradetur,
3704 1973 3914 2047 quibus

2261 2061 2388 2117 sine
2419 2061 2538 2118 ﬂne
2579 2063 2889 2133 crucietur,
2941 2077 3096 2134 quos
3142 2061 3360 2118 scilicet
3404 2063 3727 2128 cruciatus,
3776 2065 3912 2120 dum

2251 2150 2396 2222 justi
2425 2151 2822 2224 conspiciunt,
2855 2151 2916 2207 in
2951 2152 3049 2208 Dei
3075 2151 3359 2208 laudibus
3387 2157 3684 2208 crescunt.
3720 2153 3912 2224 Igitur,

2256 2239 2309 2295 si
2340 2239 2586 2296 utilitate
2613 2241 2936 2311 justorum,
2977 2246 3034 2296 et
3060 2241 3157 2297 hic
3186 2241 3453 2308 tentatio,
3507 2245 3565 2297 et
3607 2241 3726 2298 illic
3757 2243 3916 2299 dam.

2258 2329 2420 2385 natio
2450 2330 2706 2402 proﬁcit,
2754 2331 3151 2403 sempiternus
3183 2345 3390 2386 servus
3443 2333 3550 2386 est.
3595 2331 3911 2404 Sequitur:

2331 2419 2497 2473 Vens.
2531 2421 2618 2474 24.
2650 2419 2944 2490 Nunquid
2973 2420 3190 2476 illudes
3219 2421 3275 2475 ei
3303 2420 3479 2491 quasi
3501 2419 3647 2476 avi?
3674 2452 3744 2460 —
3769 2421 3915 2486 Quid

2256 2512 2343 2564 est
2367 2507 2531 2581 quod
2564 2507 2946 2564 adversarius
2972 2513 3174 2565 noster
3198 2510 3364 2582 prius
3396 2510 3741 2573 Behemoth,
3765 2517 3918 2583 post-

2257 2595 2510 2652 modum
2536 2595 2834 2653 leviathan
2862 2597 3097 2666 dicitur,
3129 2613 3291 2654 nunc
3318 2613 3460 2655 vero
3492 2599 3588 2654 avi
3634 2599 3914 2672 perditio-

2256 2686 2350 2742 nis
2381 2703 2502 2742 sute
2541 2685 2879 2743 illusionem
2920 2689 3278 2761 comparat?
3323 2688 3648 2745 Bebemoth
3694 2691 3916 2764 quippe

2259 2775 2460 2832 bellua
2490 2775 2927 2849 interpretatur,
2977 2793 3114 2850 quae
3167 2777 3516 2852 quadrupes
3565 2779 3915 2852 ostenditur,

2257 2863 2404 2920 dum
2436 2867 2588 2922 sicut
2619 2865 2718 2922 bos
2746 2865 2951 2922 fenum
2981 2867 3295 2923 comedere
3325 2867 3688 2940 perhibetur.
3719 2871 3917 2927 Levia-

2258 2953 2402 3010 tban
2418 2970 2561 3010 vero
2583 2955 2726 3028 quia
2745 2955 2928 3011 hamo
2951 2956 3204 3028 capitur,
3235 2956 3446 3028 procul
3465 2956 3652 3014 dubio
3675 2973 3918 3032 serpens

2255 3043 2317 3100 in
2351 3045 2524 3118 aquis
2571 3045 2977 3102 innotescitur.
3027 3045 3372 3102 Irrationale
3422 3046 3626 3120 utique
3675 3052 3732 3103 et
3777 3065 3920 3120 qua-

2255 3131 2479 3206 drupes
2509 3133 2733 3190 animal
2763 3139 2850 3190 est
2876 3149 2983 3206 per
3013 3134 3262 3190 actionis
3305 3135 3636 3190 immundae
3683 3136 3920 3192 fatuita-

2254 3225 2397 3293 tem,
2423 3221 2609 3279 draco
2635 3239 2742 3296 per
2769 3223 3026 3280 nocendi
3058 3223 3368 3291 malitiam,
3401 3224 3528 3281 avis
3551 3241 3660 3297 per
3690 3223 3921 3294 subtilis

2254 3316 2484 3368 naturae
2513 3313 2830 3370 levitatem.
2866 3317 2928 3370 In
2959 3315 3043 3370 eis
3070 3315 3294 3387 quippe
3321 3329 3476 3386 quos
3503 3315 3582 3370 ad
3608 3313 3921 3372 stultitiam

2253 3401 2500 3458 luxuriae
2530 3404 2763 3470 excitat,
2792 3404 3130 3474 jumentum
3159 3409 3280 3473 est;
3311 3405 3373 3460 in
3403 3405 3486 3460 eis
3517 3409 3719 3461 autem
3768 3423 3922 3479 quos

2255 3493 2331 3548 ad
2356 3492 2614 3548 nocendi
2651 3493 2940 3551 malitiam
2971 3493 3328 3556 inﬂammat,
3357 3494 3538 3550 draco
3569 3500 3692 3563 est;
3745 3497 3810 3551 in
3841 3497 3922 3552 eis

2253 3587 2452 3638 autem
2475 3599 2629 3656 quos
2649 3583 2710 3638 in
2734 3587 2889 3640 statu
2911 3585 3206 3658 superbire
3251 3585 3425 3658 quasi
3447 3583 3570 3642 alta
3616 3587 3924 3659 sapientes

2253 3669 2461 3743 elevat,
2488 3671 2616 3728 avis
2642 3677 2746 3729 est.
2779 3673 2891 3730 Sed
2912 3673 3051 3729 huic
3083 3672 3348 3730 videlicet
3377 3674 3556 3746 quasi
3588 3674 3686 3730 avi
3716 3675 3924 3731 Domi-

2254 3776 2370 3816 nus
2393 3760 2594 3831 illusit,
2617 3761 2766 3818 dum
2791 3763 2842 3818 ei
2859 3762 2920 3818 in
2942 3761 3226 3836 passione
3252 3762 3538 3833 unigeniti
3568 3763 3690 3820 Filii
3721 3769 3926 3821 osten-

2251 3847 2338 3904 dit
2360 3865 2606 3905 carnem
2648 3851 2823 3923 quasi
2853 3867 3077 3923 escam,
3105 3849 3210 3908 sed
3251 3850 3541 3925 laqueum
3588 3851 3925 3910 divinitatis

2250 3937 2588 3995 abscondit.
2616 3940 2926 4013 Sequitur:
2948 3941 3073 3997 Aut
3104 3941 3317 4012 ligabis
3339 3957 3470 3998 eum
3491 3941 3744 3998 ancillis
3765 3944 3886 3999 tuis
3901 3945 3928 3998 ἲ

2249 4059 2320 4068 -—
2343 4027 2666 4098 Subaudis,
2687 4033 2754 4086 ut
2772 4045 2904 4100 ego.
2929 4033 2994 4086 In
3017 4030 3199 4086 servis
3226 4031 3334 4086 etsi
3359 4031 3644 4104 despecta
3663 4035 3757 4087 est
3783 4047 3927 4088 con-

2249 4113 2659 4184 ditio,virilitas
2676 4117 2918 4189 viget,in
2936 4118 3164 4175 ancillis
3187 4122 3388 4176 autem
3410 4135 3550 4176 eum
3572 4118 3929 4176 conditione

2246 4205 2470 4278 pariter
2494 4222 2674 4262 sexus
2701 4207 2817 4263 ait:
2849 4208 3088 4264 Ancillis
3119 4223 3262 4279 ergo
3307 4207 3431 4264 suis
3469 4205 3778 4264 leviathan
3811 4208 3926 4265 hu-

2243 4296 2343 4367 jus
2365 4295 2773 4352 fortitudinem
2805 4298 3094 4354 Dominus
3121 4297 3343 4368 ligavit,
3384 4297 3548 4371 quia,
3599 4302 3930 4354 atteetante

2248 4385 2456 4455 Paulo,
2486 4407 2515 4434 «
2545 4386 2789 4442 lnﬁrma
2809 4387 3023 4443 mundi
3043 4387 3218 4458 elegit
3249 4391 3424 4456 Deus,
3467 4391 3530 4443 ut
3581 4386 3934 4444 confundat

2246 4475 2422 4532 fortia
2450 4477 2504 4547 (Ι
2520 4475 2656 4538 Cor.
2691 4493 2728 4544 ι,
2759 4478 2871 4549 27).
2899 4500 2926 4526 ››
2961 4477 3126 4534 Unde
3146 4475 3428 4535 Salomon
3459 4477 3578 4534 ait:
3613 4500 3644 4526 «
3670 4479 3937 4551 Sapien-

2244 4563 2327 4620 tia
2339 4563 2652 4622 aediﬁcavit
2671 4565 2783 4621 sibi
2803 4565 3646 4626 domum.etsciditcolumnas
3657 4572 3930 4640 septem,

2244 4651 2581 4710 immolavit
2597 4653 2891 4722 victimas,
2907 4655 3144 4711 miscuit
3159 4655 3257 4711 vin
3265 4672 3390 4727 um,
3412 4657 3730 4729 proposuit
3753 4673 3937 4713 men-

2247 4758 2405 4812 sam,
2429 4743 2590 4800 misit
2607 4743 2854 4800 ancillas
2879 4760 3022 4804 suas
3048 4748 3118 4802 ut
3133 4750 3414 4804 vocarent
3429 4745 3507 4802 ad
3527 4761 3736 4804 arcem
3759 4752 3828 4803 et
3847 4745 3936 4802 ad

2247 4830 2472 4888 moenia
2500 4831 2750 4890 civitatis
2779 4833 2983 4900 (Pmu.
3031 4849 3112 4902 1x,
3149 4839 3202 4904 l,
3241 4833 3314 4907 2).
3349 4852 3381 4888 δ
3424 4833 3704 4892 lnﬁrmos
3754 4835 3936 4892 enim

2246 4920 2666 4992 prmdicatores
2684 4922 2916 4988 mundo
2937 4923 3224 4992 exhibuit,
3247 4929 3305 4980 et
3328 4927 3600 4997 potentes
3629 4940 3936 5000 quosque

2245 5009 2350 5080 qui
2379 5010 2510 5081 ejus
2537 5027 2760 5086 corpus
2777 5011 3017 5068 fuerunt
3035 5013 3150 5071 sub
3173 5013 3411 5071 terroris
3449 5014 3544 5071 sui
3570 5013 3785 5074 vincla
3835 5030 3934 5071 re—

2247 5098 2499 5168 strinxit,
2525 5105 2582 5157 et
2607 5101 2670 5156 in
2692 5101 3012 5174 semetipso
3039 5101 3342 5160 leviathan
3367 5103 3476 5160 istc
3502 5103 3748 5162 ancillis
3773 5103 3936 5175 liga-

2240 5189 2355 5258 tur,
2383 5203 2526 5244 cum
2553 5188 2806 5246 infirmis
2847 5189 3336 5264 praedicantibus,
3365 5191 3632 5250 veritatis
3677 5193 3934 5252 lumine

2239 5275 2628 5335 clarescentes
2650 5283 2858 5336 contra
2885 5279 3214 5338 electorum
3233 5285 3465 5338 mentes
3485 5281 3792 5354 antiquus
3819 5283 3938 5340 ho.

2237 5366 2338 5422 stis
2380 5383 2504 5424 non
2521 5372 2822 5441 quantum
2861 5369 3006 5436 vult,
3033 5371 3241 5429 servire
3268 5371 3647 5446 permittitur.
3681 5372 3818 5436 Sed
3845 5386 3932 5427 ne

2235 5457 2352 5512 sub
2397 5458 2760 5516 inﬁdelitatis
2806 5460 3144 5532 captivitate
3191 5465 3442 5520 cunctos
3485 5477 3644 5536 quos
3672 5461 3934 5537 appetit

472 5531 795 5605 -.-ubaudis,
815 5537 882 5596 ut
905 5549 1170 5598 meeum.
1203 5535 1478 5608 Sequitur
1509 5555 1522 5593 :
1575 5539 1656 5596 Et
1695 5539 1949 5610 accipies
1991 5557 2124 5600 eum
2227 5548 2288 5603 te
2331 5549 2493 5617 neat,
2519 5547 2708 5620 signis
2723 5552 2786 5606 et
2803 5531 3128 5608 vitam
3155 5531 3842 5626 scandatur:
3871 5568 3890 5607 :
