4130 6146
189 116 287 171 493

951 107 1254 164 ΕΡΙΤΟΜΕ
1291 101 1663 162 MORALIUM
1705 100 1761 156 S.
1806 101 1875 157 GI

1990 133 2012 160 ν.
2055 102 2126 160 ΙΝ
2163 103 2308 161 JOB.
2350 130 2422 148 -ο
2461 105 2596 162 LIB.
2637 106 2858 162 XXXIII.

3540 111 3656 170 494

254 241 430 294 Vens.
460 240 547 292 25.
597 235 926 292 Concident
972 249 1105 289 eum
1146 231 1342 295 amici,
1380 227 1650 284 dividant
1672 228 1849 284 illum
1879 233 1941 285 Ἀ
1972 229 2204 284 cunctis
2220 228 2728 298 prae‘ipitabitur.
2757 261 2826 272 ——
2847 228 3001 296 Quia
3030 193 3256 287 ωιέωο
3283 231 3432 286 tunc
3453 231 3665 303 judice

187 329 599 398 negotiatores.
633 356 698 364 —
729 323 922 378 Toties
951 323 1114 377 enim
1166 319 1500 375 conciditur
1549 316 1852 373 leviathan

184 417 317 477 iste.
351 414 580 486 quoties
603 413 787 468 divini
816 411 991 467 verbi
1019 408 1222 480 gladio
1255 425 1367 464 sua
1396 407 1479 464 ab
1529 406 1630 462 illo
1656 422 1851 462 mem-

185 505 301 561 bra
314 508 686 576 separantur.
707 501 900 573 Iniqui
913 501 1077 556 enim
1095 514 1236 554 cum
1254 498 1562 555 veritatem
1577 495 1852 563 audiunt,

186 600 245 651 et
271 598 482 650 sancto
507 591 710 647 timore
733 590 993 663 perculsi
1022 589 1102 646 ab
1132 588 1365 660 antiqui
1392 586 1586 643 hostis
1615 601 1679 642 se
1724 585 1859 641 imi.

187 685 420 740 tatione
444 680 832 753 suspendunt,
866 680 995 751 ipse
1024 679 1087 736 in
1121 692 1373 751 corpore
1397 691 1510 732 suo
1552 675 1854 747 dividitur,

189 773 288 829 cui
317 773 382 829 hi
400 771 500 844 qui
523 785 701 842 prave
721 769 1138 833 inservierant,
1169 767 1628 822 subtrahuntur.
1657 765 1858 822 Sancti

190 862 360 918 enim
388 860 798 933 praedicatores
826 858 998 930 prius
1028 857 1260 913 ancillis
1289 861 1428 912 sunt
1452 871 1563 928 per
1590 853 1859 910 formidi-

189 968 362 1007 nem.
396 951 476 1005 De
505 948 720 1021 quibus
747 947 965 1002 dicitur
998 965 1010 1002 :
1065 968 1091 995 κ
1126 945 1310 1001 Nolite
1341 945 1569 1014 timere,
1599 943 1858 1016 pusillus

188 1055 348 1109 grex
401 1039 560 1108 (Luc.
578 1051 672 1101 xu,
705 1037 823 1106 32).
850 1055 878 1084 »
934 1033 1125 1089 Amici
1163 1049 1271 1105 per
1297 1032 1502 1087 ﬁdem.
1564 1033 1631 1086 Ut
1659 1028 1808 1085 illud
1842 1045 1854 1083 :

188 1153 222 1179 κ
259 1132 376 1184 Vos
400 1124 745 1184 autem-dixi
777 1124 1029 1191 amicos,
1069 1147 1095 1172 ι›
1118 1128 1225 1178 etc.
1257 1123 1453 1192 (Joan.
1487 1137 1579 1187 xv,
1617 1120 1724 1191 15).
1769 1118 1859 1173 Ad

187 1222 529 1274 extremum
559 1230 800 1288 quoque
829 1213 1235 1282 negotiatores
1262 1227 1370 1284 per
1405 1210 1724 1266 actionem.
1785 1208 1861 1263 Ut

186 1307 346 1362 illud
380 1324 394 1361 :
421 1328 447 1357 (ι
482 1309 692 1360 Euntes
725 1304 784 1358 in
816 1303 1121 1357 mundum
1144 1301 1513 1361 universum.
1539 1298 1860 1372 praedicata

191 1395 581 1464 Evangelium
610 1393 776 1450 omni
835 1396 1122 1447 creaturae
1175 1391 1382 1461 (Marc.
1415 1405 1534 1458 xvn,
1573 1388 1678 1460 15).
1712 1410 1741 1438 ››
1795 1391 1860 1442 In

189 1484 614 1559 praedicatione
645 1483 868 1554 quippe
899 1480 1064 1549 ﬁdei,
1092 1480 1267 1551 quasi
1310 1477 1622 1550 quoddam
1676 1489 1861 1544 nego-

1968 317 2303 373 terribiliter
2332 323 2690 390 apparente,
2723 318 3069 376 astantibus
3099 317 3452 388 legionibus
3483 339 3671 397 ange-

1967 408 2187 474 lorum,
2221 411 2404 480 atque
2434 407 2638 464 electis
2670 408 2955 466 omnibus
2989 410 3072 465 ad
3097 409 3216 464 hoc
3244 412 3676 482 spectaculum

1969 495 2264 564 deductis,
2297 495 2413 552 ista
2442 497 2647 556 bellua
2668 498 2926 556 crudelis
2951 503 3014 555 et
3061 497 3235 554 fortis
3284 499 3354 557 in
3398 505 3680 567 medium

1971 586 2211 658 captiva
2229 584 2589 656 deducetur,
2619 593 2826 645 etcum
2849 599 2965 643 suo
2996 601 3281 660 corpore,
3310 591 3380 649 id
3401 599 3512 668 est,
3538 607 3683 656 eum

1968 674 2245 748 reprobis
2275 674 2564 732 omnibus
2593 681 2826 734 aeterna
2857 676 3168 746 gehennae
3181 677 3488 742 incendiis
3509 701 3687 747 man-

1971 766 2226 837 cipatur,
2257 780 2398 821 cum
2427 765 2648 822 dicitur
2679 783 2693 823 :
2727 789 2756 819 ‹‹
2789 765 3103 824 Discedite
3134 783 3172 826 a
3198 785 3325 844 me,
3356 777 3684 852 maledicti,

1971 859 2083 911 etc.
2134 855 2376 925 (Matth.
2404 871 2548 928 xxv,
2581 858 2691 928 41).
2730 879 2759 906 ››
2797 855 3104 928 Sequitur
3137 876 3150 914 :

2607 948 2831 1003 CAPUT
2871 945 3040 1002 XLI.

2044 1036 2212 1090 Vens.
2251 1039 2298 1102 1,
2332 1039 2383 1090 2.
2414 1036 2551 1093 Non
2576 1041 2752 1108 quasi
2778 1035 3074 1095 crudelis
3097 1045 3406 1103 suscitabo
3426 1059 3586 1106 eum.
3612 1081 3682 1094 --

1972 1126 2039 1179 Et
2062 1124 2223 1180 velut
2253 1124 2301 1179 si
2323 1139 2466 1181 mox
2493 1142 2529 1181 a
2557 1126 2735 1182 nobis
2763 1125 3033 1182 rationis
3065 1146 3253 1190 causa
3283 1143 3675 1209 quaereretur,

1971 1215 2286 1286 quomodo
2307 1229 2447 1270 eum
2478 1231 2603 1271 non
2634 1216 2810 1288 quasi
2836 1215 3110 1275 crudelis
3157 1223 3440 1293 suscitas,
3488 1242 3673 1298 quem

1972 1302 2196 1358 scimus
2218 1303 2365 1376 quia
2396 1308 2592 1360 tantos
2614 1303 2897 1360 invadere
2928 1308 2989 1359 et
3014 1307 3314 1365 devorare
3330 1314 3624 1383 permittis
3643 1317 3672 1371 Ἰ

1973 1391 2172 1447 statim
2202 1393 2479 1449 subditur
2505 1393 2750 1449 dicens:
2788 1393 2932 1461 Quis
2978 1398 3136 1452 enim
3168 1399 3459 1458 resistere
3469 1408 3667 1471 potest

1973 1483 2173 1537 vultui
2193 1497 2321 1538 meo
2353 1486 2384 1538 ?
2406 1487 2463 1538 et
2494 1501 2507 1538 :
2545 1483 2687 1551 Quis
2718 1487 2857 1538 ante
2882 1482 3049 1539 dedit
3104 1487 3284 1553 mihi,
3317 1495 3388 1544 ut
3414 1491 3665 1547 reddam

189 1575 350 1629 tium
383 1573 616 1642 geritur,
643 1571 790 1625 dum
821 1569 1080 1624 verbum
1105 1568 1302 1635 datur,
1327 1572 1384 1623 et
1411 1567 1562 1621 ﬁdes
1586 1565 1666 1621 ab
1695 1563 1864 1620 audi-
1903 1585 1943 1639 Β
1973 1570 2030 1624 ei
2045 1572 2072 1624 ?
2091 1601 2160 1610 —
2191 1569 2422 1636 Quibus
2444 1570 2688 1626 duobus
2713 1569 3005 1638 versibus,
3026 1572 3390 1632 etvirtutem
3415 1590 3540 1652 suae
3558 1591 3665 1651 po-

189 1661 434 1719 toribus
458 1659 726 1716 sumitur.
762 1659 905 1714 Hinc
931 1658 1095 1713 enim
1139 1656 1451 1713 Psalmista
1481 1655 1564 1711 ait
1621 1672 1632 1709 :
1689 1677 1715 1702 ς(
1750 1654 1859 1710 Su-

193 1753 346 1808 mite
376 1751 673 1823 psalmum
699 1754 756 1804 et
774 1749 910 1804 date
944 1746 1508 1819 tympanum(Psal.
1534 1758 1702 1814 Lxxx,
1732 1743 1802 1815 3).
1829 1764 1857 1790 »

198 1845 270 1897 Et
296 1856 558 1904 rursum,
593 1839 978 1895 Salomone):
1012 1853 1160 1891 voce
1190 1840 1409 1891 sanctae
1443 1834 1711 1890 Ecclesiae.
1740 1832 1857 1888 ait:

199 1952 233 1980 ι(
264 1929 591 1986 Sindonem
613 1928 747 1983 fecit
779 1932 837 1982 et
855 1925 1140 1991 vendidit,
1170 1928 1227 1980 et
1261 1924 1569 1993 cingulum
1622 1920 1865 1978 tradidit

203 2020 543 2077 Chananan
571 2018 770 2089 (Prov.
802 2033 962 2084 xxxx,
980 2016 1096 2070 24).
1135 2038 1171 2063 ››
1209 2013 1358 2080 Quia
1387 2013 1549 2069 enim
1577 2015 1685 2084 per
1709 2027 1862 2084 prae-

199 2109 501 2164 dicatores
527 2106 624 2162 Dei
651 2105 826 2161 valde
855 2103 1235 2160 laudabiliter
1266 2118 1301 2158 a
1322 2101 1623 2157 leviathan
1645 2101 1759 2156 isto
1771 2116 1865 2155 res

198 2211 490 2271 possessa
517 2195 819 2260 dividitur,
865 2192 1160 2248 Veritatis'
1190 2207 1305 2247 vox
1353 2205 1461 2262 per
1505 2189 1865 2262 prophetam

201 2287 518 2360 pollicetur
543 2285 749 2341 dicens
784 2301 796 2338 :
833 2306 858 2332 ‹‹
889 2286 950 2338 Ε1
982 2283 1028 2336 si
1056 2281 1431 2353 separaveris
1467 2280 1801 2352 pretiosum
1831 2295 1868 2335 a

204 2374 330 2440 vili,
360 2373 535 2447 quasi
562 2390 630 2428 os
661 2388 864 2427 meum
892 2371 1008 2426 eris
1027 2371 1181 2442 ~(Jer.
1219 2387 1310 2435 xv,
1339 2370 1445 2441 19).
1486 2391 1512 2418 ››
1547 2369 1825 2441 Sequitur
1851 2384 1863 2422 :

283 2463 455 2518 Vrsas.
489 2467 575 2517 26.
606 2461 895 2532 Nunquid
937 2460 1208 2529 implebis
1238 2474 1490 2528 sagenas
1531 2460 1690 2527 pelle
1719 2461 1865 2527 ejus,

216 2559 322 2609 aut
342 2552 716 2622 gurgustiu-m
744 2551 1000 2618 piscium
1030 2550 1225 2618 capite
1247 2549 1415 2603 illius
1433 2551 1460 2602 ?
1483 2578 1552 2588 —-—
1584 2546 1737 2612 Quid
1767 2562 1872 2618 per

217 2655 491 2710 sagenas,
524 2645 625 2694 aut
655 2636 1032 2707 gurgustium
1065 2636 1344 2707 piscium,
1369 2635 1483 2691 nisi
1515 2635 1788 2691 Ecclesia
1807 2634 1873 2691 ti-

219 2729 461 2798 delium,
487 2744 622 2800 quas
653 2743 840 2784 unam
871 2726 1226 2781 catholicam
1258 2725 1504 2791 faciunt,
1550 2725 1872 2793 designan-

220 2817 359 2873 tur?
389 2817 553 2873 Unde
584 2816 642 2870 in
676 2814 996 2884 Evangelio
1027 2815 1316 2886 scriptum
1345 2817 1434 2868 est
1465 2831 1477 2868 :
1513 2831 1543 2864 ‹
1567 2811 1768 2869 Simile
1787 2813 1875 2865 est

220 2921 469 2975 regnum
499 2905 788 2960 caelorum
811 2919 1047 2973 sagenze
1074 2903 1266 2957 missae
1284 2902 1345 2957 in
1375 2915 1561 2967 mare,
1584 2904 1640 2956 et
1654 2913 1726 2954 ex
1748 2913 1876 2954 om-

223 2996 283 3050 ni
314 3009 527 3064 genere
555 2994 816 3066 piscium
847 2993 1235 3064 congreganti
1275 2991 1520 3060 (Matth.
1547 3005 1668 3057 xm,
1701 2990 1812 3059 47).
1846 3011 1874 3037 ››

228 3089 286 3140 ln
317 3083 466 3156 pelle
488 3099 630 3138 vero
660 3083 966 3137 leviathan
998 3081 1186 3148 istius,
1207 3079 1416 3136 stultos
1437 3079 1567 3150 ejus
1585 3077 1874 3150 corporis,

224 3175 282 3229 in
313 3173 503 3246 capite
533 3176 735 3227 autem
791 3171 1114 3244 prudentes
1171 3169 1518 3242 accipimus.
1577 3167 1677 3222 Vel
1724 3170 1877 3223 certe

225 3262 376 3335 pelle
403 3276 538 3334 quae
559 3266 649 3316 est
678 3259 1182 3325 exterius,subditi
1211 3259 1290 3314 ad
1319 3258 1447 3313 haec
1468 3261 1734 3315 extrema
1765 3272 1880 3311 ser-

233 3352 472 3419 vientes,
553 3349 744 3422 capite
819 3354 1020 3404 autem
1093 3347 1394 3420 praepositi
1468 3346 1876 3415 designantur.

229 3439 393 3496 Prius
446 3440 646 3511 itaque
681 3438 857 3494 'intra
905 3441 1177 3493 sanctam
1240 3435 1560 3492 Ecclesiam
1612 3433 1880 3490 fidelium

228 3530 401 3603 quasi
453 3528 668 3602 pellem
727 3527 974 3595 diaboli,
1016 3531 1312 3582 extremos
1369 3531 1548 3598 atque
1587 3525 1878 3586 inﬁrmos,

228 3619 288 3673 id
335 3623 439 3680 est,
488 3616 761 3672 indoctos
817 3615 1146 3687 piscatores
1211 3614 1452 3683 colligit,
1507 3618 1565 3669 et
1619 3617 1885 3685 postmo-

227 3706 374 3761 dum
406 3711 585 3778 caput
607 3705 788 3773 illius,
821 3705 882 3760 id
904 3709 1009 3770 est,
1043 3703 1438 3776 philosophos
1467 3707 1524 3759 et
1561 3701 1884 3774 prudentes

230 3795 341 3850 sibi
369 3795 743 3851 adversarios
772 3793 1059 3849 subdidit.
1097 3793 1373 3865 Sequitur
1407 3808 1419 3847 :

305 3887 469 3940 Vens.
517 3889 606 3940 27.
667 3886 832 3940 Pone
881 3897 1062 3953 super
1107 3897 1238 3938 eum
1286 3897 1533 3938 man-um
1579 3885 1764 3937 tuam.
1816 3912 1886 3921 —-

231 3973 296 4031 Id
351 3977 459 4042 est,
519 3979 583 4030 ut
637 3989 769 4043 ego,
815 3973 916 4046 qui
967 3972 1102 4028 forti
1161 3970 1328 4027 illum
1383 3971 1648 4042 potentia
1702 3969 1886 4042 repri-

226 4079 426 4129 mens,
484 4078 606 4119 non
663 4062 988 4135 plusquam
1041 4059 1282 4133 expedit
1341 4058 1542 4115 saevire
1586 4058 1885 4130 permitto.

229 4153 330 4208 Vel
376 4156 529 4208 certe
582 4168 762 4226 super
809 4165 946 4207 eum
1003 4165 1255 4206 manum
1310 4163 1534 4223 ponere
1611 4151 1716 4216 est,
1771 4147 1886 4203 vir-

227 4240 368 4298 tutis
443 4245 733 4312 potestate
800 4255 1102 4312 superare.
1183 4238 1458 4310 Sequitur
1524 4254 1537 4292 :
1597 4237 1886 4293 Memento

229 4331 376 4387 belli
431 4345 537 4386 nec
586 4332 753 4386 ultra
799 4329 989 4385 addas
1043 4329 1223 4399 loqui.
1294 4357 1362 4367 —-
1439 4331 1518 4381 Ac
1585 4326 1632 4380 si
1686 4329 1888 4398 aperte

229 4420 530 4476 diceretur
604 4437 617 4474 :
691 4418 746 4475 Si
792 4417 1007 4474 occulti
1049 4417 1236 4473 hostis
1285 4417 1493 4472 contra
1550 4420 1604 4471 te
1663 4414 1891 4471 bellum

230 4508 595 4576 consideras,
644 4506 940 4580 quidquid
975 4523 1012 4563 a
1038 4522 1136 4562 me
1179 4505 1401 4578 pateris
1449 4521 1572 4560 non
1621 4520 1889 4561 accusas.

230 4598 364 4655 Alta
413 4597 636 4671 quippe
685 4597 1052 4669 dispensatio
1099 4595 1465 4667 judiciorum
1524 4593 1626 4650 Dei
1671 4593 1894 4650 idcirco

232 4701 395 4760 saepe
444 4686 596 4742 bene
644 4689 938 4741 merentes
971 4683 1230 4740 famulos
1278 4683 1368 4739 vel
1417 4683 1592 4739 minis
1643 4681 1891 4755 impetit,

229 4776 328 4832 vel
381 4774 632 4846 ﬂagellis
677 4774 915 4848 premit,
969 4773 1114 4846 quia
1162 4773 1316 4829 mira
1359 4773 1627 4845 potentia
1681 4771 1894 4844 praevi-

231 4865 334 4920 dit.
371 4865 545 4930 Quod
575 4864 621 4920 si
652 4863 834 4937 quieti
882 4877 952 4932 ac
994 4862 1166 4918 liberi
1194 4862 1255 4917 in
1313 4861 1737 4934 tranquillitate
1766 4875 1898 4932 per-

232 4955 525 5024 sisterent,
569 4953 933 5010 tentationes
977 4951 1130 5008 ferre
1175 4949 1502 5007 adversarii
1549 4965 1670 5007 non
1700 4949 1899 5006 valen-

230 5046 344 5111 tes,
406 5046 603 5100 mente
655 5041 936 5115 prostrati
973 5041 1320 5097 vulneribus
1344 5041 1630 5111 jacerent.
1698 5037 1900 5111 Sequi-

231 5135 384 5188 tur:

304 5221 462 5276 Vens
499 5223 589 5277 28.-
603 5221 758 5277 Eece
772 5234 901 5289 spes
914 5220 1042 5289 ejus
1053 5217 1443 5288 fmstrabitm
1474 5231 1629 5272 eum.
1645 5245 1714 5256 ——
1729 5215 1904 5282 Quod

235 5309 320 5366 sic
351 5309 429 5365 de
453 5324 524 5366 eo
547 5309 728 5367 debet
754 5309 1022 5378 intelligi,
1052 5312 1116 5365 ut
1136 5307 1340 5365 referri
1362 5307 1536 5363 etiam
1573 5306 1655 5361 ad
1683 5321 1903 5378 corpus

232 5399 396 5455 illius
427 5399 643 5472 possit.
675 5400 817 5472 quia
868 5397 1062 5470 iniqui
1090 5413 1301 5454 omnes
1341 5400 1445 5469 qui
1469 5394 1902 5451 districtionem

230 5490 479 5561 justitite
497 5490 716 5546 divinas
738 5505 862 5546 non
891 5493 1185 5556 metuunt,
1212 5489 1518 5544 incassum
1547 5485 1665 5542 sibi
1686 5485 1762 5540 de
1791 5485 1902 5541 mi-

238 5579 569 5638 sericordia
604 5579 1015 5637 blandiuntur.
1059 5578 1337 5651 Sequitur
1376 5595 1389 5633 :
1436 5578 1515 5633 Et
1563 5576 1900 5633 videntibus

1972 1659 2188 1726 tentias,
2223 1664 2281 1716 et
2309 1673 2492 1716 omne
2549 1660 2796 1733 pondus
2822 1659 3069 1716 rationis
3123 1663 3412 1736 explevit.
3482 1669 3565 1721 Ac
3613 1666 3662 1722 si

1972 1762 2114 1816 ergo
2179 1746 2422 1804 diceret.
2486 1752 2616 1805 Non
2653 1763 2793 1804 eum
2850 1749 3024 1820 quasi
3071 1750 3344 1808 crudelis
3407 1753 3658 1824 suscita,

1972 1836 2116 1908 quia
2141 1837 2216 1892 de
2247 1839 2380 1907 ejus
2411 1837 2760 1894 fortitudine
2783 1837 3001 1894 electos
3051 1855 3227 1896 meos
3257 1843 3664 1916 potenter'eri-

1973 1925 2074 1996 pio
2109 1941 2122 1994 ;
2155 1929 2212 1981 et
2240 1941 2487 1981 rursum
2518 1926 2814 1999 reprobos
2840 1939 2963 1982 non
2993 1925 3241 1998 injuste,
3277 1933 3384 1988 sed
3405 1931 3663 1989 rationa-

1972 2013 2167 2069 biliter
2189 2014 2447 2083 damno,
2479 2017 2537 2072 id
2565 2021 2673 2084 est,
2709 2019 2766 2071 et
2795 2030 2897 2071 eos
2951 2031 3106 2088 quos
3163 2017 3433 2091 benigne
3481 2020 3658 2093 eligo,

1976 2103 2201 2176 eripere
2226 2103 2584 2162 mirabiliter
2602 2119 2880 2178 possum,
2935 2103 2992 2160 et
3046 2121 3150 2162 eos
3207 2123 3367 2182 quos
3414 2119 3660 2184 respuo,

1973 2208 2097 2248 non
2122 2193 2348 2263 injuste
2380 2194 2755 2267 derelinquo.
2789 2196 2974 2249 Nemo
3001 2195 3234 2268 quippe
3268 2203 3336 2255 ut
3363 2199 3569 2256 divina
3594 2199 3662 2256 il-

1973 2281 2100 2337 lum
2131 2281 2318 2350 gratia
2346 2283 2761 2356 subsequatur
2786 2281 2952 2355 prius
2979 2282 3208 2356 aliquid
3240 2287 3491 2345 contulit
3514 2289 3652 2345 Deo.

1980 2369 2275 2442 Scriptum
2306 2372 2537 2446 quippe
2565 2376 2657 2428 est
2689 2389 2702 2428 :
2738 2392 2766 2421 «
2795 2370 3198 2431 Misericordia
3246 2377 3376 2449 ejus
3430 2391 3657 2451 praeve-

1977 2460 2100 2515 niet
2126 2475 2226 2515 me
2251 2460 2446 2529 (Psal.
2477 2478 2635 2531 Lvm,
2664 2464 2773 2524 11).
2808 2479 2837 2510 π
2865 2462 2930 2515 Et
2959 2461 3180 2519 Paulus
3214 2482 3230 2521 :
3267 2488 3298 2516 κ
3321 2467 3518 2523 Gratia
3548 2463 3661 2523 sal-

1978 2549 2033 2603 vi
2061 2547 2199 2604 facti
2228 2549 2372 2604 estis
2393 2565 2504 2622 per
2533 2550 2741 2612 ﬁdem.
2777 2552 2835 2604 et
2862 2549 2977 2605 hoc
3005 2565 3129 2607 non
3151 2565 3228 2610 ex
3265 2555 3444 2613 vobis
3504 2573 3519 2612 :
3563 2557 3666 2614 Dei

1981 2636 2212 2692 donum
2241 2641 2332 2692 est
2392 2639 2640 2708 (Ep/tes.
2672 2654 2732 2706 ιι,
2763 2637 2837 2709 8).
2874 2657 2902 2686 η
2948 2641 3182 2698 Bonum
3233 2646 3463 2718 quippe
3501 2645 3664 2718 quod

1985 2725 2223 2795 agimus
2253 2730 2310 2780 et
2341 2727 2444 2783 Dei
2474 2732 2562 2782 est
2579 2730 2638 2783 et
2667 2728 2980 2795 nostrum;
3006 2730 3125 2797 Dei,
3158 2745 3274 2803 per
3299 2735 3666 2806 praevenien-

1983 2819 2105 2870 tem
2132 2815 2388 2884 gratiam
2419 2827 2448 2884 ;’
2467 2819 2762 2882 nostrum,
2797 2827 2904 2886 per
2925 2815 3365 2890 obsequentem
3409 2823 3664 2882 liberam

1915 2935 1954 2992 ο
1982 2903 2376 2960 voluntatem.
2407 2906 2786 2992 Quapropter
2804 2907 2862 2992 et
2889 2905 3008 2958 Deo
3038 2905 3264 2973 gratias
3284 2909 3346 2964 in
3369 2913 3663 2969 aeternum

1986 2992 2242 3061 agimus,
2274 2995 2331 3047 et
2355 2995 2557 3048 tamen
2579 2989 2824 3047 retribui
2843 2990 3022 3048 nobis
3041 2996 3297 3064 prremia
3321 3013 3658 3069 speramus.

1987 3079 2265 3152 Sequitur
2296 3098 2309 3136 :
2341 3081 2553 3138 Omnia
2575 3093 2708 3152 qua:
2739 3080 2847 3134 sub
2873 3081 3023 3136 caelo
3045 3087 3208 3148 sunt,
3245 3099 3376 3141 mea
3404 3092 3565 3142 sunt.
3591 3115 3663 3128 ~—

1989 3167 2279 3224 Omnibus
2301 3167 2487 3240 liquet
2510 3167 2681 3241 quod
2707 3181 2831 3223 non
2858 3167 3056 3223 solum
3087 3183 3160 3225 ea
3189 3185 3328 3243 quae
3373 3173 3491 3229 sub
3513 3174 3665 3232 coelo

1989 3261 2147 3328 sunt,
2180 3256 2282 3312 sed
2306 3257 2486 3313 etiam
2507 3271 2644 3330 quae
2676 3269 2859 3329 super
2884 3256 3068 3313 coelOs
3097 3262 3243 3315 sunt
3272 3260 3404 3331 ejus
3459 3262 3668 3318 volun-

1988 3347 2091 3403 tati
2123 3347 2405 3402 serviunt.
2444 3347 2556 3404 Sed
2588 3347 2734 3420 quia
2762 3346 2838 3402 de
2863 3346 3166 3404 leviathan
3225 3350 3508 3424 loquitur,
3560 3352 3670 3426 qui

1986 3437 2116 3508 jam
2141 3445 2269 3492 non
2298 3437 2359 3492 in
2392 3438 2628 3493 aetherei
2655 3437 2788 3493 coeli
2836 3436 2977 3493 sede
3033 3438 3392 3507 continetur,
3449 3443 3666 3500 cuncta

1991 3542 2127 3600 qua:
2161 3526 2272 3582 sub
2299 3525 2450 3582 coelo
2483 3530 2622 3583 sunt
2651 3527 2860 3583 asserit
2885 3542 2996 3583 sua
3026 3533 3178 3600 esse,
3221 3533 3289 3586 ut
3339 3545 3480 3586 eum
3523 3545 3671 3604 quo-

1993 3631 2110 3688 que
2138 3615 2243 3688 qui
2271 3615 2346 3670 de
2376 3615 2528 3672 caelo
2554 3614 2785 3684 cecidit,
2811 3631 2938 3671 suae
2969 3615 3223 3674 edoceat
3243 3617 3525 3690 potestati
3551 3635 3670 3676 ser-

1993 3706 2136 3761 vire.
2174 3704 2457 3778 Sequitur
2489 3722 2501 3760 :

2064 3797 2237 3849 Vens.
2267 3795 2320 3848 3.
2335 3793 2473 3848 Non
2485 3806 2737 3863 parcam
2754 3793 2826 3861 ei,
2844 3797 2902 3850 et
2929 3794 3126 3850 verbis
3139 3797 3500 3866 potentibus,
3516 3803 3570 3854 et
3586 3798 3671 3855 ad

1997 3881 2438 3952 deprecandum
2468 3883 2824 3951 compositis.
2881 3913 2952 3923 —
2991 3883 3134 3949 Quis
3180 3883 3297 3940 hoc
3344 3885 3563 3955 legisse
3603 3902 3669 3945 se

1998 3973 2181 4038 novit,
2215 3985 2603 4043 nequaquam
2645 3970 2941 4026 existimet
2967 3972 3113 4045 quia
3153 3974 3471 4046 culparum
3525 3987 3668 4035 sua-

1997 4076 2138 4116 rum
2168 4058 2448 4115 diabolus
2479 4059 2551 4116 sit
2570 4060 2807 4115 veniam
2829 4060 3140 4132 petiturus.
3177 4062 3292 4119 Sed
3322 4063 3571 4120 fortasse
3589 4064 3666 4122 de

2001 4149 2360 4205 Antichristo
2381 4149 2630 4205 dicitur:
2662 4169 2693 4204 ‹
2727 4151 2915 4213 Quem
2948 4151 3237 4208 Dominus
3283 4155 3453 4210 Jesus
3478 4153 3669 4211 Chris-

2001 4242 2094 4295 tus
2124 4237 2434 4295 interticiet
2463 4237 2672 4312 spiritu
2696 4239 2814 4296 oris
2846 4239 2937 4295 sui
2965 4238 3063 4312 (II
3084 4241 3284 4300 Thess.
3312 4257 3373 4314 ιι,
3394 4247 3474 4313 8),
3509 4263 3540 4294 ››
3597 4245 3671 4301 Ut

2001 4329 2242 4385 territus
2273 4331 2452 4384 tantae
2481 4329 2814 4400 majestatis
2835 4330 3156 4402 praesentia
3195 4331 3274 4388 ad
3323 4347 3530 4406 preces
3572 4331 3668 4389 in-

2001 4417 2270 4476 clinetur.
2297 4418 2470 4485 Quod
2498 4421 2701 4476 tamen
2730 4418 2805 4476 de
2834 4418 3056 4494 iniquis
3086 4421 3371 4478 omnibus
3422 4420 3671 4494 intelligi

2003 4507 2201 4580 aptius
2231 4509 2443 4580 potest,
2474 4507 2580 4581 qui
2632 4523 2764 4563 sero
2813 4505 2893 4564 ad
2947 4509 3301 4581 petitionum
3347 4509 3530 4566 verba
3563 4525 3669 4566 ve-

2001 4596 2193 4654 niunt.
2226 4595 2398 4652 Unde
2422 4597 2484 4652 in
2515 4596 2834 4667 Evangelia
2864 4596 3094 4653 Veritas
3128 4597 3307 4655 dicit:
3341 4596 3668 4671 «Domine,

2006 4685 2276 4757 Domine,
2311 4685 2482 4758 aperi
2532 4683 2710 4741 nobis
2767 4684 3008 4752 (Matth.
3037 4702 3172 4758 xxv,
3205 4689 3315 4756 11).
3351 4708 3379 4737 ››
3438 4684 3672 4752 Quibus

2004 4773 2401 4846 respondetur
2430 4791 2443 4829 :
2479 4794 2508 4824 ‹‹
2531 4776 2720 4828 Amen
2737 4772 2872 4828 dico
2893 4773 3084 4840 vobis,
3106 4774 3312 4830 nescio
3334 4789 3443 4831 vos
3464 4773 3670 4849 (Ibid.,

2009 4861 2114 4933 12).
2150 4883 2179 4909 τι
2211 4863 2542 4917 Possumus
2575 4865 2632 4919 et
2659 4861 2721 4918 in
2750 4862 2865 4918 hoc
2888 4864 3158 4935 tempore
3189 4863 3457 4937 accipere
3505 4864 3675 4938 quod

2006 4950 2082 5006 de
2111 4950 2312 5008 futuro
2333 4950 2614 5008 diximus.
2650 4953 2798 5009 Sunt
2823 4966 3089 5024 namque
3112 4953 3388 5010 nonnulli
3409 4953 3514 5026 qui
3543 4969 3676 5028 Ρω-

2006 5040 2157 5097 lixas
2189 5041 2268 5097 ad
2295 5044 2483 5097 Deum
2512 5057 2719 5114 preces
2737 5037 2982 5110 habent,
3013 5043 3120 5100 sed
3139 5044 3326 5100 vitam
3342 5043 3672 5116 deprecan-

2007 5131 2158 5186 tium
2179 5143 2303 5186 non
2333 5130 2575 5187 habent.
2606 5129 2679 5186 Hi
2708 5129 2932 5204 quippe
2974 5137 3032 5189 et
3059 5133 3233 5190 ﬂetus
3289 5133 3352 5189 in
3407 5132 3676 5190 oratione

2009 5217 2365 5292 percipiunt,
2397 5222 2456 5274 et
2476 5221 2680 5276 tamen
2711 5218 2957 5292 expletis
2981 5219 3261 5294 precibus
3318 5235 3457 5276 cum
3512 5217 3678 5276 vitio-

2011 5323 2149 5363 rum
2169 5308 2549 5380 suggestione
2573 5307 2908 5382 pulsantur,
2941 5323 3331 5384 nequaquam
3351 5323 3462 5382 pro
3512 5311 3679 5366 aeter-

2013 5398 2076 5453 ni
2100 5399 2269 5469 regni
2297 5397 2591 5455 desiderio
2613 5415 2673 5455 se
2705 5398 2941 5455 ﬂevisse
2959 5398 3382 5455 meminerunt.
3409 5400 3676 5466 Quorum

2016 5492 2218 5545 tamen
2248 5488 2631 5562 petitionibus
2659 5491 2811 5545 Deus
2841 5502 2962 5544 non
3011 5487 3223 5563 parcit,
3271 5487 3412 5566 quia
3471 5503 3682 5547 eorum

2015 5593 2223 5651 preces
2248 5594 2430 5652 opere
2457 5578 2862 5638 destruantur.
2897 5579 3178 5654 Sequitur
3209 5595 3222 5635 :
