4150 6128
571 159 574 162 .
594 119 700 174 495
1627 111 1684 167 S.
1725 111 1916 168 ODON
1925 112 1985 168 IS
2023 109 2209 165 ABBA

2436 109 2858 169 .UNIACENSIS
2896 116 2966 169 ιι.
3898 123 3995 180 sos
4071 191 4075 196 η

670 239 840 294 Vsas.
871 239 925 291 4.
959 234 1101 302 Quis
1123 234 1411 292 reuelabit
1435 234 1651 293 faciem
1707 235 2045 290 indumenti
2070 235 2199 303 ejus
2224 233 2250 288 ‘t
2287 235 2337 290 Α
2366 233 2761 305 reproborum
2791 252 2930 294 cum
2977 237 3052 294 de
3081 237 3392 310 iniquitate
3422 237 3753 311 corripitur,
3793 243 3997 313 quibus

598 323 916 390 Subaudis,
944 323 1057 380 nisi
1079 339 1213 395 ego,
1231 323 1337 396 qui
1363 339 1669 380 servorum
1698 339 1970 379 meorum
2002 320 2252 388 gratiam
2364 321 2520 378 valet
2566 325 3156 394 tergiversationibus
3209 342 3270 382 se
3327 341 3612 384 excusare
3668 334 3930 398 conatur,
3953 339 4003 390 et

596 410 1001 468 subtilissima:
1025 410 1400 468 discretionis
1428 410 1676 484 inspiro,
1702 415 1790 480 ut,
1835 408 2096 468 revelata
2126 423 2256 464 ma-
2361 409 2535 482 quasi
2555 412 2860 484 quasdam
2881 413 3244 470 defensionis
3275 431 3398 470 sua:
3447 431 3735 487 squamas
3794 417 3998 489 objicit,

590 501 738 572 litia,
769 500 982 557 faciem
1012 502 1142 572 ejus
1170 500 1401 556 nudam
1458 499 1716 568 videant,
1776 515 1964 572 quam
2015 498 2112 556 ille
2143 497 2256 556 sub
2361 514 2436 554 ne
2458 500 2726 572 transﬁgi
2752 503 2967 572 sagitta
2990 503 3256 559 veritatis
3285 503 3492 576 possit.
3528 504 3810 578 Quisquis
3834 507 4000 576 enim,

590 589 804 647 habitu
833 589 1161 647 sanctitatis
1199 589 1507 646 occultat?
1563 592 1833 645 Lalenter
1857 588 2016 645 enim
2073 586 2256 646 levia-
2361 586 2511 644 dum
2539 589 2873 662 corripitur,
2905 596 3222 664 peccatum
3271 609 3449 648 suum
3499 593 3694 664 magis
3737 609 4003 654 excusare

594 680 738 738 than
767 679 876 735 iste
899 679 1081 736 bonis
1106 678 1420 750 insidians,
1449 678 1563 734 sub
1590 678 1786 751 specie
1835 676 2163 734 sanctitatis
2193 675 2256 730 il-
2360 677 2588 749 appetit
2613 694 2801 751 quam
2821 679 3060 750 deﬂere,
3091 681 3270 753 quasi
3298 681 3571 754 squamis
3616 682 3851 753 tegitur,
3879 700 3949 741 ne
3974 702 4006 742 a

591 769 765 838 ludit,
797 774 862 825 ut
890 767 1054 825 mala
1073 785 1208 841 quae
1239 767 1322 824 eis
1351 765 1589 839 publice
1646 782 1768 822 non
1814 766 1970 822 valet
2019 764 2254 834 inferre,
2361 765 2583 821 sanctis
2613 767 3106 839 praedicatoribus
3136 768 3338 840 gladio
3363 770 3528 826 verbi
3551 770 3868 842 jaculetur.
3900 775 4004 830 Has

489 875 491 879 ‘
593 864 748 916 tecto
774 859 951 914 bona:
980 857 1231 913 actionis
1255 855 1553 912 velamine
1580 855 2067 912 subintromittat.
2091 853 2255 912 Unde
2361 853 2780 912 defensionum
2808 873 3056 914 suarum
3088 874 3375 930 squamas
3403 858 3600 915 amisit
3626 859 3842 917 Paulus
3871 861 3930 918 in
3954 863 4008 918 il-

593 953 651 1005 et
679 947 954 1005 membra
979 947 1106 1018 ejus
1137 961 1296 1018 saepe
1325 961 1464 1002 cum
1492 950 1698 1018 aperta
1726 944 1992 1018 nequitia
2038 958 2254 1000 nocere
2360 941 2772 1000 luminatione.
2811 945 2970 1004 Sicut
3000 947 3290 1019 scriptum
3315 952 3404 1004 est
3431 947 3506 1003 de
3535 964 3607 1004 eo
3640 965 3653 1003 :
3710 972 3738 999 ιι
3774 952 3842 1005 Et
3866 951 4008 1006 ceri-

593 1053 717 1096 non
740 1040 1012 1110 possunt,
1043 1036 1220 1092 bonae
1241 1034 1491 1092 actionis
1513 1034 1788 1091 habitum
1821 1037 2086 1090 sumunt.
2113 1031 2256 1088 Hinc
2361 1029 2580 1088 derunt
2609 1032 2688 1089 ab
2718 1033 2908 1092 oculis
2935 1036 3065 1107 ejus
3095 1041 3388 1109 tanquam
3420 1053 3691 1109 squamas
3739 1039 3901 1105 (Act.
3933 1055 4005 1107 ix,

589 1127 754 1184 enim
784 1124 1073 1197 scriptum
1097 1128 1186 1179 est
1234 1142 1247 1179 :
1309 1143 1338 1172 «
1372 1125 1504 1195 Ipse
1535 1123 1696 1178 enim
1740 1122 1993 1179 Satanas
2022 1119 2258 1178 transﬁ-
2369 1121 2471 1176 18‘.
2498 1139 2526 1172 »
2559 1121 2662 1177 Hie
2693 1139 2986 1195 squamae,
3007 1123 3291 1197 quamvis
3310 1140 3488 1180 omne
3504 1140 3657 1198 pene
3677 1125 4009 1183 humanum

591 1220 767 1286 gurat
790 1231 853 1271 se
880 1214 942 1270 in
972 1212 1258 1282 angelum
1294 1211 1445 1268 lucis
1470 1212 1563 1283 ,(ῙΙ
1591 1213 1729 1269 Cor.
1762 1228 1840 1278 ιι,
1867 1212 1976 1282 14).
2010 1234 2039 1261 ››
2102 1208 2256 1276 Quid
2361 1224 2553 1280 genus
2583 1215 2924 1283 contegant,
2955 1213 3422 1286 hypocritarum
3443 1219 3642 1270 tamen
3693 1214 4011 1288 specialiter

590 1320 734 1375 ergo
758 1303 979 1359 mirum
1004 1301 1052 1357 si
1081 1301 1336 1356 ministri
1366 1301 1495 1372 ejus
1537 1301 2040 1371 transtigurantur
2094 1298 2257 1354 velut
2360 1303 2420 1355 et
2434 1299 2790 1358 callidorum
2811 1301 3129 1358 hominum
3142 1308 3372 1358 mentes
3394 1308 3693 1375 premunt.
3719 1303 3840 1377 Ipsi
3864 1305 4010 1360 enim

588 1391 847 1448 ministri
872 1390 1013 1461 justi
1027 1390 1115 1446 tiae
1139 1390 1166 1444 ‘?
1214 1389 1490 1462 Sequitur
1546 1406 1559 1445 :
1623 1391 1703 1445 Et
1733 1391 1795 1444 in
1824 1389 2079 1444 medium
2134 1388 2254 1442 oris
2362 1387 2572 1456 culpas
2597 1405 2739 1446 suas
2769 1394 2935 1447 tanto
2957 1391 3369 1446 vehementius
3399 1392 3666 1447 conﬁteri
3695 1391 4008 1463 refugiunt,

588 1484 717 1553 ejus
744 1481 876 1552 quis
898 1481 1151 1536 intravit
1178 1484 1206 1534 Σ)
1236 1511 1299 1519 ——
1330 1477 1650 1546 Subaudis,
1707 1477 1820 1534 nisi
1851 1493 1982 1548 ego,
2014 1477 2117 1550 qui
2147 1492 2254 1549 per
2361 1482 2591 1549 quanto
2621 1482 2678 1534 et
2705 1478 2938 1534 stultius
2967 1479 3154 1536 videri
3189 1479 3266 1535 ab
3297 1479 3646 1536 hominibus
3676 1485 4010 1554 peccatores

587 1574 845 1628 secretas
873 1569 1197 1625 electorum
1225 1572 1453 1624 mentes
1478 1566 1936 1638 suggestionum
1963 1566 2093 1636 ejus
2124 1581 2251 1621 ver-
2293 1584 2334 1640 Β
2363 1565 2745 1623 erubescunt.
2779 1571 2857 1624 De
2885 1567 3108 1640 quibus
3135 1567 3289 1625 bene
3317 1585 3425 1641 per
3468 1570 3832 1642 prophetam
3885 1570 4011 1626 dici-

583 1661 667 1717 ba
695 1659 972 1730 discutio,
1005 1663 1070 1714 ut
1099 1673 1490 1730 nequaquam
1521 1661 1852 1729 pensantur
1875 1655 2041 1729 quod
2087 1671 2251 1712 reso-
2361 1658 2492 1711 tur:
2526 1677 2554 1705 «
2590 1655 2674 1712 lbi
2703 1656 2948 1713 cubavit
2971 1657 3174 1724 lamia,
3199 1663 3256 1714 et
3284 1658 3511 1715 invenit
3567 1659 3679 1715 sibi
3725 1659 4010 1732 requiem,

585 1752 751 1816 nant,
785 1747 890 1803 sed
919 1763 1043 1819 quo
1073 1745 1406 1802 intendant.
1441 1745 1716 1818 Sequitur
1749 1761 1761 1798 :
2358 1741 2442 1798 ibi
2471 1743 2682 1800 habuit
2705 1743 2944 1801 foveam
2994 1745 3250 1802 hericius
3307 1747 3450 1814 (Isa.
3505 1763 3705 1815 xxxrv,
3747 1749 3951 1814 14-15).
3981 1772 4007 1800 υ

656 1839 828 1892 Vens.
943 1837 1162 1891 Portus
1188 1837 1389 1891 vultus
1419 1836 1547 1904 ejus
1569 1836 1701 1904 quis
1723 1834 1995 1903 aperiet?
2014 1863 2083 1872 —-
2107 1831 2252 1888 Sub-
2361 1833 2467 1886 Per
2491 1830 2739 1889 iamiam
2765 1832 2990 1906 quippe
3022 1833 3372 1906 hypocritse,
3406 1851 3514 1907 per
3539 1835 3838 1891 hericium
3887 1852 4010 1892 vero

584 1925 781 1996 audis,
813 1924 926 1980 nisi
950 1940 1084 1994 ego,
1108 1923 1212 1996 qui
1238 1922 1436 1978 electis
1465 1921 1615 1978 meis
1637 1921 1960 1991 magistros
1979 1935 2251 1976 errorum
2361 1919 2641 1976 malitiosi
2665 1921 2890 1995 quippe
2919 1922 3026 1995 qui
3052 1922 3300 1978 diversis
3324 1940 3387 1979 se
3409 1923 3867 1981 defensionibus
3882 1940 4012 1981 con-

587 2014 703 2070 sub
735 2010 931 2086 specie
957 2011 1285 2068 sanctitatis
1311 2010 1718 2081 absconditos,
1745 2009 2065 2084 perspicua
2089 2007 2252 2078 cogi-
2361 2014 2593 2079 gerunt,
2627 2010 3038 2081 designantur.
3071 2012 3349 2085 Sequitur
3378 2030 3391 2068 :

584 2102 811 2158 tatione
836 2100 1154 2158 manifesto
1184 2101 1211 2156 ?
1243 2100 1402 2156 Sicut
1431 2099 1592 2156 enim
1614 2098 1804 2155 sancti
1830 2097 2251 2171 praedicatores
2432 2099 2609 2157 Vens.
2637 2102 2693 2156 7.
2730 2102 2861 2158 Una
2893 2103 3003 2158 uni
3029 2104 3445 2174 conjungitur,
3477 2110 3531 2160 et
3553 2119 3627 2161 ne
3647 2106 4010 2174 spiraculum

585 2195 772 2263 portae
809 2190 948 2247 Sion
975 2193 1283 2256 vocantur,
1337 2189 1420 2245 ita
1473 2187 1654 2245 etiam
1704 2204 1811 2260 per
1839 2189 2044 2260 portas
2073 2186 2249 2243 levia-
2357 2188 2577 2245 incedit
2599 2205 2713 2260 per
2739 2206 2829 2248 ea.
2855 2220 2926 2232 —
2957 2191 3109 2258 Quia
3135 2191 3550 2265 iniquitatibus
3579 2193 3701 2248 suis
3731 2193 3886 2250 dum
3943 2195 4010 2250 vi-

583 2279 730 2336 than
757 2279 949 2348 istius,
981 2295 1253 2335 errorum
1282 2277 1554 2348 magistri
1605 2277 1938 2346 signantur,
1986 2291 2249 2348 quorum
2357 2276 2560 2332 cissim
2591 2293 2653 2334 se
2686 2278 2949 2352 superba
3003 2278 3352 2336 defensione
3403 2285 3744 2353 protegunt,
3800 2288 4011 2340 sancte

584 2367 729 2423 dum
760 2365 1110 2441 praedicatio
1141 2381 1424 2438 perversa
1451 2363 1751 2436 recipitur,
1798 2363 2032 2420 miseris
2084 2362 2253 2419 audi-
2358 2366 2786 2424 exhortationis
2816 2367 3049 2440 spicula
3075 2367 3153 2425 ad
3181 2384 3243 2425 se
3273 2369 3619 2426 nullatenus
3651 2372 4008 2444 permittunt.

584 2455 812 2512 toribus
843 2455 942 2511 via
969 2454 1318 2528 perditionis
1348 2453 1629 2527 aperitur.
1659 2452 1937 2525 Sequitur
1960 2469 1973 2508 :
1996 2454 2119 2509 Per
2145 2468 2252 2523 gy-
2360 2455 2637 2528 Sequitur
2662 2474 2676 2512 :

585 2562 721 2602 rum
747 2545 1016 2601 dentium
1041 2547 1170 2614 eius
1195 2544 1481 2614 formido.
1512 2574 1582 2583 —
1616 2542 1678 2598 ld
1699 2547 1810 2610 est,
1838 2541 2079 2615 iniquos
2099 2558 2251 2614 prae-
2427 2545 2598 2602 Vrsas.
2630 2550 2682 2602 8.
2713 2547 2847 2604 Una
2875 2549 3060 2605 atteri
3083 2549 3432 2613 adhaerebit,
3455 2554 3510 2605 et
3535 2555 3804 2607 tenentes
3829 2566 3892 2607 se
3915 2566 4005 2607 ne-

585 2633 880 2690 dicatores
910 2633 1255 2689 Antichristi
1285 2648 1580 2706 perversae
1605 2632 1788 2703 hujus
1821 2630 2023 2688 saeculi
2049 2636 2249 2705 prote-
2354 2649 2657 2706 quaquam
2680 2637 3147 2706 separabantur.
3171 2669 3238 2678 ——
3267 2637 3375 2700 Qui
3403 2636 3564 2693 enim
3585 2637 3762 2694 divisi
3794 2638 4008 2708 corrigi

585 2727 736 2794 gunt
757 2726 1104 2795 potestates.
1138 2726 1289 2779 Nam
1311 2737 1467 2794 quos
1495 2721 1578 2777 illi
1607 2725 1900 2794 appetunt
1940 2720 2246 2794 loquendo
2354 2727 2650 2796 poterant,
2707 2724 3091 2798 iniquitatum
3151 2741 3397 2783 suarum
3455 2726 3787 2799 pertinacia
3845 2727 4012 2784 vincti

586 2814 893 2883 seducere,
921 2813 1090 2869 multi
1118 2813 1452 2887 potentium
1482 2813 1723 2869 student
1747 2811 2047 2870 saeviendo
2074 2817 2242 2868 terre~
2355 2809 2722 2884 perdurant;
2756 2818 2814 2869 et
2843 2817 3005 2870 tanto
3034 2814 3228 2884 magis
3265 2813 3533 2887 quotidie
3591 2829 3628 2870 a
3677 2816 4011 2887 cognitione

584 2918 670 2959 re.
705 2902 848 2959 Hinc
877 2902 938 2958 in
958 2901 1324 2974 Apocalypsi
1354 2901 1643 2974 scriptum
1707 2904 1797 2956 est
1855 2917 1870 2955 :
1929 2922 1957 2949 «
1985 2903 2246 2956 Potestas
2277 2931 2320 2987 ο
2347 2900 2588 2971 iustitiae
2619 2901 3074 2974 separabiliores
3102 2903 3273 2970 ﬁunt,
3304 2907 3535 2976 quanto
3560 2919 3599 2960 a
3644 2919 3706 2960 se
3757 2904 4012 2960 invicem

585 3007 882 3064 equorum
911 2990 973 3047 in
1002 3007 1105 3047 ore
1134 2997 1191 3047 et
1216 2991 1278 3046 in
1306 2989 1516 3046 caudis
1545 2990 1676 3061 ejus
1727 2991 1934 3059 (Apoc.
1982 3005 2062 3058 ix,
2099 2994 2185 3046 19.
2215 3012 2243 3038 ››
2350 2988 2517 3044 nulla
2542 2989 2948 3063 increpatione
2971 2995 3346 3064 separantur.
3375 2992 3518 3048 Hinc
3541 2991 3834 3049 Salomon
3865 2993 4009 3048 ait:»

586 3084 650 3136 In
670 3097 773 3137 ore
796 3096 1062 3153 namque
1089 3080 1405 3136 doctorum
1432 3078 1698 3148 scientia,
1747 3078 1810 3134 in
1858 3077 2054 3135 cauda
2101 3093 2243 3135 vero
2351 3079 2580 3151 Stuppa
2609 3077 2857 3136 collecta
2883 3095 3196 3152 synagoga
3223 3081 3606 3153 peccantium
3658 3081 3882 3152 (Eccti.
3904 3098 4009 3146 xxi,

585 3167 965 3225 secularium
991 3167 1258 3241 potentia
1282 3167 1597 3237 ﬂguratur.
1632 3167 1795 3224 Sicut
1822 3168 1987 3223 enim
2019 3171 2243 3223 sanctis
2355 3170 2464 3235 10).
2497 3189 2525 3217 η
2556 3167 2703 3224 Hinc
2728 3169 2963 3224 Nahum
2995 3169 3290 3242 propheta
3319 3170 3401 3226 ait
3431 3187 3444 3226 :
3471 3193 3499 3219 ‹‹
3535 3170 3694 3226 Sicut
3719 3171 4012 3243 spinaain-

583 3257 859 3315 Ecclesia:
889 3261 1030 3312 sunt
1055 3255 1282 3324 dentes,
1315 3255 1392 3311 de
1432 3255 1656 3328 quibus
1687 3255 1904 3312 dicitur
1932 3272 1946 3311 :
1973 3278 2001 3306 α
2030 3257 2244 3312 Dentes
2350 3255 2544 3313 vicem
2563 3256 3064 3331 complectuntur,
3097 3259 3180 3315 sic
3201 3259 3546 3316 convivium
3565 3275 3780 3316 eorum
3799 3259 4012 3333 pariter

584 3345 670 3401 tui
699 3345 851 3402 sicut
879 3359 1024 3414 grex
1052 3343 1465 3413 detonsarum,
1498 3366 1528 3393 »
1579 3347 1670 3400 etc
1699 3344 1904 3415 (Cant.
1937 3360 2016 3413 iv,
2047 3347 2105 3411 2)
2162 3343 2245 3400 ita
2351 3345 2688 3418 potentium
2717 3347 2898 3417 (Nah.
2935 3348 3042 3418 10).
3078 3369 3106 3398 ››
3135 3347 3410 3420 Sequitur
3442 3365 3455 3404 :

581 3433 887 3491 leviathan
917 3432 1126 3488 dentes
1153 3435 1294 3488 sunt
1313 3447 1584 3488 errorum
1607 3432 1896 3503 magistri,
1914 3431 2018 3504 qui
2036 3447 2242 3505 repro-
2420 3436 2588 3490 Vens.
2620 3437 2671 3489 9.
2705 3436 3082 3492 Sternutatio
3108 3438 3238 3506 ejus
3267 3437 3551 3506 splendor
3571 3436 3750 3508 ignis.
3787 3469 3853 3478 —
3876 3438 4012 3492 Steb

581 3521 805 3578 borum
830 3521 1011 3576 vitam
1041 3520 1377 3577 mordendo
1404 3520 1716 3587 dilaniant,
1750 3524 1807 3576 et
1834 3535 1938 3576 eos
1966 3535 2003 3576 a
2026 3519 2243 3577 verita-
2350 3520 2580 3577 nutatio
2599 3521 2826 3594 quippe
2854 3521 3062 3580 inﬂato
3083 3539 3120 3580 a
3146 3527 3384 3597 pectore
3405 3523 3686 3594 exsurgit,
3709 3539 3857 3596 quae
3883 3539 4008 3580 cum

581 3609 658 3664 tis
685 3608 1018 3679 integritate
1049 3608 1400 3679 subductos,
1418 3608 1481 3664 in
1495 3607 1788 3664 sacriﬁcio
1815 3606 2091 3664 falsitatis
2107 3624 2242 3665 ma-
2352 3614 2592 3682 apertos
2621 3609 2700 3667 ad
2730 3613 3144 3669 emanandum
3168 3628 3351 3686 poros
3381 3628 3506 3669 non
3559 3612 3818 3681 invenit,
3867 3627 4010 3670 cere-

579 3700 766 3754 ctant.
800 3696 1076 3769 Sequitur
1107 3713 1120 3753 :
2350 3697 2529 3756 bram
2557 3700 2764 3771 tangit,
2797 3705 2854 3756 et
2882 3706 3167 3772 congesta
3197 3717 3304 3774 per
3331 3717 3510 3758 nares
3539 3701 3767 3770 exiens,
3831 3707 4009 3759 totum

655 3787 827 3843 Vsus.
856 3791 908 3842 6.
942 3786 1171 3856 Corpus
1193 3787 1362 3843 illius
1400 3785 1580 3857 quasi
1601 3790 1777 3842 scuta
1810 3786 2048 3856 fusitia.
2077 3817 2146 3826 --
2175 3786 2240 3842 In
2350 3792 2532 3861 caput
2559 3787 2830 3862 protinus
2853 3790 3136 3847 concutit.
3169 3790 3352 3856 Quasi
3372 3790 3535 3848 enim
3561 3790 3798 3848 inﬂatio
3821 3807 3860 3849 a
3884 3806 4012 3864 pee-

548 3939 566 3953 Δ
577 3875 886 3950 Scriptura
915 3891 1089 3933 sacra
1115 3875 1265 3934 scuti
1285 3874 1531 3932 nomine
1561 3873 1890 3947 aliquando
1909 3889 2020 3947 pro
2035 3874 2242 3931 divina
2349 3880 2473 3934 tore
2494 3877 2798 3934 leviathan
2828 3879 3034 3949 surgit,
3067 3879 3217 3936 dum
3242 3879 3419 3936 elatio
3445 3895 3509 3936 se
3532 3879 3702 3950 erigit
3730 3895 3816 3936 ex
3865 3896 4009 3954 prae-

553 3964 944 4038 .protectione
970 3963 1230 4037 ponitur.
1265 3961 1505 4021 Utillud
1555 3979 1568 4018 :
1621 3962 1956 4031 «Domine,
1982 3967 2048 4020 ut
2071 3967 2240 4020 scuto
2348 3965 2530 4022 sentis
2559 3966 2760 4024 saeculi
2809 3971 3142 4041 potestate:
3203 3968 3310 4025 sed
3349 3985 3533 4042 poros
3582 3983 3705 4024 non
3763 3968 4007 4034 invenit,

575 4054 754 4111 bonae
784 4053 1106 4110 voluntatis
1136 4058 1274 4122 tuae,
1294 4076 1322 4104 »
1345 4056 1457 4110 etc.
1475 4053 1663 4125 (Psat.
1677 4069 1738 4123 v,
1765 4054 1870 4124 13).
1898 4051 2236 4126 Aliquando
2345 4054 2490 4126 quia
2540 4059 2749 4112 contra
2795 4055 2990 4127 justos
3045 4055 3323 4114 extollere
3391 4061 3690 4130 quantum
3762 4056 4006 4130 appetit,

574 4159 686 4217 pro
710 4144 981 4200 humana
993 4143 1528 4216 repugnatione,ut
1549 4141 1697 4198 illud
1723 4158 1778 4196 τα
1807 4141 1890 4197 lbi
1906 4140 2237 4211 confringet
2346 4141 2719 4214 prohibetur.
2751 4143 3074 4201 Cerebrum
3104 4148 3307 4202 autem
3360 4145 3641 4216 concutit,
3691 4146 3852 4217 quia
3880 4160 4007 4201 sen-

573 4232 893 4305 potentias,
925 4235 982 4288 et
1010 4231 1276 4303 gladium
1305 4235 1362 4286 et
1391 4234 1651 4337 scutum,
1681 4230 1870 4329 (ἔδεαι.
1905 4245 2072 4329 Lxxv,
2100 4231 2176 4302 4).
2204 4252 2231 4279 ››
2271 4283 2315 4337 D
2344 4243 2483 4286 sum
2511 4231 2830 4337 Satanaa‘in
2865 4231 2983 4287 ﬁne
3011 4231 3224 4288 mundi
3253 4233 3474 4289 arctius
3502 4231 3808 4305 pertubat,
3841 4237 3902 4289 et
3923 4246 4010 4287 ca-

574 4322 752 4378 Scuta
765 4321 988 4395 quippe
1003 4319 1200 4376 fusilia
1226 4321 1348 4375 ictu
1361 4317 1610 4390 quidem
1626 4317 1964 4374 ferientium
1979 4318 2228 4375 minime
2271 4317 2315 4337 ”
2344 4322 2454 4388 put
2480 4317 2699 4387 turbat,
2732 4318 2880 4375 dum
2909 4334 3016 4392 per
3038 4319 3467 4377 Antichristum
3521 4320 4007 4394 persecutionem

568 4411 976 4482 penetrantur,
1008 4407 1114 4463 sed
1133 4422 1244 4461 suo
1266 4421 1328 4460 se
1350 4404 1526 4477 lapsu
1548 4405 2002 4477 perfragmenta
2021 4405 2230 4463 dissol—
2342 4405 2608 4464 ﬁdelium
2639 4409 3026 4466 vehementer
3073 4409 3308 4466 excitat.
3367 4412 3529 4466 Tunc
3585 4415 3884 4481 congesta
3920 4409 4008 4463 in-

567 4503 734 4556 vunt.
765 4501 994 4570 Corpus
1015 4511 1159 4566 ergo
1184 4494 1486 4550 leviathan
1517 4493 1704 4562 istius,
1759 4494 1816 4549 id
1851 4499 1962 4567 est,
2015 4512 2226 4553 omnes
2335 4495 2500 4554 ﬂatio
2549 4513 2656 4570 per
2703 4499 2834 4570 ejus
2887 4513 3064 4555 nares
3121 4499 3443 4569 egreditur,
3531 4499 3677 4572 quia
3744 4504 3874 4556 tota
3907 4513 4005 4552 su-

563 4587 778 4660 iniqui,
809 4586 954 4659 quia
979 4601 1086 4658 per
1115 4582 1580 4640 obstinationem
1609 4583 1745 4639 duri
1799 4589 1955 4653 sunt,
1981 4585 2086 4642 sed
2117 4603 2224 4660 per
2333 4584 2556 4657 perbise
2617 4587 2748 4658 ejus
2797 4585 3082 4660 iniquitas
3157 4585 3380 4661 apertis
3437 4586 3701 4643 malitias
3759 4586 4006 4644 ﬂatibus

563 4675 750 4733 vitam
782 4673 1038 4744 fragiles,
1071 4671 1251 4728 scutis
1280 4670 1557 4727 fusilibus
1594 4679 2042 4745 comparantur.
2075 4679 2223 4733 Cum
2333 4671 2796 4731 demonstratur.
2845 4675 3205 4732 Sternutatio
3257 4690 3400 4746 ergo
3456 4678 3707 4732 vocatur
3759 4675 3868 4732 illa
3913 4689 4006 4729 ex-

561 4763 722 4818 enim
753 4761 936 4818 verba
985 4759 1428 4833 praedicationis
1483 4759 1758 4832 audiunt,
1818 4761 1984 4818 nullo
2026 4778 2221 4819 corre-
2332 4763 2524 4818 trema
2577 4763 2917 4820 Antichristi
2968 4764 3334 4836 commotio,
3407 4763 3470 4820 in
3521 4779 3645 4836 quo
3697 4763 4002 4820 leviathan

543 4841 780 4925 'ptionis
801 4849 1007 4921 jaculo
1025 4867 1089 4906 se
1105 4851 1797 4923 penetrarepermittunt,
1812 4851 1954 4924 quia
1969 4852 2031 4908 in
2052 4853 2221 4909 omni
2330 4847 2683 4921 ingreditur,
2743 4856 2808 4908 ut
2891 4868 3000 4926 per
3054 4868 3195 4909 eum
3259 4852 3531 4926 reprobis
3584 4852 3996 4925 principetur:

555 4943 804 5012 peccato
833 4935 1001 5010 quod
1026 4936 1272 5006 faciunt,
1299 4942 1535 4994 scutum
1559 4939 1833 5012 superbae
1854 4939 2217 4996 defensionis
2329 4943 2387 4994 et
2443 4939 2490 4994 si
2547 4945 2742 5012 potest
2807 4941 2956 5009 ﬁeri,
3041 4947 3106 4998 ut
3155 4941 3431 4999 membra
3507 4942 3690 4998 etiam
3765 4937 3999 4998 Domini

542 5029 893 5100 _opponunt.
925 5025 1066 5082 Hinc
1097 5041 1204 5099 per
1231 5025 1548 5083 Jeremiam
1574 5026 1789 5084 dicitur
1849 5045 1862 5084 :
1924 5050 1952 5076 ‹‹
1985 5028 2215 5084 Reddas
2328 5026 2514 5084 electa
2539 5029 2846 5101 perturbet
2879 5049 2892 5098 ;
2924 5030 3028 5103 qui
3050 5031 3230 5088 tantis
3259 5030 3447 5102 signis
3476 5035 3533 5087 et
3560 5030 3860 5104 prodigiis
3888 5027 3996 5083 uti-

553 5115 607 5173 ei
636 5115 843 5182 vicem,
877 5114 1150 5185 Domine,
1177 5113 1350 5186 juxta
1375 5130 1562 5189 opera
1589 5131 1885 5173 manuum
1917 5132 2166 5172 suaruu
2199 5135 2212 5185 ;
2327 5119 2440 5184 tur,
2470 5120 2535 5173 ut
2558 5117 2988 5174 miraculorum
3013 5119 3279 5193 potentia
3307 5119 3484 5192 quasi
3511 5119 3785 5191 quodam
3840 5113 3992 5188 ignis

546 5206 721 5264 dabis
751 5205 834 5262 eis
861 5209 1098 5261 scutum
1127 5203 1324 5261 cordis
1345 5204 1621 5261 laborem
1645 5209 1821 5261 tuum
1852 5205 2096 5274 (Thren.
2127 5222 2208 5275 ni,
2322 5201 2548 5263 lumine
2577 5207 2960 5280 resplendere
2989 5207 3276 5265 videatur.
3303 5208 3582 5281 Sequitur
3613 5208 3830 5265 :Oeuti
3869 5209 3991 5276 eius

546 5295 754 5360 64-65).
789 5316 818 5343 »
851 5293 1127 5367 Sequitur
1159 5311 1172 5349 :
1204 5292 1594 5362 Compactum
1638 5294 1900 5364 squamis
1953 5309 2014 5349 se
2056 5309 2214 5363 prae-
2321 5299 2386 5348 ut
2415 5296 2722 5365 palpebra
2746 5298 3026 5354 ditucuti.
3078 5329 3148 5338 —
3196 5300 3302 5354 Per
3347 5296 3558 5354 oculos
3599 5296 3831 5370 quippe
3862 5295 3990 5366 ejus

543 5384 806 5440 sentibus
858 5381 1328 5453 [prementibus].
1386 5410 1458 5420 —
1510 5383 1711 5436 Fertur
1739 5381 1884 5454 quia
1925 5379 2208 5438 draconis
2320 5385 2642 5442 consiliarii
2674 5385 3085 5457 designantur,
3118 5388 3222 5460 qui
3251 5387 3402 5444 dum
3435 5385 3731 5461 perversis
3761 5383 3993 5440 machi-

539 5487 759 5544 corpus
781 5469 1050 5543 squamis
1079 5467 1312 5539 tegitur,
1342 5482 1453 5524 nec
1483 5466 1654 5523 citius
1677 5467 2044 5538 jaculatione
2100 5487 2206 5543 pe-
2316 5474 2665 5533 nationibus
2697 5490 2829 5546 quae
2856 5476 3112 5550 qualiter
3159 5476 3401 5546 agenda
3455 5475 3575 5532 sint
3630 5471 3990 5548 praevident,

536 5562 822 5616 netratur.
848 5561 932 5613 Ita
952 5571 1133 5613 omne
1154 5571 1378 5630 corpus
1399 5554 1646 5628 diaboli,
1667 5554 1732 5613 id
1752 5562 1860 5629 est,
1881 5556 2202 5619 multitudo
2320 5563 2602 5636 malignis
2621 5564 2673 5636 ej
2683 5579 2751 5619 us
2772 5565 3058 5638 operariis
3075 5565 3253 5640 quasi
3271 5569 3582 5624 ostensum
3593 5561 3860 5637 pedibus
3879 5560 3994 5617 iter
