4120 6156
169 182 276 236 497

168 301 465 375 prabent.
486 299 596 366 Qui
617 305 774 356 recte
794 301 1101 373 palpebris
1121 301 1366 357 diluculi
1388 308 1835 375 comparantur.

169 389 500 462 Palpebras
527 403 793 461 namque
832 388 1077 444 diluculi
1099 394 1398 446 extremas
1429 391 1624 447 noctis
1656 392 1838 448 horas

167 477 522 551 accipimus.
555 477 878 533 Prudentes
923 477 1104 547 igitur
1147 479 1449 552 perversis
1495 480 1838 537 Antichristi

167 567 432 624 consiliis
462 567 845 636 inhaerentes,
867 567 1042 640 quasi
1063 567 1368 640 palpebra
1403 574 1540 626 sunt
1568 569 1837 642 diluculi,

165 657 314 730 quia
337 656 522 712 ﬁdem
552 671 736 728 quam
768 656 829 712 in
875 656 1104 713 Christo
1131 657 1444 714 inveniunt
1473 659 1647 732 quasi
1673 675 1835 715 erro-

164 745 248 802 ris
299 745 596 801 nocti......
625 746 739 816 (66)
785 748 842 801 et
870 746 1318 802 venerationem
1365 747 1704 804 Antichristi
1745 764 1836 804 ve-

164 851 308 891 rum
337 850 466 890 esse
497 849 676 890 mane
718 834 1092 907 pollicentur.
1135 836 1444 908 Spondent
1470 837 1631 893 enim
1665 852 1728 892 se
1760 841 1838 902 te-

165 923 392 979 nebras
437 921 744 995 repellere,
777 927 834 978 et
875 923 1136 981 veritatis
1165 923 1362 981 lucem
1408 925 1595 996 signis
1625 924 1838 981 clares-

167 1012 446 1068 centibus
476 1011 770 1068 nuntiare.
803 1012 1079 1085 Sequitur
1105 1031 1119 1068 :

241 1103 410 1156 Vens.
448 1103 531 1156 10.
581 1101 670 1156 De
716 1115 817 1157 ore
866 1103 995 1170 ejus
1045 1103 1352 1172 lampades
1378 1104 1734 1172 procedunt.
1765 1135 1834 1143 —

165 1191 281 1257 Qui
312 1190 473 1246 enim
501 1189 852 1262 procedunt,
885 1191 1077 1258 oculi;
1111 1191 1214 1264 qui
1244 1195 1444 1248 autem
1475 1193 1826 1265 pradicant,

167 1295 238 1336 os
293 1283 604 1336 vocantur.
641 1279 755 1335 Sed
800 1279 875 1334 de
922 1279 1038 1336 hoc
1084 1297 1187 1336 ore
1233 1280 1546 1354 lampades
1593 1284 1830 1347 exeunt,

163 1368 316 1441 quia
355 1372 585 1424 mentes
613 1366 986 1424 audientium
1027 1368 1106 1424 ad
1136 1360 1405 1425 amorem
1436 1369 1700 1441 perﬁdia
1731 1385 1832 1425 ac-

161 1457 454 1513 cendunt.
485 1455 649 1512 Unde
680 1457 840 1512 enim
885 1457 1060 1530 quasi
1088 1473 1195 1530 per
1226 1458 1584 1530 sapientiam
1611 1459 1828 1524 lucent,

163 1547 308 1602 inde
335 1544 546 1618 procul
576 1544 764 1600 dubio
795 1561 900 1617 per
927 1546 1258 1618 nequitiam
1288 1551 1693 1603 concremant.
1730 1549 1830 1604 Se-

945 182 1241 238 EIP’I‘OME
1279 181 1642 238 MORALIUM
1683 183 1738 239 S.
1780 183 1986 241 GREG.
2035 187 2108 242 IN
2143 189 2284 246 JOB.
2327 220 2397 232 —-
2436 193 2564 247 LIB.
2604 195 2823 250 XXXIV.

3500 201 3607 256 4-98

1950 307 2183 364 deatur.
2246 311 2356 376 Qui
2407 312 2586 369 etiam
2634 313 2965 388 aliquando
3021 318 3344 376 electorum
3397 321 3606 377 oculos

1947 397 2154 466 tangit.
2209 399 2357 455 Hinc
2409 402 2570 459 enim
2621 403 2907 476 scriptum
2956 411 3071 464 est:
3129 409 3474 466 «Turbatus
3519 414 3607 467 est

1945 500 2070 557 pra
2100 486 2189 542 ira
2218 488 2430 544 oculus
2458 507 2629 546 meus
2660 493 2847 562 (Psat.
2881 510 2958 561 v1,
2989 497 3096 566 8).»
3133 499 3352 554 Fumus
3381 497 3490 555 iste
3514 514 3606 555 re-

1946 574 2280 645 proborum
2320 578 2604 635 cordibus
2649 585 2800 653 quot
2826 581 3025 638 illicita
3053 584 3349 642 desideria
3380 586 3604 654 inserit,

1945 665 2119 736 quasi
2158 683 2267 738 per
2296 672 2383 724 tot
2410 674 2547 725 ante
2590 670 2797 726 oculos
2828 672 3040 741 globos
3065 675 3494 744 cogitationum
3521 678 3607 733 in-

1945 756 2239 812 tumescit.
2271 757 2416 813 Hinc
2439 759 2563 814 Joel
2588 760 2704 816 ait:
2763 781 2794 815 ‹
2822 761 3144 819 Residuum
3190 781 3383 822 eruca
3412 782 3608 823 come-

1945 842 2032 898 dit
2053 842 2307 914 locusta,
2335 852 2392 910 ct
2416 847 2726 904 residuum
2768 849 3012 906 locusta
3059 851 3325 908 comedit
3358 853 3602 921 brucus,

1945 937 2004 988 et
2030 932 2339 990 residuum
2364 934 2535 991 bruci
2565 937 2826 994 comedit
2848 938 3064 1009 rubigo
3083 941 3252 1012 (Joet.
3287 958 3323 1006 ι,
3352 942 3463 1013 4).»
3499 941 3616 1009 Ubi

1943 1019 2201 1088 luxuria,
2235 1027 2292 1080 et
2334 1024 2530 1081 inanis
2579 1026 2787 1096 gloria,
2820 1031 2878 1084 et
2928 1030 3148 1084 ventris
3196 1030 3514 1101 ingluvies,
3550 1035 3608 1087 et

1943 1108 2034 1165 ira
2087 1109 2458 1180 designatur.
2521 1109 2834 1186 Sequitur:
2887 1115 3055 1172 Sicut
3113 1119 3252 1173 olla
3311 1133 3606 1175 succensa

1943 1202 2124 1268 atque
2168 1199 2478 1268 ferventis.
2533 1232 2603 1242 —
2645 1201 2812 1258 Velut
2862 1203 3024 1258 enim
3071 1203 3191 1261 olla
3242 1203 3482 1261 fervens
3519 1211 3607 1262 est

1942 1301 2324 1359 unaquaque
2355 1293 2496 1344 tunc
2528 1290 2734 1346 anima
2763 1292 3193 1361 cogitationum
3224 1309 3472 1349 suarum
3494 1295 3604 1350 im-

1941 1378 2134 1447 petus,
2167 1376 2341 1447 quasi
2399 1392 2648 1448 spumas
2690 1378 2992 1435 undarum
3044 1380 3402 1448 ardentium,
3435 1382 3604 1438 susti-

1941 1478 2112 1518 nens.
2148 1464 2330 1528 Quasi
2359 1465 2515 1535 ignis
2544 1465 2653 1521 zeli
2682 1469 3027 1538 commovit,
3059 1474 3117 1524 et
3143 1469 3276 1542 ipsa
3304 1475 3604 1542 tempora-

1939 1550 2011 1606 lis
2041 1552 2357 1623 oppressio
2394 1570 2561 1610 more
2615 1554 2749 1610 olla
2777 1555 3134 1612 intrinsecus
3162 1559 3396 1614 clausas
3423 1563 3599 1616 tenet.

161 1636 390 1708 quitur.
421 1634 587 1690 Sicut
637 1635 805 1689 taeda
845 1635 1002 1705 ignis
1032 1650 1310 1692 accensa.
1344 1668 1412 1676 —-
1441 1635 1617 1692 Tada
1647 1635 1828 1706 enim,
1861 1663 1905 1715 Β
1941 1642 2291 1697 Monxuren.
2327 1641 2454 1698 Olla
2483 1642 2645 1699 enim
2675 1645 3076 1715 succenditur,
3103 1662 3242 1702 cum
3289 1663 3461 1703 mens
3489 1648 3593 1703 hu-

162 1739 307 1781 cum
351 1722 717 1790 accenditur,
749 1723 998 1779 odorem
1043 1723 1287 1802 quidem
1333 1740 1582 1780 suavem
1627 1724 1828 1794 habet,

161 1813 273 1870 sed
298 1813 506 1868 lumen
543 1811 900 1879 obscurum;
956 1812 1036 1868 ita
1088 1812 1181 1868 isti
1222 1813 1642 1885 pradicatores
1673 1814 1832 1870 Anti-

161 1901 393 1968 christi,
425 1901 567 1973 quia
601 1901 926 1957 sanctitatis
951 1901 1212 1974 speciem
1241 1902 1355 1958 sibi
1386 1907 1690 1972 arrogant,
1724 1903 1832 1958 sed

161 1997 369 2047 tamen
401 2005 588 2061 opera
623 1988 950 2061 iniquitatis
997 1997 1290 2047 exercent.
1322 1991 1493 2048 Olent
1521 1990 1682 2046 enim
1724 2007 1832 2063 per

161 2078 617 2136 similitudinem
633 2078 896 2149 justitia,
929 2079 1035 2135 sed
1065 2080 1324 2136 obscure
1353 2081 1565 2137 ardent
1602 2097 1709 2154 per
1733 2096 1830 2136 ne-

159 2169 372 2242 quitia
401 2167 924 2241 perpetrationem.
961 2170 1238 2242 Sequitur
1263 2188 1276 2226 :

235 2260 408 2313 Vens.
445 2262 527 2313 11.
569 2259 656 2313 De
706 2258 954 2314 naribus
1001 2261 1130 2328 ejus
1182 2261 1454 2327 procedit
1502 2262 1729 2330 fumus.
1763 2292 1833 2300 —

162 2346 494 2404 Oculorum
535 2346 761 2419 quippe
792 2346 948 2402 acies
979 2347 1146 2403 fumo
1175 2348 1495 2416 sauciatur,
1523 2348 1586 2404 id
1615 2354 1725 2418 est,
1757 2349 1833 2404 de

163 2434 602 2491 miraculorum
633 2435 762 2506 ejus
792 2434 1022 2490 insidiis
1047 2435 1125 2491 ad
1145 2441 1522 2492 momentum
1543 2437 1833 2507 caligino-

163 2541 234 2580 sa
262 2523 541 2579 dubietas
571 2523 751 2579 etiam
801 2523 862 2578 in
892 2523 1215 2580 electorum
1266 2524 1445 2580 corde
1492 2530 1828 2595 generatur.

165 2617 248 2670 De
277 2613 584 2669 leviathan
634 2613 861 2686 quippe
904 2613 1154 2668 naribus
1187 2614 1388 2670 fumus
1414 2615 1554 2686 exit,
1585 2615 1731 2688 quia
1759 2631 1831 2672 ex

164 2704 302 2774 ejus
347 2701 636 2774 prodigiis
665 2701 1083 2770 mendacibus,
1114 2702 1294 2759 etiam
1332 2703 1635 2760 bonarum
1669 2720 1833 2761 men-

165 2792 320 2848 tium
367 2791 574 2847 oculos
618 2791 1028 2864 trepidationis
1077 2792 1270 2862 caligo
1320 2792 1651 2850 confundit.
1687 2795 1832 2850 Hinc

164 2881 334 2938 enim
363 2879 614 2936 dicitur:
650 2902 678 2928 «
705 2882 959 2950 Surgent
983 2881 1440 2952 pseudochristi,
1473 2887 1529 2938 et
1567 2883 1831 2955 pseudo-

164 2970 501 3044 propheta,
533 2975 589 3025 et
633 2969 866 3025 dabunt
905 2970 1078 3039 signa
1122 2976 1178 3026 et
1220 2971 1516 3043 prodigia,
1550 2972 1631 3028 ita
1662 2977 1726 3028 ut
1772 2973 1832 3028 in

164 3074 436 3116 errorem
484 3058 867 3122 inducantur.
924 3058 970 3113 si
1027 3058 1155 3114 ﬁeri
1212 3063 1430 3132 potest,
1489 3060 1667 3116 etiam
1722 3061 1837 3118 ele-

165 3149 266 3205 cti.
294 3170 322 3197 n
355 3148 595 3219 (Matth.
625 3164 774 3210 xxxv,
806 3148 917 3217 24.)
969 3151 1310 3204 ΜοιιΑιιτειι.
1341 3149 1492 3214 Quia
1530 3149 1834 3207 leviathan

164 3237 279 3293 iste
334 3250 579 3308 serpens
633 3239 692 3289 et
741 3234 984 3304 regulus
1033 3235 1267 3304 dicitur,
1301 3236 1455 3293 sicut
1504 3237 1684 3294 Isaias
1713 3239 1830 3296 ait:

166 3347 194 3373 ‹‹
226 3327 306 3379 De
385 3322 586 3379 radice
664 3322 894 3379 colubri
957 3324 1294 3394 egredietur
1372 3326 1618 3396 regulus
1689 3328 1831 3397 (Isa.

162 3430 292 3480 xiv,
346 3412 457 3480 29),
484 3434 511 3461 »
568 3416 626 3468 et
689 3412 933 3483 regulus
1004 3429 1126 3468 non
1204 3430 1441 3470 morsus
1517 3413 1623 3470 sed
1689 3414 1837 3471 ﬂatu

164 3502 430 3577 perimit,
477 3505 635 3558 recte
706 3501 781 3556 de
851 3501 1098 3557 naribus
1168 3503 1298 3573 ejus
1370 3503 1575 3560 fumus
1633 3519 1838 3576 proce-

164 3592 313 3648 dere
401 3591 713 3656 asseritur,
800 3591 974 3660 cujus
1057 3591 1252 3646 noxiis
1341 3592 1836 3665 inspirationibus

164 3694 366 3753 prava
388 3677 448 3733 in
477 3677 762 3733 humanis
791 3677 1076 3733 cordibus
1104 3679 1385 3748 cogitatio
1414 3680 1696 3748 nascitur,
1730 3697 1837 3754 per

165 3784 361 3842 quam
403 3766 558 3823 acies
607 3766 826 3822 mentis
859 3767 1230 3838 obtunditur,
1257 3784 1334 3824 ne
1362 3767 1466 3824 lux
1494 3769 1728 3826 interna
1756 3771 1839 3826 vi-

1941 1744 2126 1785 maua
2169 1729 2416 1799 maligni
2465 1730 2652 1786 hostis
2694 1732 3080 1788 suasionibus
3111 1734 3443 1804 instigatur.
3476 1735 3604 1792 Olla

1941 1822 2145 1874 autem
2197 1818 2382 1875 fervet
2434 1836 2573 1876 cum
2599 1821 2729 1892 jam
2759 1822 2936 1878 etiam
2992 1839 3098 1895 per
3146 1839 3510 1880 consensum
3539 1825 3602 1880 in

1941 1906 2248 1962 desideriis
2296 1923 2498 1980 prava
2552 1911 2960 1982 persuasionis
3013 1912 3382 1983 accenditur,
3423 1918 3482 1970 et
3519 1918 3602 1970 tot

1944 1994 2139 2050 undas
2197 1995 2485 2053 fervendo
2530 1999 2787 2070 projicit,
2840 2017 2947 2074 per
2994 2006 3143 2073 quot
3195 2017 3256 2056 se
3304 2001 3602 2074 nequitias

1941 2100 2134 2156 usque
2165 2083 2246 2140 ad
2273 2085 2566 2142 exteriora
2597 2103 2783 2160 opera
2810 2089 3090 2146 extendit.
3123 2091 3264 2145 Hinc
3284 2090 3446 2146 enim
3466 2091 3605 2147 scri-

1942 2177 2114 2244 ptum
2135 2178 2257 2228 est:
2293 2195 2319 2222 «
2349 2173 2543 2230 Ollam
2570 2191 2925 2233 succensam
2953 2193 3066 2246 ego
3090 2170 3282 2238 video,
3309 2184 3366 2234 et
3386 2179 3601 2235 faciem

1943 2260 2072 2332 ejus
2103 2275 2139 2316 a
2167 2260 2316 2317 facie
2344 2262 2653 2334 Aquilonis
2683 2265 2828 2331 (.Ier.
2852 2281 2889 2330 ι,
2925 2266 3033 2335 13).
3062 2287 3089 2314 ››
3121 2265 3432 2337 Sequitur:

2014 2350 2182 2406 Vens.
2219 2354 2303 2406 t2.
2350 2352 2595 2408 Halitus
2624 2356 2756 2423 ejus
2791 2369 3025 2424 prunas
3073 2355 3289 2411 ardere
3327 2356 3502 2424 facit.
3532 2387 3602 2396 ——

1945 2437 2097 2503 Quid
2123 2438 2285 2493 enim
2315 2454 2564 2510 prunas,
2595 2441 2709 2497 nisi
2739 2457 3060 2498 succensas
3103 2443 3350 2498 internis
3377 2459 3600 2498 concu-

1939 2525 2242 2598 piscentiis
2271 2527 2667 2599 reproborum
2698 2529 3014 2586 hominum
3045 2535 3274 2586 mentes
3296 2531 3602 2604 appellat?

1939 2613 2163 2670 Ardent
2189 2614 2353 2670 enim
2381 2631 2523 2672 cum
2567 2617 2880 2689 quodlibet
2926 2618 3258 2690 temporale
3290 2623 3602 2691 appetunt.

1940 2703 2130 2760 Toties
2179 2704 2359 2774 igitur
2400 2705 2705 2763 leviathan
2758 2707 2978 2764 halitus
3037 2723 3264 2780 prunas
3310 2707 3605 2776 accendit,

1940 2791 2176 2864 quoties
2203 2792 2334 2863 ejus
2353 2794 2589 2850 occulta
2613 2795 2916 2865 suggestio
2946 2795 3248 2852 humanas
3275 2800 3506 2852 mentes
3527 2795 3606 2852 ad

1941 2879 2365 2936 delectationes
2392 2881 2622 2938 illicitas
2649 2883 2969 2955 pertrahit;
3011 2883 3160 2939 alias
3212 2900 3478 2956 namque
3512 2900 3609 2940 su~

1945 2968 2191 3041 perbia,
2260 2968 2409 3025 alias
2464 2969 2720 3037 invidia,
2785 2970 2933 3026 alias
2960 2971 3211 3027 luxuria
3253 2972 3486 3028 facibus
3514 2972 3606 3028 in-

1941 3059 2234 3113 ﬂammat.
2271 3059 2576 3130 Sequitur:
2603 3060 2683 3114 Et
2703 3061 2951 3129 ﬂamma
2992 3061 3065 3116 de
3083 3075 3186 3116 ore
3211 3062 3338 3130 ejus
3369 3061 3602 3130 egredi-

1945 3155 2141 3202 tur.—
2174 3147 2442 3204 Flamma
2465 3149 2692 3222 quippe
2712 3149 2764 3220 ej
2775 3166 2842 3204 us
2863 3149 2983 3205 oris
3016 3155 3124 3218 est,
3141 3149 3272 3222 ipsa
3296 3148 3602 3223 instigatio

1944 3236 2192 3292 occulta
2221 3236 2557 3300 locutionis,
2586 3253 2773 3310 quam
2802 3254 2988 3310 prave
3018 3239 3097 3294 ad
3129 3238 3605 3310 uniuscujusque

1943 3325 2217 3382 animum
2248 3325 2580 3398 pertingere
2609 3326 2768 3382 facit.
2807 3327 2968 3383 Unde
2994 3327 3164 3382 ardet
3207 3326 3268 3381 in
3299 3325 3607 3382 desideriis

1944 3416 2203 3482 animus,
2233 3432 2373 3471 cum
2421 3417 2552 3487 ejus
2581 3416 3068 3486 suggestionibus
3099 3415 3438 3485 instigatur.
3474 3418 3607 3472 Haec

1943 3503 2211 3576 quotidie
2263 3504 2549 3575 suggerit,
2581 3505 2708 3561 hac
2759 3521 2952 3577 usque
2996 3505 3075 3561 ad
3129 3504 3440 3576 praesentis
3469 3503 3608 3559 vita

1943 3593 2268 3649 terminum
2313 3608 2632 3664 suggerere
2662 3609 2785 3650 non
2815 3594 3060 3657 desistit,
3095 3593 3200 3650 sed
3235 3598 3373 3648 tunc
3407 3609 3472 3648 se
3501 3608 3605 3649 ne-

1944 3681 2124 3755 quius
2151 3682 2380 3750 dilatat,
2409 3700 2547 3740 cum
2575 3699 2682 3756 per
2699 3683 2867 3740 illum
2898 3683 3258 3739 damnatum
3288 3683 3606 3739 hominum

1947 3773 2214 3843 veniens,
2232 3773 2292 3829 in
2314 3774 2496 3845 hujus
2515 3775 2802 3831 mundise
2819 3774 3006 3843 gloria
3026 3773 3287 3845 apertius
3307 3772 3602 3829 ostendat.

241 3891 362 3962 (66)
393 3890 618 3946 Horum
648 3895 1011 3963 punctorum
1042 3891 1176 3948 loco
1206 3891 1268 3947 in
1297 3895 1423 3960 Ms.,
1455 3892 1585 3948 hac
1613 3908 1731 3949 vox
1760 3893 2016 3952 habetur
2036 3902 2424 3966 emasserunt,
2444 3896 2544 3952 sed
2577 3913 2712 3969 qua
2746 3895 2948 3952 Latina
2970 3896 3215 3951 minime
3241 3895 3496 3951 videtur.

1040 4207 1375 4294 LIBER
1461 4211 2128 4299 TBICESIMUS
2211 4213 2750 4316 QUARTUS.

242 4517 423 4574 Vens.
478 4522 564 4575 13.
619 4520 692 4576 In
741 4520 895 4575 collo
950 4523 1081 4590 ejus
1133 4520 1474 4577 morabitur
1515 4522 1834 4592 fortitudo.
1877 4523 2266 4596 Ddesignari.
2301 4527 2466 4583 Unde
2515 4527 2801 4600 scriptum
2829 4529 2950 4582 est:
3007 4525 3258 4581 «Facies
3287 4540 3424 4580 mea
3454 4505 3602 4597 pra-

173 4639 240 4647 —
303 4607 457 4673 Quid
513 4609 674 4664 enim
732 4609 886 4665 collo
941 4608 1241 4665 leviathan
1294 4609 1496 4677 istius,
1555 4609 1670 4666 nisi
1719 4611 1838 4668 ela-

169 4695 354 4750 tionis
406 4696 672 4751 extensio
741 4696 1136 4766 designatur?
1198 4697 1307 4763 Qui
1373 4703 1578 4754 contra
1647 4699 1836 4755 Deum

171 4800 237 4840 se
264 4786 521 4855 erigens,
552 4802 690 4841 cum
730 4785 1108 4842 simulatione
1158 4788 1504 4857 sanctitatis,
1537 4789 1715 4845 etiam
1741 4793 1835 4845 tu-

171 4890 345 4929 more
373 4874 683 4947 potestatis
713 4874 1026 4930 extollitur.
1063 4875 1211 4940 Quia
1249 4876 1409 4932 enim
1460 4892 1567 4949 per
1612 4877 1835 4934 collum

174 4963 466 5035 superbia
550 4963 929 5033 designatur,
1003 4963 1183 5019 Isaias
1270 4969 1516 5021 testatur
1587 4967 1832 5022 dicens:

173 5073 200 5099 «
234 5049 715 5107 Ambulaverunt
791 5055 1030 5106 extento
1104 5050 1256 5106 collo
1333 5052 1470 5123 (Isa.
1524 5069 1605 5116 in.
1670 5056 1831 5127 16).»

172 5138 482 5211 Quidquid
540 5139 743 5211 utique
792 5143 934 5194 tunc
988 5139 1245 5211 superbe
1301 5141 1618 5212 extollitur,
1659 5143 1834 5215 quid-

170 5227 327 5301 quid
380 5227 591 5283 callide
640 5227 1039 5293 machinatur,
1072 5228 1250 5284 etiam
1299 5228 1412 5284 sub
1467 5230 1680 5286 virtute
1723 5248 1833 5305 po-

168 5316 375 5372 tentia
404 5316 704 5372 sacularis
733 5305 1098 5388 exsequitur.
1132 5317 1303 5382 Quod
1345 5318 1548 5374 Daniel
1578 5321 1834 5392 prophe-

171 5409 237 5462 ta
292 5405 528 5461 intuens
574 5405 692 5462 ait:
752 5404 983 5460 «Dolus
1032 5405 1092 5460 in
1141 5421 1328 5462 manu
1372 5407 1502 5478 ejus
1551 5407 1835 5478 dirigetur

173 5496 361 5562 (Dan.
390 5509 507 5562 vni,
545 5498 658 5562 25).
685 5517 713 5544 »
764 5493 1074 5567 Sequitur:
1124 5495 1204 5551 Et
1243 5496 1461 5566 faciem
1505 5500 1632 5567 ejus
1671 5513 1832 5568 pra:-

174 5583 335 5664 cedit
378 5589 624 5654 egestas.
653 5613 726 5624 —
753 5585 860 5639 Per
900 5582 1115 5640 faciem
1157 5583 1385 5659 quippe
1434 5585 1581 5643 solet
1625 5586 1834 5644 notitia

1947 4613 2117 4670 cedet
2163 4619 2217 4670 te
2263 4616 2478 4682 (Exod.
2533 4631 2726 4681 χχχιιι,
2762 4614 2924 4684 14).»
2970 4614 3287 4671 Sciendum
3330 4627 3472 4668 vero
3516 4615 3604 4668 est

1945 4703 2112 4774 quod
2158 4709 2389 4773 egestas
2432 4705 2493 4760 in
2546 4720 2716 4759 sacro
2770 4703 3008 4774 eloquio
3063 4703 3229 4757 aliter
3276 4701 3600 4757 electorum

1945 4791 2206 4863 ponitur,
2239 4797 2418 4864 atque
2466 4792 2633 4847 aliter
2679 4791 3099 4864 reproborum.
3156 4793 3396 4858 Egestas
3433 4805 3602 4845 nam-

1944 4893 2062 4950 que
2105 4879 2426 4934 electorum
2459 4883 2565 4948 est,
2593 4894 2730 4934 cum
2761 4894 2912 4933 vera
2960 4877 3179 4933 divitia
3218 4877 3469 4934 caelestis
3495 4893 3599 4950 pa-

1945 4965 2068 5022 tria
2148 4967 2224 5022 ad
2295 4983 2506 5024 eorum
2580 4967 2851 5025 animum
2913 4968 3197 5035 redeunt,
3257 4971 3313 5023 et
3367 4966 3429 5023 in
3483 4967 3599 5024 hoc

1943 5071 2288 5112 arumnoso
2341 5058 2648 5131 prasentis
2702 5058 2829 5115 vita
2884 5057 3088 5114 exsilio
3138 5056 3334 5131 positi,
3368 5072 3597 5130 paupe-

1943 5160 2036 5200 res
2089 5161 2152 5201 se
2196 5161 2332 5202 esse
2379 5148 2797 5203 meminerunt.
2833 5150 2910 5204 De
2958 5148 3069 5203 illis
3119 5148 3335 5204 divitiis
3380 5145 3596 5202 Paulus

1942 5233 2118 5291 dicit:
2172 5237 2290 5291 «Ut
2332 5235 2528 5292 sciatis
2574 5251 2709 5308 qua
2754 5237 2831 5292 sit
2882 5237 3011 5308 ejus
3057 5236 3384 5292 vocationis
3433 5247 3602 5306 spes,

1942 5327 2000 5380 et
2027 5340 2162 5396 qua
2194 5323 2411 5380 divitia
2443 5323 2645 5395 gloria
2691 5325 3052 5381 hareditatis
3096 5328 3227 5394 ejus
3271 5323 3331 5377 in
3375 5319 3596 5377 sanctis

1942 5412 2185 5483 (Ep/tes.
2239 5429 2280 5478 ι,
2328 5413 2480 5485 18).»
2536 5416 2779 5483 Egestas
2817 5429 2961 5469 vero
3011 5411 3408 5482 reproborum
3451 5419 3594 5482 pro-

1938 5500 2067 5572 prie
2109 5501 2344 5572 dicitur,
2375 5503 2538 5575 quia,
2579 5502 2724 5557 dum
2766 5496 3069 5574 replentur
3096 5497 3275 5584 vitiis,
3305 5496 3592 5584 virtutum

1940 5589 2161 5647 divitiis
2208 5596 2563 5650 vacuantur.
2615 5593 2693 5646 De
2739 5589 2831 5645 his
2877 5587 3126 5642 dicitur:
3173 5608 3200 5635 «
3223 5581 3383 5643 ‘Dicis
3417 5581 3591 5662 'quod
