4150 6128
514 151 624 209 4ου

1586 140 1644 198 S.
1687 139 1951 197 ODONIS
1988 132 2281 194 ABBA’I‘IB
2320 133 2906 192 CLUNIACENSIS'll

3825 138 3925 195 500

517 275 687 334 dives
713 287 848 329 sum
876 273 936 327 et
959 269 1380 343 locupletatus,
1405 270 1466 324 et
1490 265 1724 323 nullius.
1751 281 1900 336 egeo
1929 283 1942 330 ;
1993 268 2050 320 et
2077 275 2176 318 ne-
2207 262 2258 315 Α
2359 263 2530 316 Vens.
2563 265 2644 318 16.
2679 261 2828 318 Cum
2857 263 3132 318 sublatus
3161 261 3370 330 fuerit,
3399 259 3684 316 timebunt
3713 265 3922 333 angeli,

519 365 636 422 scis
680 361 828 434 quia
872 363 940 415 tu
989 373 1056 414 es
1103 358 1304 421 miser,
1334 361 1395 412 et
1422 355 1798 424 miserabilis,
1830 367 2082 427 pauper,
2119 354 2179 408 et

519 465 734 521 cacus,
761 452 823 506 et
867 446 1068 504 nudus
1093 447 1302 518 (Apoc.
1333 461 1416 510 tu,
1451 447 1561 517 17).
1582 467 1610 496 ››
1645 447 1889 515 Egestas
1917 457 2059 512 ergo
2087 441 2176 497 fa-

517 540 670 598 ciem
693 535 1010 612 prmoedet,
1031 535 1175 609 quia
1191 549 1371 591 nemo
1387 533 1714 605 cognitioni
1729 533 1858 604 ejus
1883 531 2172 602 jungitur,

517 625 635 682 nisi
661 624 830 698 prius
860 623 1147 680 virtutum
1171 623 1412 691 divitiis,
1429 623 1526 678 Vel
1550 620 2011 693 cogitationibus
2041 633 2181 674 san-

519 713 634 770 ctis
654 712 1012 770 denudetur.
1046 711 1142 768 Vel
1170 716 1325 768 certe
1369 710 1514 784 quia
1564 709 1764 766 multis
1807 709 1888 766 ita
1927 707 2176 764 fraudu-

519 801 710 862 lenter
733 801 1022 875 subrepit,
1057 804 1122 858 ut
1150 801 1230 858 ab
1277 800 1362 856 eis
1399 793 1758 872 reprehendi
1783 809 2178 871 nequaquam

521 891 730 965 possit.
782 893 849 948 Et
887 889 971 947 sic
1021 905 1232 947 eorum
1280 889 1529 945 virtutes
1579 893 1850 954 evacuat,
1880 892 2178 960 quatenus

523 979 755 1038 astutias
783 979 1074 1036 malitiam
1121 993 1246 1034 non
1283 976 1582 1048 ostendat,
1609 977 1821 1033 faciem
1853 977 1986 1047 ejus
2014 990 2182 1045 eges-

524 1073 618 1126 tas
657 1069 868 1142 praire
897 1067 1261 1142 perhibetur.
1295 1067 1442 1122 Hinc
1471 1067 1632 1126 enim
1663 1066 1876 1122 dicitur
1903 1079 2012 1138 per
2035 1079 2182 1138 pro-

525 1158 810 1232 phetam:
860 1179 888 1208 «
913 1156 1312 1213 Comederunt
1339 1155 1514 1212 alieni
1547 1155 1736 1211 robur
1783 1155 1936 1226 ejus,
1969 1159 2026 1211 et
2052 1153 2180 1226 ipse

527 1245 826 1316 ignoravit
851 1247 1002 1313 (08c.
1044 1259 1146 1310 vn,
1185 1247 1266 1311 9).
1287 1265 1317 1294 ιι
1367 1243 1583 1300 Aliter:
1634 1243 1896 1300 Terribili
1933 1243 2182 1316 quidem

512 1333 738 1391 ordine
762 1332 1172 1406 dispositionis
1193 1330 1462 1401 occultas,
1493 1331 1854 1406 priusquam
1881 1332 2183 1388 leviathan

527 1422 636 1480 iste
663 1423 728 1478 in
755 1421 857 1479 illo
885 1422 1178 1480 damnato
1204 1421 1450 1478 homine
1496 1435 1678 1494 quem
1715 1421 1969 1480 assumit
1993 1435 2182 1494 appa-

526 1517 674 1580 reat,
705 1526 745 1568 a
774 1516 986 1568 sancta
1013 1510 1274 1568 Ecclesia
1298 1510 1585 1567 virtutum
1615 1511 1790 1580 signa
1821 1511 2187 1568 subtrahun-

2288 356 2344 408 ει
2387 351 2586 408 territi
2623 351 3079 422 purgabantur.
3111 377 3182 390 -—-
3214 348 3369 406 Solet
3414 349 3474 404 in
3511 348 3807 422 Scriptura
3835 349 3929 408 ali-

2289 439 2538 514 quando
2561 445 2795 514 tempus
2817 440 3181 514 preeteritum
3206 455 3316 512 pro
3341 437 3558 509 futuro,
3589 444 3646 494 et
3673 437 3926 497 futurum

2288 541 2398 603 pro
2428 529 2722 602 praeterito
2750 529 2913 602 poni.
2950 527 3110 586 Sicut
3151 525 3365 584 Joanni
3415 527 3632 582 mulier
3675 528 3929 600 paritura

2289 617 2629 674 masculum
2653 617 2761 690 qui
2785 622 2952 689 regat
2978 621 3182 687 gentes
3211 617 3272 672 in
3302 615 3466 685 virga
3494 616 3702 686 ferrea,
3723 631 3815 674 res
3835 634 3928 688 ge-

2291 711 2386 763 sta
2416 707 2613 764 futura
2643 707 3089 763 demonstratur
3117 707 3324 778 (Apoc.
3357 721 3458 776 xu,
3491 707 3577 777 5);
3611 711 3670 762 et
3695 706 3932 764 Psalmi-

2291 800 2416 854 sta:
2450 817 2480 847 ‹‹
2502 797 2818 867 Foderunt,
2841 818 2869 847 »
2896 797 3108 869 inquit,
3141 815 3171 850 ‹
3195 811 3412 853 manus
3452 811 3619 853 meas
3665 797 3722 852 et
3757 797 3933 870 pedes

2294 897 2464 941 meos
2496 886 2680 956 (Psat.
2706 899 2827 952 xm,
2863 886 3006 955 17),»
3035 901 3128 940 res
3155 883 3355 940 futura
3383 901 3491 956 pro
3513 885 3806 958 prteterita
3831 901 3933 958 po-

2293 973 2474 1029 nitur.
2507 976 2626 1028 Iloc
2664 989 2806 1042 ergo
2844 973 2977 1029 loco
3020 973 3104 1028 nil
3133 973 3332 1030 obstat
3359 973 3626 1042 intelligi,
3655 974 3797 1046 quia
3827 974 3934 1030 sub

2295 1061 2475 1117 futuri
2507 1061 2789 1133 temporis
2818 1061 3002 1118 modo
3033 1061 3328 1134 praeterita
3369 1061 3812 1120 describuntur.
3843 1065 3938 1120 Ca-

2295 1151 2472 1206 dente
2495 1151 2696 1222 itaque
2720 1150 2800 1206 ab
2816 1165 2950 1206 arce
2968 1151 3347 1207 beatitudinis
3370 1151 3690 1214 leviathan,
3711 1151 3938 1208 ruinam

2297 1241 2427 1310 ejus
2445 1239 2627 1295 etiam
2657 1239 2842 1295 elatos
2871 1239 3118 1311 angelos
3147 1240 3481 1312 expavisse,
3515 1245 3578 1296 ut
3607 1228 3746 1296 cum
3771 1241 3939 1297 istum

2298 1343 2370 1386 ex
2396 1328 2632 1384 illorum
2655 1343 2910 1384 numero
2939 1329 3219 1401 superbia
3249 1329 3488 1402 elapsus
3510 1327 3700 1400 ejecit,
3725 1329 3852 1385 illos
3871 1330 3941 1386 ad

2299 1417 2602 1474 robustius
2631 1417 2916 1473 standum
2943 1419 3118 1474 timor
3140 1418 3268 1490 ipse
3301 1417 3598 1474 solidaret.
3635 1418 3822 1489 Hujus
3850 1419 3943 1474 ita-

2299 1521 2417 1580 que
2443 1506 2650 1580 lapsus
2697 1519 2802 1562 eos
2846 1511 2904 1562 et
2947 1507 3151 1563 terruit
3177 1510 3234 1564 et
3280 1507 3592 1579 purgavit:
3625 1507 3846 1577 terruit,
3874 1523 3942 1564 ne

530 1605 648 1672 tur,
695 1600 988 1657 doctrinae
1035 1599 1220 1656 verba
1273 1599 1701 1664 conticescunt,
1759 1600 2190 1656 miraculorum
2222 1621 2268 1673 Β
2301 1596 2672 1652 conditorem
2721 1611 2899 1651 suum
2949 1596 3204 1668 superbe
3258 1597 3647 1667 despicerent,
3680 1596 3948 1668 purgavit

531 1689 812 1764 prodigia
856 1688 1164 1758 tolluntur,
1197 1693 1255 1745 et
1305 1692 1445 1744 tunc
1497 1693 1704 1747 contra
1755 1701 1858 1744 eos
1907 1689 2190 1762 antiquus

533 1777 630 1834 ille
652 1792 764 1851 per
797 1781 1007 1849 aperta
1050 1776 1326 1850 prodigia
1371 1776 1561 1832 hostis
1591 1777 1938 1833 ostenditur.
1973 1779 2194 1843 Quam-

532 1866 628 1925 vis
656 1865 840 1923 etiam
881 1863 1162 1921 ﬁdelibus
1210 1865 1272 1920 in
1314 1865 1448 1937 ejus
1497 1865 1821 1922 certamine
1858 1865 2030 1936 signa
2067 1879 2190 1922 non

535 1955 808 2016 deerunt.
839 1953 957 2012 Sed
985 1959 1152 2010 tanta
1197 1957 1372 2010 erunt
1403 1953 1592 2023 illius,
1623 1958 1690 2010 ut
1716 1958 2059 2011 nostrorum
2086 1957 2190 2010 aut

536 2058 754 2117 pauca,
783 2046 888 2100 aut
911 2041 1079 2098 nulla
1101 2041 1440 2098 videantur.
1469 2041 1780 2114 Sequitur:

608 2135 775 2188 Vsus.
809 2134 892 2188 14.
919 2130 1188 2187 Membra
1217 2131 1491 2188 carnium
1517 2132 1648 2200 ejus
1675 2131 2034 2188 cohaerentia
2058 2131 2190 2187 sibi.

537 2252 609 2263 —
637 2223 856 2279 Carnes
901 2218 1064 2277 enim
1111 2218 1413 2276 leviathan
1455 2217 1636 2290 hujus
1684 2223 1823 2276 sunt
1867 2233 2079 2274 omnes
2107 2233 2197 2275 re-

537 2309 732 2385 probi,
763 2309 869 2383 qui
921 2307 1003 2364 ad
1052 2307 1418 2364 intellectum
1463 2305 1787 2380 spiritualis
1837 2307 2045 2380 patriae
2087 2323 2196 2380 per

540 2399 908 2458 desiderium
956 2409 1082 2454 non
1126 2401 1472 2468 assurgunt.
1498 2395 1762 2454 Membra
1789 2409 1930 2454 vero
1966 2402 2108 2454 sunt
2133 2397 2196 2454 hi

543 2489 647 2563 qui
671 2487 901 2546 eisdem
927 2500 1206 2561 perverse
1235 2486 1570 2555 agentibus,
1607 2490 1664 2542 et
1689 2501 1818 2542 sese
1859 2485 1936 2542 ad
1981 2486 2197 2560 iniqui-

543 2581 726 2634 tatem
753 2574 1232 2649 prrecedentibus
1253 2573 1721 2646 conjunguntur.
1753 2574 1912 2631 Sicut
1934 2589 1966 2630 e
1991 2579 2198 2632 contra

544 2681 654 2740 per
680 2664 932 2721 Paulum
979 2663 1056 2719 de
1103 2661 1410 2720 Dominioo
1455 2676 1703 2736 corpore
1740 2663 1987 2720 dicitur:
2023 2685 2052 2714 ‹‹
2075 2664 2197 2719 Vos

545 2752 684 2810 estis
707 2767 928 2825 corpus
955 2750 1167 2809 Chi-isti
1191 2755 1248 2807 et
1275 2750 1550 2808 membra
1576 2750 1652 2807 de
1684 2751 1958 2807 membro
1985 2752 2042 2822 (1
2056 2751 2196 2809 Cor.

545 2857 641 2911 xu,
671 2843 786 2914 27).
810 2862 860 2893 ιο.
889 2841 1040 2908 Quia
1077 2840 1240 2896 enim
1287 2839 1589 2911 malignus
1616 2839 1806 2898 hostis
1835 2841 1946 2897 sibi
1977 2841 2038 2896 in
2062 2857 2198 2914 per-

2298 1701 2463 1757 vero,
2481 1685 2625 1758 quia
2651 1684 3299 1756 exeuntibus_reprobis
3333 1690 3529 1740 actum
3559 1689 3666 1755 est,
3702 1691 3765 1739 ut
3791 1684 3942 1740 electi

2301 1772 2432 1839 soli,
2465 1775 2568 1846 qui
2596 1775 2768 1830 beate
2808 1775 2871 1830 in
2921 1779 3210 1830 aeternum
3242 1774 3522 1842 viverent,
3557 1777 3938 1829 remanerent.

2301 1865 2631 1919 Possumus
2656 1863 2770 1919 hoc
2791 1863 2924 1918 loco
2951 1865 3127 1919 etiam
3151 1863 3396 1932 angelos
3416 1869 3653 1918 sanctos
3674 1862 3944 1934 praedica-

2302 1954 2458 2006 tores
2488 1951 2776 2022 accipere.
2813 1951 2956 2006 Hinc
3009 1951 3301 2023 propheta
3342 1951 3459 2006 ait:
3503 1950 3760 2020 «Angeli
3791 1951 3940 2022 pacis

2304 2054 2509 2096 amare
2561 2039 2792 2095 ﬂebunt
2836 2041 2974 2110 (Isa.
3024 2055 3218 2106 χχχιιι,
3267 2042 3342 2110 7).
3366 2061 3394 2088 υ
3447 2041 3586 2095 Hinc
3644 2038 3943 2096 Malachias

2303 2128 2418 2185 ait:
2455 2150 2482 2176 ‹‹
2509 2128 2689 2184 [.abia
2718 2129 3041 2185 sacerdotis
3071 2129 3405 2184 custodiant
3437 2128 3771 2194 scientiam,
3798 2134 3851 2184 et
3876 2128 3948 2184 le-

2306 2233 2444 2287 gem
2472 2217 2776 2290 requirent
2824 2231 2897 2274 ex
2935 2233 3038 2275 ore
3064 2218 3211 2290 ejus,
3245 2219 3388 2290 quia
3435 2217 3690 2288 angelus
3733 2218 3944 2274 Domini
3981 2246 4001 2260 -

2305 2307 2670 2364 exercituum
2697 2312 2804 2372 dest
2833 2308 3118 2378 (Malaclt.
3147 2323 3212 2376 ιι,
3245 2307 3318 2379 7).
3347 2328 3372 2354 ιι
3402 2307 3769 2362 Adveniente
3794 2319 3947 2362 nam.

2305 2411 2426 2469 que
2487 2395 2762 2452 districto
2837 2397 3072 2468 judice,
3153 2400 3421 2452 extrema
3496 2396 3594 2452 hic
3666 2396 3946 2452 leviathan

2306 2485 2618 2542 damnatio
2669 2485 3038 2556 designatur,
3097 2499 3220 2559 qua
3277 2485 3352 2541 de
3403 2486 3516 2542 hoc
3574 2485 3810 2541 mundo
3857 2501 3950 2558 per

2307 2574 2458 2630 iram
2507 2575 2716 2647 judicii
2767 2575 3005 2642 tollitur,
3042 2575 3147 2648 qui
3193 2589 3354 2631 nunc
3407 2575 3562 2631 mira
3616 2580 3950 2631 mansuetu~

2308 2663 2465 2719 diuis
2515 2663 2968 2733 longanimitate
3015 2664 3314 2720 toleratur.
3345 2667 3533 2720 Tanto
3583 2669 3792 2720 autem
3828 2663 3950 2720 hinc

2312 2751 2578 2825 pondere
2637 2752 2873 2808 terroris
2925 2754 3235 2818 excutitur,
3267 2755 3331 2808 ut
3385 2757 3743 2808 sanctorum
3791 2751 3950 2808 etiam

2311 2841 2772 2913 praedicatorum
2802 2841 3104 2911 fortitudo,
3131 2841 3232 2912 qui
3255 2841 3314 2896 in
3337 2841 3704 2914 corporibus
3731 2839 3950 2914 reperiri

544 2945 718 2988 verso
741 2943 922 3004 opere
946 2945 982 2988 a
1009 2929 1219 3004 primis
1249 2943 1440 3002 usque
1469 2928 1548 2985 ad
1579 2929 1909 2987 maximam
1949 2944 2198 2986 concor-
2229 2971 2272 3025 ο
2309 2929 2626 3002 potuerint,
2662 2929 2958 2986 immenso
3013 2935 3235 2986 terrore
3280 2931 3568 2986 turbetur.
3621 2930 3742 2996 Qui
3791 2927 3952 2986 territi

545 3019 672 3088 dat,
700 3019 941 3079 divinus
969 3033 1168 3076 sermo
1213 3018 1276 3074 in
1321 3031 1396 3074 eo
1438 3019 1714 3076 membra
1759 3019 2031 3076 carnium
2063 3020 2202 3076 sibi-

547 3113 672 3167 met
695 3107 1121 3168 cohaerentiam
1153 3111 1481 3176 memoret;
1513 3108 1598 3168 sic
1625 3122 1894 3182 namque
1920 3123 2202 3182 perversa

545 3198 910 3258 unanimiter
947 3197 1228 3261 sentiunt,
1271 3201 1340 3254 ut
1379 3197 1550 3255 nulla
1593 3201 1803 3255 contra
1841 3211 1904 3254 se
1941 3197 2201 3254 vicissim

547 3287 952 3361 disputatione
993 3285 1358 3344 dividantur.
1393 3285 1461 3342 Et
1504 3285 1726 3343 idcirco
1761 3289 1969 3344 contra
2004 3286 2201 3344 bonos

545 3377 934 3434 vehementer
957 3374 1301 3448 prmvalent,
1329 3374 1476 3448 quia
1502 3374 1564 3432 in
1593 3375 1754 3432 malo
1784 3391 1848 3432 se
1895 3377 2202 3434 concordi-

546 3469 636 3523 ter
679 3467 903 3522 tenent.
935 3464 1132 3530 Quam
1183 3463 1375 3520 scindi
1420 3467 1590 3536 optat
1641 3465 2027 3522 concordiam
2068 3481 2204 3540 pro.

547 3553 750 3628 pheta,
782 3552 1026 3609 dicens:
1067 3573 1097 3603 «
1116 3551 1443 3625 Prascipita,
1472 3552 1742 3619 Domine,
1774 3559 1830 3610 et
1858 3553 2058 3612 divide
2096 3555 2204 3611 lin-

551 3655 705 3715 guas
753 3656 964 3700 eorum
1021 3643 1207 3707 (Psal.
1261 3657 1384 3710 Liv,
1437 3641 1592 3714 10).»
1649 3643 1963 3716 Sequitur:
2006 3645 2204 3702 Mittet

550 3737 762 3790 contra
790 3745 924 3790 eum
947 3730 1215 3802 fulmina
1261 3737 1320 3788 et
1361 3731 1444 3788 ad
1489 3732 1686 3788 tecum
1731 3733 1922 3790 etiam
1962 3747 2082 3791 non
2109 3735 2200 3806 fe-

548 3826 782 3880 rentur.
814 3849 885 3862 --
935 3818 1086 3886 Quid
1143 3819 1542 3894 appellatione
1598 3819 1886 3890 fulminis,
1929 3821 2044 3880 nisi
2097 3828 2206 3880 tre-

1671 3911 1972 3967 ententiaa
2053 3913 2206 3968 desi-

549 3909 788 3968 mendae
866 3908 980 3966 illa;
1057 3908 1306 3966 extremi
1377 3908 1587 3980 judicii

551 4003 813 4072 gnanmr
833 4000 863 4057 τ
915 4001 1058 4067 Quin
1111 3998 1336 4056 idcirco
1386 3997 1642 4056 fulmina
1694 4004 2004 4063 vocantur.
2061 4001 2206 4074 quia

548 4088 836 4148 nimirum
881 4103 984 4144 eos
1029 4104 1186 4162 quos
1232 4087 1451 4144 feriunt
1493 4087 1556 4144 in
1599 4091 1958 4161 perpetuum
2000 4089 2204 4146 incen-

549 4176 704 4234 dunt
731 4177 984 4234 fulmina
1011 4177 1091 4233 ad
1118 4177 1322 4233 locum
1343 4175 1529 4236 alium
1557 4191 1682 4234 non
1697 4175 2044 4242 referentur,
2061 4178 2207 4252 quia

546 4264 722 4338 justis
769 4264 1197 4336 gaudentibus,
1239 4264 1398 4322 solos
1445 4267 1588 4322 tunc
1633 4263 1924 4337 reprobos
1966 4265 2201 4324 feriunt.

551 4352 827 4426 Sequitur
848 4371 864 4410 :

623 4440 799 4498 Vsus.
832 4446 919 4499 15.
953 4442 1072 4499 Cor
1097 4445 1226 4513 ejus
1253 4441 1646 4500 indurabz‘tur
1687 4446 1975 4517 tanquam
2024 4445 2201 4516 lapis.

551 4561 623 4572 —
651 4531 764 4588 Cor
809 4529 970 4590 enim
1019 4529 1250 4604 antiqui
1279 4529 1492 4602 hostis,
1523 4535 1590 4587 ut
1613 4529 1770 4604 lapis
1809 4531 2206 4590 indurabitur

550 4619 696 4698 quia
723 4619 892 4680 nulla
925 4635 1196 4695 unquam
1249 4618 1656 4679 conversionis
1677 4621 2028 4696 poenitentia
2057 4623 2204 4680 mol-

547 4709 742 4769 lietur.
769 4741 839 4751 —
869 4709 1180 4784 Sequitur:
1223 4709 1304 4767 Et
1327 4709 1662 4782 stringatur
1691 4711 1864 4782 quasi
1889 4711 2202 4770 malleato-

549 4799 636 4856 rt's
664 4799 856 4856 incus.
883 4830 953 4840 —
977 4795 1129 4866 Quia
1153 4797 1396 4856 inferni“
1409 4796 1662 4854 vinculis
1693 4798 2111 4864 coarctabitur,
2139 4804 2208 4858 ut

549 4885 756 4944 sterni
781 4885 1059 4960 supplicii
1093 4885 1379 4944 continua
1401 4887 1810 4961 percussione,
1841 4903 2008 4948 more
2035 4887 2204 4946 incu-

548 4971 646 5030 dis
688 4973 1012 5045 tundatur;
1069 4973 1223 5032 sicut
1271 4973 1432 5032 enim
1487 4974 1605 5034 alia
1653 4992 1802 5034 vasa
1847 4975 2206 5048 formantur,

546 5061 686 5138 ipsa
727 5075 873 5120 vero
923 5067 1008 5122 tot
1051 5063 1545 5139 percussionibus
1595 5064 1660 5122 in
1711 5081 1816 5122 vas
1865 5063 2031 5124 aliud
2081 5081 2206 5122 non

545 5151 918 5226 transfertur,
943 5154 1028 5212 ita
1056 5154 1238 5212 etiam
1277 5171 1391 5212 nos
1439 5153 1624 5212 modo
1665 5153 1766 5211 illo
1809 5159 2206 5230 persequente

542 5242 1005 5318 componimur:
1054 5243 1183 5318 ipse
1230 5247 1430 5304 autem
1475 5247 1534 5300 et
1581 5258 1820 5316 semper
1855 5242 2205 5315 percutitur,

539 5337 598 5390 et
651 5329 715 5392 in
769 5349 909 5393 vase
965 5333 1093 5394 utili
1139 5349 1456 5408 nunquam
1505 5337 1788 5390 mutatur.
1850 5335 1984 5404 Ipso
2042 5332 2206 5388 enim

535 5424 797 5480 tentante
845 5422 1178 5495 tundimur,
1211 5422 1318 5480 sed
1368 5425 1434 5478 ut
1485 5420 1564 5478 ad
1617 5437 1795 5478 usum
1843 5419 2064 5478 domus
2110 5437 2210 5478 su-

532 5525 738 5584 pernae
785 5512 1120 5578 veniamus,
1154 5509 1402 5592 superni
1457 5507 1700 5571 artiﬁcis
1753 5523 1944 5568 manu
1988 5507 2208 5571 forma:

529 5615 688 5660 mur.
721 5599 1034 5682 Sequitur;

2235 4319 2282 4374 D

2309 3024 2666 3092 purgantur,
2696 3019 2842 3092 quia
2889 3019 2936 3076 si
2975 3035 3098 3093 qua
3129 3019 3214 3076 eis
3263 3020 3460 3076 inesse
3503 3020 3729 3093 poterit
3755 3018 3953 3075 levium

2310 3107 2529 3178 rubigo
2556 3109 2856 3180 vitiorum,
2886 3109 3002 3164 hoc
3029 3123 3252 3182 pavore
3279 3109 3648 3181 excoquitur.
3698 3109 3955 3166 Ccnside-

2312 3197 2570 3254 randum
2600 3213 2744 3254 vero
2773 3203 2880 3266 est,
2911 3198 2972 3254 hi
3019 3199 3123 3271 qui
3163 3198 3418 3255 oderunt
3457 3197 3650 3254 adven
3673 3203 3793 3257 tum
3815 3195 3956 3270 judi-

2313 3287 2422 3353 cis,
2447 3287 2594 3361 quid
2622 3285 2839 3344 facient
2868 3288 2914 3342 si
2945 3289 3229 3344 terrorem
3255 3287 3399 3344 tanti
3427 3287 3642 3359 judicii
3677 3288 3844 3346 etiam
3865 3286 3954 3360 qui

2315 3375 2571 3448 diligunt
2608 3379 3054 3450 expavescunt?
3086 3377 3400 3450 Sequitur:

2385 3468 2552 3523 Vsus.
2592 3471 2678 3522 17.
2708 3469 2860 3523 Cum
2890 3467 3354 3536 apprehenderit
3383 3483 3515 3524 eum
3545 3468 3810 3538 gladius,
3837 3465 3953 3522 sub-

2314 3557 2522 3613 sistere
2534 3571 2654 3612 non
2671 3557 2889 3626 poterit
2913 3567 3102 3628 neque
3143 3559 3322 3628 taeta,
3340 3573 3530 3628 neque
3545 3558 3788 3614 thorax.
3813 3584 3874 3596 —
3897 3559 3950 3610 lo

2317 3644 2618 3719 Scriptura
2639 3643 2964 3718 aliquando
2985 3659 3093 3718 per
3109 3644 3376 3715 gladium
3393 3651 3604 3703 sancta
3630 3643 3950 3720 praedicatio

2313 3734 2684 3803 designatur,
2709 3737 2772 3789 ut
2794 3733 2942 3790 illud
2966 3751 2978 3789 :
3005 3753 3036 3788 «
3055 3736 3122 3790 Et
3143 3734 3378 3804 gladius
3410 3735 3679 3808 spiritus,
3703 3733 3858 3808 quod
3877 3735 3953 3789 est

2316 3819 2582 3878 Verbum
2626 3821 2727 3879 Dei
2776 3823 3013 3893 (Ephes.
3045 3841 3126 3890 vi,
3173 3825 3316 3896 17).»
3365 3823 3709 3897 Aliquando
3754 3827 3952 3881 aeterna

2316 3907 2649 3978 damnatio,
2702 3916 2768 3966 ut
2809 3910 2988 3966 illud:
3042 3912 3148 3968 «Si
3187 3911 3562 3984 multiplicati
3608 3912 3822 3969 fuerint
3863 3908 3950 3966 ﬁlii

2313 3997 2447 4070 ejus
2491 3997 2552 4054 in
2599 3998 2800 4068 gladio
2849 4005 3022 4057 erunt
3063 4001 3216 4070 (Job.
3250 4003 3600 4072 xxvu,1-i).»
3636 3999 3952 4074 Aliquando

2315 4085 2618 4143 tribulatio
2635 4088 2998 4161 temporalis,
3023 4095 3087 4145 ut
3107 4089 3251 4144 illud
3275 4107 3287 4144 :
3315 4112 3340 4140 α
3369 4092 3436 4146 Et
3455 4094 3624 4146 tuam
3642 4089 3824 4163 ipsius
3844 4086 3952 4144 ani-

2317 4191 2485 4232 mam
2514 4177 2896 4249 pertransibit
2921 4177 3156 4247 gladius
3185 4179 3350 4250 (Luc.
3383 4195 3442 4244 ιι,
3467 4179 3614 4252 35).»
3636 4175 3953 4251 Aliquando

2315 4263 2546 4337 antiqui
2591 4264 2778 4321 hostis
2824 4264 2913 4322 ira
2956 4265 3050 4321 vel
3078 4266 3387 4338 persuasio
3418 4266 3788 4338 designatur,
3817 4268 3876 4320 ut
3899 4261 3953 4318 il-

2313 4351 2457 4408 lud:
2507 4374 2536 4403 «
2561 4352 2670 4419 Qui
2697 4352 2916 4410 liberas
2949 4353 3132 4410 David
3178 4371 3419 4410 servum
3469 4360 3639 4412 tuum
3672 4355 3746 4411 de
3773 4351 3954 4424 gladio

2315 4440 2582 4521 maligno
2631 4442 2818 4513 (Psal.
2869 4459 3060 4509 CXLIII,
3108 4445 3264 4516 10).»
3307 4443 3548 4516 Antiqui
3600 4459 3744 4514 ergo
3785 4439 3953 4500 hostis

2315 4533 2408 4586 est
2436 4529 2671 4600 gladius
2693 4529 2789 4586 ille
2820 4533 2961 4586 tunc
2991 4531 3318 4588 damnatus
3344 4531 3530 4588 homo
3558 4531 3623 4588 in
3656 4546 3828 4587 usum
3855 4525 3953 4582 mi-

2313 4617 2538 4676 nisterii
2567 4617 2699 4690 ejus
2746 4623 3121 4691 assumptus;
3175 4619 3378 4691 ipsum
3403 4619 3632 4692 quippe
3676 4632 3780 4691 per
3806 4610 3956 4670 malio

2315 4705 2461 4763 tiam
2541 4705 2770 4764 fraudis
2850 4707 3112 4777 exacuit,
3195 4712 3253 4763 et
3326 4707 3710 4764 inﬁrmorum
3791 4699 3954 4758 corda

2317 4796 2633 4865 transﬁgit.
2669 4797 2727 4853 Si
2755 4800 2954 4854 autem
2987 4797 3170 4868 gladii
3197 4798 3444 4857 nomine
3493 4797 3625 4869 ejus
3653 4796 3742 4854 ira
3781 4793 3954 4862 signa-

2315 4888 2428 4953 tur,
2459 4889 2617 4940 recte
2645 4901 2770 4942 non
2799 4884 3090 4956 gladium,
3123 4887 3228 4942 sed
3271 4903 3308 4942 a
3355 4886 3556 4957 gladio
3600 4876 3952 4959 apprehendi

2312 4973 2676 5046 perhibetur.
2737 4975 2804 5033 In
2861 4979 3092 5034 tantam
3155 4976 3381 5050 quippe
3448 4992 3612 5032 nunc
3677 4970 3952 5032 insaniam

2311 5067 2604 5130 vertetur,.
2625 5067 2690 5122 ut
2735 5063 3034 5122 dominari
3061 5064 3348 5122 omnibus
3401 5069 3713 5138 appetens,
3743 5072 3949 5132 nequa-
4029 5079 4033 5084 ·

2313 5166 2502 5224 quam
2526 5167 2650 5208 suae
2675 5151 3054 5222 dominetur;
3108 5169 3230 5209 non
3276 5153 3438 5210 enim
3476 5155 3627 5210 iram
3661 5147 3950 5224 possidens

2313 5244 2492 5309 tenet,
2550 5241 2656 5300 sed
2703 5242 2782 5299 ab
2828 5242 2917 5300 ira
2969 5243 3222 5300 saeviens
3271 5247 3522 5318 tenetur.
3575 5245 3684 5298 Per
3734 5239 3948 5297 hastam

2313 5347 2579 5404 namque
2619 5331 3061 5404 praedicationis
3105 5331 3329 5404 jacula,
3358 5349 3466 5405 per
3495 5333 3800 5391 thoracem
3826 5336 3948 5380 vero

2315 5419 2597 5480 fortitudo
2661 5419 2958 5493 patientiae
3017 5420 3387 5491 designatur.
3440 5418 3766 5478 Leviathan
3825 5423 3949 5479 61'80

2313 5509 2375 5566 in
2404 5509 2828 5567 Antichristum
2857 5511 3121 5582 veniens,
3153 5515 3330 5568 tantas
3372 5508 3606 5578 virtutis
3635 5497 3948 5578 apparebit,

2317 5603 2384 5658 ut
2407 5599 2457 5656 si
2483 5613 2812 5674 supernum
2841 5599 3208 5674 adjutorium
3237 5599 3410 5674 desit,
3432 5603 3489 5657 et
3511 5587 3954 5672 pradicantium
