4120 6156
255 182 315 238 οι
990 171 994 175 ’
1043 182 1340 240 EPI’I‘OME
1369 178 1738 239 MORALIUM
1769 180 1823 238 s.

1972 150 2063 235 is.
2105 178 2174 235 IN
2221 181 2367 238 ποθ.
2386 182 2591 239 ius.
2625 187 2841 241 xxx1v.

3559 183 3667 245 ⁵ος
3716 212 3722 223 .

221 267 480 364 acumen
510 304 827 367 obtundat,
854 310 910 361 et
923 306 1442 377 longanimitatem
1470 305 1770 379 patientiae
1790 303 1886 360 de-
1917 306 1963 358 A
2066 307 2235 361 Vens.
2268 308 2357 362 2t.
2398 307 2523 363 Sub
2556 309 2684 377 ipso
2736 315 2913 364 erunt
2942 310 3105 365 radit
3131 310 3292 365 solis.
3317 336 3386 351 --
3411 313 3476 366 In
3507 312 3663 367 Serio

224 399 433 452 struat.
472 395 748 467 Sequitur
771 414 784 451 :

288 507 461 561 Vsus.
500 504 583 561 18.
618 505 941 574 Reputabit
968 505 1122 561 enim
1165 505 1341 576 quasi
1374 505 1587 574 paleas
1620 504 1877 574 ferrum,

218 602 272 653 et
307 595 483 667 quasi
515 595 745 664 lignum
774 594 1109 664 putridum,
1155 609 1249 649 aes.
1284 626 1352 633 —
1399 593 1567 659 Quod
1604 594 1879 667 superius

215 686 403 741 hastae
434 683 490 740 et
517 684 777 739 thoracis
808 683 1049 739 nomine
1074 683 1295 755 posuit;
1312 683 1426 738 hoc
1451 682 1715 754 inferius,
1745 682 1880 738 ferri

216 779 272 831 et
317 774 450 828 επις
498 772 897 845 appellatione
927 772 1253 844 replicavit.
1291 774 1461 827 Ferro
1494 787 1637 838 ergo
1668 771 1879 843 praedi-

215 862 468 919 cationis
499 861 723 932 jacula,
756 876 871 916 aere
916 866 1117 916 autem
1173 859 1642 930 longanimitatis
1703 876 1876 915 cons-

215 951 400 1008 tantia
449 949 859 1017 designantur.
892 949 1056 1005 Unde
1084 953 1141 1004 et
1189 948 1301 1003 sub
1352 952 1496 1003 Aser
1553 948 1769 1021 specie,
1804 947 1877 1003 de

214 1044 425 1096 sancta
476 1038 736 1093 Ecclesia
783 1053 890 1110 per
921 1041 1159 1109 Moysen
1209 1037 1451 1093 dicitur:
1487 1060 1513 1085 ‹‹
1549 1039 1791 1092 Ferrum
1824 1040 1880 1092 et

208 1148 292 1186 a's
345 1129 821 1185 calceamentum
875 1128 1004 1199 ejus
1058 1130 1255 1199 (Deut.
1288 1144 1493 1190 xxxul,
1525 1129 1634 1197 25).
1680 1150 1707 1177 ››
1769 1126 1876 1182 Ubi

206 1237 317 1294 per
346 1219 571 1274 ferrum
594 1218 781 1272 virtus
812 1235 921 1290 per
951 1236 1026 1272 aes
1054 1235 1193 1273 vero
1215 1218 1662 1291 perseverantia
1687 1216 1877 1289 expri-

208 1308 415 1377 mitur,
451 1307 554 1363 sed
604 1307 905 1363 leviathan
948 1307 1052 1362 iste
1080 1307 1326 1380 quando
1358 1306 1647 1377 gladium,
1675 1305 1736 1361 id
1767 1310 1873 1375 est,

203 1398 640 1455 Antichristum
671 1397 1080 1469 assumpserit,
1121 1397 1236 1452 nisi
1266 1397 1470 1452 divina
1519 1397 1707 1466 gratia
1735 1412 1875 1468 pro-

204 1492 505 1557 tegantur,
536 1493 592 1543 et
648 1487 1103 1560 praedicandum
1155 1486 1309 1542 vires
1348 1486 1511 1541 velut
1542 1486 1748 1558 paleas
1774 1502 1875 1541 ne-

200 1578 408 1651 quitias
464 1594 586 1633 suae
640 1577 776 1643 igne
836 1581 1167 1635 consumet.
1216 1581 1271 1631 et
1334 1576 1725 1632 constantiam
1772 1592 1877 1649 pa-

1991 397 2170 467 ptura
2224 397 2385 451 enim
2443 410 2616 453 sacra
2659 413 2799 453 cum
2849 398 3101 469 ﬁgurate
3133 399 3223 456 sol
3263 400 3527 472 ponitur,
3554 400 3659 458 alia-
3752 450 3759 460 .

1992 483 2239 555 quando
2268 485 2557 541 Dominus
2587 486 2949 557 intelligitur,
2984 492 3050 543 ut
3078 488 3226 544 illud
3246 508 3260 545 :
3278 489 3657 546 «Erravimus

1990 589 2026 628 a
2063 573 2162 629 via
2184 574 2469 639 veritatis,
2492 580 2548 631 et
2572 575 2779 632 lumen
2810 576 3052 646 justitite
3073 593 3198 633 non
3234 578 3425 635 illuxit
3452 578 3650 644 nobis,

1990 666 2047 718 et
2079 663 2174 719 Sol
2205 679 2328 719 non
2358 669 2524 721 ortus
2555 670 2644 722 est
2683 665 2859 722 nobis
2913 667 3074 737 (Sap.
3114 684 3167 735 v,
3200 669 3274 739 6).
3316 667 3654 741 Aliquando

1990 754 2343 824 persecutio,
2373 758 2436 809 ut
2464 754 2613 811 illud
2634 754 2695 811 in
2728 755 3081 825 Evangelio:
3114 776 3143 809 ‹
3166 758 3305 813 Orto
3334 756 3457 814 sole
3487 772 3654 814 arae.

1989 845 2127 896 runt
2185 843 2425 909 (Matth.
2460 860 2581 914 xui,
2607 846 2694 917 6);
2734 864 2763 897 »
2791 844 3122 917 aliquando
3163 845 3239 901 de
3275 861 3338 900 re
3386 846 3654 918 qualibet

1990 932 2298 988 manifeste
2323 934 2573 989 visionis
2592 935 2855 999 osensio,
2878 940 2942 990 ut
2959 935 3133 991 illud:
3156 956 3183 983 ‹‹
3219 939 3282 990 In
3310 934 3435 990 sole
3453 936 3653 1007 posuit

1991 1021 2445 1078 tabernaculum
2493 1041 2673 1081 suum
2719 1026 3095 1094 (Psal.xv1u,
3128 1026 3213 1096 6);
3246 1046 3272 1074 »
3321 1024 3654 1096 aliquando

1988 1115 2193 1167 autem
2220 1112 2609 1182 intelligentia
2653 1114 2958 1186 sapientiae
2992 1114 3361 1183 designatur,
3380 1116 3445 1169 ut
3470 1113 3646 1170 illud:

1987 1220 2017 1253 ‹
2049 1202 2306 1265 Quartus
2333 1202 2583 1271 angelus
2607 1202 2817 1258 effudit
2835 1202 3105 1274 phialam
3125 1219 3298 1259 suam
3330 1202 3392 1257 in
3421 1202 3564 1270 sole,
3593 1206 3652 1258 et

1986 1287 2196 1343 datum
2225 1293 2313 1344 est
2341 1288 2422 1344 illi
2450 1294 2598 1345 testu
2627 1289 2867 1346 afﬁcere
2896 1290 3172 1346 homines
3202 1295 3259 1347 et
3287 1290 3412 1359 igni
3435 1292 3643 1360 (Apoc.

1985 1392 2102 1443 xvr,
2140 1376 2215 1446 8).
2241 1396 2271 1428 »
2304 1379 2422 1431 Hoc
2453 1382 2655 1433 autem
2684 1378 2841 1450 loco,
2867 1377 3015 1451 quid
3047 1394 3154 1450 per
3195 1377 3340 1434 solis
3382 1378 3643 1445 radium,

1986 1464 2102 1519 nisi
2130 1466 2410 1522 acumina
2440 1466 2798 1540 sapientium
2819 1466 3291 1523 demonstratur?
3313 1467 3463 1533 Quia
3483 1465 3646 1523 enim

1984 1555 2152 1611 multi
2183 1554 2243 1610 in
2272 1561 2482 1613 sancta
2516 1557 2775 1613 Ecclesia
2804 1556 3002 1613 lucere
3057 1557 3363 1630 sapientiae
3413 1556 3643 1627 fulgore

200 1644 421 1724 tientiae
444 1667 618 1741 quasi
647 1665 877 1736 lignum
917 1666 1224 1738 putridum
1273 1665 1330 1719 in
1370 1666 1678 1737 pulverem
1718 1644 1873 1720 re-di-
1904 1644 2366 1741 B'Vifle_bum“_1‘g
2426 1651 2566 1741 ίυξιο
2621 1645 2713 1741 V3}
2770 1647 3268 1741 persuasionibus?
3313 1648 3493 1741 (ξθΡίίξ
3550 1648 3646 1741 ῨΘῙ

200 1762 320 1827 get.
348 1757 626 1830 Sequitur
649 1772 661 1809 :

270 1884 444 1937 Vnus.
483 1885 567 1936 l9.
603 1880 737 1934 Non
782 1881 1023 1950 fugavit
1080 1894 1211 1935 eum
1262 1882 1355 1935 vir
1397 1880 1772 1949 sagittarius.
1800 1909 1874 1919 —

200 1971 443 2039 Sagittae
474 1985 739 2040 namque
765 1968 948 2023 verba
970 1972 1110 2023 sunt
1143 1968 1604 2040 praedicatorum
1634 1984 1768 2040 quas
1798 1984 1873 2023 ex

197 2076 351 2117 voce
406 2060 560 2115 bene
618 2058 947 2115 viventium
998 2057 1354 2125 diriguntur,
1390 2064 1447 2113 et
1495 2057 1869 2113 audientium

199 2149 391 2204 corda
422 2147 800 2217 transﬁgunt.
834 2146 929 2202 His
963 2146 1272 2203 vulnerata
1302 2147 1511 2209 fuerat,
1543 2163 1677 2217 quae
1709 2145 1868 2200 dice-

196 2238 334 2293 bat:
366 2260 393 2286 ‹‹
429 2236 745 2293 Vulnerata
775 2235 1057 2291 charitate
1088 2252 1201 2304 ego
1234 2252 1370 2289 sum
1401 2236 1601 2306 (Cant.
1630 2251 1689 2301 ιι,
1737 2236 1809 2303 ὅ).
1839 2258 1866 2284 ››

199 2328 350 2382 Hinc
404 2326 695 2397 scriptum
739 2328 866 2379 est:
898 2343 927 2375 «
964 2323 1197 2393 Sagittae
1248 2322 1641 2395 parvulorum
1697 2322 1867 2378 facta;

195 2420 343 2472 sunt
388 2415 581 2489 plagae
630 2431 839 2470 eorum
885 2414 1255 2485 (Psal.1.x11,
1285 2415 1373 2483 8);
1408 2436 1433 2461 ››
1479 2418 1536 2467 et
1584 2428 1861 2470 rursum:

199 2528 215 2554 ι
258 2504 499 2575 Sagittae
529 2508 643 2558 lUtB
669 2506 880 2571 acutis,
916 2523 943 2550 »
974 2506 1083 2557 etc.
1117 2502 1308 2571 (Psal.
1332 2516 1487 2563 xuv,
1517 2504 1605 2565 6).,
1628 2499 1721 2552 Vir
1751 2499 1862 2554 ita-

191 2610 317 2667 que
378 2597 467 2649 est
517 2591 858 2662 sagittarius
905 2589 1031 2663 qui,
1080 2606 1186 2663 per
1240 2592 1461 2645 sanctis
1520 2587 1863 2643 intentionis

191 2699 435 2748 arcum,
468 2680 839 2737 audientium
872 2680 1154 2737 cordibus
1179 2679 1359 2734 verba
1387 2682 1559 2733 rectae
1582 2678 1861 2732 exhorta-

191 2771 374 2827 tionis
401 2768 724 2839 inﬁgit,sed
742 2768 1041 2823 leviathan
1060 2767 1244 2822 istum
1265 2766 1706 2838 areproborum
1730 2780 1861 2820 cor-

187 2861 376 2917 dibus
403 2858 591 2915 sancti
611 2856 1017 2930 przedicatoris
1048 2856 1262 2926 sagitta
1292 2871 1415 2911 non
1454 2854 1691 2921 excutit,
1716 2853 1861 2926 quia

185 2948 473 3023 quisquis
494 2947 573 3003 ab
602 2946 700 3002 illo
732 2945 1219 3019 apprehenditur,
1252 2944 1436 3000 verba
1461 2945 1587 3014 jam
1639 2943 1856 3015 prtedi-

185 3038 460 3095 cautium
496 3036 704 3092 audire
749 3034 1094 3091 contemnit.
1130 3033 1537 3106 Sequiturf‘In
1563 3034 1853 3102 stipulam

186 3130 349 3185 versi
376 3132 516 3182 sunt
547 3127 602 3182 ei
632 3126 860 3194 lapides
878 3124 1108 3194 fundae.
1142 3155 1211 3163 —
1262 3122 1415 3188 Quid
1443 3139 1550 3195 per
1575 3122 1849 3191 fundam,

184 3218 307 3275 nisi
355 3221 564 3272 sancta
594 3214 851 3271 Ecclesia
897 3214 1289 3284 designatur?
1323 3215 1540 3269 Sancta
1584 3227 1850 3284 namque

184 3306 453 3364 Ecclesia
480 3306 626 3361 dum
653 3304 1018 3360 volubilitate
1052 3308 1413 3376 temporum,
1453 3318 1559 3375 per
1608 3301 1849 3357 tribula-

181 3399 417 3455 tionem
470 3394 783 3452 circuitum
838 3410 1001 3450 more
1032 3392 1235 3448 fundze
1274 3392 1528 3461 ducitur,
1564 3390 1744 3447 fortes
1774 3406 1848 3446 ex

179 3486 285 3543 illa
332 3484 442 3540 viri
469 3483 644 3556 quasi
683 3482 913 3554 lapides
938 3481 1012 3537 de
1043 3480 1232 3537 funda
1271 3480 1592 3553 prodeunt,
1624 3480 1846 3553 quibus

176 3574 405 3632 ictibus
434 3572 778 3644 iniquorum
819 3571 1003 3627 corda
1034 3570 1378 3626 tundantur.
1413 3570 1555 3626 Hinc
1576 3586 1682 3642 per
1710 3585 1845 3642 pro-

176 3665 434 3737 phetam
463 3661 676 3717 dicitur
710 3677 723 3715 :
753 3682 781 3709 «
810 3659 1190 3715 Devorabunt
1217 3663 1274 3713 et
1302 3658 1847 3731 subjicientlapidi-

178 3753 305 3808 bus
362 3750 671 3821 (Zach.1x,
710 3753 815 3820 15).
851 3772 878 3798 ››
929 3747 1249 3804 Leviathan
1306 3763 1449 3817 ergo
1497 3752 1844 3803 sanctorum

175 3842 377 3899 robur
422 3840 483 3895 in
536 3838 769 3911 stipulae
819 3837 1129 3894 mollitiem
1178 3836 1567 3910 despiciendo
1597 3836 1845 3906 rediget,

175 3946 453 4005 quorum
482 3927 690 3997 lingua
739 3928 905 4000 prius
950 3931 1159 3999 pectus
1199 3925 1357 3981 illius
1416 3918 1582 3981 duris
1630 3925 1847 3981 ictibus

176 4019 427 4077 tutudit.
458 4016 763 4089 Sequitur:

248 4148 431 4201 γωδ.
457 4147 545 4198 20.
573 4142 757 4209 Quasi
782 4143 1069 4211 stipulam
1103 4140 1415 4197 astimabit
1440 4141 1744 4196 malleum.
1776 4168 1855 4180 —

178 4239 241 4291 In
274 4232 583 4305 Scriptura
606 4247 780 4287 sacra
804 4232 1000 4287 mallei
1024 4230 1267 4286 nomine
1288 4228 1617 4301 aliquando
1642 4228 1848 4285 diabo-

1982 1735 2160 1790 minis
2192 1735 2391 1806 territi,
2423 1735 2517 1791 vel
2548 1735 2907 1791 cruciatibus
2935 1736 3122 1804 fracti,
3153 1736 3455 1794 leviathan
3475 1736 3643 1794 istius

1982 1840 2044 1879 se
2071 1822 2280 1879 ditioni
2311 1824 2652 1895 subjiciunt.
2685 1825 2859 1880 Recte
2880 1823 3128 1880 dicitur:
3162 1826 3287 1881 Sub
3318 1826 3443 1896 ipso
3464 1833 3642 1882 erunt

1982 1914 2144 1969 radii
2186 1914 2345 1968 solis.
2397 1914 2707 1987 Sequitur:
2754 1915 2991 1970 Sternet
3039 1915 3154 1970 sibi
3205 1930 3422 1971 aurum
3470 1912 3645 1986 quasi

1984 2004 2173 2058 lutum
2206 2035 2273 2041 —
2302 2002 2710 2075 Appellatione
2764 2003 2989 2076 quippe
3019 2002 3149 2058 auri
3188 1998 3249 2058 in
3298 2019 3467 2059 sacro
3517 2003 3638 2060 elo-

1978 2089 2145 2162 quio,
2172 2090 2497 2163 aliquando
2552 2088 2828 2147 divinatis
2872 2091 3111 2147 claritas
3154 2091 3525 2161 designatur,
3578 2098 3642 2150 ut

1978 2178 2153 2233 illud:
2183 2180 2407 2251 «Caput
2435 2180 2563 2250 ejus
2596 2196 2810 2235 aurum
2842 2178 3139 2251 optimum
3172 2180 3367 2250 (Cant.
3398 2197 3457 2250 v,
3490 2184 3633 2250 Η);››

1978 2262 2304 2340 aliquando
2350 2268 2633 2341 splendor
2690 2284 2965 2341 supernas
3014 2268 3284 2336 civitatis,
3342 2273 3408 2325 ut
3452 2268 3632 2324 illud:

1980 2382 2007 2406 «
2041 2361 2106 2413 Et
2135 2357 2265 2429 ipsa
2296 2358 2498 2414 civitas
2549 2375 2698 2414 auro
2742 2344 2973 2414 mundo
3000 2357 3177 2425 simili
3219 2358 3371 2414 vitro
3402 2358 3633 2414 mundo

1976 2447 2182 2517 (Apoc.
2210 2464 2327 2517 xxx,
2365 2447 2512 2517 18);»
2536 2446 2863 2519 aliquando
2894 2448 3171 2514 charitas,
3203 2453 3265 2503 ut
3290 2447 3471 2504 illud:
3502 2447 3634 2505 «Ad

1975 2534 2274 2591 mamillas
2330 2535 2683 2607 praecinctus
2725 2552 2875 2591 zona
2934 2552 3119 2592 aurea
3166 2536 3376 2606 (Apoc.
3413 2553 3451 2603 1,
3502 2537 3630 2607 l3);

1974 2623 2304 2696 aliquando
2347 2628 2549 2680 autem
2582 2624 2738 2680 nitor
2771 2624 2971 2693 gloria:
3000 2624 3327 2690 saecularis,
3354 2624 3504 2680 sicut
3525 2640 3632 2698 per

1970 2714 2328 2788 prOphetam
2355 2713 2570 2770 dicitur
2584 2714 2643 2785 εἷα
2656 2713 2816 2770 Calix
2846 2730 3063 2770 aureus
3094 2713 3365 2786 Babylon
3393 2714 3626 2786 (Jerem.

1971 2820 2043 2871 ιι,
2093 2805 2177 2876 7);
2223 2826 2250 2853 ››
2300 2803 2628 2877 aliquando
2684 2820 2820 2859 vero
2868 2803 3254 2876 pulchritudo
3302 2803 3628 2860 sanctitatis

1971 2892 2275 2967 accipitur,
2312 2896 2375 2948 ut
2402 2892 2547 2947 illud
2570 2892 2873 2948 Jeremiae:
2906 2910 2936 2946 ‹
2967 2890 3283 2957 Quomodo
3336 2891 3626 2949 obscura-

1890 3012 1931 3067 α
1970 2986 2098 3037 tum
2120 2987 2207 3039 est
2234 2998 2472 3047 aurum,
2500 2984 2763 3036 mutatus
2785 2985 2876 3037 est
2904 2980 3068 3037 color
3097 2982 3360 3054 optimus
3384 2983 3622 3052 (Thren.

1969 3088 2025 3133 v,
2064 3072 2157 3143 1)?
2192 3094 2219 3122 ››
2284 3069 2409 3126 Luti
2448 3086 2692 3142 quoque
2746 3070 2991 3126 nomine
3036 3070 3095 3125 in
3154 3086 3325 3126 sacro
3363 3070 3622 3144 eloquio,

1970 3159 2299 3233 aliquando
2326 3164 2693 3216 terrenarum
2709 3175 2907 3215 rerum
2931 3158 3335 3232 multiplicitas
3352 3158 3623 3229 designa-

1968 3252 2082 3318 tur,
2107 3253 2172 3304 ut
2194 3247 2337 3304 illud
2371 3247 2679 3304 Habacuc:
2712 3250 2808 3304 Va:
2858 3249 2911 3305 ei
2945 3248 3051 3323 qui
3093 3248 3446 3320 multiplicat
3495 3262 3622 3304 non

1965 3356 2095 3408 sua,
2129 3355 2448 3411 usquequo
2473 3343 2766 3407 aggravat
2794 3343 3003 3394 contra
3033 3354 3094 3393 se
3125 3337 3389 3394 densum
3424 3336 3621 3392 lutum

1960 3427 2211 3500 (Babae.
2272 3444 2336 3494 ιι,
2383 3429 2479 3499 6);
2526 3450 2553 3477 ››
2606 3427 2935 3500 aliquando
3004 3426 3321 3483 sordidum
3375 3425 3619 3501 sapiens

1973 3517 2161 3590 niqua
2191 3517 2489 3587 doctrina,
2526 3521 2591 3573 ut
2616 3516 2775 3572 idem
2806 3517 3101 3591 propheta
3129 3516 3242 3573 ait:
3270 3538 3298 3567 «
3328 3516 3504 3571 Viam
3532 3514 3618 3570 fe-

1954 3607 2101 3663 :cisti
2128 3608 2191 3663 in
2218 3608 2372 3663 mari
2391 3606 2563 3679 equis
2582 3606 2721 3671 tuis,
2747 3606 2809 3662 in
2829 3606 2954 3662 luto
2973 3622 3270 3679 aquarum
3291 3604 3619 3661 multarum

1955 3698 2208 3770 (Habac.
2242 3710 2331 3761 ιιι,
2370 3698 2472 3769 t5);
2509 3719 2536 3746 »
2562 3694 2891 3769 aliquando
2940 3695 3309 3752 desiderium
3355 3694 3616 3751 sordida:

1953 3786 2275 3843 voluntatis
2306 3786 2679 3858 exprimitur,
2716 3792 2780 3841 ut
2809 3786 2996 3841 illud:
3024 3786 3193 3858 Eripe
3240 3801 3338 3841 me
3359 3785 3434 3841 de
3465 3784 3612 3855 luto,

1954 3876 2021 3928 ut
2048 3888 2171 3927 non
2202 3872 2420 3941 inﬁgar
2447 3875 2636 3941 (Psal.
2668 3890 2863 3941 vam,
2902 3875 3005 3945 l5).
3034 3896 3059 3923 »
3098 3876 3216 3929 Hoc
3263 3872 3443 3943 igitur
3480 3872 3613 3929 loco

1955 3975 2172 4016 aurum
2204 3960 2442 4016 claritas
2499 3961 2829 4018 sanctitatis
2874 3961 3192 4033 accipitur;
3224 3959 3417 4016 lutum
3469 3977 3613 4017 vero

1953 4049 2049 4104 vel
2086 4053 2457 4106 terrenarum
2501 4064 2704 4106 rerum
2762 4049 3097 4120 avaritiam,
3132 4048 3229 4105 vel
3283 4065 3611 4122 pravarum

1955 4138 2233 4209 contagia
2274 4138 2705 4207 doctrinarum,
2743 4140 2839 4196 vel
2869 4141 3075 4196 sordes
3126 4138 3460 4195 carnalium
3510 4154 3611 4195 vo-

1954 4227 2255 4300 luptatum
2296 4228 2383 4284 nil
2418 4228 2618 4285 obstat
2648 4229 2907 4299 intelligi.
2943 4228 3092 4295 Quia
3120 4228 3283 4284 enim
3309 4228 3610 4285 leviathan

174 4323 273 4380 lus
304 4322 677 4395 designatgr,
712 4337 816 4392 per
836 4336 1017 4393 quem
1048 4318 1525 4392 delinquentium
1555 4318 1744 4391 culpae
1767 4318 1844 4374 fe-
1883 4363 1929 4416 Β
1956 4318 2063 4373 iste
2094 4333 2198 4373 eos
2228 4318 2334 4390 qui
2362 4317 2516 4375 intra
2546 4322 2817 4375 sanctam
2845 4318 3165 4375 Ecclesiam
3188 4316 3418 4389 fulgore
3433 4319 3610 4391 justi-

175 4414 441 4480 riuntur,
473 4415 537 4466 ut
559 4409 707 4465 illud
733 4411 1071 4483 prophetae:
1107 4432 1133 4458 ‹‹
1159 4408 1477 4473 Quomodo
1507 4407 1847 4464 confractus
1883 4407 1923 4416 ’
1958 4408 2048 4463 tiae
2068 4407 2449 4480 resplendere
2464 4408 2989 4473 videbantur,cum
3019 4408 3361 4466 carnalibus
3402 4410 3609 4483 volup-

176 4508 273 4559 est
310 4501 370 4557 ei
410 4500 696 4557 contritus
752 4500 1004 4555 malleus
1052 4499 1346 4554 universes
1395 4502 1563 4553 terrae
1619 4498 1765 4567 (Jer.
1792 4514 1843 4569 L,
1956 4496 2175 4552 tatibus
2202 4497 2313 4552 sibi
2345 4497 2605 4568 subjicit,
2640 4513 2856 4554 aurum
2889 4498 3003 4555 sibi
3051 4499 3263 4573 procul
3304 4497 3490 4555 dubio
3546 4504 3612 4555 ut

176 4596 296 4663 23);
336 4612 366 4639 »ι
398 4589 724 4661 aliquando
755 4605 892 4644 vero
917 4588 1227 4661 percussio
1256 4587 1506 4643 caelestis
1537 4588 1842 4659 accipitur,
1952 4584 2145 4640 lutum
2176 4586 2402 4652 sternit,
2434 4586 2539 4642 sed
2567 4586 2683 4642 hoc
2709 4604 2869 4643 nunc
2890 4588 2951 4643 in
2982 4588 3306 4644 multorum
3329 4587 3610 4643 cordibus

176 4686 245 4736 ut
266 4678 397 4735 ιιυά
432 4697 446 4733 :
475 4678 748 4734 «Malleus
770 4683 826 4734 et
852 4678 1096 4749 securis,
1127 4682 1184 4733 et
1208 4692 1387 4733 omne
1418 4675 1845 4731 ferramentum
1952 4673 2218 4745 quotidie
2242 4675 2341 4741 ait,
2374 4674 2527 4731 sicut
2572 4675 2790 4731 Paulus
2837 4676 2980 4732 dicit
3006 4695 3018 4731 :
3057 4698 3081 4727 ι
3111 4677 3181 4733 Ut
3230 4677 3522 4732 reveletur
3546 4677 3608 4732 in

175 4785 306 4824 non
341 4771 481 4822 sunt
516 4767 723 4823 audita
754 4767 813 4821 in
869 4767 1053 4821 domo
1099 4783 1239 4822 cum
1292 4764 1687 4821 aediﬁcaretur
1732 4765 1851 4835 (III
1955 4779 2063 4818 suo
2120 4768 2407 4837 tempore.
2454 4766 2601 4820 Nam
2661 4766 3019 4837 mysterium
3090 4766 3437 4840 iniquitatis,
3493 4771 3603 4824 etc.

176 4860 329 4929 Reg.
366 4873 444 4923 v1,
473 4861 551 4923 7).
587 4879 614 4905 »
650 4856 802 4921 Quid
849 4859 937 4910 est
992 4871 1135 4923 ergo
1178 4853 1345 4926 quod
1391 4852 1695 4908 leviatban
1738 4853 1843 4909 iste

175 4945 475 5002 malleum
505 4944 775 5016 despicit,
818 4944 928 4998 nisi
958 4942 1127 5015 quod
1159 4958 1436 5015 supernas
1465 4942 1845 4998 animadver-

176 5032 375 5090 sionis
405 5033 557 5088 ictus
588 5032 911 5089 formidare
959 5032 1331 5087 contemnit?
1360 5035 1416 5087 et
1443 5032 1617 5103 quasi
1660 5030 1842 5103 stipu-

172 5122 309 5179 lam
339 5122 606 5195 deputat,
634 5122 778 5195 quia
810 5121 889 5177 ad
912 5122 1087 5193 justas
1126 5120 1225 5177 ira:
1274 5136 1337 5175 se
1379 5121 1644 5192 pondere
1682 5120 1845 5176 velut

175 5216 397 5269 contra
429 5212 802 5268 levissimum
854 5216 1138 5267 terrorem
1172 5212 1364 5284 parat.
1405 5211 1719 5282 Sequitur:
1766 5210 1843 5266 E’t

172 5303 477 5360 deridebit
528 5303 861 5359 vibrantem
908 5303 1165 5358 hastam.
1194 5333 1266 5342 —
1296 5302 1512 5356 Contra
1541 5300 1845 5356 leviathan

172 5393 349 5449 enim
398 5392 687 5448 Dominus
714 5393 950 5449 hastam
994 5392 1207 5462 vibrat,
1240 5391 1384 5465 quia
1404 5390 1465 5446 in
1491 5390 1621 5462 ejus
1652 5391 1846 5447 interi-

173 5486 313 5538 tum
346 5480 675 5537 districtam
707 5481 970 5538 minatur
994 5483 1347 5537 sententiam
1374 5499 1387 5549 ;
1417 5479 1522 5537 sed
1568 5484 1846 5552 apostata

173 5551 760 5644 spiritus'auctorem
795 5571 928 5627 vitae
976 5566 1155 5628 etiam
1182 5586 1321 5628 cum
1352 5586 1463 5627 sua
1501 5551 1691 5625 morte
1718 5560 1849 5626 des-

170 5658 415 5732 piciens
440 5661 680 5721 hastam
706 5660 1043 5721 vibrantem
1072 5659 1321 5720 deridet.
1351 5650 1663 5734 Sequitur:

1954 4853 2047 4923 (II
2073 4854 2267 4909 Thess.
2302 4869 2359 4920 ιι,
2391 4856 2444 4921 6,
2469 4857 2581 4922 7).»
2610 4853 2808 4910 Toties
2859 4870 3002 4925 ergo
3047 4855 3159 4910 sibi
3196 4872 3359 4912 nunc
3389 4873 3608 4914 aurum

1953 4942 2212 5015 subjicit,
2260 4943 2496 5015 quoties
2548 4943 2879 5001 castitatem
2930 4944 3199 5002 ﬁdelium
3252 4957 3367 5019 per
3412 4948 3608 5004 Carnis

1950 5031 2094 5087 vitia
2145 5031 2371 5101 sternit,
2426 5033 2659 5105 quoties
2715 5050 2964 5091 sensum
3016 5036 3453 5093 continentium
3500 5053 3609 5111 per

1951 5121 2269 5195 immunda
2296 5121 2592 5179 desideria
2619 5123 2887 5198 dissipat.
2922 5125 3225 5198 Sequitur:

2023 5214 2185 5267 Vens.
2219 5216 2307 5267 22.
2337 5212 2897 5284 Fervescere‘faciet
2922 5218 3097 5287 quasi
3126 5218 3310 5272 ollam
3349 5215 3608 5285 profun-

1953 5302 2095 5358 dum
2125 5316 2384 5358 mare.—
2409 5302 2564 5368 Quid
2588 5319 2691 5374 per
2718 5320 2884 5360 mare
2908 5305 3022 5360 nisi
3051 5305 3162 5360 vita
3190 5302 3608 5359 saecularium?

1955 5389 2108 5457 Quid
2147 5407 2253 5464 per
2297 5391 2689 5464 profundum,
2729 5394 2842 5449 nisi
2869 5393 3001 5449 altas
3032 5397 3090 5449 et
3135 5391 3354 5447 abditae
3398 5407 3607 5450 eorum

1954 5482 2344 5554 cogitationes
2375 5484 2792 5556 exprimuntur
2812 5483 2840 5538 ‘t
2872 5481 3240 5539 Profundum
3268 5497 3414 5553 ergo
3442 5499 3610 5540 mare

1954 5572 2129 5646 quasi
2166 5573 2351 5631 ollam
2380 5573 2704 5630 fervescere
2736 5571 3041 5644 facit,quia
3070 5570 3357 5631 nimirum
3380 5578 3615 5632 constat

1955 5662 2124 5736 quod
2152 5663 2582 5736 persecutionis
2607 5669 2873 5719 extremo
2907 5664 3195 5741 tempore,
3227 5670 3436 5724 contra
3461 5662 3617 5726 elec.
