4150 6128
453 159 560 216 503

1507 148 1566 203 S.
1606 141 1868 204 ODONIS
1903 134 2202 196 ABBATIS
2239 135 2742 202 CLUNIACENSIS
2783 147 2847 200 11.

3709 151 3713 153 ’
3770 149 3876 204 5οι

455 283 656 336 torum
683 276 868 332 vitam
895 271 1131 328 studeat
1155 270 1390 328 animos
1415 267 1814 342 reproborum
1835 259 2110 318 excitare.
2145 259 2194 310 Α
2231 261 2476 334 cupivit,
2530 263 2771 321 dicens:
2829 287 2858 314 ‹‹
2889 264 3223 320 Ascendam
3281 277 3473 335 super
3526 263 3882 322 altitudinem

461 367 770 441 Sequitur:
791 363 871 418 Et
910 366 1094 432 ponet
1131 360 1307 432 quasi
1336 375 1470 416 cum
1491 361 1802 429 unguenta
1832 350 2115 441 buttiunt:

457 488 529 497 —
555 434 708 521 buia
737 466 880 520 ergo
909 449 1151 522 reprobi
1175 450 1258 506 ita
1301 448 1691 516 seducuntur,
1721 448 1784 498 ut
1820 434 2121 514 quidquid

461 547 670 614 agunt,
721 555 796 596 ex
825 539 1138 612 iniquitate
1167 537 1460 612 perﬁdiae,
1494 552 1604 609 pro
1653 532 1894 590 veritate
1945 529 2120 583 rectae

459 632 602 688 fidei
641 647 702 688 se
734 645 910 700 agere
967 628 1363 702 suspicantur,
1393 626 1566 699 quasi
1609 625 1764 680 bene
1807 617 2034 677 redolet
2061 614 2122 670 id

461 721 630 796 quod
660 719 784 776 zelo
811 719 1114 790 religionis
1144 722 1437 774 exercent.
1474 715 1621 771 Hinc
1673 711 1958 768 Dominus
1997 706 2080 764 ait
2107 722 2119 760 :

464 835 492 862 α
531 815 599 868 Et
628 809 828 866 omnis
857 807 962 881 qui
989 807 1392 864 interﬁcitvos
1423 805 1739 861 arbitretur
1764 797 2126 870 obsequium

465 917 528 956 se
553 903 840 974 praestare
885 899 1004 952 Deo
1035 898 1233 967 (Joan.
1263 897 1442 966 xvr).»
1473 893 1653 964 Igitur
1683 891 1836 946 sicut
1865 887 1984 944 olla
2014 885 2125 941 fer-

465 994 628 1059 vent,
659 988 806 1044 dum
837 986 1151 1043 crudeliter
1184 987 1648 1058 persequuntur,
1693 980 1799 1037 sed
1829 977 1994 1052 apud
2023 992 2127 1031 eos

468 1081 848 1148 unguentum
875 1075 1100 1132 redolet
1128 1075 1275 1130 dum
1299 1079 1526 1130 mentes
1553 1087 1784 1138 eorum,
1801 1067 1973 1124 vanis
2003 1082 2129 1122 sus-

469 1167 809 1242 picionibus
866 1165 1152 1237 deceptae,
1210 1164 1508 1219 aestimant
1563 1159 1742 1234 quasi
1791 1163 1911 1215 Deo
1958 1156 2130 1212 obse-

471 1257 686 1330 quium
715 1253 1077 1328 persolvant.
1109 1252 1418 1326 Sequitur:

545 1401 715 1454 Vaas.
745 1397 834 1453 23.
867 1397 1010 1452 Post
1040 1412 1169 1453 eum
1204 1395 1418 1452 lucebit
1440 1395 1668 1452 semita.
1697 1425 1765 1433 —
1789 1395 1924 1448 Post
1949 1388 2131 1445 levia-

477 1489 621 1544 tlian
649 1485 874 1559 quippe
923 1485 1136 1540 semita
1164 1485 1361 1540 lucere
1411 1482 1781 1556 perhibetur,
1812 1479 1956 1553 quia
1981 1494 2134 1551 quo-

476 1593 616 1634 rum
664 1573 849 1631 corda
913 1579 1202 1646 penetrat,
1259 1589 1463 1629 eorum
1522 1569 1810 1644 prodigiis
1861 1568 2133 1624 illustrat.

484 1665 788 1738 Sequitur:
827 1663 1187 1719 zEstimabit
1217 1663 1494 1732 abyssum
1526 1661 1701 1732 quasi
1725 1664 2135 1716 senescentem.

483 1784 553 1794 —
576 1751 808 1808 Judicia
837 1752 934 1806 Dei
964 1752 1168 1823 abyssi
1208 1749 1494 1823 appellari
1537 1749 1780 1805 nomine
1830 1746 2142 1803 Psalmista

485 1841 749 1899 ostendit
776 1840 1012 1896 dicens:
1033 1841 1298 1896 «Iudicia
1323 1845 1426 1895 tua
1443 1840 1700 1911 abyssus
1733 1837 1922 1894 multa
1951 1837 2141 1906 (Psat.

486 1947 659 1999 xxxv,
691 1930 767 2001 7).
800 1951 827 1978 υ
861 1931 1143 1986 Senectus
1173 1945 1316 1984 vero
1346 1928 1671 2001 aliquando
1701 1942 1812 1999 pro
1841 1925 1978 1980 ﬁnis
2004 1941 2144 1998 pro-

488 2017 820 2092 pinquitate
871 2017 1132 2090 ponitur.
1167 2018 1331 2074 Unde
1385 2016 1466 2072 ait
1522 2015 1880 2090 Apostolus:
1909 2036 1937 2063 «
1973 2013 2145 2080 Quod

491 2107 838 2180 antiquatur
865 2111 922 2162 et
947 2107 1217 2170 senescit,
1241 2121 1426 2178 prope
1477 2105 1782 2161 interitum
1812 2107 1903 2160 est
1935 2104 2143 2171 (Hebr.

491 2212 612 2262 vm,
647 2196 750 2267 13).
787 2219 814 2245 n
860 2196 1161 2269 Abyssum
1220 2211 1483 2268 namque
1541 2209 1848 2250 senescere
1897 2193 2150 2248 aestimat

493 2285 598 2357 qui
623 2284 926 2340 terminari
979 2285 1346 2357 quandoque
1375 2283 1434 2339 in
1467 2281 1773 2356 suppliciis
1821 2295 2146 2354 supernam

495 2373 1078 2430 animadversionem
1126 2377 1312 2446 putat.
1348 2373 1527 2443 Igitur
1556 2371 1838 2444 antiquus
1885 2369 1993 2425 iste
2023 2385 2153 2442 per-

496 2477 815 2518 suasorum
871 2459 1218 2534 iniquorum
1273 2461 1575 2516 mentibus
1647 2459 1877 2515 futuras
1937 2474 2151 2530 poenas

497 2550 673 2622 quasi
701 2553 860 2605 certo
889 2549 1008 2604 ﬁne
1053 2547 1428 2618 determinat,
1461 2552 1526 2604 ut
1554 2563 1762 2603 eorum
1791 2545 2000 2620 culpas
2025 2546 2151 2602 sine

497 2637 753 2694 termino
806 2637 1187 2692 correctionis
1229 2636 1527 2692 extendat.
1569 2637 1718 2692 Sunt
1765 2635 1926 2691 enim
1969 2634 2148 2690 etiam

499 2741 662 2783 nunc
719 2725 823 2797 qui
879 2725 1138 2797 peccatis
1170 2725 1294 2780 suis
1325 2739 1548 2797 ponere
1586 2723 1770 2780 ﬁnem
1824 2724 2152 2794 negligunt,

501 2815 604 2888 qui
634 2813 856 2870 habere
881 2814 1248 2888 quandoque
1277 2814 1461 2870 ﬁnem
1486 2813 1686 2870 futura
1708 2829 1891 2886 super
1916 2829 1978 2868 se
2003 2813 2160 2884 judi-

503 2903 595 2959 cia
624 2902 1022 2974 suspicantur.
1057 2904 1276 2958 Contra
1295 2919 1450 2976 quos
1481 2903 1704 2959 Veritas
1726 2902 1867 2958 dicit
1893 2919 1905 2957 :
1940 2925 1968 2952 «
1987 2901 2160 2958 Ibunt

502 2992 565 3048 hi
592 2991 652 3048 in
702 2991 1062 3065 supplicium
1111 2997 1425 3063 aeternum,
1450 2992 1598 3063 justi
1636 2996 1836 3048 autem
1865 2991 1926 3047 in
1975 2991 2160 3047 vitam

505 3086 787 3138 aeternam
819 3081 1050 3153 (Matth.
1086 3099 1217 3150 xxv,
1249 3083 1360 3154 46).
1398 3105 1427 3131 ››
1457 3081 1547 3137 Ad
1568 3082 1811 3138 districti
1834 3097 1976 3152 ergo
2004 3080 2163 3136 Judi-

505 3169 587 3226 cis
613 3170 905 3242 justitiam
952 3170 1206 3242 pertinet
1257 3175 1320 3226 ut
1368 3185 1688 3243 nunquam
1727 3175 1969 3226 careant
2020 3186 2162 3242 sup-

504 3259 701 3332 plicio,
733 3275 991 3331 quorum
1051 3275 1224 3314 mens
1253 3259 1310 3314 in
1341 3259 1454 3314 hac
1481 3259 1604 3316 vita
1629 3274 1945 3332 nunquam
1977 3258 2163 3314 voluit

505 3362 706 3403 carere
747 3351 1017 3419 peccato,
1048 3351 1106 3402 et
1141 3347 1342 3402 nullus
1398 3347 1571 3404 detur
1625 3348 1833 3420 iniquo
1873 3348 2162 3404 terminus

505 3435 764 3502 ultionis,
787 3434 931 3508 quia
959 3435 1232 3508 quandiu
1270 3435 1471 3504 valuit,
1497 3436 1718 3492 habere
1749 3436 1938 3492 noluit
1966 3437 2162 3494 termi-

505 3539 654 3579 num
681 3521 968 3579 criminis.
997 3523 1304 3595 Sequitur:

577 3651 745 3705 Vsas.
776 3651 865 3704 24.
894 3649 1026 3704 Non
1051 3655 1136 3706 est
1154 3655 1415 3718 potestas
1446 3666 1577 3722 quae
1607 3656 1988 3721 comparetur
2015 3653 2162 3708 ei.—

505 3741 770 3794 Potestas
798 3737 928 3810 ejus
953 3753 1135 3812 super
1161 3743 1378 3795 terram
1409 3740 1637 3796 cunctis
1664 3740 2018 3798 eminentior
2032 3758 2162 3815 per-

506 3826 763 3893 hibetur,
795 3825 940 3900 quia
965 3827 1072 3883 etsi
1103 3828 1353 3884 actionis
1394 3845 1516 3884 suae
1547 3829 1758 3886 merito
1785 3829 1938 3886 infra
1965 3830 2160 3887 homi-

506 3931 614 3971 nes
644 3915 872 3984 cecidit,
900 3931 1080 3972 omne
1121 3921 1326 3974 tamen
1355 3917 1671 3974 hominum
1716 3933 1905 3989 genus
1933 3923 2162 3976 natura;

507 4005 790 4078 angelicae
836 4007 1176 4064 conditione
1206 4007 1592 4078 transcendit,
1623 4007 1759 4066 licet
1811 4010 2028 4066 sanctis
2057 4011 2163 4066 ho-

507 4095 766 4152 minibus
800 4095 1148 4152 meritorum
1191 4114 1442 4154 suorum
1472 4097 1802 4170 dejectione
1832 4099 2159 4171 subjaceat.

511 4184 818 4256 Sequitur:
855 4186 970 4253 Qui
1019 4187 1220 4254 factus
1265 4191 1350 4244 est
1403 4192 1468 4242 ut
1523 4188 1760 4242 nultum
1799 4189 2049 4246 timeret.
2095 4221 2163 4229 —

508 4271 814 4344 Siquidem
842 4288 950 4344 per
977 4277 1254 4328 naturam
1307 4272 1500 4328 factus
1529 4278 1635 4338 est,
1668 4279 1734 4330 ut
1781 4275 2162 4332 Conditorem

511 4375 690 4413 suum
721 4364 880 4414 caste
909 4360 1117 4415 timere
1147 4360 1472 4430 debuisset,
1503 4361 1714 4418 timore
1755 4361 2030 4418 videlicet
2055 4363 2160 4436 qui

515 4467 535 4500 ι
570 4453 884 4520 permanet
911 4448 970 4504 in
1014 4450 1300 4506 saeculum
1345 4449 1545 4505 saeculi
1575 4452 1764 4516 (Psat.
1795 4467 1955 4516 xvm,
1991 4453 2100 4524 10),
2129 4477 2158 4504 »

510 4537 618 4592 sed
649 4551 759 4592 sua
785 4537 1166 4610 perversitate
1193 4538 1324 4595 talis
1353 4538 1545 4595 factus
1575 4545 1682 4612 est,
1713 4548 1779 4596 ut
1813 4543 2052 4602 nultum
2093 4545 2163 4602 ti-

505 4631 708 4682 meret.
744 4625 806 4680 Ei
843 4625 1068 4700 quippe
1095 4643 1134 4684 a
1159 4643 1284 4701 quo
1313 4627 1507 4684 factus
1535 4627 1726 4686 fuerat
1756 4629 2002 4690 subesse
2031 4630 2162 4690 ἀθε-

505 4713 686 4787 pexit,
719 4713 867 4772 dum
894 4731 1153 4789 praeesse
1207 4716 1454 4785 caeteris,
1482 4720 1540 4774 et
1567 4717 1715 4780 nulli
1745 4718 1992 4781 subesse
2025 4736 2166 4784 conv

2229 351 2510 424 nubium,
2564 353 2772 410 similis
2840 370 2943 411 ero
2993 353 3300 410 Altissimo
3349 353 3497 423 (Isa.
3557 370 3670 422 xrv,
3725 357 3802 410 14-.
3853 377 3879 404 »

2233 441 2511 512 Sequitur
2533 459 2546 498 :

2301 531 2475 586 Vens.
2509 537 2594 588 25.
2626 531 2810 588 Omne
2837 533 3088 588 sublime
3118 531 3292 588 videt.
3311 561 3378 570 —
3408 530 3476 586 Id
3505 534 3616 601 est,
3643 535 3879 588 cunctos

2232 616 2395 673 velut
2423 619 2574 675 infra
2605 635 2668 675 se
2725 620 2952 692 positos
2990 619 3165 692 quasi
3212 618 3287 674 de
3335 617 3580 692 sublimi
3627 617 3878 690 respicit,

2235 705 2378 778 quia
2394 706 2540 763 dum
2563 725 2670 780 per
2689 709 3080 765 intentionem
3096 711 3305 764 contra
3325 710 3644 762 Auctorem
3667 707 3880 777 nititur,

2237 796 2530 854 (aestimare
2557 799 2668 854 sibi
2694 799 3023 872 quemlibet
3069 798 3322 854 similem
3348 797 3699 866 designatur
3725 797 3880 870 quod

2238 888 2374 956 apte
2397 886 2574 942 etiam
2604 887 2655 958 ej
2667 905 2733 943 us
2759 887 3048 944 membris
3073 887 3365 957 congruit.
3389 885 3536 959 quia
3557 903 3766 942 omnes
3785 886 3886 942 ini-

2240 975 2342 1046 qui
2374 990 2482 1046 per
2531 979 2826 1032 tumorem
2869 976 3066 1033 cordis
3113 976 3268 1044 elati,
3299 981 3548 1032 cunctos
3577 991 3731 1048 quos
3769 991 3885 1031 cer-

2241 1068 2392 1118 nunt
2421 1064 2714 1136 superbiae
2759 1066 2912 1122 fastu
2961 1065 3315 1140 despiciunt,
3343 1065 3568 1138 quibus
3601 1063 3754 1122 bene
3789 1080 3890 1137 per

2239 1153 2599 1224 prophetam
2648 1153 2893 1210 dicitur:
2943 1177 2970 1204 «
3007 1154 3107 1209 Vae
3145 1153 3250 1226 qui
3303 1153 3603 1226 sapientes
3655 1152 3792 1208 estis
3833 1153 3889 1208 in

2243 1239 2430 1295 oculis
2475 1241 2698 1310 vestris,
2731 1246 2788 1300 et
2835 1257 3040 1299 coram
3080 1241 3524 1314 vobismetipsis
3577 1240 3892 1313 prudentes

2244 1331 2386 1402 (Isa.
2420 1348 2473 1399 v,
2505 1333 2656 1403 21).»
2715 1335 2780 1389 Et
2827 1332 3069 1388 Paulus:
3109 1355 3136 1383 ‹‹
3169 1331 3352 1388 Nolite
3397 1331 3724 1404 prudentes
3771 1347 3894 1386 esse

2246 1419 2410 1492 apud
2457 1421 2852 1494 vosmetipsos
2898 1423 3086 1492 (Rom.
3123 1438 3226 1488 xu,
3264 1421 3368 1492 16).
3403 1444 3428 1470 ››
3475 1424 3542 1476 Et
3570 1421 3892 1476 notandum

2247 1509 2414 1581 quod
2439 1507 2743 1565 leviathan
2781 1511 2888 1566 istc
2923 1527 3029 1583 per
3071 1526 3426 1583 corporeum
3481 1509 3710 1566 animal
3761 1509 3897 1565 desi-

2165 1605 2210 1662 Β
2249 1604 2486 1668 gnatur,
2517 1603 2575 1654 et
2599 1599 2795 1656 cordis
2825 1600 3127 1672 superbia,
3159 1615 3298 1656 cum
3327 1598 3589 1656 exterius
3615 1615 3803 1672 usque
3827 1597 3898 1654 ad

2251 1703 2470 1760 corpus
2527 1689 2886 1752 estenditur,
2939 1689 3103 1762 prius
3160 1703 3266 1762 per
3316 1689 3525 1745 oculos
3594 1689 3893 1744 indicatur.

2253 1775 2370 1847 Ipsi
2401 1775 2626 1849 quippe
2667 1792 2774 1849 per
2801 1777 3025 1834 fastum
3079 1776 3330 1834 tumoris
3376 1776 3595 1832 inﬂatu
3636 1775 3806 1850 quasi
3833 1792 3898 1831 ex

2255 1863 2500 1920 sublimi
2543 1865 2888 1938 respiciunt,
2933 1870 2992 1922 et
3041 1883 3164 1938 quo
3217 1881 3278 1920 se
3327 1865 3696 1939 deprimunt,
3737 1865 3897 1921 altius

2255 1953 2563 2010 extollunt.
2599 1954 2746 2010 Hinc
2777 1955 3058 2012 Salomon
3090 1955 3202 2011 ait:
3255 1955 3571 2011 Generatio
3602 1955 3768 2025 cujus
3813 1971 3899 2009 ex-

2257 2040 2400 2096 celsi
2426 2047 2568 2098 sunt
2595 2042 2768 2104 oculi.
2798 2049 2854 2098 et
2895 2043 3198 2116 palpebrae
3241 2043 3370 2113 ejus
3413 2041 3608 2098 multo
3639 2045 3896 2098 surrectae

2259 2131 2463 2197 (Prov.
2496 2147 2638 2198 xxx,
2691 2133 2796 2202 t3).
2835 2154 2863 2182 η
2922 2132 3220 2204 Sequitur:
3255 2132 3389 2202 Ipse
3447 2137 3534 2188 est
3585 2147 3695 2188 rea:
3737 2145 3902 2200 super

2259 2221 2564 2275 universos
2607 2221 2766 2289 ﬁlios
2815 2221 3126 2290 superbiae.
3157 2253 3224 2260 —
3257 2223 3327 2276 Ut
3353 2219 3654 2276 leviathan
3687 2219 3792 2276 iste
3843 2219 3898 2274 in

2259 2308 2487 2364 cunctis
2517 2324 2652 2380 quae
2683 2310 2956 2383 superius
2981 2310 3142 2366 dicta
3181 2314 3340 2376 sunt,
3389 2310 3654 2370 caderet,
3688 2308 3809 2364 sola
3845 2323 3899 2362 se

2262 2397 2543 2469 superbia
2569 2399 2836 2470 percutit.
2871 2400 3162 2472 Scriptum
3197 2415 3467 2472 namque
3495 2403 3584 2455 est
3609 2417 3622 2455 :
3649 2397 3898 2454 «Initium

2261 2486 2458 2542 omnis
2497 2488 2726 2559 peccati
2779 2488 3060 2560 superbia
3091 2489 3302 2560 (Eccti.
3333 2506 3383 2556 x,
3425 2489 3535 2558 15).
3565 2511 3591 2538 ››
3631 2491 3734 2544 Per
3761 2487 3901 2542 hanc

2261 2571 2420 2632 enim
2447 2575 2540 2630 ille
2572 2576 2904 2644 succubuit,
2937 2593 3044 2650 per
3066 2578 3224 2634 hanc
3257 2593 3317 2634 se
3343 2581 3696 2650 sequentem
3725 2574 3902 2632 homi-

2261 2681 2401 2720 nem
2425 2665 2647 2720 stravit.
2685 2669 2764 2720 Eo
2795 2666 2954 2722 enim
2979 2666 3092 2722 telo
3135 2666 3388 2722 salutem
3422 2672 3646 2722 nostra:
3675 2666 3900 2720 immor-

2263 2753 2501 2811 talitatis
2532 2754 2800 2827 impetiit,
2831 2772 2953 2828 quo
2987 2755 3171 2812 vitam
3222 2773 3344 2811 suae
3393 2754 3775 2812 beatitudinis
3818 2769 3901 2809 ex-

2265 2842 2452 2898 tinxit.
2485 2842 2597 2900 Sed
2649 2841 2869 2899 idcirco
2901 2843 3056 2899 hanc
3107 2844 3394 2900 Dominus
3454 2845 3735 2900 doctrinae
3790 2857 3900 2896 suae

2185 2951 2228 3006 ο
2263 2929 2624 2987 locutionem
2675 2931 2939 2995 inseruit,
2974 2937 3037 2988 ut
3084 2949 3223 2988 cum
3251 2937 3387 3005 post
3427 2933 3594 2988 mala
3616 2931 3810 2988 omnia
3833 2927 3902 2985 le-

2265 3021 2508 3077 viathan
2539 3019 3074 3095 istius'superbiam
3123 3022 3363 3090 diceret,
3389 3023 3544 3096 quid
3573 3025 3724 3078 esset
3746 3019 3900 3076 malis

2265 3109 2549 3166 omnibus
2577 3109 2836 3166 deterius
2868 3111 3172 3168 indicaret.
3201 3112 3370 3169 Nulla
3399 3113 3629 3186 quippe
3659 3110 3807 3166 mala
3833 3106 3901 3163 ad

2265 3199 2574 3272 publicum
2605 3200 2942 3272 proderent,
2979 3199 3088 3255 nisi
3111 3200 3238 3256 haec
3293 3205 3560 3256 mentem
3603 3201 3660 3256 in
3689 3196 3901 3255 occulto

2266 3288 2734 3358 constringeret;
2781 3288 2898 3344 alia
2939 3289 3165 3362 quippe
3213 3289 3355 3345 vitia
3395 3305 3504 3345 eas
3544 3284 3901 3344 solummodo

2265 3377 2509 3434 virtutes
2557 3377 2868 3450 impetunt,
2910 3378 3132 3450 quibus
3180 3378 3313 3450 ipsa
3361 3378 3821 3448 distinguuntur,
3851 3377 3904 3428 ut

2266 3465 2542 3522 videlicet
2607 3465 2696 3522 ira
2763 3466 3138 3540 patientiam,
3207 3467 3696 3538 gastrimargiam
3751 3463 3910 3520 absti-

2267 3556 2489 3624 nentia,
2543 3555 2728 3611 libido
2781 3555 3208 3612 continentiam
3258 3561 3590 3630 expugnet.
3647 3550 3908 3627 Superbia

2269 3651 2468 3704 autem
2521 3663 2709 3718 quam
2737 3647 3015 3702 vitiorum
3064 3647 3326 3703 radicem
3379 3647 3670 3714 diximus,
3709 3657 3909 3716 nequa-

2267 3752 2454 3808 quam
2485 3736 2662 3790 unius
2693 3735 2923 3791 virtutis
2973 3736 3330 3792 extinctione
3374 3739 3682 3806 contenta,
3725 3737 3909 3790 contra

2269 3831 2486 3882 cuncta
2510 3824 2727 3880 animm
2759 3825 3032 3881 membra
3061 3841 3123 3882 se
3167 3825 3355 3896 erigit,
3384 3831 3442 3882 et
3469 3826 3649 3899 quasi
3691 3836 3908 3893 genera-

2269 3915 2341 3971 lis
2393 3931 2462 3972 ac
2509 3915 2750 3989 pestifer
2797 3915 3068 3982 morbus,
3092 3931 3310 3989 corpus
3353 3931 3545 3972 omne
3589 3910 3903 3984 corrumpit.

2271 4006 2490 4062 Contra
2539 4021 2696 4078 quos
2747 4005 3048 4077 Scriptura
3091 4005 3337 4062 clamat:
3373 4027 3402 4055 «
3457 4007 3618 4062 Deus
3661 3999 3904 4076 superbis

2269 4095 2504 4161 resistit,
2531 4094 2860 4150 humilibus
2891 4098 3093 4152 autem
3115 4094 3220 4150 dat
3243 4095 3496 4164 gratiam
3533 4096 3680 4166 (Jac.
3709 4108 3780 4158 ιν,
3807 4089 3902 4160 6).»

2273 4187 2491 4242 Contra
2543 4183 2726 4254 hujus
2789 4183 3096 4254 languoris
3171 4188 3402 4256 pestem
3458 4184 3682 4240 Veritas
3743 4178 3900 4234 dicit:

2189 4305 2236 4361 υ
2276 4296 2304 4324 ‹‹
2337 4273 2543 4330 Discite
2574 4289 2611 4329 a
2659 4288 2756 4329 me
2781 4273 2928 4345 quia
2977 4272 3135 4328 mitis
3166 4289 3322 4345 sum,
3355 4277 3412 4328 et
3452 4271 3694 4361 humilis
3747 4265 3904 4324 corde

2275 4364 2517 4435 (Matth.
2548 4379 2628 4429 x1,
2659 4363 2768 4434 29).
2807 4384 2834 4412 »
2865 4365 2944 4417 Ne
2973 4361 3152 4432 igitur
3179 4361 3356 4418 nobis
3387 4355 3690 4418 leviafhan
3751 4355 3899 4412 istius

2270 4451 2568 4518 membra,
2613 4449 2708 4506 vel
2763 4449 2917 4506 mira
2963 4449 3240 4506 faciendo
3299 4449 3596 4520 fallerent,
3653 4448 3898 4520 apertum

2267 4541 2508 4616 signum
2548 4539 2838 4596 Dominus
2865 4555 2990 4612 quo
3035 4538 3404 4612 deprehendi
3434 4539 3647 4605 valeat,
3675 4535 3899 4592 demon-

2272 4632 2496 4699 stravit,
2524 4630 2729 4694 dicens
2755 4647 2766 4686 :
2800 4631 2935 4700 Ipse
2963 4633 3048 4686 est
3091 4645 3205 4686 rex
3231 4644 3414 4700 super
3443 4641 3743 4686 universos
3761 4622 3898 4692 ﬁlios

2272 4719 2602 4797 superbiat."

506 4923 3888 4962 Ἦρα

1341 5120 1720 5242 LIBER,
1793 5125 2459 5220 TBICESIMUS
2571 5127 3078 5234 QUIN’I‘IIS.

1991 5343 2400 5371 Μ

565 5465 747 5539 Igitur
774 5479 1095 5550 postquam
1144 5479 1306 5538 ﬁdeli
1361 5483 1590 5545 famulo
1641 5493 1928 5551 Dominus
1971 5495 2150 5556 levia-

487 5555 638 5614 than
663 5559 854 5618 hostis
883 5565 1013 5637 ejus
1029 5583 1216 5643 quam
1237 5571 1311 5630 sit
1343 5573 1511 5650 fortis
1533 5583 1590 5653 et
1617 5579 1866 5666 callidus
1887 5587 2146 5670 ostendit

2259 5500 2472 5560 beatus
2499 5501 2611 5562 Job
2634 5497 2717 5562 ad
2741 5495 2994 5578 utraque
3017 5487 3346 5574 respondit.
3381 5491 3594 5550 Contra
3621 5483 3890 5540 immanes.

2259 5591 2485 5667 quippe
2503 5593 2662 5657 vires
2695 5593 2826 5674 ejus
2855 5592 3077 5658 intulit.
