4094 6156
164 206 263 260 505

781 321 1007 377 CAPUT
1044 322 1195 377 XLII.

231 434 411 488 Vens.
451 435 498 500 t,
538 433 593 485 2.
634 429 770 485 Scio
790 429 933 498 quia
961 429 1163 493 omnia
1184 431 1375 498 potes.
1397 456 1466 465 —
1487 425 1702 481 Contra
1721 435 1818 475 oc-

162 521 354 579 cultas
376 534 519 574 vero
541 515 1016 572 machinationes
1038 515 1193 571 illius
1217 512 1545 585 subjunxit,
1571 516 1626 567 et
1643 509 1819 564 nulla

165 617 221 668 te
253 612 399 667 latet
430 607 815 678 cogitatio.—
837 604 1000 661 Unde
1031 610 1087 661 et
1115 620 1253 660 mox
1291 602 1504 659 eadem
1535 600 1588 656 ei
1617 613 1822 671 expro-

164 700 319 765 brat,
352 697 558 753 dicens
591 712 605 750 :

235 805 421 861 Vens.
456 808 508 861 3.
555 802 671 870 Qui
701 807 784 858 est
814 804 922 858 iste
943 802 1049 873 qui
1075 802 1226 857 celat
1262 800 1573 856 consilium
1605 796 1825 866 absque

164 895 416 953 scientia
436 897 466 949 ?
510 925 578 933 —
607 890 846 964 Absque
877 890 1122 946 scientia
1151 889 1310 946 enim
1340 887 1642 944 leviathan
1673 883 1825 940 celat

168 976 508 1046 consilium,
539 980 642 1054 qui
688 978 965 1051 quamvis
1019 983 1225 1034 contra
1267 976 1672 1032 inﬁrmitatem
1712 988 1822 1027 no-

167 1077 356 1128 stram
388 1068 589 1126 multis
620 1068 933 1124 fraudibus
962 1066 1303 1135 occultetur,
1352 1062 1702 1138 protectoris
1736 1065 1823 1116 ta-

166 1175 309 1216 men
367 1158 552 1214 nostri
600 1161 807 1212 sancta
856 1155 1033 1211 nobis
1087 1153 1475 1227 inspiratione
1512 1149 1822 1222 detegitur.

169 1249 448 1321 Sequitur
500 1267 514 1303 :
572 1247 709 1303 Ideo
757 1246 1107 1315 insipienter
1157 1246 1387 1300 locutus
1425 1258 1576 1309 sum,
1609 1246 1663 1297 et
1692 1253 1827 1311 qua!

168 1341 337 1395 ultra
366 1337 606 1393 modum
636 1336 988 1393 excederent
1017 1334 1325 1390 scientiam
1355 1346 1565 1387 meam.
1599 1363 1666 1372 —
1694 1329 1827 1383 0m-

165 1427 261 1484 nis
291 1427 560 1483 humana
593 1424 906 1498 sapientia,
948 1421 1321 1495 quantolibet
1371 1419 1646 1475 acumine
1695 1416 1826 1489 pol-

165 1517 306 1583 leat,
343 1514 560 1571 divina
592 1512 899 1586 sapientia
927 1515 1295 1583 comparata,
1340 1506 1679 1581 insipientia
1718 1510 1824 1561 est.

169 1608 384 1662 Beatus
412 1604 615 1677 itaque
643 1602 753 1659 Job
778 1617 851 1658 ea
870 1618 1004 1674 qua
1021 1601 1272 1665 dixerat,
1290 1598 1587 1671 sapienter
1606 1595 1827 1651 dixisse

165 1710 232 1750 se
288 1693 570 1761 crederet,
626 1692 673 1748 si
721 1691 906 1748 verba
950 1689 1271 1763 superioris
1343 1686 1646 1759 sapientia
1704 1699 1825 1739 non

164 1782 448 1852 audiret,
529 1781 590 1837 in
642 1781 816 1852 cujus
881 1779 1228 1853 operatione
1287 1776 1531 1832 stultum
1588 1778 1677 1830 est
1721 1789 1826 1828 no-

163 1877 363 1929 strum
418 1887 598 1928 omne
653 1869 820 1944 quod
881 1870 1054 1941 sapit.
1132 1867 1275 1923 Hinc
1332 1865 1636 1922 Abraham
1691 1863 1824 1918 ait:

164 1983 199 2011 «
245 1963 484 2034 Loquar
535 1959 614 2015 ad
671 1959 993 2014 Dominum
1034 1972 1262 2021 meum,
1307 1971 1444 2009 cum
1484 1953 1597 2007 sim
1636 1951 1830 2023 pulvis

161 2050 338 2122 (Gen.
388 2064 559 2113 xvm,
609 2047 721 2117 27).
774 2070 802 2096 »
848 2046 996 2101 Hinc
1043 2048 1293 2116 Moyses,
1344 2042 1509 2098 omni
1540 2040 1832 2112 sapientia

155 2137 588 2211 Egyptiorum
618 2135 965 2201 instructus,
1018 2133 1099 2189 ait
1131 2152 1144 2188 :
1181 2154 1208 2182 «
1244 2132 1525 2196 Obsecro,
1561 2129 1830 2196 Domine,

154 2242 299 2283 non
327 2241 463 2280 sum
493 2223 799 2296 eloquens,
834 2222 913 2278 ab
941 2221 1067 2277 heri
1095 2218 1254 2276 enim
1285 2224 1341 2274 et
1364 2217 1830 2283 nudiustertius;

158 2330 246 2371 ex
272 2328 399 2385 quo
426 2312 661 2368 locutus
691 2327 754 2366 es
781 2310 859 2366 ad
891 2326 1132 2366 servum
1162 2313 1334 2363 tuum
1360 2305 1749 2379 impeditioris
1779 2308 1837 2359 et

160 2401 452 2460 tardioris
507 2400 725 2471 linguae
768 2415 879 2471 ego
924 2415 1059 2454 sum
1108 2398 1325 2470 (Exod.
1376 2412 1454 2462 IV,
1500 2394 1605 2467 10).
1650 2414 1679 2447 ι
1734 2394 1832 2449 Se-

160 2491 380 2566 quitur
414 2509 427 2547 :

248 2599 496 2654 VERSJL
539 2596 707 2653 Audi
759 2601 815 2653 et
838 2610 943 2666 ego
972 2595 1209 2666 loquar,
1251 2591 1631 2662 interrogabo
1676 2595 1748 2651 te,
1782 2594 1837 2644 et

168 2687 471 2760 responde
513 2687 680 2743 mihi.
739 2717 809 2726 —
860 2683 1077 2740 Audire
1126 2682 1227 2739 Dei
1256 2687 1342 2738 est
1372 2680 1485 2736 sub
1517 2678 1835 2751 semetipso

172 2774 492 2846 surgentia
511 2780 718 2831 nostra
744 2773 1068 2847 percipere.
1100 2771 1191 2827 Ad
1222 2773 1407 2826 Deum
1438 2784 1601 2838 ergo,
1650 2766 1756 2839 qui
1781 2770 1839 2821 et

167 2865 505 2922 tacentium
530 2863 715 2920 corda
739 2860 1064 2932 cognoscit,
1090 2859 1257 2932 loqui
1285 2862 1558 2915 nostrum
1585 2860 1693 2927 est,
1716 2869 1836 2909 non

168 2953 365 3021 vocis,
397 2952 502 3008 sed
531 2968 642 3025 pro
672 2950 888 3006 mentis
916 2948 995 3005 ad
1018 2947 1185 3003 illum
1228 2945 1538 3003 desideriis
1586 2944 1836 2999 inhiare.

983 155 1285 254 spiroue
1313 191 1677 252 mensuum
1704 188 1762 245 s.
1797 184 2006 244 ease.
2032 187 2100 245 IN
2130 188 2276 246 σου.
2305 219 2375 229 -
2401 187 2532 244 LIB.
2565 188 2757 242 xxxv.

1842 315 1891 369 Α
1931 316 2038 368 cta
2070 318 2208 369 sunt
2232 313 2295 369 in
2323 311 2517 378 vobis,
2546 309 2691 365 olim
2720 310 2782 363 in
2812 306 2999 363 cilicio
3047 307 3105 359 et
3153 301 3350 358 cinere
3394 295 3583 370 pani-

3476 171 3599 228 506.

1927 402 2171 457 tentiam
2202 402 2465 472 egissent
2492 400 2660 470 (Luc.
2692 413 2751 461 x,
2787 400 2894 458 t3).
2931 417 2960 444 »
3008 391 3285 465 Sequitur
3316 405 3330 442 :

1996 492 2164 547 Vens.
2194 498 2245 546 7.
2278 491 2358 546 Et
2386 489 2543 545 dixit
2572 487 2860 541 Dominus
2890 484 2971 539 ad
3016 479 3277 550 Eliphaz
3332 475 3581 531 Thema-

1926 581 2108 635 nitem
2142 597 2155 634 :
2188 581 2391 635 Iratus
2442 583 2525 634 est
2568 578 2749 647 furor
2795 586 2957 628 meus
3013 572 3077 625 in
3132 574 3187 625 te
3235 572 3289 623 et
3326 566 3390 620 in
3432 563 3582 618 duos

1927 670 2147 725 amicos
2176 674 2324 735 tuos,
2355 672 2463 724 etc.
2494 697 2564 706 -—
2603 664 2902 725 Quantum
2934 658 3181 731 quidem
3207 654 3283 712 ad
3314 654 3585 709 humana

1922 757 2150 829 judicia
2178 757 2403 823 attinet,
2430 757 2492 813 in
2518 752 2716 810 verbis
2746 749 2870 805 suis
2904 746 3081 803 amici
3134 747 3193 799 Β.
3244 741 3354 797 Job
3392 738 3584 829 multa

1928 828 2027 901 illo
2057 846 2274 901 rectius
2303 844 2522 900 dixisse
2548 840 2945 898 crederentur.
2974 832 3088 890 Sed
3118 829 3370 898 Veritas,
3400 828 3585 884 aliam

1928 947 2001 987 ex
2030 933 2262 988 occulto
2288 932 2559 1002 regulam
2586 924 3043 1002 proferens,ait:
3067 922 3202 979 Non
3234 918 3370 974 estis
3402 914 3588 970 locuti

1930 1036 2131 1078 coram
2160 1037 2252 1078 me
2281 1029 2528 1086 rectum,
2573 1021 2725 1075 sicut
2750 1030 2953 1073 servus
2982 1026 3143 1068 meus
3182 1008 3311 1064 Job.
3368 1004 3585 1060 Coram

1930 1126 2041 1179 me,
2067 1110 2169 1177 ait,
2198 1110 2257 1165 id
2283 1114 2371 1166 est
2393 1110 2575 1174 intus,
2609 1106 2713 1162 ubi
2763 1119 2923 1175 sape
2971 1098 3300 1156 multorum
3346 1093 3465 1148 vita
3508 1086 3588 1144 di-

1932 1198 2159 1271 splicet,
2186 1215 2321 1271 qua
2347 1198 2525 1254 etiam
2556 1196 2698 1252 foris
2726 1191 3072 1250 hominibus
3102 1186 3315 1260 placet.
3341 1180 3507 1239 Unde
3532 1180 3591 1234 et

1931 1270 2007 1343 de
2064 1270 2260 1344 electis
2315 1287 2543 1343 dictum
2592 1290 2724 1340 est:
2766 1304 2785 1334 ι
2821 1283 3003 1337 Erant
3050 1275 3233 1333 ambo
3276 1270 3423 1344 justi
3452 1271 3589 1326 ante

1935 1378 2119 1431 Deum
2149 1377 2315 1447 (Luc.
2348 1392 2386 1441 ι,
2420 1376 2493 1446 6).
2526 1394 2553 1422 ι
2584 1373 2732 1428 Hinc
2763 1367 3076 1425 Psalmista
3105 1366 3312 1422 exorat
3338 1360 3543 1447 dicens
3572 1371 3587 1410 :

1933 1485 1961 1513 «
1994 1446 2185 1533 Dirige
2212 1464 2272 1518 in
2299 1466 2624 1533 conspectu
2654 1464 2756 1515 tuo
2781 1458 2941 1512 viam
2971 1470 3173 1511 meam
3196 1450 3384 1522 (Psal.
3409 1446 3589 1517 1.11).»

1934 1554 2001 1606 Et
2016 1551 2352 1607 notandum
2381 1548 2547 1622 quod
2576 1562 2699 1602 non
2729 1544 2943 1600 dicitur
2974 1542 3124 1597 sicut
3145 1538 3279 1605 Job,
3308 1535 3415 1592 sed
3443 1534 3596 1589 sicut

1854 1669 1902 1724 Β
1931 1656 2137 1698 servus
2166 1655 2327 1697 meus
2356 1639 2489 1701 Job,
2521 1637 2654 1693 licet
2682 1636 2744 1691 in
2774 1631 3066 1706 positione
3097 1626 3415 1693 servitutis,
3442 1622 3592 1678 dum

1935 1746 2073 1787 eum
2104 1728 2281 1801 quasi
2320 1727 2433 1782 sub
2472 1725 2737 1799 quadam
2788 1717 3195 1795 peculiaritate
3225 1725 3593 1770 commemo-

1934 1824 2045 1885 rat,
2077 1823 2293 1874 cuncta
2320 1833 2457 1889 qua
2482 1796 2543 1870 in
2581 1812 2926 1870 defensione
2983 1823 3096 1863 sua
3150 1805 3400 1869 dixerat,
3449 1796 3595 1871 quia

1933 1924 2059 1965 non
2090 1886 2429 1963 contumaci
2454 1903 2756 1977 superbia,
2780 1898 2886 1957 sed
2913 1895 3126 1954 humili
3154 1892 3399 1949 veritate
3424 1886 3591 1977 dixit,

1937 1995 2217 2053 ostendit.
2254 1994 2367 2052 Sed
2394 1976 2545 2066 quid
2562 1996 2649 2047 est
2673 1992 2787 2046 hoc
2808 1987 2972 2061 quod
3007 1988 3065 2043 Β.
3091 1983 3206 2039 Job
3235 1985 3292 2036 et
3314 1976 3597 2066 laudatur

1937 2086 2113 2149 hosti,
2143 2090 2199 2139 et
2227 2083 2286 2138 in
2316 2064 2512 2156 seipse
2538 2077 3009 2153 reprehenditur,
3053 2077 3110 2129 et
3153 2077 3355 2127 tamen
3383 2064 3593 2123 amicis

1940 2173 2281 2239 antefertur,
2315 2153 2427 2227 nisi
2457 2170 2621 2243 quod
2649 2172 2890 2223 sanctus
2916 2164 3004 2219 vir
3051 2164 3298 2217 cunctos
3355 2153 3595 2212 merito-

1938 2279 2076 2319 rum
2100 2278 2349 2317 suorum
2377 2242 2590 2315 virtute
2617 2252 2997 2318 transcendit,
3032 2249 3140 2305 sed
3168 2264 3239 2304 eo
3268 2247 3403 2317 ipso
3430 2242 3599 2315 quod

1940 2353 2126 2408 homo
2158 2349 2285 2420 fuit,
2319 2347 2576 2417 anteDei
2608 2344 2782 2401 oculo
2804 2357 2966 2398 sesse
2990 2339 3115 2395 sine
3136 2332 3599 2408 reprehensione

1942 2455 2065 2496 non
2094 2439 2337 2511 potuit?
2370 2440 2427 2492 Β.
2461 2436 2637 2505 igitur
2660 2433 2770 2489 Job
2800 2447 2910 2505 pro
2936 2428 3114 2500 culpa
3157 2441 3219 2480 se
3263 2420 3513 2511 credidit
3546 2422 3603 2474 et

1941 2545 2064 2584 non
2094 2509 2205 2600 pro
2230 2525 2420 2596 gratia
2446 2522 2731 2593 ﬂagellari
2761 2540 2774 2589 ;
2833 2524 2890 2575 et
2929 2519 2987 2573 in
3037 2532 3109 2572 eo
3140 2509 3603 2600 reprehenditur

1942 2594 2116 2690 quod
2166 2594 2490 2670 intentione
2549 2610 2915 2681 ﬂagellatam
2978 2606 3159 2661 fuisse
3217 2601 3367 2690 alia“
3403 2594 3600 2690 ‘Suﬁpi‘j

1944 2709 2131 2769 catur,
2166 2708 2221 2759 et
2251 2707 2451 2758 tamen
2483 2700 2691 2757 amicis
2717 2694 3128 2753 resistentibus
3158 2687 3373 2747 interni
3392 2681 3605 2758 judicii

1945 2791 2287 2848 deﬁnitione
2316 2789 2599 2862 pralatus
2623 2792 2733 2842 est.
2777 2783 3052 2857 Sequitur
3085 2801 3099 2838 :

2020 2884 2185 2936 Vens.
2217 2883 2249 2935 8
2317 2880 2546 2935 Sumite
2571 2878 2730 2934 vobis
2756 2879 2973 2944 septem
3005 2878 3231 2933 tauros,
3285 2873 3340 2922 et
3385 2870 3605 2933 septem

1949 2971 2181 3035 arietes,
2232 2974 2287 3024 et
2330 2968 2538 3036 offerte
2588 2965 2937 3021 holocausta
2978 2973 3094 3028 pro
3138 2955 3317 3012 vobis.
3360 2984 3429 2993 —
3459 2954 3607 3006 Ecce

170 3046 247 3099 Et
271 3042 417 3132 (ﬁliai
444 3041 580 3097 ideo
607 3040 883 3132 qni_qui_S
912 3039 1240 3132 intfrmgal
1265 3042 1327 3132 ut
1372 3036 1598 3091 discere
1644 3032 1839 3132 νξθλθξιπ
1868 3011 1913 3067 c
1944 3060 2142 3132 justus
2168 3012 2230 3112 et
2261 3011 2598 3111 misericors
2624 3054 2778 3107 Deus
2808 3064 2917 3104 nec
2948 3011 3156 3117 culpas
3185 3043 3311 3097 sine
3340 3041 3609 3109 increpa-

169 3131 349 3205 quod
403 3130 658 3201 ignorat,
706 3127 939 3185 homini
988 3130 1175 3183 Deum
1226 3126 1592 3193 interrogare
1622 3127 1727 3191 est,
1777 3122 1839 3177 in

171 3223 508 3293 conspectu
533 3218 662 3289 ejus
682 3216 1046 3273 nescientem
1078 3231 1139 3271 se
1167 3228 1547 3284 cognoscere.
1577 3212 1842 3283 Respon-

171 3310 323 3365 dere
355 3307 456 3364 Dei
485 3309 592 3375 est,
615 3322 755 3362 eum
784 3304 889 3377 qui
927 3319 989 3359 se
1016 3302 1319 3359 humiliter
1347 3300 1711 3356 nescientem
1741 3313 1840 3353 co-

173 3396 460 3471 gnoverit
531 3394 777 3452 occultis
856 3391 1348 3466 inspirationibus
1425 3389 1678 3445 erudire.
1751 3387 1843 3443 Ait

171 3487 345 3544 enim
380 3502 394 3540 :
426 3485 592 3540 Audi
619 3490 672 3540 et
700 3484 935 3554 loquar.
968 3486 1050 3537 Ac
1079 3481 1128 3536 si
1158 3480 1378 3536 diceret
1412 3496 1423 3533 :
1457 3476 1841 3535 Misericordi-

173 3581 270 3634 ter
302 3560 596 3630 desideria
624 3587 762 3628 mea
790 3570 1049 3644 percipe,
1075 3573 1140 3626 ut
1167 3569 1313 3625 dum
1345 3568 1473 3623 hac
1503 3568 1694 3641 pietas
1742 3570 1844 3621 tua

173 3663 523 3741 percipiens
551 3662 758 3719 audiat
786 3678 819 3717 a
868 3666 940 3728 te,
992 3659 1413 3732 multipliciora
1456 3659 1842 3727 consurgant.

175 3752 576 3823 Interrogabo
598 3758 672 3822 te,
687 3750 748 3806 id
769 3754 875 3821 est,
903 3749 1263 3805 nescientem
1296 3762 1391 3801 me
1419 3762 1489 3801 ex
1520 3751 1633 3801 tua
1662 3743 1847 3799 scien-

177 3843 280 3898 tia
309 3840 812 3915 contemplatione
839 3854 1162 3910 cognosce,
1196 3843 1250 3892 et
1279 3834 1589 3905 responde,
1629 3833 1691 3888 id
1736 3836 1844 3900 est,

179 3930 502 3988 stultitiam
532 3929 840 4004 propriam
859 3927 1160 3984 humiliter
1188 3927 1651 3994 cognoscentem
1675 3920 1843 3976 doce.

181 4020 473 4092 Sequitur
504 4039 518 4076 :

259 4127 439 4182 Vens.
469 4131 521 4183 5.
550 4126 779 4182 Audita
817 4123 1028 4183 audivi
1078 4128 1151 4190 te,
1196 4135 1360 4177 nunc
1398 4124 1597 4176 autem
1641 4118 1850 4173 oculus

178 4230 358 4273 meus
384 4215 539 4271 videt
571 4220 645 4272 te.
672 4247 742 4255 —
768 4214 865 4270 His
894 4211 1180 4269 nimirum
1210 4207 1409 4264 verbis
1452 4211 1653 4279 aperte
1697 4204 1851 4261 indi-

181 4307 313 4373 cat,
341 4303 483 4376 quia
511 4308 740 4376 quanta
762 4302 925 4358 visus
956 4299 1227 4373 superior
1263 4301 1351 4352 est
1400 4295 1629 4364 auditu,
1686 4297 1852 4350 tanto

180 4391 498 4459 diﬁ‘ert,ab
528 4407 600 4447 eo
621 4390 784 4464 quod
808 4389 972 4463 prius
998 4386 1230 4447 exstitit,
1246 4390 1303 4441 et
1326 4384 1439 4440 hoc
1464 4381 1850 4456 postmodum

180 4498 303 4556 per
329 4479 568 4551 ﬂagella
600 4479 854 4553 proﬁcit.
888 4477 1163 4552 Sequitur
1194 4495 1207 4532 :

265 4588 436 4643 Vsus.
462 4590 514 4641 6.
542 4586 776 4642 Idcirco
806 4586 930 4655 ipse
957 4599 1048 4641 me
1077 4581 1465 4653 reprehendo.
1496 4611 1564 4619 —
1619 4581 1853 4645 Quanto

182 4675 358 4733 enim
387 4675 644 4748 quisque
674 4675 875 4731 minus
903 4673 1084 4745 videt,
1131 4675 1296 4729 tanto
1352 4670 1465 4725 sibi
1511 4668 1712 4724 minus
1769 4667 1855 4723 di-

184 4762 429 4836 splicet,
461 4767 519 4818 et
546 4767 774 4835 quanto
820 4761 1063 4833 majoris
1110 4759 1312 4829 gratia
1350 4758 1555 4814 lumen
1585 4755 1852 4828 percipit,

181 4857 365 4909 tanto
395 4849 656 4924 amplius
694 4848 1220 4923 reprehensibilem
1270 4862 1334 4902 se
1364 4862 1497 4902 esse
1527 4844 1854 4916 cognoscit.

186 4940 477 5014 Sequitur
510 4957 523 4995 :
546 4940 626 4996 Et
656 4954 769 5010 ago
791 4938 1207 5009 panitentiam
1235 4937 1298 4992 in
1311 4936 1535 5006 favilla
1556 4939 1611 4991 et
1639 4935 1857 4989 cinere.

180 5062 268 5072 —
297 5035 379 5085 Ac
410 5029 460 5085 si
485 5032 687 5103 aperte
715 5027 878 5084 dicat
908 5045 921 5083 :
958 5030 1038 5083 De
1066 5025 1232 5081 nullo
1262 5024 1520 5081 auctoris
1548 5022 1668 5079 mei
1696 5022 1858 5078 dono

182 5117 509 5191 superbia,
557 5117 703 5191 quia
750 5120 1025 5189 sumptus
1072 5130 1145 5172 ex
1201 5113 1445 5187 pulvere
1508 5128 1615 5186 per
1683 5111 1859 5168 illata

178 5207 411 5266 mortis
443 5206 803 5264 sententiam
832 5205 912 5263 ad
948 5202 1260 5278 pulverem
1291 5218 1388 5259 me
1416 5201 1609 5258 redire
1638 5215 1859 5271 cogno-

176 5312 319 5354 sco.
356 5296 431 5352 In
450 5296 677 5366 favilla
704 5295 866 5353 enim
894 5300 949 5352 et
979 5294 1177 5351 cinere
1216 5290 1629 5365 panitentiam
1682 5304 1858 5360 agere

173 5389 304 5452 est,
334 5384 738 5458 contemplata
763 5398 1004 5441 summa
1033 5381 1308 5451 essentia,
1349 5379 1433 5436 nil
1478 5378 1636 5435 aliud
1670 5393 1858 5450 quam

174 5472 467 5533 favillam
497 5490 560 5530 se
588 5474 970 5546 cineremque
1000 5485 1383 5549 cognoscere.
1436 5467 1602 5525 Unde
1628 5470 1687 5523 et
1714 5465 1857 5522 civi-

170 5560 305 5621 tati
332 5562 605 5635 reproba
634 5561 695 5617 in
727 5559 1045 5630 Evangelio
1078 5558 1365 5615 Dominus
1398 5556 1539 5613 dicit
1582 5573 1595 5611 :
1646 5577 1673 5604 ‹‹
1711 5554 1767 5609 Si
1795 5553 1856 5609 in

171 5653 353 5730 Tyro
390 5652 449 5707 et
500 5649 718 5708 Sidone
768 5649 948 5721 facta,
995 5647 1244 5704 fuissent
1285 5645 1532 5704 virtutes
1589 5659 1725 5719 qua
1772 5640 1857 5699 fa-

1949 3148 2106 3204 tione
2137 3145 2371 3211 deserit,
2402 3159 2512 3198 nec
2551 3144 2787 3197 reatum
2835 3136 2979 3192 sine
3007 3129 3394 3189 conversione
3437 3125 3607 3181 dere-

1948 3236 2181 3309 linquit.
2237 3238 2303 3289 Et
2335 3233 2497 3305 prius
2529 3228 2903 3303 putredinem
2933 3221 3196 3280 vulneris
3225 3215 3527 3309 innotuit:
3553 3214 3611 3309 et

1949 3300 2087 3399 post
2113 3300 2380 3380 remedia
2408 3300 2851 3391 consequenda
2893 3311 3099 3369 salutis
3149 3306 3446 3399 indicavit.
3466 3300 3611 3399 _Sed

1950 3390 2095 3487 quia
2123 3412 2385 3468 diximus
2415 3425 2522 3482 per
2546 3390 2774 3465 amicos
2830 3407 2887 3460 Β.
2941 3401 3051 3458 Job
3100 3396 3408 3454 hareticos
3448 3390 3608 3449 desi-

1952 3480 2144 3575 gnari,
2175 3500 2278 3574 qui
2306 3480 2494 3555 Deum
2520 3496 2668 3552 dum
2711 3491 3030 3550 defendere
3074 3488 3361 3551 nituntur,
3420 3480 3610 3575 oﬁ‘en:

1951 3565 2122 3656 dunt,
2150 3565 2304 3663 quos
2333 3587 2716 3660 omnipotens
2741 3588 2946 3640 tamen
2971 3581 3127 3635 Deus
3171 3590 3328 3647 sape
3372 3565 3607 3656 corpori

1952 3660 2475 3737 sancta—Ecclesia
2501 3690 2607 3748 per
2637 3670 3039 3743 cognitionem
3068 3662 3330 3722 veritatis
3355 3660 3609 3718 invisce-

1950 3775 2063 3836 rat,
2092 3769 2202 3826 Job
2232 3767 2458 3840 quippe
2484 3770 2693 3838 typum
2727 3760 2907 3830 gessit
2936 3755 3227 3821 Ecclesia,
3245 3768 3352 3824 per
3382 3754 3609 3840 tauros,

1954 3858 2149 3916 cervix
2185 3836 2519 3929 superbia,
2546 3868 2655 3924 per
2706 3849 2916 3905 arietes
2962 3860 3102 3900 vero
3128 3842 3386 3896 ducatus
3416 3836 3612 3908 expri-

1956 3948 2155 4003 mitur.
2189 3923 2279 4001 De
2302 3923 2592 4000 hareticis
2634 3951 2900 4009 namque
2946 3927 3429 4005 superbientibus
3475 3923 3616 3980 dici-

1954 4042 2051 4095 tur
2078 4056 2090 4091 :
2113 4057 2139 4087 ι.
2159 4032 2485 4090 Consilium
2513 4034 2821 4085 taurorum
2848 4026 2999 4079 inter
3016 4034 3227 4076 vaccas
3252 4013 3616 4088 populorum

1958 4127 2143 4198 (Psal.
2173 4139 2347 4188 van,
2378 4120 2489 4192 32).
2524 4142 2553 4168 »
2586 4120 2652 4173 Et
2680 4116 2823 4188 quia
2866 4114 3201 4198 sequentes
3243 4120 3306 4160 se
3358 4099 3617 4198 populos

1958 4189 2119 4271 velut
2150 4227 2357 4281 greges
2384 4189 2645 4273 trahunt,
2677 4203 2886 4260 arietes
2921 4193 3246 4270 aliquando
3295 4189 3616 4281 nominan-

1962 4309 2075 4361 tur.
2108 4276 2561 4357 Hinc—Jeremias
2591 4295 2673 4351 ait
2700 4311 2713 4349 :
2748 4314 2775 4342 ‹‹
2808 4288 3106 4360 Principes
3151 4282 3236 4340 tui
3281 4279 3441 4337 velut
3470 4276 3619 4333 arie-

1887 4363 2049 4451 1)‘tes
2081 4392 2323 4463 (Thren.
2357 4388 2501 4459 xv1).
2533 4405 2559 4434 ιι
2586 4387 2809 4441 Tauros
2838 4380 3001 4436 enim
3031 4379 3087 4432 et
3116 4373 3327 4430 arietes
3347 4370 3408 4426 in
3439 4365 3619 4425 sacri-
3676 4410 3681 4415 .

1961 4482 2098 4539 ﬁcio
2127 4480 2359 4545 oﬂerre,
2390 4480 2478 4533 est
2508 4472 2836 4546 superbum
2880 4468 3167 4524 ducatum
3218 4454 3621 4546 conversionis

1965 4570 2292 4628 humilitate
2322 4544 2606 4630 mactare,
2641 4566 2725 4628 ut,
2756 4556 3020 4615 edomita
3040 4552 3266 4610 cervice
3298 4544 3619 4621 superbia,

1964 4661 2199 4717 discant
2248 4653 2588 4714 obediendo
2640 4649 2809 4723 sequi
2870 4644 2976 4718 qui
3047 4640 3281 4698 dudum
3343 4633 3622 4692 ducendo

1964 4751 2174 4825 praire
2226 4745 2621 4803 conabantur.
2678 4741 2853 4803 Recte
2909 4746 3153 4806 quoque
3228 4728 3358 4783 hac
3415 4737 3625 4820 eorum

1967 4809 2251 4912 superbia
2282 4838 2509 4907 septem
2542 4826 2846 4886 sacriﬁciis
2875 4821 3167 4895 expiatur,
3198 4815 3343 4890 quia
3363 4809 3626 4910 haretici

1966 4899 2398 4986 ad‘Ecclesiam
2426 4920 2782 4976 revertentes
2818 4928 2926 4986 per
2968 4904 3318 4965 humilitatis
3364 4899 3627 4959 hostiam

1967 5018 2130 5074 dona
2183 5012 2432 5087 Spiritus
2488 5006 2691 5091 gratia
2749 4999 3107 5075 septiformis
3162 4992 3505 5090 accipiunt,
3564 4991 3632 5091 ut

1968 5107 2072 5180 qui
2126 5079 2395 5159 elationis
2456 5082 2581 5153 sua
2634 5095 2927 5150 vetustate
2968 5088 3314 5153 tabuerunt,
3364 5079 3628 5180 novitate

1969 5165 2172 5267 gratia
2229 5190 2644 5267 reformentur.
2688 5186 2807 5239 Hoc
2856 5179 3018 5236 enim
3080 5177 3443 5267 inconcussa
3503 5165 3628 5267 ﬁde

1966 5250 2315 5349 retinemus,
2365 5278 2510 5351 quia
2554 5289 2709 5347 quos
2765 5268 3006 5342 spiritus
3050 5261 3255 5334 gratia
3286 5250 3629 5351 repleverit,

1965 5338 2215 5448 perﬁcit,
2242 5338 2446 5441 eisque
2474 5338 2598 5421 non
2627 5338 2826 5417 solum
2855 5351 3148 5448 Trinitatis
3176 5338 3633 5448 notitiam,vsed

1966 5429 2147 5521 etiam
2203 5429 2509 5515 'virtutum
2588 5454 2851 5526 quatuor
2878 5486 2892 5512 ,
2956 5441 3018 5496 id
3084 5441 3174 5526 est
3219 5429 3581 5526 prudentia
3615 5471 3631 5498 ,

1963 5517 2394 5623 temperantia,
2454 5517 2814 5597 fortitudinis
2876 5533 3055 5599 atque
3110 5517 3350 5623 justitia
3407 5528 3635 5623 Lopera-

1966 5607 2188 5695 tionem
2217 5607 2464 5709 prabet.
2498 5634 2563 5684 In
2592 5624 2886 5696 scriptura
2915 5626 3090 5687 sacra
3119 5607 3268 5666 solet
3297 5607 3636 5682 septenarip
