4150 6128
459 121 565 181 507

1525 115 1581 171 S.
1615 106 1874 171 ODONIS
1900 99 2194 166 ABBATIS
2217 100 2719 163 CLUNIACENSIS
2749 105 2796 159 Il

3750 103 3870 160 508

454 257 710 304 numero
763 235 1092 314 aliquando
1140 253 1350 295 secura
1399 237 1637 311 requies
1678 235 1996 306 designari,
2046 233 2114 287 ut
2152 233 2200 286 Α
2228 244 2390 284 nunc
2418 226 2801 300 percussione
2836 224 3176 282 tentationis
3225 223 3466 314 amittit,
3517 223 3591 314 in,
3633 223 3749 314 ﬁne
3797 230 3889 281 ta-

457 334 604 391 illud
637 350 650 387 :
690 351 717 385 ¢
747 333 813 386 Et
837 329 1128 402 requievit
1154 332 1308 385 Deus
1323 328 1418 384 die
1435 327 1688 401 septima
1708 327 1874 399 (Gen.
1893 340 1960 388 ιι,
1993 323 2066 393 2).
2085 343 2112 370 ››

456 418 795 493 Aliquando
824 418 1185 476 universitas
1213 417 1521 491 prtesentis
1567 414 1854 488 temporis
1909 411 2110 482 hujus.

457 513 600 567 Hinc
625 511 717 565 est
755 505 925 581 quod
962 523 1169 563 muros
1218 506 1443 562 Hierico
1493 504 1650 561 tubis
1699 500 2115 571 clangentibus

457 611 598 656 arca
651 596 754 653 Dei
809 600 1038 670 septem
1087 595 1354 653 circuivit
1409 595 1536 650 dies
1596 595 1814 660 (Josue,
1846 607 1922 657 vr,
1958 590 2110 659 3,4).

456 685 601 744 Hinc
637 683 933 760 Propheta
962 686 1042 742 ait
1100 703 1114 742 :
1169 707 1197 736 ‹‹
1252 685 1474 758 Septies
1513 684 1574 739 in
1599 683 1694 738 die
1722 679 1964 737 laudem
1992 677 2114 734 dixi

456 775 563 834 tibi
591 777 776 848 (Psal.
809 791 1004 844 cxvm,
1043 775 1184 845 164).
1222 797 1248 825 ››
1279 771 1617 847 Aliquando
1661 776 1862 828 autem
1893 773 2113 825 sanctae

456 863 730 923 Ecclesiae
759 866 1114 921 universitas
1143 864 1506 934 designatur,
1535 867 1600 917 ut
1625 860 1770 916 illud
1794 860 1856 915 in
1884 863 2111 932 Apoca-

455 953 658 1030 lypsi:
693 957 1013 1010 «Joannes
1071 956 1296 1024 septem
1356 951 1648 1020 Ecclesiis,
1703 972 1730 999 »
1787 953 1844 1004 et
1883 947 2114 1018 reliqua

458 1044 666 1115 (Apoc.
695 1057 733 1111 ι,
760 1047 858 1110 iv).
891 1041 1139 1098 Veniant
1167 1056 1309 1110 ergo
1338 1039 1594 1095 haeretici
1635 1038 1738 1112 qui
1769 1041 1932 1094 extra
1977 1040 2115 1092 sunt

455 1131 651 1206 positi,
687 1135 742 1186 et
771 1131 936 1204 prius
967 1147 1029 1186 se
1058 1129 1428 1185 universitati
1460 1130 1681 1183 sanctze
1712 1126 1982 1182 Ecclesiae
2009 1125 2114 1179 mi-

459 1223 684 1289 sceant,
717 1223 773 1274 et
797 1224 938 1274 tunc
965 1218 1212 1273 demum
1257 1217 1498 1272 veniam
1541 1216 1615 1271 de
1660 1220 1824 1271 reatu
1850 1213 2112 1287 pristinas

457 1305 731 1365 elationis
763 1305 1098 1380 exquirant.
1141 1311 1250 1362 Pro
1277 1306 1454 1378 culpa
1492 1322 1601 1361 sua
1633 1310 1862 1377 septem
1894 1302 2116 1358 sacriﬁ-

457 1397 550 1454 cia
577 1396 853 1461 offerant,
884 1397 1028 1469 quia
1057 1401 1256 1452 reatus
1287 1397 1378 1450 sui
1409 1395 1849 1450 absolutionem
1874 1408 1994 1448 non
2022 1409 2115 1446 ac-

457 1485 704 1560 cipiunt,
736 1485 849 1540 nisi
885 1483 1087 1554 gratiae
1119 1483 1480 1555 septiformls
1527 1482 1742 1554 Spiritu
1789 1479 2114 1535 universali

2226 333 2365 374 men
2391 317 2574 388 hujus
2601 315 2820 382 saeculi,
2853 331 2926 372 ea
2955 331 3090 386 quae
3122 319 3261 370 sunt
3291 327 3403 370 sua
3432 313 3694 386 duplicia
3739 315 3892 371 reci-

2223 408 2329 481 pit,
2378 407 2646 479 quando,
2707 405 2998 476 susceptis
3049 405 3129 460 ad
3180 403 3428 477 plenum
3473 403 3771 475 gentibus,
3805 404 3892 460 ad

2225 498 2354 568 ejus
2384 497 2566 552 iidem
2598 510 2832 551 currere
2863 509 3092 558 omnes,
3121 509 3258 566 quae
3289 498 3430 549 tunc
3471 493 3720 549 inventa
3759 493 3894 550 fue-

2223 585 2314 653 rit,
2347 585 2524 640 etiam
2549 584 2840 651 Judzeam,
2870 583 3176 639 consentit.
3223 582 3361 638 Hinc
3404 581 3565 638 enim
3595 583 3896 656 scriptum

2225 679 2312 730 est
2344 693 2356 730 :
2391 697 2418 724 «
2454 677 2650 730 Donec
2697 672 3006 746 plenitudo
3058 671 3325 741 gentium
3379 671 3646 741 intraret,
3699 678 3756 728 et
3806 672 3896 728 sic

2223 763 2420 819 omnis
2452 762 2631 818 Israel
2657 762 2855 818 salvus
2885 762 2988 816 ﬁet
3010 762 3194 834 (Rom.
3227 777 3308 830 x1,
3337 763 3449 832 25).
3485 783 3511 810 »
3565 764 3631 816 Et
3665 762 3897 818 Veritas

2223 853 2304 908 ait
2335 871 2348 908 :
2382 875 2409 903 (ς
2443 852 2592 907 Elias
2621 851 2814 907 veniet
2841 855 2899 906 et
2922 851 3189 906 restituet
3221 850 3444 905 omnia.
3500 871 3527 900 ι)
3576 849 3684 904 Vel
3733 854 3898 906 certe

2225 946 2444 996 SilIICliB
2478 939 2748 994 Ecclesiae
2774 939 2836 994 in
2861 939 2981 994 ﬁne
3008 954 3117 994 suo
3138 938 3390 1010 duplum
3411 937 3675 1012 recipere
3707 943 3799 994 est
3831 938 3896 994 in

2224 1029 2472 1100 singulis
2503 1029 2678 1084 nobis
2707 1033 2764 1084 et
2791 1028 2866 1083 de
2897 1027 3262 1084 beatitudine
3298 1027 3516 1084 animae
3547 1031 3603 1082 et
3631 1026 3709 1083 de
3758 1043 3898 1083 car-

2222 1119 2314 1174 nis
2344 1118 2789 1190 incorruptione
2819 1117 3104 1186 gaudere.
3166 1116 3312 1170 Hinc
3354 1116 3652 1188 propheta
3699 1115 3850 1172 dicit
3882 1133 3895 1172 :

2232 1231 2242 1252 ο
2285 1212 2347 1262 ln
2378 1211 2534 1262 terra
2563 1222 2674 1261 sua
2703 1205 2968 1279 duplicia
2997 1203 3396 1277 possidebunt
3423 1205 3562 1274 (Isa.
3599 1221 3717 1272 Lm,
3743 1205 3821 1276 2).
3869 1226 3898 1255 ››

2227 1296 2501 1369 Sequitur
2525 1312 2538 1351 :

2295 1388 2458 1440 Vens.
2501 1389 2580 1440 Η.
2627 1385 2920 1440 Venerunt
2953 1383 3034 1438 ad
3063 1397 3190 1438 eum
3221 1397 3420 1438 omnes
3449 1383 3682 1452 fratres
3712 1384 3817 1438 sui
3845 1388 3902 1440 et

2225 1475 2520 1529 universae
2550 1488 2776 1528 sorores
2809 1487 2949 1538 suae,
2989 1477 3040 1526 et
3074 1473 3278 1526 cuncti
3305 1473 3411 1542 qui
3435 1478 3732 1528 noverant
3758 1487 3902 1528 eum

454 1572 611 1646 paci,
644 1585 767 1645 qua
797 1570 976 1627 excisi
1023 1570 1279 1641 fuerant,
1325 1575 1743 1641 aggregentur.
1791 1568 2110 1640 Sequitur:
2151 1565 2415 1634 Bprius,
2440 1569 2492 1618 et
2533 1561 2912 1618 comederunt
2942 1576 3158 1630 panem
3208 1577 3342 1617 cum
3399 1576 3462 1616 eo
3512 1561 3577 1616 in
3606 1561 3811 1628 domo,
3844 1568 3903 1618 et

455 1663 568 1718 Job
596 1673 802 1718 servus
833 1677 994 1718 meus
1025 1662 1218 1716 orabit
1248 1673 1359 1729 pro
1389 1659 1569 1726 vobis,
1593 1659 1814 1729 faciem
1859 1660 1986 1728 ejus
2015 1673 2112 1713 su-

457 1751 707 1820 scipiam
737 1755 804 1805 ut
833 1763 954 1806 non
985 1749 1144 1805 vobis
1170 1750 1498 1818 imputetur
1526 1746 1804 1804 stultitia.
1843 1779 1911 1788 —
1959 1751 2042 1802 Ac
2069 1747 2116 1802 si

457 1837 747 1896 haereticis
777 1837 1164 1894 redeuntibus
1195 1844 1396 1910 aperte
1417 1837 1710 1893 diceretur
1743 1852 1756 1892 :
1791 1836 2117 1892 Universali

457 1941 568 1984 vos
595 1927 865 1984 Ecclesiae
897 1943 1004 2000 per
1032 1926 1428 1984 humilitatem
1467 1927 1825 1999 poenitentiae
1863 1926 2115 1996 jungite,

459 2018 639 2090 atque
687 2029 794 2090 per
839 2029 995 2082 eam,
1051 2029 1173 2089 qua
1221 2031 1327 2088 per
1369 2015 1766 2088 vosmetipsos
1801 2014 1968 2083 digni
1995 2029 2118 2069 non

460 2103 618 2170 estis,
651 2105 890 2162 veniam
912 2105 1042 2176 ejus
1071 2122 1106 2161 a
1135 2119 1231 2161 me
1251 2105 1532 2178 precibus
1548 2104 1827 2159 obtinete.
1849 2103 1958 2170 Qui
1981 2120 2120 2159 cum

459 2209 568 2268 per
618 2195 780 2250 hanc
823 2193 1114 2250 veraciter
1156 2207 1366 2265 sapere
1416 2191 1662 2258 discitis,
1713 2193 1926 2265 prioris
1957 2192 2122 2264 apud

458 2297 557 2338 me
585 2287 796 2339 vestrae
827 2281 1132 2354 sapientiae
1175 2281 1481 2338 stultitiam
1512 2280 1736 2336 deletis.
1799 2280 2074 2352 Sequitur
2106 2291 2119 2334 ξ

457 2369 664 2443 Neque
712 2374 868 2428 enim
926 2373 1112 2427 locuti
1166 2372 1303 2428 estis
1359 2387 1560 2426 coram
1602 2385 1695 2426 me
1736 2371 1889 2425 sicut
1919 2379 2124 2424 servus

459 2471 624 2514 meus
653 2457 784 2515 Job.
810 2486 880 2499 -—-
911 2459 1041 2514 Haec
1072 2458 1255 2530 paulo
1284 2461 1418 2514 ante
1447 2457 1735 2512 Dominus
1762 2457 2025 2531 protulit,
2071 2461 2128 2512 et

460 2551 664 2603 tamen
689 2548 818 2603 haec
843 2547 1115 2602 iterando
1143 2546 1470 2617 subjunxit.
1503 2546 1655 2612 Quid
1709 2549 1796 2601 est
1850 2545 1964 2601 hoc
2011 2545 2126 2600 nisi

463 2635 820 2691 sententiam
850 2651 1037 2708 quam
1068 2635 1129 2690 in
1162 2635 1348 2690 semel
1368 2635 1702 2706 judicando
1741 2635 1992 2701 dixerat,
2025 2636 2126 2690 ite—

461 2739 598 2779 rum
625 2723 972 2790 replicando
1003 2721 1322 2778 coniirmat
1349 2723 1376 2778 ?
1408 2723 1684 2796 Sequitur
1714 2740 1726 2778 :

532 2813 705 2868 Vens.
733 2817 785 2869 9.
819 2809 1115 2868 Abierant
1147 2827 1287 2883 ergo
1319 2817 1437 2868 tres
1469 2813 1651 2868 amici
1673 2811 1806 2881 Job,
1863 2812 2123 2882 Eliphaz

2224 1657 2536 1708 moverunt
2589 1665 2768 1720 super
2823 1665 2953 1705 eum
3009 1655 3210 1720 caput.
3267 1681 3336 1689 —
3389 1649 3610 1705 Divinae
3653 1650 3900 1722 pietatis

2226 1741 2578 1797 muneribus
2597 1739 2968 1807 consolatus,
3001 1739 3182 1795 etiam
3211 1739 3484 1795 humana
3523 1738 3702 1802 debet
3751 1741 3903 1796 cha-

2225 1831 2394 1886 ritate
2424 1829 2693 1896 refoveri,
2729 1835 2792 1885 ut
2823 1828 3090 1902 undique
3141 1829 3193 1885 ei
3242 1828 3420 1885 etiam
3463 1829 3902 1887 consolationis

2229 1919 2452 1990 gaudia
2481 1918 2908 1991 respondeant,
2932 1934 3116 1989 quem
3154 1918 3422 1990 undique
3465 1917 3747 1974 dolorum
3801 1919 3903 1974 tri-

2231 2010 2386 2065 stitia
2417 2009 2668 2064 adversa
2696 2008 3018 2064 lacerabat.
3051 2013 3114 2062 In
3147 2007 3510 2065 comestione
3529 2008 3689 2064 enim
3716 2011 3906 2083 panis

2231 2098 2512 2167 charitas,
2547 2097 2607 2153 in
2637 2097 2900 2152 motione
2930 2113 3068 2152 vero
3090 2097 3324 2169 capitis,
3373 2097 3693 2154 admiratio
3741 2097 3905 2154 desi-

2232 2193 2465 2257 gnatur.
2501 2189 2764 2241 Mvsrice.
2797 2189 2957 2241 Tunc
2982 2189 3183 2241 autem
3204 2185 3414 2241 fratres
3440 2186 3532 2242 sui
3558 2202 3629 2242 ac
3655 2203 3906 2244 sorores

2233 2276 2312 2331 ad
2342 2280 2681 2348 correptum
2710 2276 2979 2338 veniunt,
3012 2275 3260 2346 quando
3299 2291 3373 2330 ex
3417 2275 3594 2348 plebe
3643 2275 3911 2334 Judaica

2235 2367 2382 2435 quot
2431 2362 2651 2417 inventi
2703 2362 2920 2418 fuerint
2967 2363 3044 2418 ad
3079 2363 3261 2418 ﬁdem
3302 2365 3909 2437 convertuntur,ipsa

2233 2453 2393 2508 enim
2424 2468 2530 2524 per
2558 2452 2977 2520 cognationem
3024 2453 3234 2523 juncta
3264 2457 3371 2518 est,
3419 2453 3516 2509 vel
3563 2453 3668 2526 qui
3713 2454 3907 2511 fortes

2235 2541 2415 2596 futuri
2442 2544 2580 2594 sunt
2603 2537 2763 2595 velut
2791 2538 3019 2606 fratres,
3058 2540 3153 2596 vel
3183 2539 3403 2596 infirmi
3450 2539 3607 2598 velut
3657 2558 3908 2598 sorores

2236 2629 2312 2685 ad
2345 2645 2482 2685 eum
2505 2644 2610 2700 per
2639 2627 2994 2697 cognitionis
3026 2627 3210 2684 ﬁdem
3257 2628 3462 2686 debita
3491 2629 3906 2700 gratulatione

2235 2719 2614 2773 concurrunt.
2641 2716 2801 2772 Tunc
2832 2717 2891 2772 in
2923 2715 3105 2773 domo
3133 2718 3260 2789 ejus
3288 2734 3512 2790 panem
3543 2719 3906 2792 comedunt,

2232 2823 2372 2863 cum
2402 2807 2735 2880 postposita
2761 2805 3178 2862 observatione
3209 2807 3643 2880 superjacentis
3684 2809 3908 2866 litterae

465 2899 859 2971 Themanites,
891 2907 947 2957 et
977 2901 1223 2957 Baldad
1262 2901 1519 2972 .Suhites,
1571 2905 1626 2957 et
1671 2901 1905 2970 Sophat
1953 2903 2118 2957 Naa-
2156 2897 2290 2987 oin
2337 2901 2546 2987 sancta
2605 2896 2863 2952 Ecclesia
2911 2897 3150 2970 mystici
3201 2897 3422 2970 eloquii
3479 2899 3652 2971 quasi
3705 2899 3909 2970 frugis

461 2987 759 3061 mathztes,
791 2995 844 3047 et
873 2990 1146 3060 fecerunt
1171 2991 1324 3052 sicut
1354 2991 1584 3047 locutus
1606 2990 1812 3060 fuerat
1833 2992 2120 3048 Dominus
2172 2985 2185 2987 θ
2229 2985 2494 3042 medulla
2545 2991 2896 3058 pascuntur.
2954 2987 3106 3042 Bene
3157 2991 3357 3043 autem
3410 2987 3645 3054 dicitur,
3693 3005 3908 3047 omnes

460 3077 542 3135 ad
567 3091 680 3146 eos,
708 3083 762 3135 et
788 3079 1043 3148 suscepit
1073 3079 1361 3135 Dominus
1385 3075 1602 3149 faciem
1628 3079 1759 3134 Job.
1791 3110 1858 3118 —
1890 3083 2122 3134 intuen-

460 3167 609 3223 dum
638 3183 780 3224 vero
811 3173 897 3224 est
921 3167 1088 3240 quod
1116 3167 1197 3224 ita
1223 3173 1393 3224 caute
1417 3167 1570 3223 sicut
1587 3167 1906 3240 prredictus
1928 3167 2122 3225 fuerat

460 3256 611 3314 ordo
667 3261 926 3330 acceptae
976 3258 1166 3313 veniae
1225 3257 1573 3324 custoditur,
1619 3261 1685 3313 ut
1723 3258 1783 3313 in
1815 3257 2119 3314 sacriﬁciis

463 3342 750 3400 Dominus
775 3359 899 3400 non
928 3343 1188 3415 illorum,
1221 3346 1326 3402 sed
1354 3346 1513 3403 beati
1535 3345 1646 3402 Job
1685 3345 1898 3402 faciem
1926 3361 2121 3403 susce-

458 3431 622 3506 pisse
649 3434 916 3490 refertur.
947 3435 1258 3507 Sequitur:

532 3524 701 3577 νεεδ.
730 3523 816 3578 10.
847 3523 1137 3579 Dominus
1165 3539 1395 3596 quoque
1424 3539 1740 3582 conversus
1771 3529 1852 3580 est
1880 3528 1962 3582 ad
2001 3540 2120 3596 pae-

460 3609 778 3669 nitentiam
827 3612 961 3675 Job,
1013 3628 1147 3668 cum
1199 3621 1402 3670 oraret
1450 3627 1565 3684 pro
1615 3615 1821 3671 amicis
1877 3618 2019 3672 suis.
2051 3648 2120 3656 —

459 3703 593 3758 1am
649 3701 830 3772 enim,
877 3701 1028 3757 sicut
1081 3702 1354 3776 superius
1399 3707 1714 3773 memorat,
1758 3719 1870 3778 pro
1914 3705 2120 3761 amicis

461 3789 703 3848 auditus
730 3789 942 3848 fuerat.
973 3791 1075 3847 Hic
1101 3796 1303 3848 autem
1333 3796 1536 3866 aperte
1576 3793 1927 3864 ostenditur,
1975 3795 2120 3866 quia

460 3879 642 3937 etiam
669 3889 777 3954 pro
810 3881 1159 3955 semetipsos
1187 3881 1503 3956 paenitens,
1543 3885 1710 3938 tanto
1741 3882 1909 3938 citius
1941 3899 2119 3939 exau-

460 3969 575 4028 diri
628 3970 862 4039 meruit,
917 3977 1146 4045 quanto
1193 3972 1402 4029 devote
1455 3987 1564 4045 pro
1609 3971 1740 4028 aliis
1770 3973 2115 4029 intercessit.

461 4057 764 4117 Libentius
793 4062 1018 4136 quippe
1056 4061 1414 4119 sacrificium
1469 4061 1754 4118 orationis
1810 4061 2116 4136 accipitur,

460 4148 628 4224 quod
673 4151 734 4205 in
779 4157 1102 4224 conspectu
1157 4151 1554 4208 misericordis
1603 4152 1817 4224 iudicis
1859 4151 2118 4225 proximi

461 4235 776 4292 dilectione
823 4238 1119 4294 conditur.
1175 4239 1322 4296 Hinc
1383 4240 1669 4295 DOminus
1719 4239 1844 4295 ait:
1883 4261 1912 4289 «
1947 4241 2118 4296 Orate

461 4337 572 4395 pro
601 4325 1098 4397 persequentibus
1128 4330 1183 4382 et
1213 4326 1718 4382 calumniantibus
1749 4327 2114 4398 vos(Mat!h.

460 4425 522 4476 v,
548 4410 674 4483 44);
711 4427 738 4459 )s
769 4413 822 4467 et
846 4425 1087 4468 rursum
1120 4429 1134 4468 :
1166 4435 1193 4462 «
1227 4416 1374 4470 Cum
1415 4414 1642 4470 stabitis
1687 4414 1764 4472 ad
1795 4415 2116 4482 orandum,

461 4498 738 4556 dimittite
767 4500 816 4556 si
841 4500 985 4574 quid
1011 4501 1244 4559 habetis
1277 4501 1570 4559 adversus
1601 4503 1887 4576 aliquem,
1929 4523 1957 4555 ι
2007 4510 2116 4560 etc.

461 4587 680 4646 Matth.
713 4605 793 4654 x1.
827 4593 937 4653 25).
974 4592 1249 4664 Sequitur
1282 4609 1294 4647 :
1327 4592 1580 4647 Addidit
1606 4594 1894 4649 Dominus
1919 4595 2120 4650 omnia

463 4689 830 4750 quaecunque
849 4677 1098 4748 fuerant
1125 4681 1256 4748 Job,
1288 4681 1581 4750 duplicia.
1613 4713 1682 4721 —
1732 4685 1955 4736 (Iuncta
1983 4697 2119 4754 quae

463 4767 764 4834 amiserat,
791 4767 1051 4840 duplicia
1076 4771 1316 4844 recepit,
1345 4770 1487 4842 quia
1511 4785 1618 4844 per
1646 4770 1928 4844 pietatem
1957 4769 2121 4827 beni-

465 4853 566 4924 gni
585 4851 826 4925 judicis,
856 4858 1193 4914 tentationis
1219 4866 1438 4915 nostrae
1467 4859 1852 4934 dispendium
1873 4861 2122 4918 vincunt

465 4941 752 5011 suﬂragia
776 4944 1274 5003 consolationum.
1307 4948 1493 5004 Minus
1540 4950 1699 5006 enim
1757 4954 1943 5006 tentet
1986 4965 2120 5022 pro-

463 5029 630 5088 batlo
658 5041 846 5104 quam
869 5037 1271 5091 remuneratio
1301 5037 1666 5094 consolatur.
1703 5039 1845 5094 Hinc
1875 5054 2118 5112 quoque

464 5117 678 5178 dicitur
707 5137 720 5176 :
749 5143 776 5170 ‹‹
807 5120 896 5176 Ad
922 5129 1212 5195 punctum
1238 5124 1298 5180 in
1329 5126 1636 5182 modicum
1677 5127 1891 5200 reliqui
1939 5132 2012 5194 te,
2063 5132 2121 5184 et

463 5209 526 5267 in
555 5208 1036 5267 miserationibus
1066 5212 1304 5280 magnis
1336 5214 1718 5284 congregabo
1747 5219 1801 5271 te
1832 5217 1972 5284 (Isa.
2005 5217 2116 5284 Liv,

464 5299 540 5370 7).
585 5317 615 5352 »
669 5299 735 5356 Et
783 5300 967 5357 item:
1003 5323 1031 5351 «
1063 5301 1404 5358 Secundum
1458 5303 1904 5360 multitudinem
1958 5303 2121 5360 dolo-

463 5398 601 5443 rum
652 5399 925 5447 meorUm
971 5389 1032 5446 in
1093 5390 1272 5448 corde
1326 5405 1461 5447 meo
1510 5391 1946 5448 consolationes
2003 5396 2120 5449 tute

463 5473 912 5535 ltetiﬁcaverunt
967 5480 1235 5538 animam
1279 5483 1478 5536 meam
1526 5481 1714 5553 (Psal.
1761 5497 1919 5549 xcm,
1967 5481 2040 5552 9).
2089 5505 2117 5531 »

464 5565 726 5626 Mrsncs.
779 5567 1000 5628 Sancta
1051 5571 1278 5646 quippe
1336 5566 1598 5631 Ecclesia
1648 5585 1722 5628 ex
1773 5588 1838 5631 se
1894 5570 2118 5632 multos

2229 3077 2334 3147 qui
2362 3081 2658 3130 noverunt
2687 3091 2819 3131 eum
2847 3075 3040 3145 prius.
3093 3075 3257 3130 Prius
3303 3077 3528 3150 quippe
3577 3085 3905 3146 noverant,

2226 3181 2409 3238 quem
2438 3165 2500 3220 in
2530 3163 2810 3229 passione
2861 3181 2970 3220 sua
3014 3165 3188 3237 quasi
3221 3164 3596 3236 incognitum
3629 3173 3913 3226 contem;

2226 3258 2488 3327 pserant.
2546 3255 2692 3310 Nam
2745 3254 3117 3309 nasciturum
3167 3255 3464 3312 Christum
3526 3256 3731 3313 nullus
3791 3259 3908 3332 qui

2225 3341 2400 3416 plene
2427 3340 2621 3412 legem
2647 3342 2870 3408 didicit,
2899 3339 3216 3414 ignoravit,
3268 3338 3532 3416 quorum
3585 3351 3643 3402 et
3681 3349 3910 3406 notitia

2226 3429 2390 3502 prior
2416 3435 2472 3486 et
2493 3429 2831 3499 ignorantia
2860 3432 3151 3503 posterior
3171 3427 3322 3488 bene
3348 3449 3418 3490 ac
3443 3431 3704 3492 breviter
3725 3439 3908 3494 Isaac

2228 3519 2520 3589 caligante
2555 3519 2842 3585 signatur.
2881 3519 2992 3585 Qui
3019 3521 3168 3577 dum
3196 3522 3378 3578 Jacob
3405 3521 3812 3595 benediceret,
3852 3531 3909 3583 et

2227 3605 2376 3680 quid
2409 3605 2670 3662 eveniret
2715 3607 2777 3662 in
2829 3608 3030 3664 futuro
3085 3609 3476 3682 praevidebat,
3533 3616 3591 3668 et
3629 3613 3768 3686 quis
3818 3614 3907 3671 illi

2229 3712 2494 3768 praesens
2521 3696 2816 3751 assisteret
2836 3697 3163 3755 nesciebat.
3178 3693 3290 3754 Sed
3317 3716 3454 3756 ecce
3483 3700 3542 3756 in
3571 3699 3691 3758 ﬁne
3723 3719 3911 3760 mun-

2230 3783 2292 3840 di
2323 3784 2588 3855 veniunt,
2617 3791 2674 3840 et
2699 3801 2838 3841 eum
2868 3803 3052 3859 quem
3084 3788 3248 3860 prius
3285 3795 3576 3846 noverant
3603 3807 3904 3862 recogno-

2231 3879 2424 3932 scunt.
2479 3875 2624 3930 Ecce
2669 3874 2730 3930 in
2779 3873 2963 3931 domo
3013 3871 3142 3948 ejus
3181 3877 3241 3933 in
3288 3894 3512 3951 panem
3542 3881 3904 3954 comedunt,

2227 3965 2370 4037 quia
2398 3965 2459 4020 in
2482 3969 2687 4021 sancta
2713 3965 2970 4022 Ecclesia
3000 3968 3154 4023 sacri
3183 3967 3406 4041 eloquii
3431 3969 3600 4041 fruge
3632 3988 3906 4044 pascun-

2227 4058 2340 4111 tur.
2375 4053 2439 4110 In
2467 4055 2658 4127 capite
2680 4071 2946 4128 namque
2975 4057 3302 4130 principale
3335 4059 3550 4114 mentis
3581 4061 3902 4136 accipitur,

2229 4143 2379 4199 sicut
2413 4161 2520 4218 per
2552 4143 2930 4200 'r‘salmistam
2962 4144 3178 4202 dicitur
3236 4164 3248 4202 :
3311 4171 3336 4195 «
3387 4145 3780 4222 lmpinguasti
3837 4151 3904 4207 in

2227 4229 2360 4289 oleo
2387 4238 2567 4307 caput
2596 4251 2797 4290 meum
2827 4237 3016 4302 (Psal.
3048 4251 3189 4304 xxn,
3220 4242 3271 4294 5.
3311 4260 3338 4288 »
3383 4241 3501 4294 Hoc
3531 4236 3732 4313 itaque
3757 4239 3903 4298 loco

2228 4328 2411 4395 caput
2439 4339 2680 4379 movere
2711 4327 2883 4380 estet
2924 4321 3403 4384 immobilitatem
3459 4329 3674 4385 mentis
3715 4345 3903 4386 excu-

2228 4415 2368 4482 tere,
2394 4417 2451 4468 et
2480 4413 2556 4467 ad
2587 4413 2989 4481 cognitionem
3019 4414 3159 4470 ﬁdei
3189 4415 3552 4473 crudelitatis
3580 4417 3901 4488 gressibus

2227 4501 2654 4574 propinquare.
2688 4505 2877 4574 Caput
2902 4503 3079 4572 igitur
3107 4509 3402 4575 movetur,
3431 4521 3571 4563 cum
3619 4523 3730 4580 per
3776 4507 3900 4564 for-

2228 4589 2518 4644 midinem
2548 4590 2809 4645 veritatis
2829 4595 2987 4647 tacta
3008 4591 3085 4648 ab
3111 4592 3561 4651 insensibilitate
3583 4611 3693 4652 sua
3719 4611 3900 4652 mens

2227 4678 2510 4750 quatitur.
2547 4679 2822 4750 Sequitur
2871 4697 2884 4734 :
2936 4681 3013 4735 Et
3043 4684 3340 4738 consolati
3365 4689 3506 4740 sunt
3544 4700 3675 4742 eum
3711 4700 3902 4755 super

2229 4769 2390 4824 omni
2408 4769 2570 4824 malo
2599 4769 2758 4838 quod
2787 4770 3078 4826 intulerat
3109 4772 3399 4829 Dominus
3423 4787 3606 4844 super
3634 4783 3790 4832 eum.
3827 4808 3897 4816 —

2227 4857 2493 4914 Percussi
2544 4857 2704 4912 enim
2759 4873 3080 4917 mmrorem
3131 4862 3433 4920 consolari
3481 4857 3588 4933 est,
3652 4865 3707 4920 ei
3753 4867 3899 4938 post

2227 4945 2680 5021 percussionem
2706 4949 2780 5004 de
2821 4951 2997 5008 venia
3039 4953 3440 5023 congaudere.
3496 4957 3646 5011 Nam
3702 4959 3899 5029 quan-

2229 5041 2356 5092 tum
2404 5036 2660 5109 quisque
2710 5038 2968 5095 cernitur
3029 5039 3104 5096 de
3153 5042 3424 5098 restituta
3483 5043 3749 5116 proximi
3806 5059 3898 5100 sa-

2229 5124 2349 5181 lute
2404 5125 2778 5194 hilarescere,
2827 5132 2991 5184 tanto
3035 5145 3096 5186 se
3143 5129 3368 5188 indicat
3415 5131 3489 5188 de
3543 5131 3751 5189 ablata
3791 5131 3897 5188 do:-

2229 5213 2432 5269 luisse.
2455 5217 2674 5272 Trrlce.
2707 5217 3105 5274 (lonsolantur
3133 5219 3448 5286 Christum,
3500 5221 3896 5278 consolantur

2229 5303 2590 5374 Ecclesiam,
2667 5306 2772 5378 qui
2819 5306 2897 5362 ab
2943 5306 3308 5366 inﬁdelitatis
3369 5310 3639 5384 pristinae
3692 5313 3894 5367 errore

2227 5394 2600 5466 resipiscunt,
2646 5400 2703 5451 et
2752 5395 3103 5468 pravitatem
3154 5397 3282 5455 vitae
3326 5412 3438 5472 per
3483 5405 3675 5473 quam
3731 5405 3894 5456 recta

2227 5482 2580 5540 docentibus
2609 5490 2966 5558 repugnant.
3013 5491 3222 5560 Magna
3265 5491 3488 5564 quippe
3532 5487 3891 5564 przedicato-

2226 5582 2362 5631 rum
2413 5573 2742 5634 consolatio
2797 5580 2886 5636 est
2913 5621 2932 5651 ,
3007 5579 3388 5656 subsequens
3439 5579 3744 5656 profectus
3789 5583 3894 5640 sua
