4150 6128
245 168 353 232 509

1050 173 1346 230 EPITOME
1384 168 1749 231 MORALIUM
1789 170 1847 229 S.
1887 171 2089 233 GBEG.
2132 173 2204 234 ΙΝ
2238 177 2379 234 JOB.
2422 202 2493 220 -ω
2528 178 2657 235 LIB.
2708 181 2903 237 XXXV.

3598 180 3710 239 lito

160 291 169 305 ’
242 298 541 356 ditorum.
595 294 898 351 Revelatio
950 310 1217 369 namque
1272 297 1544 365 dicentis,
1595 303 1684 355 est
1712 298 1927 354 immu‘
1964 305 2011 358 Α
2040 299 2339 373 simplices
2388 314 2461 356 ex
2491 298 2817 371 gentilitate
2866 303 3195 375 venientes,
3254 303 3360 377 qui
3388 304 3556 377 prius
3585 305 3705 362 sub

242 388 394 446 tatio
424 384 820 460 proﬁcientis.
855 384 966 450 Qui
1016 386 1095 442 ad
1138 387 1581 444 consolandum
1636 391 1773 461 post
1819 387 1927 443 ﬂa-

242 476 404 549 gella
436 475 717 541 veniunt,
778 472 921 545 quia
963 475 1253 531 nimirum
1301 477 1599 550 passionis
1655 480 1926 549 tempore

238 564 733 641 prmdicamenta
747 562 887 617 lidei
904 567 1379 635 contemnentes,
1408 581 1591 637 quem
1616 565 1928 622 hominem

241 672 316 713 ex
369 657 569 710 morte
622 651 1057 726 probaverunt,
1120 656 1307 710 Deum
1352 655 1593 711 credere
1632 657 1928 727 despexe-

240 748 404 801 runt.
443 740 615 798 Unde
661 739 945 795 Dominus
975 739 1166 796 dicit:
1219 764 1247 790 «
1305 742 1565 799 Sustinui
1612 743 1716 817 qui
1747 741 1928 798 simul

242 848 494 889 mecum
552 829 1026 898 contristarctur,
1084 833 1141 886 ct
1186 846 1310 887 non
1359 833 1485 901 fuit,
1520 852 1549 887 »
1602 837 1658 888 et
1696 831 1928 903 reliqua

243 923 439 990 (Psal.
500 935 699 983 vaui,
728 920 839 989 2t).
896 922 958 972 In
1009 918 1134 974 tine
1166 920 1345 990 igitur
1373 922 1585 977 mundi
1614 921 1924 977 credentes

243 1010 480 1068 Hebraei
508 1008 891 1071 conveniant,
917 1012 974 1062 et
1003 1007 1261 1066 humani
1288 1011 1520 1081 generis
1544 1010 1925 1082 Redemptori

242 1102 305 1158 in
330 1100 607 1174 potentia
632 1098 956 1155 divinitatis
992 1099 1172 1171 quasi
1209 1116 1360 1157 sano
1391 1102 1505 1157 Job
1545 1101 1922 1157 oblationum

242 1203 499 1246 suarum
529 1193 673 1244 vota
699 1186 1144 1260 persolvantur.
1182 1190 1456 1261 Sequitur
1482 1208 1495 1245 :
1519 1192 1598 1245 Et
1627 1190 1924 1245 dederunt

242 1279 300 1336 ei
324 1278 744 1350 unusquisque
790 1288 951 1332 ovem
994 1291 1188 1333 unam
1217 1285 1273 1334 et
1304 1280 1576 1335 inaurem
1613 1293 1818 1334 unam.
1852 1309 1922 1318 —

243 1372 379 1425 Haec
401 1367 576 1439 juxta
607 1365 916 1421 historiam
940 1367 1239 1423 veraciter
1265 1367 1424 1424 dicta
1450 1369 1775 1424 credimus.
1808 1367 1922 1423 Sed

241 1456 391 1531 quid
422 1470 533 1529 per
557 1468 736 1511 ovem
766 1453 1038 1525 mystice,
1070 1456 1187 1511 nisi
1216 1456 1558 1513 innocentia
1583 1459 1611 1513 ?
1641 1456 1787 1529 quid
1814 1471 1921 1528 per

242 1549 541 1616 inaurem,
593 1542 705 1601 nisi
767 1541 1117 1601 obedientia
1148 1545 1549 1615 designatur?
1599 1548 1711 1601 Per
1740 1561 1918 1601 ovem

2036 389 2153 446 ritu
2182 390 2476 461 sacrilego
2497 392 2677 462 quasi
2708 394 2979 465 quadam
3000 394 3378 451 deformitate
3402 395 3704 452 membro~

2036 494 2173 534 rum
2197 478 2375 535 valde
2401 483 2611 552 turpes
2655 482 2883 537 ostensi
2912 488 3051 539 sunt
3079 483 3343 539 foeditate
3397 483 3701 541 vitiorum.

2036 569 2294 623 Possunt
2323 583 2571 623 rursum
2616 570 2677 625 in
2711 570 2908 627 bobus
2939 572 3216 627 Israelita;
3257 571 3467 645 accipi,
3521 571 3703 645 quasi

2032 656 2182 727 jugo
2206 655 2354 727 legis
2379 658 2593 725 attriti;
2628 660 2782 715 asini
2804 676 2946 715 vero
2978 661 3226 730 gentiles
3248 658 3702 731 designari.0ui

2036 746 2186 801 dum
2214 762 2275 801 se
2304 746 2573 802 colendis
2602 746 2910 821 lapidibus
2939 749 3327 820 inclinabant,
3387 748 3701 823 supposito

2036 834 2409 909 quibuslibet
2436 832 2615 891 idolis
2646 838 2826 895 bruto
2850 852 3033 894 sensu
3093 837 3449 894 serviebant.
3482 840 3702 895 Sancta

2036 939 2182 995 ergo
2240 924 2521 993 Ecclesia,
2580 943 2721 999 quae
2768 928 2830 983 in
2888 928 3145 983 exordiis
3205 927 3328 982 suis
3369 926 3701 983 innumeris

2035 1014 2465 1070 tentationibus
2495 1031 2731 1089 pressa,
2784 1018 2878 1074 vel
2933 1017 3317 1072 lsraeliticum
3375 1014 3696 1088 populum,

2033 1103 2129 1159 vel
2157 1103 2382 1159 multos
2411 1120 2483 1160 ex
2510 1107 2793 1175 gentibus
2854 1106 3073 1173 amisit,
3106 1105 3374 1160 videlicet
3402 1117 3560 1177 quos
3611 1102 3701 1158 Ιιιο

2033 1192 2188 1248 crari
2213 1206 2336 1247 non
2375 1194 2591 1265 potuit,
2623 1195 2890 1267 duplicia
2918 1194 2977 1249 in
3016 1192 3133 1248 ﬁne
3167 1193 3390 1265 recipit,
3444 1192 3593 1265 quia
3634 1191 3698 1247 in

2031 1295 2102 1337 ea
2127 1296 2201 1337 ex
2222 1287 2478 1354 utraque
2508 1284 2825 1339 nationum
2853 1283 3121 1338 ﬁdelium
3165 1280 3564 1353 multipliciter
3588 1296 3693 1336 ex-

2030 1371 2261 1427 cressit.
2316 1373 2570 1428 Possunt
2606 1386 2716 1445 per
2765 1373 3007 1444 jugatos
3054 1371 3239 1427 boves
3269 1370 3696 1443 praedicatores

2029 1458 2308 1529 intelligi;
2369 1466 2628 1533 possunt
2660 1477 2768 1533 per
2792 1462 2994 1517 asinas
3045 1465 3277 1516 mentes
3330 1458 3696 1531 simplicium

2031 1550 2359 1619 designari.
2415 1554 2634 1607 Sancta
2690 1564 2829 1606 vero
2863 1549 3121 1605 Ecclesia
3170 1548 3432 1621 duplicia
3465 1547 3693 1619 recipit,

243 1638 469 1710 quippe
503 1635 764 1707 simplex
784 1632 1050 1699 animus,
1076 1649 1187 1706 per
1207 1635 1484 1691 inaurem
1503 1650 1648 1690 vero
1667 1638 1917 1689 ornatus
1952 1651 1994 1704 Β
2030 1636 2134 1711 qui
2161 1638 2313 1694 dum
2344 1639 2770 1711 praedicatores
2800 1639 3010 1708 sancti,
3034 1638 3135 1710 qui
3163 1637 3351 1709 pressi
3376 1636 3694 1692 formidine

243 1724 599 1782 humilitatis
633 1722 820 1792 gratia
868 1720 1131 1777 auditus.
1158 1724 1528 1795 exprimitur.
1576 1722 1915 1779 Notandum

245 1815 407 1889 quod
438 1830 578 1870 cum
602 1813 812 1868 inaure
842 1811 993 1880 ovis,
1029 1816 1090 1867 et
1132 1822 1271 1868 cum
1302 1828 1414 1869 ove
1470 1812 1698 1868 inauris
1744 1810 1919 1866 oﬂ‘er—

248 1912 361 1972 tur,
380 1904 525 1977 quia
547 1903 835 1958 nimirum
863 1901 1145 1956 innocuis
1168 1902 1471 1958 mentibus
1494 1904 1920 1957 ornamentum

248 2004 489 2065 semper
529 1990 890 2047 obedientiae
940 1990 1237 2061 jungitur,
1279 1991 1534 2046 Domino
1584 1991 1918 2056 attestante,

246 2081 353 2154 qui
381 2080 460 2136 ait
485 2098 498 2136 :
537 2102 571 2133 ‹
599 2082 755 2136 Oves
784 2094 932 2134 meae
959 2094 1171 2134 vocem
1198 2095 1400 2135 meam
1430 2078 1707 2145 audiunt,
1732 2079 1789 2131 et
1807 2091 1921 2145 ego

249 2180 548 2238 cegnosco
579 2180 705 2233 eas,
738 2171 796 2222 et
824 2171 1160 2239 sequuntur
1181 2180 1277 2223 me
1299 2167 1497 2238 (Joan.
1529 2184 1583 2235 χ,
1614 2166 1725 2235 27).
1749 2186 1776 2214 ››
1808 2168 1924 2219 Au-

246 2272 413 2316 ream
463 2258 747 2315 inaurem
802 2255 1088 2312 obtulisse
1117 2258 1488 2329 perhibetur,
1524 2260 1590 2312 ut
1646 2254 1920 2310 videlicet

245 2350 310 2405 in
339 2363 409 2404 ea
448 2358 588 2420 quae
616 2344 933 2402 exhibetur
960 2346 1324 2415 obedientia,
1356 2346 1621 2402 charitas
1674 2343 1917 2415 fulgeat,

246 2450 381 2511 quae
439 2436 692 2491 virtutes
746 2448 956 2491 omnes
1004 2435 1133 2492 auri
1183 2450 1353 2492 more
1404 2441 1625 2492 caetera
1679 2432 1922 2490 metalla

249 2525 631 2583 transcendit.
666 2522 779 2579 Sed
810 2523 953 2596 quia
984 2523 1149 2579 nulla
1180 2540 1313 2580 esse
1345 2523 1721 2586 innocentia,
1758 2520 1924 2578 nulla

246 2630 373 2673 esse
397 2629 539 2671 vera
569 2610 910 2669 obedientia
938 2612 998 2669 in
1027 2613 1458 2687 multiplicibus
1495 2612 1922 2671 haereticorum

176 2700 181 2707 ’
248 2702 643 2760 divisionibus
669 2704 880 2774 potest,
909 2701 986 2758 ad
1015 2701 1416 2773 cognitionem
1443 2702 1601 2761 fidei
1621 2703 1921 2758 venientes

250 2793 505 2849 offerant
545 2804 747 2855 ovem,
788 2791 892 2846 sed
918 2804 1140 2861 unam;
1182 2792 1435 2849 offerant
1461 2791 1782 2862 inaurem,
1816 2791 1922 2846 sed

256 2896 457 2949 unam,
478 2880 541 2937 id
573 2885 682 2951 est,
735 2880 883 2936 tales
905 2880 1146 2936 veniant
1174 2880 1280 2953 qui
1326 2882 1387 2935 in
1442 2884 1694 2939 unitate
1746 2895 1920 2936 sanc-

256 2976 330 3027 tae
398 2968 666 3066 Ecclesiae
721 2966 965 3025 innocui
1029 2969 1499 3041 obedientesque
1573 2970 1920 3057 persistant.
1957 3010 1999 3066 Ο

263 3060 535 3132 Sequitur
563 3075 577 3113 :

332 3146 498 3200 Vens.
534 3148 619 3199 l2.
655 3142 944 3199 Dominus
999 3148 1195 3199 autem
1238 3143 1541 3199 benedixit
1593 3143 1926 3200 novissimis

263 3231 396 3302 Job,
424 3235 614 3304 magis
635 3244 817 3303 quam
847 3234 1148 3303 principio
1173 3235 1322 3303 ejus.
1345 3263 1415 3273 —-
1432 3234 1565 3289 Haec
1592 3233 1654 3288 in
1680 3231 1925 3288 historia

264 3320 420 3377 facta
445 3322 771 3390 credimus,
804 3322 931 3377 haec
978 3321 1231 3394 mystice
1278 3320 1555 3378 facienda
1585 3336 1920 3394 speramus.

267 3410 565 3474 Quantum
591 3409 755 3466 enim
785 3408 863 3465 ad
894 3408 1194 3465 lsraelitici
1222 3409 1432 3482 populi
1476 3410 1921 3485 susceptionem

262 3498 533 3571 pertinet,
561 3503 815 3569 urgente
863 3497 983 3554 ﬁne
1038 3497 1101 3554 in
1148 3497 1458 3571 praesentis
1491 3498 1691 3554 saeculi
1715 3498 1927 3556 dolore

268 3592 473 3645 sancta
530 3589 791 3645 Ecclesia
840 3587 1181 3645 animarum
1236 3586 1547 3660 multiplici
1578 3587 1923 3646 collectione

265 3675 630 3733 consolatur.
701 3676 894 3733 Tanto
942 3678 1165 3750 quippe
1212 3675 1568 3750 locupletius
1616 3676 1921 3749 ditabitur,

264 3770 494 3837 quanto
523 3771 581 3822 et
628 3765 1002 3822 manifestius
1051 3766 1367 3823 innotescit
1413 3764 1581 3837 quod
1629 3766 1707 3821 ad
1738 3766 1922 3822 tinem

263 3855 570 3927 praesentis
599 3856 737 3911 vitae
771 3855 1175 3930 temporalitas
1206 3860 1466 3925 urgetur.
1501 3854 1927 3911 Praedicatores

266 3960 533 4019 namque
565 3951 788 4002 sancta:
820 3934 1102 4002 Ecclesiae.
1115 3944 1531 4002 benedictione
1564 3944 1743 4016 primi
1776 3951 1925 4002 tem-

266 4035 431 4107 poris
461 4035 773 4091 Psalmista
801 4035 974 4092 ditari
1021 4038 1435 4108 conspexerat,
1468 4046 1609 4088 cum
1639 4033 1879 4091 dicebat
1908 4052 1922 4091 :

267 4146 298 4173 «
331 4122 543 4179 Adhuc
575 4123 1134 4197 multiplicabuntur
1162 4122 1223 4180 in
1254 4125 1492 4178 senecta
1517 4121 1707 4178 uberi.
1734 4126 1801 4179 Et
1829 4123 1930 4180 be-

265 4212 647 4287 neplacentes
702 4219 874 4271 erunt
921 4218 985 4270 ut
1037 4212 1393 4271 annuntient
1447 4211 1639 4280 (Psal.
1691 4226 1924 4284 Lxxxm,

263 4305 380 4374 20).
406 4326 433 4352 »
465 4304 739 4377 Sequitur
770 4320 783 4359 :

338 4394 507 4449 Vens.
544 4396 625 4451 l3.
656 4392 735 4449 Et
760 4392 931 4463 facta
980 4398 1119 4450 sunt
1150 4392 1203 4449 ei
1244 4389 1699 4463 quatuordecim
1730 4392 1927 4451 millia

264 4482 488 4552 ovium,
542 4489 594 4540 et
652 4496 758 4541 sex
807 4485 1003 4540 millia
1057 4484 1440 4547 camelorum,
1484 4484 1541 4536 et
1584 4483 1750 4539 mille
1768 4485 1925 4553 juga

269 4574 465 4634 boum,
496 4578 548 4629 et
576 4574 744 4629 mille
771 4573 973 4630 asinae.
1000 4572 1079 4629 Et
1116 4574 1368 4643 fuerunt
1395 4570 1450 4627 ei
1470 4576 1686 4639 septem
1722 4572 1845 4641 [ιιἱὶ
1870 4576 1927 4629 et

255 4658 393 4716 Tres
409 4661 567 4729 ﬁlim.
593 4694 660 4701 —
686 4660 834 4716 Cum
861 4664 1076 4716 cuncta
1101 4660 1277 4717 beato
1297 4658 1406 4715 Job
1437 4657 1743 4731 duplicata
1767 4664 1924 4728 sunt,

268 4762 382 4806 cur
408 4748 509 4805 filii
540 4749 786 4806 totidem
815 4752 953 4806 sunt
972 4749 1207 4819 redditi,
1240 4751 1387 4821 qUot
1416 4745 1624 4803 amissi
1656 4748 1683 4803 εἶ
1726 4747 1840 4804 Sed
1870 4752 1926 4805 et

270 4836 428 4893 filios
480 4838 792 4911 dupliciter
834 4834 1083 4908 addidit,
1115 4852 1253 4893 cum
1283 4836 1493 4892 decem
1538 4835 1926 4908 postmodum

269 4928 334 4983 in
367 4940 542 4983 carne
564 4928 829 4984 restituit.
865 4930 1079 4984 Decem
1108 4942 1250 4983 vero
1280 4926 1384 4998 qui
1414 4925 1620 4982 amissi
1670 4925 1924 4998 fuerant,

268 5017 333 5072 in
357 5017 587 5074 occulta
616 5018 956 5073 animarum
986 5017 1107 5073 vita
1136 5016 1407 5072 servavit.
1444 5018 1768 5071 Possumus
1818 5030 1928 5072 au-

270 5110 394 5161 tem
444 5102 507 5162 in
586 5108 677 5163 his
750 5106 1115 5165 animalibus
1190 5108 1577 5175 aggregatam
1602 5121 1617 5134 ι
1656 5103 1925 5160 ﬁdelium

268 5194 716 5252 universitatem
790 5192 1131 5265 intelligere.
1210 5195 1353 5250 Hinc
1430 5192 1719 5264 scriptum
1777 5196 1925 5250 est:

271 5304 301 5329 α
333 5284 548 5340 Omnia
579 5286 881 5357 subjecisti
912 5285 1025 5340 sub
1068 5284 1325 5358 pedibus
1355 5283 1504 5353 ejus,
1538 5303 1564 5331 ››
1612 5287 1667 5337 ct
1695 5282 1926 5355 reliqua

252 5374 463 5447 _(Psal.
494 5391 606 5439 Vill,
639 5377 689 5446 8)
735 5379 791 5431 et
818 5390 1058 5430 rursum
1113 5392 1126 5430 :
1162 5396 1190 5423 «
1222 5371 1519 5429 Animalia
1558 5375 1661 5427 tua
1690 5371 1924 5431 habita-

266 5462 428 5518 bunt
451 5461 510 5517 in
542 5478 612 5518 ea
641 5462 829 5531 (Psal.
880 5478 1043 5530 vau,
1109 5467 1218 5527 ll).
1250 5480 1280 5513 »
1331 5464 1747 5531 Agnoscamus
1783 5476 1926 5530 ergo

265 5552 333 5608 in
360 5551 576 5607 ovibus
602 5551 805 5609 ﬁdeles
830 5557 1007 5625 atque
1066 5552 1412 5607 innocentes
1465 5566 1537 5606 ex
1565 5549 1772 5605 Judeea
1809 5565 1921 5623 po-

266 5641 475 5719 pulos,
496 5640 645 5715 legis
674 5642 907 5703 dudum
934 5641 1175 5727 pascuis
1233 5641 1509 5700 sociatos.
1561 5643 1625 5700 In
1677 5639 1923 5698 camelis

2029 1727 2092 1782 in
2151 1726 2283 1798 ejus
2335 1728 2571 1783 dudum
2634 1727 2953 1783 tentatione
3013 1729 3343 1791 tacuerunt,
3377 1730 3434 1780 et
3462 1727 3696 1780 mentes

2031 1814 2400 1889 simplicium
2433 1833 2568 1889 quae
2601 1817 2766 1871 victae
2812 1815 3136 1871 terroribus
3185 1813 3491 1872 veritatem
3537 1812 3695 1867 illius

2031 1903 2302 1961 confiteri
2332 1905 2767 1972 formidabant,
2799 1908 2963 1961 tanto
2977 1905 3103 1975 jam
3128 1916 3288 1959 nunc
3308 1901 3613 1959 robustius
3632 1900 3695 1956 in

2032 1992 2416 2050 confessione
2468 1994 2729 2050 veritatis
2799 2007 2925 2049 sure
2974 2009 3148 2049 voces
3208 2005 3348 2048 suas
3421 1994 3690 2058 exerunt,

2032 2085 2263 2151 quanto
2284 2081 2543 2137 debilius
2573 2087 2712 2137 ante
2744 2081 3084 2137 timuerunt.
3114 2078 3467 2136 Millenarius
3486 2091 3698 2134 nume«

2033 2183 2137 2223 rus
2167 2170 2335 2241 apud
2368 2172 2721 2226 saecularem
2770 2169 3079 2225 scientiam
3132 2168 3350 2224 idcirco
3397 2166 3697 2240 perfectus

2033 2257 2495 2332 habeturgquia
2523 2257 2754 2315 denarii
2784 2258 3015 2313 numeri
3039 2257 3402 2330 quadratum
3431 2254 3694 2310 solidum

2034 2345 2229 2401 reddit
2260 2364 2273 2412 ;
2308 2348 2521 2404 decem
2550 2348 2776 2421 quippe
2804 2347 2999 2402 decies
3030 2347 3211 2402 ducta
3238 2344 3391 2400 iiunt
3429 2346 3691 2409 centum,

2033 2448 2169 2508 quae
2195 2436 2330 2505 jam
2358 2436 2554 2508 ﬁgura
2573 2436 2891 2510 quadrata,
2918 2437 3020 2492 sed
3051 2436 3232 2510 plena
3259 2437 3365 2489 est.
3401 2435 3467 2490 Ut
3491 2437 3695 2488 autem

2032 2526 2095 2581 in
2126 2524 2508 2584 altitudinem
2533 2531 2759 2597 surgat,
2814 2531 2869 2581 et
2895 2526 3084 2582 solida
3110 2526 3233 2589 ﬁat,
3271 2534 3511 2579 rursum
3553 2534 3697 2579 cens-

2034 2618 2161 2670 tum
2191 2612 2397 2671 decies
2429 2614 2919 2688 multiplicantur,
2950 2618 3007 2670 et
3053 2613 3213 2670 mille
3259 2611 3412 2667 ﬁunt
3492 2612 3695 2683 Septe-

2033 2702 2239 2758 narius
2270 2708 2475 2761 autem
2507 2718 2577 2760 ea
2605 2704 2834 2760 ratione
2866 2703 3157 2778 perfectus
3210 2701 3485 2764 habetur,
3526 2698 3697 2772 quod

2034 2807 2107 2847 ex
2134 2791 2337 2864 primo
2369 2794 2519 2866 pari,
2545 2797 2601 2850 et
2627 2810 2699 2849 ex
2730 2794 2923 2866 primo
2955 2792 3172 2866 impari
3216 2794 3693 2847 consummatur.

2035 2880 2203 2935 Prius
2225 2882 2391 2937 enim
2424 2883 2642 2955 impar,
2694 2881 2987 2938 ternarius
3032 2886 3137 2948 est,
3192 2880 3544 2951 primusque
3581 2892 3696 2951 par

2033 2971 2480 3041 quaternarius,
2512 2988 2584 3027 ex
2608 2971 2829 3044 quibus
2857 2971 3097 3027 duobus
3116 2970 3489 3042 septenarius
3518 2982 3697 3024 cons-

2034 3063 2138 3127 tat,
2160 3057 2310 3130 quia
2338 3074 2411 3114 ex
2437 3059 2664 3115 eisdem
2701 3059 2974 3132 partibus
3006 3059 3126 3115 suis
3160 3056 3587 3129 multiplicatus
3630 3054 3695 3113 in

2034 3146 2483 3203 duodenarium
2514 3148 2719 3220 surgit.
2753 3149 3031 3205 Senarius
3062 3162 3203 3205 vero
3237 3144 3372 3202 ideo
3396 3145 3696 3219 perfectus

2033 3238 2143 3303 est,
2178 3236 2324 3308 quia
2364 3237 2593 3309 primus
2648 3238 2980 3295 innumeris
3034 3236 3368 3309 completur
3417 3234 3691 3309 partibus

2035 3328 2181 3396 suis,
2209 3324 2267 3382 id
2325 3331 2432 3396 est,
2461 3332 2627 3384 sexta
2680 3329 2772 3384 sui
2801 3333 2987 3401 parte,
3021 3333 3078 3385 et
3108 3327 3275 3384 tertia
3330 3331 3388 3383 et
3443 3324 3696 3382 dimidia

2034 3433 2171 3490 quae
2196 3419 2353 3486 sunt,
2387 3430 2598 3487 unum,
2631 3417 2773 3483 duo,
2800 3418 2929 3483 tria,
2963 3422 3019 3473 et
3049 3415 3282 3472 ﬁunt-in
3301 3428 3543 3471 summa
3564 3429 3689 3471 sex.

2032 3503 2148 3561 Sed
2177 3503 2237 3559 in
2269 3516 2443 3561 sacra
2475 3504 2775 3579 Scriptura
2800 3505 3068 3561 senarius
3089 3517 3378 3560 numerus
3408 3503 3543 3559 ideo
3563 3516 3695 3575 pero

2034 3593 2223 3649 fectus
2250 3598 2357 3663 est,
2380 3592 2524 3666 quia
2550 3592 2611 3649 in
2633 3594 2844 3650 mundi
2876 3594 3103 3663 origine
3136 3595 3425 3651 Dominus
3455 3606 3527 3648 ea
3556 3605 3695 3663 quae

2037 3682 2236 3757 cmpit,
2256 3686 2421 3739 sexto
2451 3684 2546 3739 die
2577 3700 2756 3757 opere
2787 3683 3069 3757 implevit.
3108 3683 3487 3756 Septenarius
3536 3681 3600 3737 in
3624 3694 3697 3737 ea

2035 3772 2332 3845 perfectus
2354 3774 2461 3838 est,
2494 3772 2638 3844 quia
2660 3788 2839 3828 omne
2859 3772 3091 3827 bonum
3133 3788 3289 3844 opus
3321 3775 3551 3845 septem
3583 3770 3697 3825 vir-

2037 3858 2263 3918 tutibus
2290 3861 2504 3929 agitur,
2528 3865 2591 3915 ut
2639 3866 2694 3916 et
2724 3860 2841 3915 tide
2874 3860 3051 3915 simul
3089 3862 3146 3915 et
3173 3875 3355 3933 opere
3383 3872 3699 3915 consume-

2038 3954 2150 4006 tur.
2183 3949 2469 4005 Denarius
2501 3965 2747 4022 quoque
2777 3950 2837 4004 in
2861 3964 2933 4004 ea
2960 3948 3258 4021 perfectus
3288 3951 3394 4015 est,
3427 3948 3571 4019 quia
3598 3947 3694 4002 lex

2036 4038 2097 4093 in
2128 4038 2336 4092 decem
2367 4041 2668 4110 praecepta
2699 4037 3095 4105 concluditur,
3143 4036 3462 4108 omnisque
3514 4034 3694 4106 culpa

2036 4142 2160 4183 non
2188 4125 2448 4198 amplius
2500 4138 2686 4198 quam
2731 4140 2838 4198 per
2880 4126 3088 4181 decem
3137 4126 3324 4181 verba
3358 4121 3691 4191 cohibetur,

2039 4221 2217 4290 atque
2242 4219 2522 4271 narrante
2551 4214 2799 4270 Veritate
2829 4214 3067 4286 (Matth.
3086 4230 3173 4282 xx,
3210 4218 3319 4284 10),
3348 4215 3692 4286 operatores

2039 4304 2225 4361 vineae
2251 4302 2498 4360 denario
2547 4307 3024 4359 remunerantur.
3064 4308 3127 4359 In
3181 4300 3431 4360 denario
3465 4301 3693 4375 quippe

2038 4393 2148 4450 tria
2168 4394 2507 4466 junguntur
2534 4397 2590 4448 et
2615 4396 2866 4465 septem.
2898 4395 3086 4449 Homo
3105 4397 3326 4458 autem,
3348 4392 3452 4466 qui
3474 4406 3548 4447 ex
3568 4390 3694 4446 ani-

2038 4496 2139 4539 ma
2169 4484 2401 4539 constat
2429 4491 2485 4538 et
2511 4496 2780 4554 corpore,
2799 4482 2860 4538 in
2891 4471 3117 4554 septem
3140 4481 3528 4555 qualitatibus
3556 4494 3696 4536 con-

2037 4570 2273 4628 tinetur.
2300 4574 2449 4627 Nam
2480 4569 2671 4626 tribus
2699 4569 3052 4643 specialiter,
3084 4574 3141 4626 et
3188 4572 3448 4641 quatuor
3477 4582 3691 4641 corpo-

2038 4660 2239 4716 raliter
2263 4660 2443 4731 viget.
2482 4658 2597 4716 Sed
2615 4658 2802 4714 homo
2828 4658 3077 4713 denario
3100 4655 3692 4727 remuneratur,quia

2037 4750 2099 4806 in
2125 4750 2222 4806 illa
2253 4748 2611 4822 perfectione
2643 4763 2919 4820 superna:
2974 4748 3180 4820 patriae
3222 4750 3450 4820 septem
3481 4750 3693 4802 nostra

2038 4838 2118 4896 ad
2148 4840 2253 4895 tria
2280 4839 2615 4909 junguntur
2644 4840 2885 4903 (eterna,
2920 4841 2984 4891 ut
3011 4835 3195 4892 homo
3236 4833 3691 4908 contemplatio—

2036 4940 2177 4984 nem
2233 4924 2525 4983 Trinitatis
2551 4925 2823 4998 accipiat,
2866 4924 2961 4981 vel
2991 4928 3144 4982 certe
3177 4929 3405 4999 septem
3444 4924 3690 4980 virtutes

2038 5014 2195 5082 sunt,
2230 5014 2451 5088 quibus
2480 5015 2541 5070 in
2573 5014 2833 5087 hacvita
2862 5013 3189 5081 laboratur,
3223 5014 3491 5087 dumque
3517 5013 3601 5069 eis
3627 5014 3690 5069 in

2035 5103 2518 5159 remuneratione
2560 5102 2986 5176 contemplatio
3042 5102 3337 5159 Trinitatis
3394 5101 3687 5164 redditur,

2034 5192 2155 5249 vita
2184 5191 2589 5249 laborantium
2620 5191 2871 5249 denario
2904 5197 3339 5249 remuneratur.
3396 5190 3509 5246 Sed
3550 5202 3687 5260 per~

2035 5280 2225 5337 fectus
2255 5280 2511 5354 quisque
2536 5280 2597 5337 in
2618 5281 2733 5337 hac
2758 5281 2936 5338 etiam
2963 5281 3079 5336 vita
3105 5279 3421 5336 denarium
3450 5274 3685 5347 accipit,

2035 5372 2183 5428 dum
2214 5371 2437 5427 eisdem
2470 5375 2699 5444 septem
2730 5372 3062 5437 virtutibus,
3086 5370 3288 5437 ﬁdem,
3340 5381 3510 5438 spem
3541 5365 3686 5421 cha-

2032 5462 2388 5534 ritatemque
2414 5462 2741 5533 conjungit.
2769 5461 3121 5518 Millenarius
3168 5471 3433 5529 namque
3462 5456 3688 5529 perfec-

2034 5555 2128 5607 tus
2158 5556 2266 5619 est,
2300 5550 2442 5624 quia
2467 5549 2865 5623 appellatione
2895 5549 3022 5619 cjus
3040 5546 3391 5603 universitas
3407 5545 3685 5618 designa-

2034 5644 2149 5699 tur.
2204 5641 2369 5700 Unde
2418 5641 2706 5719 scriptum
2734 5642 2822 5697 est
2854 5654 2867 5696 :
2896 5659 2926 5688 «
2958 5636 3132 5697 Verbi
3179 5637 3346 5712 quod
3374 5633 3688 5697 mandavit
