4120 6156
449 179 566 233 5H-
1509 170 1565 226 S.
1607 171 1864 228 ODONIS
1901 167 2202 226 ABBATIS
2241 169 2740 228 CLUNIACENSIS
2777 175 2822 228 Il
3079 195 3086 199 -
3773 177 3874 230 5H.

452 302 514 358 in
543 301 702 357 mille
729 299 1140 370 generationes
1169 298 1358 364 (Psal.
1388 313 1499 367 Civ,
1534 299 1609 356 8).
1637 318 1664 346 »
1697 298 1907 351 Beatus
1933 293 2111 364 igitur
2147 298 2193 348 Α
2220 293 2494 349 inﬁrmos
2515 299 2571 350 et
2592 295 2849 352 humiles
2869 296 2946 352 ad
2974 299 3195 352 sortem
3215 311 3494 370 supernas
3513 296 3875 356 hereditatis

451 390 583 459 Job,
612 388 1060 460 quatuordecim
1085 388 1281 443 millia
1311 387 1508 442 ovium
1535 383 1778 456 recepit,
1799 383 1943 455 quia
1961 383 2110 438 dum

451 481 513 534 in
541 481 748 534 sancta
771 477 1030 532 Ecclesia
1057 476 1342 531 virtutum
1371 473 1654 546 perfectio
1679 473 1754 528 ad
1787 477 2110 543 utrumque

453 582 661 622 sexum
692 565 951 634 ducitur,
984 563 1357 638 septenarius
1399 563 1459 617 in
1487 578 1558 618 ea
1607 577 1896 616 numerus
1920 559 2112 633 dupli-

451 661 637 711 catur.
661 656 742 710 Et
761 670 866 711 sea:
880 655 1076 710 millia
1097 653 1484 718 camelorum,
1508 650 1653 723 quia
1673 649 2110 723 plenitudinem

449 745 511 800 in
537 744 639 800 illa
677 745 873 817 operis
905 743 1226 815 accipiunt,
1277 741 1382 814 qui
1410 741 1487 797 ab
1538 740 1637 796 illa
1665 739 1898 795 dudum
1945 739 2112 794 vitio-

450 849 586 889 rum
641 848 889 888 suorum
947 831 1206 887 foeditate
1263 830 1581 903 perierunt.
1637 829 1811 884 Mille
1866 843 2111 900 quoque

441 924 600 991 juga
632 921 805 976 boum
843 936 914 976 ac
941 921 1112 976 mille
1141 921 1342 974 asinas
1373 917 1610 990 recepit,
1644 917 1787 990 quia
1817 914 2110 970 Israelitas

454 1015 634 1082 atque
660 1009 927 1080 gentiles,
956 1009 1167 1065 doctos
1197 1024 1267 1063 ac
1295 1007 1614 1079 simplices,
1645 1010 1786 1078 post
1837 1003 2109 1060 tentatio-

455 1115 603 1155 num
627 1115 800 1154 casus
825 1099 888 1154 in
905 1097 1162 1153 culmine
1184 1097 1558 1170 perfectionis
1581 1095 1849 1152 assumit.
1877 1096 2110 1162 Septem

456 1203 700 1260 quoque
713 1188 870 1256 ﬁlios
899 1193 952 1242 et
980 1193 1098 1242 tres
1114 1187 1278 1256 ﬁlias
1299 1185 1687 1258 recepit,quia
1707 1199 1914 1240 eorum
1942 1197 2111 1237 men-

455 1277 613 1332 tibus
641 1292 795 1348 quos
827 1280 1055 1347 septem
1085 1274 1396 1330 virtutibus
1415 1277 1678 1343 generat,
1704 1272 1781 1330 ad
1801 1271 2113 1344 perfectio-

453 1381 594 1420 nem
623 1380 949 1431 summam,
981 1363 1164 1419 ﬁdem
1185 1363 1656 1434 charitatemque
1686 1360 1818 1431 conj
1831 1359 2020 1430 ungit,
2049 1361 2116 1413 ut

455 1457 620 1508 tanto
646 1451 838 1507 verius
867 1452 1034 1524 prole
1065 1469 1176 1507 sua
1207 1452 1488 1520 gaudeat,
1522 1453 1752 1523 quanto
1782 1447 1904 1503 suis
1929 1445 2114 1501 ﬁdeli-

454 1541 570 1597 bus
599 1541 684 1595 nil
712 1541 922 1596 deesse
949 1541 1178 1596 virtutis
1207 1545 1442 1612 pensat.
1476 1538 1752 1610 Sequitur
1786 1553 1798 1591 :

2222 382 2496 439 admittit.
2531 385 2678 440 Hinc
2711 385 2996 442 Dominus
3025 385 3108 441 ait
3141 405 3153 442 :
3191 408 3216 434 ‹‹
3243 385 3310 441 In
3339 385 3524 442 domo
3555 387 3739 442 Patris
3761 387 3880 444 mei

2220 471 2565 527 mansiones
2595 472 2796 528 multae
2827 478 2966 530 sunt
2991 473 3186 544 (Joan.
3218 489 3336 538 xw,
3371 477 3447 538 2).
3480 495 3507 523 »
3541 475 3702 540 Quas
3723 473 3882 531 bene

2221 560 2440 616 Paulus
2459 563 2805 618 mansiones
2820 564 2993 634 juxta
3013 563 3226 620 merita
3247 562 3598 618 distributas
3615 563 3888 620 insinuat

2220 666 2358 705 cum
2417 651 2495 706 ait
2529 670 2540 706 :
2571 674 2598 700 ‹‹
2632 652 2760 708 Alia
2791 651 3025 708 claritas
3083 653 3246 722 solis,
3279 651 3397 708 alia
3427 651 3668 708 claritas
3697 652 3884 722 lunas,

2219 739 2336 796 alia
2368 739 2604 796 claritas
2637 740 2941 796 stellarum
2977 758 2989 796 :
3025 740 3196 797 stella
3223 742 3386 797 enim
3419 757 3456 798 a
3485 740 3656 797 stella
3683 740 3892 798 differt

2219 828 2280 882 in
2302 828 2562 884 claritate
2592 829 2608 899 (
2619 831 2652 885 Ι
2677 830 2814 885 Cor.
2841 845 2937 900 xv,
2970 832 3082 898 41).
3113 851 3140 879 ››
3175 829 3455 903 Sequitur
3486 848 3499 885 :
3569 903 3574 908 _

2290 920 2457 974 Vens.
2495 923 2580 973 16.
2653 919 2814 974 Vixit
2862 926 3061 976 autem
3119 919 3231 975 Job
3283 925 3420 989 post
3469 919 3595 976 hac
3641 925 3892 976 centum

2219 1007 2628 1077 quadraginta
2651 1010 2849 1072 annis,
2877 1014 2932 1064 et
2963 1009 3110 1065 vidit
3139 1009 3297 1077 ﬁlios
3315 1009 3580 1078 ﬁliorum
3609 1023 3884 1076 suorum,

2223 1110 2404 1166 usque
2433 1096 2514 1152 ad
2564 1102 2846 1167 quartam
2873 1098 3337 1168 generationem,
3397 1103 3454 1153 et
3491 1102 3764 1152 mortuus
3791 1100 3890 1152 est

2219 1199 2402 1240 senex
2430 1190 2484 1240 et
2507 1186 2726 1254 plenus
2755 1186 3007 1242 dierum.
3033 1218 3100 1226 ——
3131 1190 3194 1241 1n
3228 1185 3530 1258 Scriptura
3555 1200 3724 1240 sacra
3751 1199 3896 1240 non

2221 1273 2393 1328 faeile
2447 1275 2662 1344 plenus
2692 1276 2923 1330 dierum
2955 1275 3219 1347 ponitur,
3281 1274 3394 1330 nisi
3441 1274 3500 1330 in
3559 1273 3728 1344 cujus
3771 1289 3896 1348 per

2221 1362 2498 1418 eamdem
2533 1364 2896 1436 Scripturam
2923 1365 3040 1420 vita
3062 1363 3366 1420 laudatur.
3391 1363 3634 1418 Vacuus
3651 1363 3898 1435 quippe

2221 1451 2454 1506 dierum
2485 1457 2590 1520 est,
2622 1452 2744 1524 qui,
2775 1452 3109 1524 quamlibet
3137 1451 3396 1508 multum
3425 1450 3655 1518 vixerit,
3687 1449 3896 1507 astatis

2223 1557 2344 1595 suae
2373 1545 2646 1612 tempora
2673 1541 2735 1596 in
2765 1541 3026 1596 vanitate
3055 1540 3375 1596 consumit.
3409 1543 3482 1595 At
3524 1543 3730 1596 contra
3753 1539 3899 1608 ple-

526 1632 692 1683 VEBS.
732 1632 814 1683 14.
840 1631 919 1684 Et
959 1630 1188 1684 vocavit
1238 1643 1450 1683 nomen
1496 1628 1674 1681 unius
1703 1627 1891 1692 Diem,
1925 1629 1979 1679 et
2007 1638 2112 1677 no-
2150 1641 2192 1694 Β
2221 1645 2332 1684 nus
2361 1630 2593 1685 dierum
2624 1629 2857 1696 dicitur,
2912 1629 3010 1684 cui
3069 1645 3460 1702 nequaquam
3489 1628 3618 1684 dies
3650 1627 3740 1683 sui
3778 1643 3898 1700 pe-

443 1709 589 1775 Imen
617 1719 892 1775 secunda:
924 1717 1212 1786 Cassiam,
1245 1723 1298 1772 et
1328 1732 1539 1772 nomen
1571 1717 1760 1770 tertiae
1809 1713 2112 1768 Cornusti-

459 1807 559 1861 bii.
587 1836 656 1846 ——
689 1808 791 1860 Per
820 1805 974 1860 ﬁlios
1003 1805 1112 1860 Job
1144 1804 1494 1860 universum
1553 1807 1742 1873 genus
1773 1802 2114 1857 humanum

457 1893 808 1965 accipimus.
845 1895 1033 1948 Homo
1059 1907 1324 1964 namque
1354 1891 1528 1964 quasi
1554 1891 1681 1945 dies
1711 1906 1786 1944 ex
1819 1888 2112 1944 conditio-

457 1997 533 2038 ne
561 1981 793 2050 claruit,
820 1980 963 2052 quia
991 1981 1152 2036 hunc
1183 1984 1389 2035 auctor
1411 1995 1560 2034 suus
1616 1977 1895 2046 ingenitae
1937 1975 2112 2030 inno-

459 2071 664 2127 centiae
723 2069 1042 2141 splendore
1095 2069 1392 2141 respersit,
1441 2067 1544 2123 sed
1599 2071 1810 2140 sponte
1868 2080 1978 2120 sua
2035 2063 2115 2119 ad

459 2159 686 2233 peccati
715 2159 994 2215 tenebras
1044 2159 1252 2231 lapsus
1285 2163 1391 2213 est.
1447 2155 1612 2212 Unde
1671 2155 1820 2211 alias
1852 2154 2065 2210 dicitur
2095 2170 2110 2208 :

457 2250 704 2306 Secutus
761 2257 844 2305 est
901 2249 1208 2304 umbram.
1264 2247 1376 2303 Sed
1429 2263 1568 2302 eum
1626 2250 1833 2302 auctor
1859 2242 2112 2316 pietatis,

457 2353 638 2410 quem
667 2337 834 2408 prius
861 2341 1134 2409 potenter
1163 2336 1242 2391 ad
1265 2335 1555 2406 justitiam
1583 2333 1869 2398 condidit,
1902 2336 2113 2404 poten-

457 2428 573 2482 tius
601 2425 956 2480 redimendo
987 2423 1378 2496 postmodum
1418 2424 1495 2478 ab
1546 2437 1743 2476 errore
1787 2418 2110 2476 revocavit.

460 2517 526 2570 Et
554 2515 700 2586 quia
729 2513 920 2568 multa
947 2528 1107 2568 nunc
1137 2512 1479 2568 exhibenda
1504 2517 1642 2566 sunt
1671 2527 1807 2582 quae
1835 2510 1896 2565 in
1935 2525 2112 2581 para-

459 2603 590 2657 diso
617 2602 956 2657 necessaria
971 2617 1092 2656 non
1121 2601 1380 2668 fuerunt,
1405 2605 1467 2654 ut
1485 2605 1574 2654 est
1589 2600 1775 2655 virtus
1795 2598 2113 2672 patientiae,

459 2689 704 2757 laboris,
737 2688 990 2744 eruditio
1030 2687 1338 2752 doctrinm,
1370 2687 1680 2758 castigatio
1706 2687 1993 2758 corporis,
2025 2703 2116 2742 as-

461 2777 713 2834 siduitas
738 2792 1006 2849 precum,
1032 2777 1336 2832 confessio
1392 2776 1770 2842 delictorum,
1801 2775 2116 2831 inundatio

458 2867 885 2938 lacrymarum,
919 2867 1062 2938 quia
1093 2865 1300 2923 salutis
1325 2866 1556 2922 bonum
1583 2882 1654 2922 ex
1680 2866 1812 2938 ipsa
1838 2865 2114 2922 conditus

457 2957 645 3012 homo
697 2955 1034 3012 conditione
1081 2959 1366 3028 percepit,
1415 2972 1638 3012 nomen
1670 2955 1948 3012 secundat
1977 2954 2114 3009 tiliae

459 3043 620 3099 velut
651 3043 856 3100 Cassia
886 3060 960 3099 ex
987 3045 1198 3100 merito
1228 3044 1474 3106 redolet,
1505 3050 1570 3100 ut
1598 3045 1742 3118 quia
1773 3045 1971 3118 prima
1992 3043 2116 3098 ﬁlia

457 3135 636 3206 quasi
665 3134 794 3190 dies
824 3135 1042 3190 exstitit
1072 3151 1178 3206 per
1231 3135 1584 3205 dignitatem
1616 3134 1994 3202 conditionis,
2029 3149 2116 3188 se-

461 3223 658 3278 cunda
694 3223 894 3280 Cassia
938 3223 1012 3278 sit
1041 3239 1148 3295 per
1199 3223 1589 3292 fragrantiam
1639 3221 2000 3278 fortitudinis
2045 3238 2118 3277 ex

460 3313 654 3382 gratia
681 3312 1144 3384 Redemptiouis.
1202 3312 1364 3367 Unde
1396 3316 1454 3368 et
1506 3311 1666 3367 idem
1717 3311 1976 3367 venienti
2013 3313 2120 3367 Re-

462 3403 761 3473 demptori
791 3417 898 3474 per
919 3403 1276 3474 prophetam
1303 3403 1535 3458 dicitur.
1567 3403 1808 3458 Mirrha
1852 3408 1906 3459 et
1945 3409 2119 3474 gutta

462 3498 516 3547 et
547 3492 760 3556 cassia,
786 3496 842 3546 et
863 3490 1111 3562 reliqua.
1144 3491 1290 3556 Quia
1315 3507 1457 3546 vero
1484 3491 1653 3546 tertio
1675 3491 1884 3546 ordine
1907 3491 2124 3548 huma-.

464 3595 610 3634 num
636 3594 826 3648 genus
853 3578 1032 3634 etiam
1056 3579 1253 3634 carnis
1286 3581 1722 3634 resurrectione
1749 3583 2028 3636 revocato
2057 3580 2118 3635 in

462 3666 562 3722 illo
593 3671 896 3722 conventu
925 3671 1160 3722 aeternas
1191 3667 1389 3722 laudis
1421 3669 1766 3734 assumitur,
1799 3668 1966 3724 tertia
1995 3667 2120 3723 tilia

465 3754 824 3812 Cornustibii
849 3759 1114 3810 vocatur.
1151 3755 1303 3821 Quid
1329 3771 1435 3828 per
1465 3757 1842 3822 Cornustibii,
1875 3757 1988 3812 nisi
2017 3757 2118 3812 lae-

460 3844 718 3900 tantium
769 3850 979 3900 cantus
1032 3846 1432 3918 exprimitur?
1493 3846 1571 3901 lbi
1627 3847 1787 3902 enim
1833 3847 2121 3904 veraciter

464 3932 827 4006 adimpletur
848 3933 1012 4006 quod
1054 3934 1340 4006 scriptum
1364 3939 1452 3989 est
1492 3951 1504 3989 :
1544 3956 1570 3984 α
1599 3937 1841 3991 Cantate
1867 3935 2120 3992 Domino

463 4021 762 4077 canticum
792 4037 1042 4093 novum,
1077 4027 1185 4078 elc.
1241 4024 1424 4094 (Psal.
1455 4039 1586 4092 xcv,
1629 4024 1696 4094 1).
1725 4045 1752 4074 ››
1800 4021 2115 4094 Sequitur:

535 4109 708 4168 Vens.
747 4115 831 4166 15.
863 4113 996 4167 Νοη
1022 4117 1161 4168 sunt
1183 4117 1382 4168 autem
1413 4115 1668 4169 inventae
1687 4113 1966 4168 mulieres
1995 4126 2122 4180 spe-

463 4201 637 4256 ciosae
665 4201 818 4255 sicut
845 4201 992 4268 ﬁlim
1014 4201 1123 4256 Job
1153 4203 1217 4256 in
1249 4203 1530 4258 universa
1562 4207 1748 4258 terra.
1779 4233 1849 4242 -—
1895 4201 2118 4256 Eiecto-

463 4304 600 4343 rum
629 4288 854 4360 quippe
884 4288 1100 4343 animae
1133 4304 1314 4344 omne
1344 4291 1682 4345 humanum
1711 4304 1926 4359 genus,
1953 4290 2119 4362 quod

463 4376 526 4432 in
583 4380 738 4432 terra
791 4376 1126 4432 secundum
1181 4376 1491 4433 hominem
1539 4383 1944 4448 conversatur,
1995 4395 2118 4435 suae

465 4463 926 4537 pulchritudinis
949 4465 1164 4520 decore
1195 4466 1644 4522 transcendunt.
1678 4469 1916 4532 Quanto
1959 4472 2120 4524 exte-

465 4555 588 4609 rius
644 4553 966 4624 aﬂligendo
1023 4570 1085 4609 se
1143 4555 1500 4627 despiciunt,
1543 4560 1706 4611 tanto
1735 4557 1893 4612 intus
1923 4557 2122 4613 verius

468 4648 932 4716 componuntur.
967 4645 1110 4700 Hinc
1156 4645 1318 4700 enim
1348 4646 1635 4718 scriptum
1685 4651 1776 4702 est
1804 4663 1816 4701 :
1844 4669 1870 4695 ‹‹
1899 4649 2122 4704 Concu-

464 4733 608 4804 pivit
629 4749 732 4788 rex
759 4731 1040 4788 decorem
1067 4739 1235 4789 tuum
1266 4735 1454 4800 (Psal.
1489 4751 1644 4802 xuv,
1679 4738 1764 4804 12,
1801 4736 1922 4806 Ui);
1959 4757 1987 4786 ››
2017 4740 2072 4791 et
2104 4753 2118 4805 ;

467 4842 497 4874 ‹
529 4822 734 4877 Omnis
793 4821 984 4894 gloria
1034 4823 1164 4892 ejus
1201 4821 1336 4878 ﬁliae
1389 4824 1546 4894 regis
1600 4825 1679 4880 ab
1709 4825 1892 4894 intus,
1929 4847 1957 4877 υ
2008 4831 2117 4882 etc.

467 4909 664 4978 (Ibid.,
723 4911 832 4980 14.)
887 4911 1160 4982 Sequitur
1211 4927 1224 4965 :
1282 4912 1577 4984 Deditque
1631 4913 1715 4969 eis
1765 4919 1946 4984 pater
1980 4930 2122 4970 suus

465 4998 874 5055 hceredilatem
898 5001 1056 5054 inter
1083 5000 1310 5068 fratres
1330 5016 1556 5057 earum.
1615 5034 1683 5043 —
1737 5006 1902 5059 Pater
1958 5003 2121 5059 enim

467 5093 667 5144 noster
689 5087 840 5142 inter
863 5087 1166 5142 masculos
1217 5089 1398 5145 etiam
1443 5089 1679 5146 feminis
1717 5093 1857 5163 jura
1889 5109 2123 5148 succes-

467 5177 650 5234 sionis
701 5176 916 5246 tribuit,
967 5177 1114 5254 quia
1166 5179 1318 5236 inter
1366 5180 1546 5237 fortes
1593 5187 1772 5255 atque
1800 5183 2117 5256 perfectos,

2219 1720 2452 1776 reundo
2479 1723 2806 1786 transeunt,
2837 1719 2942 1774 sed
2963 1735 3037 1774 ex
3061 1719 3416 1788 quotidiana
3439 1717 3712 1775 mercede
3729 1717 3900 1773 boni

2223 1808 2421 1880 operis
2457 1807 2622 1879 apud
2645 1807 2882 1878 justum
2903 1808 3192 1878 judicem,
3244 1812 3302 1864 et
3356 1811 3678 1880 postquam
3719 1811 3899 1862 tran-

2222 1896 2368 1952 sacti
2397 1897 2633 1966 fuerint,
2688 1900 3088 1952 reservantur.
3122 1898 3384 1952 Mvsncs.
3425 1895 3484 1952 Si
3511 1895 3898 1967 quatuorde-

2223 1987 2340 2042 cim
2396 2001 2503 2058 per
2555 1984 2871 2040 denarium
2921 1984 3220 2052 ducimus,
3275 1983 3354 2040 ad
3402 1983 3792 2040 centesimum
3822 1987 3902 2038 et

2223 2073 2761 2147 quadragesimum
2817 2089 3140 2128 numerum
3191 2072 3598 2145 pervenimus.
3631 2074 3694 2127 Et
3721 2077 3900 2128 recte

2223 2163 2346 2218 vita
2371 2167 2591 2218 sancta
2621 2161 2895 2218 Ecclesiae
2929 2177 3035 2234 per
3065 2160 3460 2232 multiplicata
3488 2159 3696 2215 decem
3723 2174 3896 2231 qua.-

2224 2256 2357 2306 tuor
2405 2255 2804 2323 computatur,
2877 2249 3023 2322 quia
3079 2255 3404 2324 utcumque
3457 2252 3900 2304 testamentum

2224 2339 2592 2406 custodiens,
2651 2343 2708 2394 et
2758 2343 2880 2395 tam
2927 2339 3264 2394 secundum
3309 2337 3458 2407 legis
3499 2335 3895 2406 decaloguin.

2223 2439 2412 2496 quam
2443 2423 2775 2478 secundum
2805 2427 3064 2495 quatuor
3091 2419 3394 2492 Evangelii
3422 2420 3606 2476 libros
3649 2421 3896 2487 vivens,

2225 2527 2417 2584 usque
2447 2511 2526 2567 ad
2547 2510 2922 2583 perfectionis
2953 2510 3194 2566 culmen
3224 2508 3576 2566 extenditur.
3607 2511 3760 2563 Bene
3777 2523 3898 2562 au-

2224 2607 2344 2658 tem
2368 2601 2580 2656 beatus
2604 2599 2713 2655 Job
2743 2603 2879 2671 post
2907 2598 3148 2668 ﬂagella
3175 2599 3370 2654 vivere
3399 2597 3632 2668 dicitur,
3663 2596 3806 2668 quia
3829 2603 3900 2653 et

2226 2693 2434 2744 sancta
2461 2688 2718 2744 Ecclesia
2745 2690 2910 2762 prius
2927 2687 3256 2760 disciplintB
3273 2687 3510 2758 ﬂagello
3535 2686 3896 2760 percutitur,

2226 2785 2284 2834 et
2307 2779 2696 2850 postmodum
2743 2779 2877 2834 vitae
2935 2777 3294 2850 perfectione
3321 2777 3659 2834 roboratur.
3692 2777 3900 2848 Usque

2228 2869 2310 2924 ad
2364 2875 2644 2940 quartam
2701 2871 3145 2939 generationem
3193 2867 3348 2923 ﬁlios
3397 2866 3707 2940 conspicit,
3741 2867 3900 2938 quia

2227 2957 2344 3012 hac
2373 2961 2542 3012 aetate
2571 2972 2706 3028 qua:
2737 2956 2882 3011 anni
2907 2960 3168 3028 quatuor
3207 2954 3579 3028 temporibus
3605 2954 3896 3026 volvitur,

2231 3061 2421 3118 usque
2476 3045 2550 3100 ad
2611 3044 2792 3100 ﬁnem
2849 3045 3063 3100 mundi
3120 3061 3226 3118 per
3271 3061 3379 3102 ora
3425 3044 3896 3117 praedicandum

2228 3139 2540 3191 nascentes
2557 3133 2670 3190 sibi
2685 3134 2950 3206 quotidie
2968 3134 3206 3191 soboles
3230 3133 3688 3206 contemplatur.
3714 3133 3894 3199 Quod

2229 3226 2275 3281 si
2304 3241 2410 3297 per
2440 3229 2556 3280 tres
2583 3225 2948 3297 propagines
3003 3225 3222 3297 Joseph
3251 3223 3552 3297 pincernre
3601 3239 3896 3280 somnum

2229 3315 2562 3370 edisserens
2606 3313 2868 3386 spatium
2897 3313 3078 3370 trium
3128 3313 3364 3369 dierum
3401 3311 3688 3370 intellexit
3719 3312 3894 3382 (Gen.

2229 3421 2316 3474 XL,
2349 3404 2455 3474 12),
2489 3419 2595 3458 cur
2631 3419 2754 3458 non
2793 3403 2972 3459 etiam
3001 3419 3110 3476 per
3164 3406 3426 3475 quatuor
3473 3401 3898 3473 generationes

2229 3507 2434 3548 annua
2461 3481 2721 3564 quatuor
2751 3495 3021 3564 tempora
3051 3487 3430 3560 ﬁgurentur?
3465 3490 3682 3546 Sancta
3711 3488 3892 3562 quip—

2229 3595 2304 3653 pe
2327 3579 2584 3636 Ecclesia
2613 3579 2757 3634 vidit
2775 3579 2929 3635 ﬁlios
2951 3595 3114 3644 suos,
3139 3595 3280 3634 cum
3316 3577 3581 3652 primum
3613 3575 3892 3632 ﬁdelium

2229 3668 2499 3724 sobolem
2529 3669 2862 3740 conspexit,
2899 3669 3045 3724 vidit
3089 3669 3249 3737 ﬁlios
3287 3669 3577 3738 ﬁliorum,
3634 3681 3777 3722 cum
3811 3665 3892 3722 ab

2229 3758 2456 3815 eisdem
2483 3756 2761 3814 ﬁdelibus
2789 3758 2865 3813 ad
2895 3757 3077 3812 ﬁdem
3123 3757 3286 3827 gigni
3314 3761 3370 3812 et
3406 3755 3559 3811 alios
3589 3755 3890 3825 agnoscit.

2231 3851 2372 3915 Quae
2426 3847 2604 3904 etiam
2655 3862 2836 3904 senem
2865 3852 2920 3904 et
2949 3847 3134 3916 plena
3163 3846 3396 3902 dierum
3439 3843 3717 3908 moritur,
3747 3844 3891 3917 quia

2232 3937 2634 4010 subsequente
2659 3935 2790 3992 luce
2821 3951 2890 3992 ex
2923 3933 3198 3992 mercede
3223 3933 3724 4008 quotidianorum
3755 3948 3892 4005 ope-

2229 4043 2386 4097 rum,
2418 4025 2690 4099 deposito
2716 4024 3111 4099 corruptionis
3141 4022 3428 4097 pondere,
3461 4021 3540 4078 ad
3579 4021 3890 4093 incorrup-

2231 4116 2454 4172 tionem
2505 4113 2784 4188 spiritalis
2840 4113 3045 4186 patrias
3093 4116 3380 4168 mutatur.
3416 4114 3522 4166 Per
3564 4110 3696 4166 haec
3727 4109 3886 4166 enim

2231 4202 2599 4260 transeuntia
2623 4206 2916 4274 tempora,
2941 4201 3002 4256 id
3023 4199 3190 4274 quod
3207 4215 3330 4256 non
3346 4199 3559 4256 transit
3579 4203 3882 4270 operatur.

2235 4292 2400 4350 Unde
2421 4289 2708 4364 apostolis
2729 4289 2943 4346 dicitur
2962 4308 2975 4346 :
3001 4311 3028 4340 ‹‹
3049 4289 3394 4362 Operamini
3413 4303 3538 4344 non
3555 4285 3765 4343 cibum
3785 4285 3884 4360 qui

2235 4380 2404 4454 perit,
2437 4378 2544 4434 sed
2571 4377 2675 4452 qui
2719 4381 3033 4450 permanet
3057 4375 3120 4432 in
3169 4375 3349 4432 vitam
3371 4379 3662 4430 aeternam
3693 4375 3880 4444 (Joan.

2232 4487 2308 4538 vi,
2339 4471 2448 4541 27).
2475 4491 2504 4518 »
2535 4467 2674 4525 Mori
2706 4471 2906 4523 autem
2935 4465 3168 4536 dicitur,
3193 4463 3357 4537 quia,
3377 4480 3516 4520 cum
3539 4461 3642 4518 illa
3663 4461 3884 4519 aeterni-

2231 4559 2366 4616 tatis
2379 4555 2802 4629 contemplatio
2824 4553 3220 4622 absorbuerit,
3243 4553 3320 4608 ab
3341 4553 3455 4608 hac
3471 4550 3882 4608 mutabilitatis

2234 4665 2354 4704 suae
2381 4645 2649 4703 funditus
2669 4643 3006 4714 exstinguit,
3021 4649 3088 4698 ut
3117 4643 3176 4699 in
3201 4658 3272 4699 ea
3284 4643 3414 4713 jam
3437 4635 3606 4713 quod
3628 4655 3878 4696 acumen

2230 4736 2479 4793 visionis
2528 4735 2752 4790 intimae
2785 4732 3093 4806 impediat,
3135 4731 3256 4788 ullo
3298 4731 3484 4787 modo
3523 4729 3672 4786 nihil
3692 4731 3875 4801 juvat.

2233 4829 2393 4882 Hanc
2419 4824 2620 4896 itaque
2645 4827 2920 4889 mortem,
2953 4821 3112 4877 hanc
3160 4819 3394 4876 dierum
3423 4817 3876 4891 plenitudinem,

2230 4919 2284 4970 et
2313 4914 2372 4970 in
2403 4913 2579 4968 beato
2607 4911 2738 4976 Job,
2761 4911 2823 4966 id
2855 4916 2940 4967 est
2962 4927 3085 4966 uno
3115 4909 3392 4966 membro
3425 4907 3722 4976 Ecclesiae,
3765 4922 3876 4963 cre-

2229 5001 2450 5058 damus
2477 4999 2718 5069 factam,
2751 5003 2808 5055 et
2835 4999 2897 5054 in
2927 5003 3049 5054 tota
3070 4997 3250 5054 simul
3277 4995 3536 5054 Ecclesia
3570 5010 3870 5069 speremus

2230 5107 2358 5149 esse
2389 5088 2748 5147 faciendam.
2799 5091 3101 5153 Quatenus
3157 5088 3238 5144 ita
3267 5089 3539 5143 teneatur
3589 5085 3676 5141 rei
3705 5089 3870 5154 gesta:

2230 5180 2470 5249 veritas,
2501 5183 2566 5235 ut
2593 5193 2714 5235 non
2737 5181 3054 5235 evacuatur
3072 5175 3156 5232 rei
3177 5173 3451 5246 gerendae
3471 5172 3806 5246 prophetia.

1819 5421 2542 5464 ν--ψ-
