4150 6128
297 99 359 155 Μ
372 99 406 154 3
1103 117 1116 125 ·
1727 92 1936 150 HYMN]

2110 95 2338 154 lTUOR.
3643 107 3749 161 δη

785 423 968 541 DE
1071 424 1188 543 B.
1300 425 1965 545 MARTMO
2069 425 2403 544 ANTI

1645 425 1965 545 HM)
2069 425 2979 549 ANTIPHON/E
3072 435 3284 551 Xll

1546 721 1985 785 AUCTORE
2029 722 2104 788 S.
2163 721 2506 791 ODONE.

1297 948 1463 1013 (Apud
1490 948 1705 1002 Marricr,
1734 947 2051 1000 Bibliotheca
2078 949 2454 1004 Cluniacensis,
2481 965 2592 1014 pag.
2627 951 2766 1014 261.)

368 1306 411 1360 I.
458 1305 712 1360 Sanctus
760 1297 1042 1357 Martinus
1100 1298 1334 1354 obitum
1381 1315 1559 1354 suum
1603 1299 1781 1368 longe
1828 1301 1966 1354 ante
2003 1307 2052 1361 Α
2081 1313 2329 1370 quoque
2360 1304 2732 1356 monstratus
2765 1306 2852 1356 est
2879 1317 3116 1370 gemma
3149 1306 3549 1363 sacerdotum.

292 1391 614 1467 praescivit,
647 1389 752 1462 qui
777 1392 830 1444 et
873 1385 1214 1459 discipulos
1262 1386 1324 1442 in
1366 1403 1552 1442 unum
1584 1385 1973 1456 congregavit
2155 1387 2302 1444 VIII.
2347 1388 2672 1445 Glorificati
2714 1390 2974 1446 hominis
3017 1392 3293 1450 viderunt
3333 1395 3584 1464 gloriam
3640 1395 3746 1468 qui

295 1486 476 1554 atque
505 1479 597 1535 sui
628 1475 1088 1533 dissolutionem
1122 1475 1436 1531 imminere
1468 1474 1762 1546 praedixit.
2079 1475 2406 1532 adfuerunt
2439 1495 2452 1532 :
2485 1495 2629 1533 nam
2665 1494 2805 1534 caro
2835 1495 3019 1550 quam
3045 1481 3193 1560 cinis
3241 1500 3477 1555 semper
3506 1485 3746 1540 obtexe-

366 1571 433 1624 11.
479 1571 627 1622 Cum
661 1569 900 1638 repente
941 1563 1176 1619 viribus
1204 1562 1471 1636 corporis
1501 1562 1682 1634 coepit
1708 1561 1966 1630 destitui,
2078 1568 2190 1630 rat,
2221 1563 2304 1620 ita
2322 1566 2716 1638 resplenduit,
2741 1571 2804 1622 ut
2823 1569 3133 1638 quoddam
3164 1573 3608 1629 resurrectionis
3638 1574 3746 1630 de-

294 1663 441 1715 tunc
473 1671 697 1712 mceror
721 1660 778 1710 et
804 1653 1001 1709 luctus
1033 1651 1334 1720 omnium,
1361 1667 1478 1707 vox
1531 1649 1968 1723 plangentium,
2079 1669 2187 1709 cus
2207 1657 2265 1709 et
2291 1655 2585 1710 exstincta
2617 1655 2925 1728 proferret.

295 1762 540 1820 unaque
566 1743 943 1818 precantium
973 1758 986 1796 :
1027 1743 1132 1808 Ne,
1165 1745 1390 1814 pastor,
1425 1757 1569 1796 oves
1596 1739 1861 1795 deseras.
2151 1745 2236 1797 IX.
2277 1743 2463 1800 Adest
2488 1744 2812 1800 multitudo
2844 1747 3278 1804 monachorum
3309 1765 3377 1804 ac
3418 1749 3743 1822 virginum,

368 1841 459 1893 111.
505 1835 740 1892 Scimus
770 1831 1019 1906 quidem
1074 1836 1150 1900 te,
1191 1834 1379 1900 Pater,
1413 1829 1758 1886 desiderare
1812 1829 1970 1885 Chri-
2078 1828 2140 1883 hi
2167 1831 2415 1902 speciali
2441 1831 2632 1901 gloria
2662 1833 2961 1906 praecipue
3005 1836 3249 1902 ﬂebant,
3278 1854 3417 1894 cum
3460 1840 3748 1898 sentirent

296 1929 476 1991 stum,
507 1923 613 1978 sed
657 1921 829 1976 salva
869 1923 1007 1974 sunt
1060 1917 1165 1974 tibi
1213 1918 1464 1991 praemia
1494 1923 1618 1983 tua,
1651 1915 1836 1971 nostri
1862 1933 1970 1988 po-
2081 1919 2280 1988 magis
2335 1937 2466 1976 esse
2511 1921 2927 1992 gaudendum,
2960 1923 3006 1979 si
3049 1926 3342 1982 rationem
3390 1928 3476 1984 vis
3521 1929 3746 1986 doloris

298 2014 413 2069 tius
440 2011 727 2068 miserere
754 2023 910 2080 quos
941 2005 1191 2075 deseris,
1221 2008 1412 2062 Pater.
2084 2005 2444 2064 admitteret.

375 2104 458 2156 IV.
507 2097 784 2165 Domine,
812 2095 938 2164 jam
981 2093 1125 2150 satis
1172 2098 1262 2150 est
1301 2093 1469 2166 quod
1508 2094 1824 2163 hucusque
1850 2109 1971 2148 cer-
2155 2098 2214 2150 X.
2257 2097 2572 2170 Exsequite
2603 2099 2832 2154 Martini
2879 2116 3000 2156 non
3040 2101 3316 2160 dicantur
3361 2105 3608 2178 funeris,
3638 2107 3744 2162 sed

295 2191 434 2254 tavi,
465 2188 568 2244 sed
603 2184 812 2259 quoad
843 2185 970 2257 ipse
994 2183 1250 2253 jusseris
1272 2183 1578 2246 militabo;
1602 2198 1672 2238 ac
1695 2181 1743 2236 si
1773 2183 1971 2254 parcis
2085 2183 2376 2257 triumphi
2410 2202 2423 2240 :
2453 2203 2594 2242 nam
2627 2203 2835 2257 greges
2875 2206 3019 2244 suos
3059 2193 3162 2263 qui
3193 2192 3372 2248 ductu
3406 2195 3534 2264 ejus
3564 2211 3744 2250 mun-

295 2279 470 2348 aetati,
502 2277 742 2333 bonum
791 2278 882 2329 est
930 2273 1116 2341 mihi;
1160 2274 1271 2329 hos
1317 2273 1544 2346 quibus
1590 2271 1791 2339 timeo,
1840 2272 1971 2344 ipse
2083 2271 2228 2328 dum
2278 2273 2550 2331 vicerant
2596 2275 2816 2344 agebat
2857 2281 2990 2333 ante
3039 2294 3099 2334 se
3149 2285 3350 2352 pastor
3397 2283 3746 2349 exstinctus,

296 2366 620 2424 custodias.
2083 2361 2188 2433 qui
2219 2377 2446 2436 corpus
2472 2364 2549 2420 ad
2577 2365 2920 2438 sepulcrum
2967 2374 3279 2440 sequentes
3320 2371 3659 2442 psallebant
3688 2377 3747 2428 et

366 2460 428 2511 V.
468 2458 648 2510 Artus
674 2450 838 2507 febre
869 2450 1206 2507 fatiscentes
1246 2451 1479 2523 spiritui
1528 2449 1752 2508 servire
1793 2466 1969 2520 coge-
2083 2450 2336 2508 ﬂebant.

293 2548 415 2616 bat,
447 2549 760 2615 stratuque
790 2557 900 2596 suo
929 2540 1028 2596 illo
1055 2541 1239 2596 nobili
1269 2541 1460 2597 cilicio
1492 2541 1826 2607 recubans,
1861 2558 1971 2598 nec
2156 2541 2256 2596 XI.
2303 2544 2586 2599 Martinus
2618 2543 3006 2618 signipotens,
3033 2547 3260 2617 fulgore
3293 2548 3570 2605 virtutum
3609 2550 3746 2624 ipsa

297 2642 511 2694 terram
541 2631 750 2688 videre
774 2631 899 2701 jam
939 2629 1244 2699 dignatus,
1273 2630 1424 2686 coelo
1476 2636 1650 2688 totus
1679 2630 1969 2687 inhiabat.
2014 2657 2053 2710 Β
2081 2629 2434 2688 reverberat
2463 2638 2642 2704 astra,
2675 2635 2767 2688 hic
2812 2635 3046 2692 diversa
3076 2637 3400 2693 multorum
3427 2639 3750 2712 complevit

369 2725 462 2778 VI.
508 2721 690 2780 Sinite
722 2735 838 2786 me,
867 2719 1074 2792 inquit,
1100 2718 1315 2774 caelum
1347 2719 1588 2791 videre,
1629 2723 1693 2775 ut
1729 2719 1971 2790 spiritus
2083 2733 2261 2784 unus,
2297 2719 2463 2776 unde
2494 2727 2550 2776 et
2580 2724 2865 2794 apostolis
2895 2741 2964 2780 ac
2989 2725 3314 2798 prophetis,
3336 2743 3480 2798 pace
3513 2734 3748 2786 sancto-

304 2813 591 2882 dirigatur
621 2809 698 2866 ad
723 2807 1061 2874 Dominum,
1083 2806 1227 2862 nihil
1253 2808 1315 2861 in
1338 2823 1432 2862 me
1462 2808 1740 2882 reperiet
1785 2807 1976 2863 inimi-
2081 2821 2220 2860 rum
2251 2808 2555 2880 omnium,
2583 2817 2893 2867 consertus
2914 2819 3021 2868 est.

306 2920 427 2968 cus,
452 2901 558 2958 sed
598 2899 767 2955 sinus
793 2897 1040 2953 Abrahae
1072 2913 1165 2952 me
1187 2895 1493 2967 suscipiet.
2154 2894 2267 2949 XII.
2315 2897 2360 2952 Ο
2394 2913 2529 2952 vere
2570 2901 2836 2968 beatum,
2867 2917 2903 2956 ο
2948 2901 3328 2967 ineffabilem,
3371 2903 3607 2975 pietate,
3642 2907 3749 2962 mi-

378 2995 486 3047 VII.
528 2988 720 3047 Media
738 2991 911 3043 nocte
945 2985 1252 3042 Dominica
1279 2990 1528 3042 sanctus
1559 2985 1854 3051 discessit,
1880 2985 1976 3042 cui
2085 2981 2431 3051 sericordia,
2466 2986 2783 3043 charitatel
2819 3005 3077 3060 quarum
3125 2993 3188 3044 ut
3227 2991 3551 3047 visceribus
3595 3011 3747 3050 sem-

313 3079 438 3136 εαξὶί
469 3079 628 3136 cives
656 3093 802 3132 mox
849 3073 1115 3130 obviant.
1143 3072 1302 3132 Multi
1342 3072 1674 3130 audierunt
1709 3091 1884 3130 voces
1913 3075 1975 3130 in
2081 3085 2190 3144 per
2215 3075 2377 3128 totus
2409 3073 2695 3132 aﬂluebat
2717 3077 2774 3132 in
2810 3078 3082 3147 Domino,
3109 3078 3190 3134 sic
3222 3095 3344 3135 non
3365 3080 3517 3137 desit
3545 3082 3740 3139 nobis.

315 3168 572 3236 sublimi,
605 3167 713 3240 qui
743 3170 801 3220 et
819 3165 968 3220 vitro
992 3163 1216 3236 purior,
1247 3162 1400 3218 lacte
1427 3163 1764 3231 candidior,
1795 3179 1974 3220 carne
2083 3173 2207 3216 non
2238 3158 2395 3217 desit
2421 3163 2482 3218 in
2503 3180 2721 3221 aevum.

932 3520 1036 3641 S.
1137 3514 1684 3641 ODONIS
1791 3520 2280 3640 ΗΪΜΝΙ
2387 3519 2571 3664 QU

1477 3517 1684 3638 VIS
1791 3520 2280 3640 ΗΪΜΝΙ
2387 3519 3116 3664 QUATUOR.

1817 3830 2090 3838 ——————-
2105 3832 2112 3834 —
2147 3831 2156 3835 η

1119 3991 1160 4044 l.
2017 3987 2058 4042 C
2880 3989 2947 4043 ll.

409 4118 495 4173 De
518 4120 892 4173 sacramento
918 4114 1183 4184 corporis
1209 4117 1265 4167 et
1290 4109 1603 4181 sanguinis
1633 4111 1893 4167 Domini.

1690 4112 1893 4167 omini.
2507 4107 2596 4163 De
2619 4107 2692 4162 Β.
2723 4107 2926 4163 Maria
2949 4108 3328 4178 Magdelena.

478 4240 666 4312 [Apud
697 4237 960 4300 Marrier,
989 4235 1349 4290 Bibliotheca
1373 4232 1821 4306 Cluniacensis.]
2827 4233 3011 4304 [Ibid.]

393 4366 683 4422 Convivas
715 4363 870 4436 epuli
903 4361 1166 4418 mundos
1189 4364 1342 4416 Deus
1373 4375 1504 4415 esse
1537 4359 1783 4430 superni
2446 4355 2669 4424 Lauda,
2703 4362 2896 4414 mater
2926 4357 3206 4427 Ecclesia,

317 4454 558 4520 Edocet,
595 4457 652 4509 et
679 4451 866 4508 servis
894 4451 1179 4506 Dominus
1204 4447 1454 4518 vestigia
1479 4446 1640 4502 lavit.
2375 4445 2582 4502 Lauda
2613 4445 2822 4503 Christi
2851 4447 3229 4503 clementiam
3261 4465 3274 4503 :

318 4541 659 4601 Muneribus
688 4540 889 4611 variis,
921 4543 978 4595 et
1009 4537 1278 4612 pluribus
1304 4536 1442 4592 inde
1471 4535 1724 4606 rejectis,
2369 4533 2480 4599 Qui
2511 4538 2738 4606 septem
2766 4540 2983 4607 purgat
3011 4537 3156 4592 vitia

319 4632 709 4686 Frumentum
726 4632 785 4684 et
808 4626 1014 4682 vinum
1038 4625 1266 4681 cunctis
1293 4625 1407 4680 hoc
1425 4622 1669 4696 protulit
1691 4639 1900 4679 unum.
2370 4625 2480 4679 Per
2510 4621 2916 4695 septiformem
2938 4625 3216 4694 gratiam.

320 4723 443 4776 Hoc
461 4722 672 4786 sacrat,
691 4719 805 4773 hoc
830 4714 1104 4783 nimium,
1119 4713 1283 4787 quod
1305 4713 1373 4768 tit
1388 4712 1588 4780 breve,
1610 4711 1776 4784 quod
1797 4711 1976 4768 nimis
2439 4710 2617 4767 Maria
2648 4727 2819 4768 soror
2851 4713 3048 4768 Lazari

1737 4798 1972 4871 [altum,
2375 4801 2517 4866 Quae
2539 4803 2626 4854 tot
2649 4802 2946 4857 commisit
2976 4802 3246 4875 crimina,

320 4900 468 4954 Tam
483 4895 788 4953 modicum
807 4895 1139 4966 sumptum,
1153 4895 1276 4947 tam
1292 4887 1462 4946 facile
1478 4892 1657 4960 atque
1673 4891 1972 4960 paratum;
2369 4887 2460 4943 Ab
2491 4888 2625 4960 ipsa
2654 4889 2782 4946 face
2803 4891 3007 4947 tartari

320 4989 469 5043 Tam
496 4985 747 5040 sublime
778 4989 979 5039 tamen
1008 4980 1173 5050 quod
1206 4983 1392 5035 totam
1417 4977 1637 5034 habeat
1673 4977 1974 5045 deitatem,
2371 4977 2538 5033 Redit
2564 4977 2642 5033 ad
2665 4977 2798 5035 vitae
2830 4979 3100 5053 praemia.

325 5074 552 5132 Sufﬁcit
574 5075 686 5130 hoc
715 5073 912 5130 solum
940 5069 1152 5127 mundi
1178 5083 1435 5142 purgare
1467 5065 1748 5138 piaclum.
2440 5067 2580 5122 Post
2611 5066 2786 5123 ﬂuxae
2813 5069 3009 5124 carnis
3040 5071 3326 5128 scandala

323 5164 475 5220 Hinc
504 5164 699 5237 placet
711 5165 825 5220 hoc
847 5177 1091 5227 munus,
1113 5157 1280 5232 quod
1299 5156 1366 5212 ﬁt
1393 5155 1468 5211 de
1490 5155 1762 5227 pluribus
1786 5171 1976 5210 unum
2370 5155 2452 5211 Fit
2481 5171 2552 5210 ex
2581 5155 2770 5213 lebete
2801 5158 3005 5231 phiala
3032 5178 3044 5228 ;

323 5256 555 5326 Corpus
585 5254 722 5310 hinc
751 5252 949 5326 capiti,
974 5254 1155 5323 caput
1182 5247 1321 5303 inde
1351 5245 1609 5302 cohaeret
1633 5249 1690 5300 et
1717 5244 1832 5313 illi;
2368 5243 2431 5298 In
2462 5261 2568 5300 vas
2596 5245 2881 5303 translata
2903 5247 3102 5317 gloriae

324 5344 452 5401 Hoc
475 5359 681 5414 genus,
700 5343 814 5398 hoc
836 5357 1026 5397 unum
1048 5338 1261 5411 placet,
1276 5337 1390 5392 hoc
1411 5333 1654 5390 durabit
1672 5333 1733 5388 in
1755 5349 1972 5401 aevum,
2009 5348 2048 5400 ι)
2369 5335 2448 5390 De
2470 5349 2612 5390 vase
2643 5335 3040 5392 contumeliae.

323 5433 451 5490 Hoc
531 5433 698 5490 facile
768 5436 873 5499 est,
953 5428 1230 5498 nitidum,
1317 5423 1568 5497 simplex
1638 5423 1975 5495 deitateque
2435 5427 2608 5495 Αἰξί-ει
2638 5425 2819 5480 eurrit
2839 5425 2916 5480 ad
2947 5425 3257 5491 Medicum,

1682 5511 1972 5584 [plenum.
2367 5516 2480 5570 Vas
2503 5513 2700 5571 ferens
2726 5514 3144 5583 aromaticum,
