4120 6156
529 175 634 233 M5
1576 157 1632 216 S.
1675 157 1936 214 ODONIS
1975 148 2268 216 ABBATLS
2309 147 2813 214 CLUNIACENSIS
2851 153 2896 205 ll
3813 161 3900 214 διδ

813 294 878 346 Et
907 305 942 345 a
972 286 1186 343 morbo
1215 283 1544 356 multiplici.
2216 275 2264 326 Α
2649 277 2717 329 Ut
2743 273 3017 346 specialis
3049 272 3247 343 gloriae
3277 271 3577 346 [spiritalis
3599 275 3796 350 gratia]

811 378 1000 434 Verbo
1025 379 1266 432 curatur
1290 373 1512 430 Medici.
2577 363 2896 427 Quondam
2930 361 3261 418 recorderis
3291 367 3405 417 tuae
3439 378 3452 416 :

2573 451 2896 508 Monastico
2923 466 3082 506 nunc
3109 449 3308 506 ordini

883 486 1126 544 Contriti
1151 484 1347 540 cordis
1375 481 1620 555 punctio
2573 481 3082 555 Tuuaauuu‘uuuu
3109 481 3360 555 moxth

2569 542 2701 596 Jam
2731 555 2884 613 pene
2907 539 3083 614 lapso
3111 539 3384 596 subveni.
3411 543 3622 595 Amen.

806 577 956 633 Cum
987 576 1396 648 lacrymarum
1427 571 1631 641 ﬂuvio,

809 671 876 723 Et
903 665 1136 739 pietatis
1160 663 1334 731 actio,
3073 685 3162 739 IV,

811 759 994 812 Ream
1027 753 1200 810 solvit
1229 768 1266 808 a
1292 749 1456 806 vitio.

888 864 1240 932 Surgentem
1266 875 1404 914 cum
1423 855 1670 914 victoria

815 954 844 1006 J
851 967 1020 1008 esum
1051 949 1199 1006 vidit
1225 948 1302 1004 ab
1333 947 1535 1002 inferis
1558 965 1570 1000 :

2287 824 2566 894 Hymnus
2593 825 2658 880 in
2697 827 2978 882 honorem
3028 827 3226 882 sancti
3263 825 3538 894 Martini,
3581 841 3618 882 a
3645 825 3706 880 S.
3739 825 3916 882 Odone

2723 916 2784 970 in
2817 916 3096 970 extremis
3127 915 3502 984 compositus.

816 1040 1306 1136 {’rima_meret}1r_
1331 1035 1595 1136 gandi“:-
2290 1057 2492 1130 [Apud
2538 1057 2774 1122 Mabill.,
2807 1059 3035 1116 Annal.
3079 1063 3222 1115 tom.
3255 1061 3342 1114 ΙΙΙ.
3385 1058 3662 1132 Append,
3695 1073 3752 1130 p.
3791 1059 3917 1129 712.}

813 1131 953 1193 Quae
985 1128 1120 1201 plus
1145 1126 1378 1182 ardebit
1407 1126 1658 1180 caeteris.

885 1233 1002 1289 Uni
1029 1233 1188 1304 [Soli]
1225 1235 1340 1288 Deo
1361 1231 1434 1287 sit
1457 1231 1646 1302 gloria
2431 1203 2659 1304 Martini
2686 1204 2894 1304 renitet
2920 1203 3302 1304 cnspeci‘osa
3333 1203 3480 1304 dies,

2433 1294 2562 1356 Qua
2593 1292 2827 1347 scandit
2855 1292 3129 1347 modicus
3161 1292 3327 1350 dives
3359 1291 3616 1347 Abrahae
3645 1290 3826 1358 sinus,

812 1413 923 1480 Qui
953 1381 1160 1486 culpa},
1192 1415 1248 1466 et
1275 1381 1498 1480 ﬂagitia
1529 1405 1868 1482 [supplicia]
2434 1383 2890 1486 Cohcentusqlie
2911 1381 3031 1486 poli
3063 1381 3278 1486 obvius
3305 1386 3461 1438 astat
3491 1381 3543 1437 ei
3573 1397 3586 1435 :

809 1470 1074 1559 ﬁemittit
1101 1505 1156 1558 et
1179 1499 1282 1556 dat
1308 1470 1572 1574 praemia.
1607 1470 1820 1552 amen.
1855 1470 1868 1477 ⁸
2503 1473 2621 1526 N05
2649 1470 2893 1542 hymnis
2920 1470 3080 1526 hunc
3109 1470 3497 1574 ξιοῐιοῐςθωῐιε.

1309 1569 1400 1664 ll].
2221 1624 2263 1678 Β
2435 1575 2536 1678 Est
2562 1574 2733 1678 Jesus
2758 1573 3082 1678 vehemens
3111 1571 3262 1640 laus,
3291 1571 3486 1678 honor
3527 1575 3708 1678 antqu‘e
3743 1569 3920 1625 decus.

2436 1665 2584 1717 Nam
2615 1661 2796 1718 caelos
2823 1662 3085 1731 decorat,
3111 1678 3373 1736 arvaque
3399 1659 3703 1726 clariﬁcat,

810 1327 919 1380 Pro
949 1321 1260 1395 multiplici
1288 1323 1480 1392 gratia
1507 1339 1520 1376 :

1265 1716 1450 1786 [Ῑδίάα]
1700 1823 1714 1832 ¹
1745 1822 1756 1832 ο
1842 1821 1852 1832 .
2437 1716 2759 1822 Emergens
2777 1716 2960 1832 quasi
2979 1716 3250 1807 alter
3384 1716 3658 1806 occiduo.

655 1827 746 1881 De
773 1827 837 1882 S.
869 1825 1140 1881 Μανῆηο
1171 1825 1546 1878 Turonorum
1579 1823 2046 1890 archiepiscopo.

2509 1823 2898 1913 Splendorem
2931 1841 3037 1897 dat
3063 1841 3224 1896 hunc
3268 1839 3426 1896 diem
3467 1841 3574 1912 [αι.
3607 1839 3919 1908 invidiam].

885 1947 1009 2003 Rex
1040 1945 1252 2003 christe
1283 1945 1508 2002 Martini
1537 1945 1721 2002 decus
2436 1947 2732 2006 Cultorem
2757 1947 2991 2004 Domini
3011 1948 3107 2004 hic
3137 1952 3302 2004 tener
3320 1947 3659 2014 imbiberat,

815 2039 915 2094 Hic
937 2037 1070 2093 laus
1096 2041 1217 2105 tua,
1251 2039 1310 2092 tu
1341 2035 1497 2091 illius
1527 2055 1538 2091 :
2437 2037 2501 2090 Et
2529 2035 2612 2090 nil
2641 2039 2854 2106 praeter
2883 2049 3022 2092 eum
3052 2051 3284 2091 sumere
3305 2035 3434 2106 jam
3463 2039 3732 2107 poterat:

813 2131 897 2183 Tu
925 2143 1036 2182 nos
1065 2127 1126 2182 in
1157 2127 1316 2188 hunc
1347 2131 1400 2180 te
1433 2125 1644 2193 colere,
2438 2125 2630 2194 Signis
2659 2141 2696 2180 a
2723 2141 2911 2198 puero
2943 2124 3157 2196 plenus
3187 2129 3244 2180 et
3273 2125 3332 2180 in
3363 2125 3528 2180 senio

817 2217 970 2282 Quin
1001 2216 1205 2289 ipsum
1237 2215 1296 2270 in
1325 2220 1396 2283 te,
1432 2213 1644 2270 tribue.
2505 2215 2640 2284 lpso
2669 2211 2786 2268 ﬁde
2813 2213 2880 2268 fit
2899 2211 3178 2285 inclytus.

887 2323 998 2388 Qui
1029 2322 1138 2378 das
1165 2337 1271 2394 per
1296 2321 1458 2378 orbis
1488 2319 1784 2390 cardines,
2438 2319 2546 2384 Qui
2567 2320 2828 2376 necdum
2859 2320 3140 2376 madidus
3165 2320 3326 2376 fonte
3349 2336 3522 2376 sacro
3553 2319 3746 2376 laticis

816 2411 991 2476 Quod
1011 2427 1254 2482 gemma
1281 2411 1466 2480 fulget
1489 2408 1816 2482 praesulum
1846 2425 1858 2464 :
2437 2408 2683 2463 Vestivit
2703 2407 3025 2463 Dominum
3055 2413 3224 2480 parte
3255 2425 3378 2463 suae
3405 2407 3744 2479 chlamydis
3777 2424 3792 2461 :

819 2503 902 2556 Da
931 2515 1075 2570 quo,
1105 2503 1388 2570 premunt
1417 2499 1608 2570 culpae
1641 2513 1851 2566 graves
2437 2501 2503 2554 Et
2531 2503 2720 2554 semet
2749 2498 2972 2569 gelidat
3001 2498 3236 2568 algidus
3261 2503 3328 2556 ut
3349 2501 3564 2570 tepeat,

823 2588 1022 2644 Solvat
1048 2589 1367 2660 peringens
1395 2586 1696 2642 meritum.
2509 2590 2744 2660 Nosque
2771 2602 2932 2642 nunc
2955 2587 3180 2644 meritis
3214 2591 3388 2656 tegat.

891 2696 976 2748 En
1007 2708 1238 2764 pauper
1261 2692 1357 2748 hic
1377 2699 1436 2748 et
1463 2692 1758 2760 modicus,
2435 2696 2542 2748 Ter
2565 2693 2776 2748 virtute
2807 2697 3018 2765 potens
3039 2693 3334 2748 mortibus
3361 2693 3680 2765 imperitat,

824 2781 1052 2836 Caelum
1077 2781 1246 2836 dives
1265 2781 1628 2850 ingreditur:
2440 2781 2760 2851 Signorum
2791 2781 2971 2838 titulis
3001 2785 3160 2836 totus
3191 2781 3414 2854 ubique
3437 2782 3640 2849 micat,

819 2869 958 2926 Caeli
983 2869 1256 2925 cohortes
1287 2871 1550 2932 obviant,
2438 2871 2511 2926 Ut
2537 2871 2706 2943 quod
2735 2871 3000 2927 Christus
3025 2870 3208 2927 habet
3231 2887 3456 2926 nomen
3485 2871 3566 2926 ibi
3592 2871 3823 2928 niwscit

821 2961 1082 3031 Lingua,
1105 2960 1320 3026 tribus,
1355 2965 1580 3030 gentes,
1611 2965 1810 3017 ovant.
2225 2977 2266 3032 (ι
2511 2963 2579 3016 Ut
2605 2965 2918 3016 consertus
2946 2959 3256 3033 apostolis.

893 3070 960 3123 Ut
985 3067 1128 3134 vita,
1160 3065 1348 3136 fulget
1373 3066 1678 3136 transitus,
2209 3105 2212 3108 -
2435 3068 2718 3124 lnstinctu
2749 3083 2967 3142 supero
2997 3068 3238 3124 cardine
3259 3067 3602 3140 quadriﬁdo

813 3157 987 3213 Casiis
1011 3161 1068 3212 et
1097 3171 1238 3212 arvo
1269 3157 1622 3229 splendidus
1654 3175 1668 3212 :
2437 3161 2609 3228 Gens,
2641 3159 2881 3229 linguae,
2917 3157 3124 3231 populi
3145 3158 3306 3213 hunc
3333 3157 3634 3213 celebrant
3665 3157 3863 3222 seduli,

821 3246 1092 3302 Gaudere
1119 3246 1346 3301 cunctis
1377 3247 1544 3316 pium
1575 3251 1684 3301 est.
2435 3249 2834 3320 Certatimque
2865 3247 2994 3304 ﬂuit
3018 3247 3174 3303 illius
3203 3249 3279 3304 ad
3305 3247 3604 3303 tumulum
3639 3267 3652 3303 :

822 3334 1060 3390 Cunctis
1083 3334 1242 3389 salus
1275 3334 1347 3389 sit
1375 3335 1500 3389 haec
1524 3335 1670 3390 dies.
2509 3337 2824 3394 Martinum
2854 3336 3022 3392 decet
3049 3337 3165 3392 hoc
3190 3337 3393 3393 decus.

891 3441 1128 3498 Martiae
1159 3457 1269 3512 par
1298 3441 1604 3514 apostolis,
2439 3443 2594 3510 Haec,
2629 3445 2890 3514 Martine,
2924 3441 3050 3499 dies
3083 3459 3258 3500 arvas
3285 3443 3578 3516 polosque
3609 3443 3810 3516 replet,

825 3533 1058 3584 Festum
1080 3529 1338 3584 colentes
1365 3535 1429 3584 tu
1459 3530 1624 3598 fove;
2439 3534 2521 3589 Sit
2545 3549 2649 3605 per
2671 3539 2725 3588 te
2754 3533 3010 3588 salubris
3035 3532 3128 3588 his
3156 3532 3378 3605 quibus
3408 3537 3496 3588 est
3525 3532 3790 3588 celebris.

821 3617 929 3683 Qui
953 3619 1150 3673 vivere
1179 3617 1485 3690 discipulis
2440 3621 2520 3677 Sit
2544 3621 2806 3690 gaudere
2832 3621 3022 3693 pium,
3052 3621 3125 3676 sit
3153 3621 3426 3692 generale
3457 3621 3688 3676 bonum

819 3707 946 3772 Vis,
978 3711 1081 3762 aut
1109 3707 1283 3775 mori,
1317 3723 1428 3762 nos
1454 3707 1706 3780 respice.
2513 3713 2632 3766 Hoc
2653 3726 2759 3782 per
2787 3715 2862 3780 te,
2897 3715 3064 3766 Pater
3090 3710 3327 3782 inclyte.

890 3814 1004 3869 Fac
1029 3829 1190 3868 nunc
1221 3814 1384 3886 quod
1412 3813 1554 3868 olim
1585 3829 1874 3886 gesseras,
2434 3821 2516 3874 Tu
2541 3834 2756 3890 pacem
2784 3833 3030 3891 reparas
3055 3837 3067 3874 :
3097 3817 3194 3874 hic
3215 3823 3272 3874 et
3293 3819 3374 3874 ad
3401 3821 3562 3874 astra
3585 3817 3840 3887 migras:

819 3905 986 3958 Nunc
1005 3903 1110 3974 [tu]
1137 3902 1418 3975 praesules
1448 3903 1710 3960 clariﬁca
1744 3922 1768 3978 ε,
2435 3910 2601 3962 Nunc
2629 3921 2740 3961 nos
2765 3910 2818 3961 te
2849 3905 3050 3961 medio
3079 3905 3356 3962 concilies
3387 3906 3660 3973 Domino,

817 3993 982 4062 Auge
1014 3991 1197 4047 decus
1229 3991 1520 4062 Ecclesiae,
2436 3997 2656 4052 Odonis
2687 3995 2893 4052 famuli
2919 3995 3034 4051 hoc
3059 4011 3214 4068 opus
3245 3995 3350 4068 qui
3378 3995 3646 4052 condidit

801 4081 1079 4140 'Fraudes
1107 4081 1288 4138 relide
1311 4081 1551 4154 [relega]
1585 4085 1840 4141 Satanae.
2509 4085 2819 4154 Emigrans
2849 4085 2924 4140 de
2957 4084 3198 4140 saeculo.

891 4190 1002 4256 Qui
1029 4193 1118 4246 ter
1155 4191 1340 4247 chaos
1367 4191 1626 4248 eviceras
1659 4207 1675 4246 τ
2435 4192 2700 4250 Misertus
2727 4190 2994 4258 Domine,
3021 4206 3176 4263 quos
3197 4189 3466 4246 enutristi
3495 4189 3590 4263 pie

818 4280 1035 4334 Mersos
1059 4283 1230 4334 reatu
1255 4280 1480 4336 suscita
1507 4298 1518 4334 :
2439 4285 2684 4354 Semper
2713 4280 3070 4348 misericors,
3101 4279 3684 4348 misericordissime,

821 4367 1117 4422 Diviseras
1143 4371 1208 4422 ut
1245 4367 1649 4440 chlamydem,
2433 4371 2728 4428 Tetolonis
2757 4369 2910 4426 servi
2940 4371 3283 4444 cteterisque
3308 4370 3422 4426 tuis

819 4457 936 4510 Nos
959 4455 1141 4511 indue
1166 4455 1482 4527 justitiam.
2505 4459 2793 4526 Miserere,
2817 4475 2852 4518 ο
2878 4459 3137 4516 Martine.
