4120 6156
624 176 729 238 519

1681 168 1738 228 s.
1780 142 2053 227 onoms'
2077 161 2370 221 ABBATIS
2407 161 2907 222 CLUNIACENSIS
2947 150 2992 221 ιι

3870 176 3950 236 520

624 304 903 364 ciendum
952 300 1179 368 relaxo,
1211 314 1285 354 ne
1332 296 1541 354 domni
1588 293 1853 368 episcopi
1897 289 2273 365 praesentiam
2307 295 2354 346 Α
2382 284 2563 354 igitur
2618 291 2674 341 et
2728 287 3121 359 hujusmodi;
3153 304 3309 362 quos
3346 292 3505 357 tunc,
3552 290 3599 346 si
3646 291 3780 350 bene
3827 312 3950 356 com.

620 392 889 463 neglecto
914 390 1044 461 ejus
1069 390 1263 460 jussu,
1328 386 1493 441 adire
1538 381 1945 439 confundaris.
1979 382 2273 447 Arctatus,

621 481 827 547 fateor,
872 477 1155 534 tabellam
1205 473 1464 546 arripui;
1522 470 1627 527 sed
1672 469 1964 537 quidnam
2013 465 2276 522 scriben-

620 570 770 625 dum
818 582 1062 640 quoque
1121 563 1329 619 ordine
1371 560 1566 633 prima
1596 558 1687 614 vel
1742 561 2044 629 postrema
2073 552 2275 624 dispo-

619 656 823 714 nenda
869 659 1067 712 essent
1113 652 1428 708 hebetatus
1482 647 1861 705 haesitabam.
1897 648 2045 701 Cum
2076 641 2276 697 subito

619 746 966 804 recordatus
998 760 1133 799 sum
1187 741 1343 797 illius
1391 743 1599 795 vestrae
1649 733 2059 808 querimoniae,
2090 748 2277 805 quam

620 837 695 893 de
750 836 930 907 hujus
986 833 1122 889 vitae
1197 830 1480 904 qualitate
1540 825 1854 900 profundis
1914 821 2275 893 singultibus

621 931 938 981 contexere
958 938 1067 978 vos
1095 921 1157 976 in
1187 921 1383 992 prima
1407 918 1675 989 jussione
1708 913 2044 977 audieram:
2071 910 2277 965 videli-

622 1018 713 1070 cet
732 1013 806 1068 de
821 1010 1202 1084 perversitate
1225 1023 1570 1080 pravorum,
1594 1003 1696 1076 qui
1716 1017 1953 1073 semper
1968 1000 2028 1054 in
2049 998 2278 1053 malum

622 1103 1058 1158 succrescentes
1083 1102 1139 1153 et
1184 1095 1653 1152 ecclesiasticam
1684 1104 2003 1147 censuram
2038 1086 2278 1160 penitus

622 1192 1088 1252 contemnentes,
1120 1185 1418 1259 quoslibet
1445 1180 1741 1239 invalidos
1768 1177 2083 1234 crudeliter
2126 1174 2277 1230 afﬂi-

622 1282 788 1350 gunt.
820 1280 1120 1333 Postremo
1150 1274 1223 1329 de
1263 1273 1353 1328 his
1384 1272 1489 1344 qui
1536 1268 1752 1325 divinae
1803 1265 2064 1321 servituti
2112 1279 2280 1319 man-

621 1367 808 1440 cipari
835 1366 1188 1433 debuerant,
1223 1378 1350 1418 sese
1393 1376 1640 1434 prorsus
1682 1373 1850 1412 vanae
1882 1354 2083 1425 gloriae
2115 1353 2278 1407 dedi-

614 1460 757 1512 cant
788 1471 857 1511 ac
886 1453 1091 1510 divino
1141 1451 1321 1507 cultui
1355 1447 1629 1503 simulate
1681 1443 2043 1500 deserviunt.
2080 1444 2157 1496 De
2183 1440 2277 1496 his

2383 373 2650 442 memini,
2701 375 3018 447 lugebatis,
3083 377 3268 449 hujus
3330 380 3761 451 computationis
3812 393 3954 444 mate-

2381 462 2534 519 riam
2564 464 2793 538 scripsi.
2828 469 2931 523 Per
2959 483 3205 523 omnem
3245 467 3372 538 ejus
3418 483 3718 526 excursum
3742 472 3791 528 id
3818 490 3954 545 agere

2382 552 2596 617 nitens,
2627 554 2786 609 unde
2814 555 3001 627 possit
3052 555 3408 613 aﬂlictorum
3435 556 3668 627 dejectio
3696 563 3952 633 consolari,

2382 656 2833 716 pravorumque
2908 644 3220 701 curiositas
3283 645 3648 718 aliquatenus
3705 653 3951 710 contunli.

2385 731 2754 802 Opusculum
2786 749 2930 790 sane
2957 733 3450 807 qualitercunque
3470 734 3764 806 digestum,
3794 747 3955 799 vestra

2380 818 2639 890 jussioni
2672 820 3065 889 satisfaciens,
3095 822 3268 879 vobis
3299 824 3653 894 transmitto;
3684 831 3742 882 ut
3777 828 3817 883 si
3847 829 3955 886 forte

2385 906 2623 978 penitus
2673 908 2918 966 utilitate
2966 911 3243 981 caruerit,
3274 926 3370 966 me
3399 914 3593 967 tamen
3624 911 3772 984 apud
3794 930 3882 971 vos
3903 916 3957 971 de

2383 993 2790 1055 inobedientia
2832 1005 3091 1056 excuset.
3116 1000 3328 1057 Poterit
3351 1004 3546 1055 autem
3573 998 3739 1056 lector
3777 1000 3843 1056 ob
3865 1007 3957 1056 tam

2382 1083 2771 1156 imperiosam
2812 1087 3147 1159 jussionem
3194 1104 3342 1145 meae
3372 1087 3793 1161 praesumptioni
3810 1089 3957 1161 ignos-

2384 1190 2536 1231 cere.
2562 1176 2833 1233 Auctoris
2862 1194 3006 1235 vero
3026 1194 3252 1236 nomen
3279 1178 3358 1235 ob
3383 1178 3446 1234 id
3497 1178 3878 1251 supprimatur,
3904 1194 3957 1233 ne

2384 1262 2533 1320 forte
2558 1264 2607 1319 si
2655 1267 2907 1324 materia
2937 1269 3156 1337 sordet,
3186 1268 3303 1324 mei
3345 1284 3584 1342 quoque
3611 1267 3841 1324 nominis
3873 1267 3961 1323 vili-

2385 1357 2504 1409 tate
2533 1359 2833 1424 gravetur.

1892 1717 2232 1804 LlBER
2293 1716 2752 1806 PRIMUS.

688 1984 907 2047 Auctor
935 1984 1113 2058 igitur
1138 1990 1195 2041 et
1227 1982 1415 2055 judex
1455 1979 1771 2038 hominum
1820 1979 1996 2044 Deus,
2028 1976 2164 2032 licet
2196 1974 2275 2030 ab
2316 1977 2355 2029 Β
2385 1974 2684 2047 negligere
2713 1976 3048 2047 lectionem,
3080 1980 3261 2053 quale
3282 1984 3440 2037 esset
3468 1980 3517 2036 si
3539 1980 3667 2053 quis
3685 1979 3738 2036 in
3762 1977 3959 2036 tenebris

615 2078 717 2136 illa
740 2078 1012 2134 felicitate
1042 2071 1306 2149 paradisi
1333 2088 1521 2141 genus
1551 2073 1822 2125 nostrum
1848 2069 2005 2140 juste
2039 2065 2275 2138 repule-

615 2169 723 2237 rit;
773 2184 897 2223 suae
946 2171 1147 2222 tamen
1192 2161 1472 2218 bonitatis
1526 2175 1781 2221 memor,
1820 2173 1893 2212 ne
1926 2161 2083 2211 totus
2133 2170 2272 2209 reus

613 2258 799 2313 homo
828 2253 995 2328 quod
1035 2256 1295 2329 meretur
1322 2250 1604 2309 incurrat,
1636 2247 1816 2318 hujus
1845 2242 2272 2317 peregrinatio-

614 2346 706 2400 nis
722 2343 1026 2399 molestias
1060 2340 1259 2395 multis
1288 2336 1597 2394 beneficiis
1622 2333 1939 2389 demulcet.
1965 2332 2114 2397 Quia
2132 2347 2271 2386 vero

612 2450 725 2490 nos
761 2432 992 2488 eisdem
1046 2428 1353 2484 beneﬁciis
1408 2425 1664 2481 nimium
1711 2422 2097 2483 delectamur,
2142 2420 2271 2490 ejus

613 2519 860 2576 consilio
890 2516 1182 2589 frequenti
1208 2514 1653 2588 perturbatione
1670 2512 1795 2566 haec
1830 2509 2044 2565 eadem
2066 2514 2270 2564 nostra

614 2606 923 2662 delectatio
951 2605 1293 2671 conteritur,
1322 2618 1397 2657 ne
1424 2599 1874 2656 transeuntibus
1904 2597 2098 2663 bonis,
2131 2614 2267 2668 quae

611 2694 859 2769 perinde
885 2694 1101 2757 ﬂuunt,
1133 2689 1712 2753 nimisinhaarentes,
1741 2687 1819 2743 ad
1840 2688 2086 2742 internae
2112 2686 2267 2741 salu-

612 2786 686 2841 tis
734 2783 1034 2840 defectum
1089 2778 1410 2837 nesciendo
1442 2779 1771 2834 trahamur.
1807 2776 1897 2833 Sic
1942 2776 2103 2831 enim
2146 2792 2268 2831 non

612 2872 901 2930 sentimus
951 2869 1261 2944 quomodo
1306 2867 1513 2924 crescit
1567 2883 1804 2939 corpus,
1870 2865 1960 2919 vel
2015 2864 2267 2938 qualiter

610 2962 882 3033 ejusdem
908 2959 1174 3031 corporis
1200 2957 1426 3030 species
1455 2958 1516 3012 in
1539 2958 1901 3011 senectutem
1932 2959 2265 3010 commuta-

609 3056 722 3107 tur.
756 3051 847 3105 Sic
876 3054 933 3105 et
957 3064 1126 3103 mens
1149 3050 1351 3102 nostra
1374 3044 1550 3100 nobis
1573 3043 1975 3100 nescientibus
2005 3042 2083 3098 ab
2112 3046 2268 3098 statu

607 3138 974 3197 rectitudinis
1006 3132 1346 3210 frequenter
1374 3136 1738 3197 incurvatur,
1763 3138 1819 3189 et
1844 3150 1880 3189 a
1909 3133 2103 3189 forma
2132 3132 2265 3188 reli-

608 3231 822 3302 gionis,
845 3229 993 3285 dum
1010 3228 1218 3296 nescit,
1241 3224 1513 3295 senescit,
1528 3225 1699 3295 juxta
1713 3223 1861 3279 illud
1882 3242 1894 3279 :
1923 3225 2266 3279 Traxerunt

2382 2064 2609 2136 lumen,
2637 2067 2697 2121 in
2741 2073 2889 2123 testu
2932 2068 3073 2125 solis
3114 2069 3420 2137 umbram,
3451 2068 3545 2126 vel
3580 2069 3639 2125 in
3685 2066 3961 2139 aegritudine

2384 2155 2745 2212 medicinam
2799 2163 3122 2230 respueret.
3158 2162 3288 2214 Haec
3318 2164 3430 2230 est,
3463 2158 3719 2232 inquam,
3750 2173 3849 2213 vox
3872 2155 3956 2221 Dei,

2381 2258 2517 2315 quze
2565 2244 2896 2301 desertores
2928 2264 3070 2302 suos
3098 2253 3360 2318 revocat,
3392 2246 3596 2304 dicens
3628 2264 3724 2321 per
3769 2245 3959 2319 prophe-

2382 2334 2536 2386 tam:
2570 2333 3021 2398 Convertz‘mini,
3050 2336 3186 2404 ﬁlii.
3220 2343 3581 2394 revertentes
3629 2338 3755 2408 (Jer.
3790 2349 3858 2403 ιιι,
3889 2334 3958 2401 li).

2380 2423 2436 2472 et
2466 2418 2605 2475 item
2632 2426 2843 2479 contra
2874 2423 3142 2479 virorum
3171 2424 3670 2481 consuetudinem
3698 2424 3961 2495 stupratam

2380 2508 2700 2578 conjugem
2746 2527 3038 2568 revocans
3090 2512 3208 2568 ait:
3239 2513 3429 2581 Audi,
3458 2513 3752 2577 meretn'x,
3779 2509 3962 2566 verbum

2377 2596 2621 2653 Domini
2650 2599 2883 2668 (Ezech.
2906 2616 3024 2670 xvr,
3057 2604 3171 2669 33).
3195 2604 3254 2657 et
3276 2606 3515 2659 caetera.
3542 2602 3612 2657 Ut
3630 2604 3809 2657 autem
3834 2596 3964 2666 longe

2378 2683 2555 2740 nimis
2604 2687 2884 2744 mortales
2916 2705 2953 2745 a
2999 2704 3063 2744 se
3086 2690 3433 2755 frecessisse
3459 2707 3579 2746 non
3607 2689 3731 2745 loco
3756 2686 3963 2760 quidem,

2379 2774 2486 2829 sed
2518 2777 2725 2832 merito
2766 2777 3154 2850 demonstret,
3183 2795 3311 2835 non
3362 2796 3476 2853 per
3522 2779 3699 2837 verba
3741 2777 3811 2833 sic
3855 2790 3963 2848 pm-

2377 2868 2573 2920 sentes
2586 2865 2716 2936 jam
2734 2883 2837 2922 eos
2861 2866 3205 2941 alloquitur,
3229 2868 3381 2925 sicut
3405 2869 3551 2925 olim
3570 2873 3754 2943 patres
3771 2865 3960 2921 fecerat:

2378 2953 2480 3007 sed
2511 2968 2618 3025 per
2645 2955 3032 3027 Scripturam,
3060 2956 3224 3013 velut
3268 2974 3374 3030 per
3403 2958 3699 3032 quasdam
3722 2952 3962 3029 epistolas,

2373 3040 2551 3112 longe
2599 3045 2824 3115 positos
2883 3061 3197 3112 revocans,
3247 3047 3431 3118 quasi
3497 3046 3701 3104 veteris
3751 3038 3960 3101 amicitia

2375 3129 2709 3187 desertores
2759 3149 2902 3189 suos
2936 3133 3237 3190 recordari
3284 3136 3522 3193 suadet.
3564 3137 3689 3191 Haec
3727 3131 3797 3189 ad
3831 3143 3961 3187 excu-

2376 3218 2645 3283 tiendum
2673 3221 2910 3290 legendi
2968 3222 3277 3279 fastidium
3314 3222 3631 3297 praemissa
3679 3226 3819 3286 sunt,
3853 3231 3961 3291 quo—

606 3334 717 3389 me,
749 3324 803 3374 et
833 3332 955 3372 non
984 3316 1143 3372 sensi
1169 3315 1372 3385 (Prov.
1405 3328 1564 3380 xxm,
1593 3316 1713 3378 33):
1747 3315 1805 3366 et
1824 3311 2074 3367 iterum:
2111 3311 2268 3367 Cani
2304 3321 2347 3376 c
2372 3308 2560 3376 niam,
2614 3310 2780 3382 quod
2827 3326 2978 3383 pace
3033 3316 3233 3368 vestra
3289 3312 3569 3381 dixerim,
3600 3311 3787 3368 cibum
3826 3319 3961 3364 sacra

607 3407 785 3475 effusi
811 3410 951 3460 sunt
980 3406 1044 3459 in
1074 3418 1228 3471 eum,
1261 3407 1315 3457 et
1342 3402 1467 3469 ipse
1494 3414 1613 3455 non
1662 3400 1844 3455 sensit
1874 3400 2019 3470 (Ose.
2052 3415 2155 3467 vn,
2184 3400 2261 3470 9).

609 3494 723 3552 Sed
751 3508 958 3549 rursus
983 3507 1058 3547 ne
1088 3488 1494 3562 increpatione
1536 3488 1835 3560 praedictae
1868 3488 2264 3560 perturbatio-

604 3584 696 3639 nis
723 3577 1536 3649 deticiamus,sanctiﬁcatam
1566 3577 1953 3649 Scripturam,
1982 3592 2119 3649 quae
2149 3576 2265 3632 dis-

605 3672 756 3729 solvi
784 3686 907 3727 non
936 3672 1152 3743 potest,
1184 3666 1401 3738 majori
1431 3666 1622 3736 gratia
1649 3665 1810 3720 misit
1831 3667 1893 3720 in
1924 3665 2220 3721 mundum
2246 3682 2260 3721 :

602 3764 925 3834 quatenus,
956 3763 1023 3815 ut
1069 3757 1151 3813 ait
1197 3759 1421 3822 Petrus,
1455 3756 1517 3810 in
1546 3754 1874 3825 caliginoso
1902 3755 2038 3810 vitae
2081 3755 2262 3826 hujus

600 3849 736 3907 loco
784 3847 1042 3923 pedibus
1070 3849 1288 3903 nostrae
1322 3844 1572 3901 actionis
1601 3843 2001 3917 resplendeat,
2035 3844 2263 3901 etinter

599 3937 883 4013 quaelibet
938 3936 1193 3993 adversa
1242 3933 1595 4008 patientiam
1650 3937 1708 3989 et
1765 3933 2259 4005 consolationem,

592 4029 767 4101 juxta
790 4026 954 4084 Pauli
979 4041 1213 4095 vocem,
1228 4022 1653 4079 subministret.
1682 4022 1738 4079 Si
1758 4038 1900 4093 ergo
1922 4022 2259 4095 quidquam

598 4123 685 4174 est
714 4116 880 4190 quod
907 4115 1240 4188 sapientem
1256 4113 1452 4169 virum
1469 4128 1641 4185 aequo
1672 4111 1877 4168 animo
1902 4112 2053 4168 inter
2084 4128 2257 4168 mun-

595 4205 789 4262 danos
820 4204 1087 4261 turbines
1116 4202 1418 4258 continere
1447 4200 1656 4273 possit,
1688 4199 1748 4255 id
1770 4216 1902 4256 esse
1932 4200 2255 4273 quamplu-

595 4294 821 4349 rimum
849 4308 984 4349 reor
1037 4290 1486 4347 meditationem
1535 4288 1995 4360 Scripturarum.
2045 4290 2252 4346 Omnis

594 4397 862 4454 namque
910 4379 1082 4448 ratio,
1109 4395 1231 4451 qua
1268 4377 1361 4433 vel
1410 4380 1620 4445 Deum,
1650 4376 1746 4432 vel
1791 4393 1902 4432 nos
1950 4378 2255 4449 cognosci-

594 4486 753 4537 mus,
782 4468 999 4525 divinis
1026 4466 1192 4522 libris
1222 4464 1573 4521 continetur.
1600 4466 1666 4519 Et
1692 4465 1883 4520 inhoc
1912 4480 2034 4521 non
2057 4465 2252 4521 solum

595 4575 633 4617 a
678 4558 903 4615 caeteris
929 4554 1318 4624 animalibus,
1357 4553 1463 4609 sed
1491 4552 1666 4609 etiam
1712 4569 1748 4608 a
1774 4553 2042 4626 quolibet
2073 4554 2250 4610 stulto

2371 3398 2640 3455 lectionis
2668 3415 2790 3456 non
2821 3400 2965 3456 satis
2997 3400 3318 3458 esurimus.

2446 3493 2485 3545 Ι.
2521 3489 2725 3545 Omnis
2753 3506 2896 3546 vero
2923 3490 3196 3563 ejusdem
3225 3492 3546 3565 Scriptura;
3567 3490 3794 3549 intentio
3814 3491 3899 3556 est,
3916 3487 3959 3539 ut

2373 3595 2485 3635 nos
2517 3578 2595 3634 ab
2639 3578 2821 3651 hujus
2862 3580 2997 3636 vitae
3055 3582 3453 3653 pravitatibus
3500 3584 3832 3656 compescat.
3850 3580 3957 3634 Nam

2370 3666 2593 3724 idcirco
2640 3668 2997 3725 terribilibus
3054 3670 3177 3725 suis
3249 3672 3558 3728 sententiis
3605 3687 3702 3728 cor
3748 3671 3958 3726 nostrum

2370 3757 2548 3831 quasi
2573 3756 2941 3830 quibusdam
2968 3758 3223 3815 stimulis
3248 3762 3489 3833 pungit,
3521 3766 3586 3818 ut
3601 3762 3772 3817 homo
3793 3762 3958 3813 terrore

2369 3845 2644 3919 pulsatus
2694 3851 3075 3919 expavescat,
3121 3852 3179 3903 et
3226 3847 3435 3907 divina
3482 3849 3703 3922 judicia
3740 3861 3856 3921 qua
3883 3842 3957 3898 aut

2368 3934 2671 4008 voluptate
2735 3935 2955 4006 carnis,
3005 3941 3109 3992 aut
3172 3942 3410 3996 terrena
3466 3936 3833 3996 sollicitudine
3873 3929 3956 3986 dis-

2368 4022 2556 4079 cissus
2581 4022 2850 4079 oblivisci
2875 4023 3046 4081 facile
3072 4023 3239 4094 solet,
3270 4025 3349 4083 ad
3376 4027 3728 4084 memoriam
3747 4020 3953 4080 reducat.

2367 4112 2457 4168 Ad
2486 4113 2600 4168 hoc
2650 4128 2917 4186 namque
2942 4117 3460 4189 {unumquemque
3490 4121 3753 4173 nostrum
3797 4121 3957 4167 secun-

2366 4200 2513 4258 dum
2537 4201 2705 4274 quod
2734 4202 2983 4273 gesserit
3009 4202 3073 4258 in
3101 4203 3199 4260 die
3222 4203 3438 4275 judicii
3479 4210 3833 4278 recepturum
3857 4209 3956 4270 pro-

2364 4292 2617 4345 nuntiat.
2661 4288 2834 4355 Quod
2876 4306 3018 4346 cum
3064 4291 3384 4363 Apostolus
3438 4293 3836 4367 protestaretur
3859 4281 3959 4341 sub-

2358 4378 2576 4448 junxit,
2627 4380 2947 4437 nescientes
2991 4382 3310 4439 suademus
3362 4376 3696 4440 hominibus
3746 4380 3956 4436 timorem

2361 4468 2473 4523 Dei
2499 4467 2589 4537 (II
2612 4467 2752 4524 Cor.
2783 4484 2841 4535 v,
2874 4468 2978 4540 ll).
3008 4468 3154 4526 Hinc
3200 4470 3370 4537 alias,
3396 4473 3587 4529 Deum
3610 4474 3739 4527 time
3764 4472 3811 4524 et
3834 4475 3958 4520 man-

2361 4555 2507 4611 data
2536 4557 2663 4625 ejus
2690 4555 2977 4629 observa;
3006 4556 3116 4614 hoc
3144 4564 3229 4615 est
3260 4561 3451 4615 omnis
3492 4561 3662 4617 homo
3689 4553 3866 4629 (Ereti.
3885 4562 3955 4609 ιιι,

590 4646 856 4705 maxime
884 4644 1207 4702 distamus:
1244 4647 1298 4698 et
1339 4641 1488 4697 sicut
1518 4641 1599 4698 ait
1630 4641 1933 4710 Salomon,
1966 4642 2103 4697 illuc
2149 4642 2251 4699 ubi
2279 4664 2327 4720 υ
2365 4648 2472 4715 l3).
2503 4644 2731 4711 Quibus
2759 4644 2952 4700 verbis
3003 4646 3356 4715 ostenditur,
3389 4646 3561 4721 quod
3595 4647 3646 4703 is
3684 4642 3781 4719 qui
3813 4640 3956 4696 Deum

589 4739 714 4795 vita
751 4741 858 4807 est,
890 4735 972 4792 ad
1017 4733 1421 4804 cognitionem
1467 4730 1741 4787 videlicet
1788 4731 2247 4803 Scripturarum,

587 4827 1136 4900 perreximus.Nam
1165 4823 1333 4897 quod
1361 4822 1422 4877 in
1456 4820 1768 4896 Scripturis
1798 4821 1919 4877 vita
1948 4822 2040 4892 sit,
2070 4827 2247 4879 testa-

502 4970 509 4975 .
587 4921 684 4972 tur
713 4916 1000 4972 Dominus
1027 4915 1263 4969 dicens:
1306 4912 1494 4968 Verba
1525 4926 1656 4982 quae
1684 4911 1896 4983 loquor
1923 4913 2102 4983 vobis,
2130 4915 2247 4983 spi-

558 5006 741 5081 ritus
772 5010 827 5061 et
856 5004 978 5059 vita
1006 5007 1143 5057 sunt
1176 5004 1367 5068 (Joan.
1398 5015 1514 5068 xxv,
1547 5003 1655 5059 10).
1683 5000 1818 5072 Ipsa
1840 5004 1927 5055 est
1955 5005 2012 5056 et
2038 5018 2241 5072 specu-

583 5093 733 5161 lum,
767 5108 874 5164 per
900 5090 1067 5164 quod
1096 5107 1257 5146 nunc
1275 5090 1337 5145 in
1368 5088 1685 5158 aenigmate
1726 5088 1930 5144 divina
1962 5091 2242 5160 mysteria

582 5183 919 5248 videamus,
952 5197 1022 5237 ac
1068 5196 1179 5236 nos
1209 5179 1419 5252 quales
1450 5179 1640 5234 simus
1673 5178 1881 5234 intueri
1915 5194 2237 5251 queamus,

581 5273 663 5330 ita
692 5279 757 5329 ut
783 5271 867 5327 ibi
897 5273 1187 5343 appareat
1232 5273 1529 5341 quantum
1577 5267 1924 5341 proficimus
1961 5268 2023 5322 in
2052 5267 2236 5338 bono,

580 5362 675 5417 vel
699 5363 999 5434 quantum
1023 5356 1356 5414 deﬁcimus.
1387 5356 1473 5411 Ibi
1499 5360 1713 5412 cuncta
1737 5356 2074 5429 produntur
2100 5374 2236 5430 quae

581 5450 896 5521 dissipant,
929 5452 1145 5505 cuncta
1190 5450 1511 5503 narrantur
1537 5462 1674 5517 qua:
1717 5445 2126 5502 adificantur:
2180 5450 2237 5503 et

581 5541 783 5593 tamen
856 5535 1120 5608 plerique
1174 5534 1453 5590 libentius
1511 5531 1926 5588 scurrilitatem
1982 5533 2235 5591 audiunt

578 5639 767 5698 quam
795 5623 911 5678 hoc
928 5621 1289 5694 paradigma
1318 5620 1437 5677 Dei.
1478 5618 1614 5676 Tale
1652 5622 1854 5676 autem
1879 5624 1967 5678 est
1996 5636 2230 5679 sacram

2358 4749 2482 4789 non
2508 4732 2699 4803 timet,
2729 4732 2915 4789 homo
2944 4749 3077 4790 esse
3106 4734 3277 4791 desit.
3310 4738 3445 4792 Haec
3473 4749 3713 4810 quoque
3739 4726 3957 4802 ejusdem

2360 4823 2674 4895 Scriptura:
2723 4822 2969 4880 intentio
3008 4828 3116 4892 est,
3151 4829 3215 4880 ut
3250 4825 3397 4898 quia
3445 4825 3679 4882 caeleste
3719 4815 3954 4892 gaudium

2354 4928 2479 4968 non
2504 4911 2616 4966 nisi
2645 4927 2752 4984 per
2780 4915 3005 4968 terrens
3030 4913 3464 4971 amaritudines
3494 4922 3826 4986 recuperare
3849 4917 3951 4978 pOS'

2352 5015 2581 5067 sumus,
2615 4997 2694 5054 ad
2718 4999 3095 5057 tolerandam
3123 5001 3404 5075 quaelibet
3455 5002 3707 5059 adversa
3744 5010 3835 5069 spe
3859 4986 3949 5048 feli'

2351 5086 2559 5155 citatis,
2591 5104 2725 5160 quae
2754 5090 3029 5161 praesenti
3061 5091 3312 5148 miseriae
3342 5090 3626 5161 succedit,
3672 5103 3777 5145 nos
3802 5092 3954 5140 corro‘

2348 5175 2559 5232 boret:
2612 5180 2679 5232 ut
2742 5192 2878 5250 spes
2926 5180 3226 5236 manentis
3278 5180 3496 5238 laetitiae
3548 5178 3757 5248 leviget
3826 5163 3952 5227 tristi'

2346 5265 2490 5321 tiam
2512 5267 2873 5323 transeuntis
2902 5267 3307 5338 angustiae.Ad
3336 5270 3451 5327 hoc
3480 5269 3640 5326 enim
3660 5264 3789 5322 dicit
3816 5264 3956 5331 Apos-

2346 5356 2535 5413 tolus:
2567 5357 2730 5425 Quod
2750 5359 2813 5413 in
2851 5361 3141 5428 prasenti
3181 5367 3267 5417 est
3294 5366 3765 5418 momentaneum
3792 5354 3839 5407 et
3863 5347 3955 5403 ιευε

2343 5446 2692 5503 immensum
2719 5447 2940 5516 gloriae
2969 5449 3209 5516 pondus
3240 5448 3637 5520 operatur(II
3663 5446 3788 5503 Cor.
3805 5434 3951 5505 In”).

2311 5534 2633 5593 -Molestias
2681 5549 2821 5591 cum
2866 5535 3028 5606 dicit,
3062 5536 3235 5595 homo
3285 5540 3562 5597 nascitur
3610 5534 3689 5593 ad
3738 5527 3951 5587 laborem

2342 5624 2495 5692 (Job.
2526 5641 2581 5692 v,
2610 5625 2685 5695 7).
2713 5625 2782 5680 Et
2830 5624 3173 5698 Apostolus,
3206 5643 3348 5697 cum
3400 5622 3801 5686 tribulationes
3840 5621 3952 5669 suas
