4120 6156
213 95 309 150 521

1283 91 1779 153 COLIATIONUM
1812 88 1993 146 LIBRI
2023 90 2219 145 TRES.
2248 120 2315 130 —-—
2348 90 2478 146 LIB.
2507 93 2548 145 Ι.

3526 100 3634 152 522

211 217 529 290 discipulis
560 224 939 275 enumeraret
971 221 1151 289 :Ipsi,
1182 220 1394 293 inquit,
1427 220 1588 276 scitis
1612 215 1771 290 quod
1804 216 1863 270 in
1899 218 1945 270 Α
2050 213 2143 269 Ill.
2186 212 2381 271 Refert
2418 230 2663 287 quoque
2708 221 2871 287 gesta
2901 215 3165 272 virorum
3208 216 3470 289 fortium,
3529 220 3633 292 qui

210 306 321 362 hoc
343 307 531 376 positi
554 321 758 361 smnus
788 306 848 373 (Ῑ
872 308 1065 363 Thess.
1095 323 1175 376 ιιι,
1208 308 1280 378 3).
1315 308 1459 364 Item
1486 307 1602 363 Job
1635 323 1647 361 :
1677 305 1867 360 Homo

210 396 476 464 repletus
507 395 713 451 multis
742 395 992 451 miseriis
1024 396 1156 463 (Job
1186 412 1304 467 xiv,
1342 396 1412 467 1).
1446 394 1619 462 Quod
1647 393 1868 450 idcirco

209 482 444 550 dicitur,
498 481 643 555 quia
686 481 860 538 valde
900 482 1272 557 impossibile
1320 487 1408 541 est
1449 487 1516 540 ut
1553 498 1678 538 sum
1708 496 1873 555 pere-

210 572 564 643 grinationis
618 576 887 646 tempora
932 573 1056 631 sine
1091 573 1298 633 dolore
1347 577 1672 648 percurrat.
1725 570 1872 626 Hinc

210 663 342 735 ipse
384 666 593 718 auctor
622 660 768 719 dixit
795 680 808 718 :
836 663 904 718 Si
938 664 1001 718 in
1030 664 1215 721 viridi
1245 664 1407 737 tigno
1448 664 1575 721 haec
1602 663 1776 731 ﬁunt,
1811 660 1872 715 in

212 751 389 807 arido
418 750 568 822 quid
607 751 755 818 ﬁet?
787 752 953 821 (Luc.
1001 768 1163 821 xxui,
1197 756 1308 818 31.)
1344 755 1488 808 Nam
1532 751 1661 824 ipse
1690 753 1778 806 est
1805 748 1873 805 1i-

214 853 405 908 gnum
450 838 637 895 viride
668 838 835 912 quod
873 840 1131 912 putredo
1174 840 1401 914 peccati
1432 854 1555 896 non
1592 835 1873 910 corrupit,

214 927 361 1000 quia
389 931 703 999 peccatum
727 944 851 984 non
878 929 1032 985 fecit.
1054 933 1167 986 Nos
1200 946 1340 988 vero
1357 945 1589 999 sumus,
1614 931 1677 984 ut
1694 926 1876 983 ludas

213 1016 509 1090 perhibet,
561 1017 807 1074 arbores
869 1019 1269 1083 autumnales,
1324 1019 1729 1089 infructuosae,
1785 1016 1878 1071 bis

214 1110 487 1175 mortuae,
519 1105 852 1163 eradicatae.
892 1111 972 1163 Ac
991 1108 1038 1164 si
1070 1107 1292 1166 diceret
1325 1108 1614 1165 Dominus
1646 1126 1657 1162 :
1690 1107 1746 1163 Si
1768 1120 1877 1176 ego

211 1195 364 1269 ipse,
408 1195 513 1268 qui
559 1201 872 1269 peccatum
903 1212 1026 1254 non
1066 1198 1198 1269 feci,
1228 1197 1354 1255 sine
1384 1196 1699 1270 passionis
1742 1194 1878 1265 igne

214 1281 297 1340 ab
326 1283 441 1339 hac
468 1283 591 1339 vita
610 1298 734 1339 non
766 1300 933 1347 exeo,
961 1285 1109 1358 quid
1130 1284 1468 1358 putandum
1497 1290 1584 1341 est
1612 1283 1744 1341 illos
1760 1297 1879 1338 me-

210 1372 350 1439 reri,
383 1373 485 1445 qui
517 1389 635 1429 non
669 1373 866 1430 solum
896 1373 1307 1444 originalibus,
1338 1374 1443 1430 sed
1472 1374 1651 1431 etiam
1680 1376 1882 1429 actua-

211 1461 373 1518 libus
405 1460 597 1535 culpis
626 1466 899 1518 tenentur
930 1461 1193 1519 astricti?
1222 1466 1301 1519 Ne
1337 1479 1478 1520 vero
1506 1466 1750 1536 propter
1780 1476 1884 1517 an-

1979 301 2168 359 multa
2195 302 2486 375 patienter
2502 303 2853 361 tolerarunt:
2878 309 2939 361 ut
2955 304 3044 361 his
3063 304 3279 362 auditis
3294 305 3443 362 nihil
3461 306 3638 364 nobis

1977 391 2040 447 in
2062 390 2156 447 via
2170 390 2539 449 rectitudinis
2550 391 2926 466 impossibile
2938 393 3298 465 judicemus.
3321 394 3485 452 Unde
3500 395 3637 454 bea—

1980 484 2074 538 tus
2104 479 2212 537 Job
2237 498 2249 536 :
2278 481 2594 540 Instauras
2611 487 2781 540 testes
2810 488 2939 540 tuos
2964 488 3176 540 contra
3196 500 3291 542 me
3304 483 3437 557 (Job
3454 501 3506 554 x,
3532 485 3635 557 1'7).

1980 572 2087 627 Tot
2109 569 2326 627 etenim
2367 575 2543 628 testes
2572 576 2781 631 contra
2807 587 2919 629 nos
2962 575 3116 629 lteus
3145 571 3461 644 instaurat,
3491 578 3643 647 quot

1982 658 2338 731 patientium
2369 660 2646 734 exempla
2672 665 2879 718 contra
2908 665 3177 718 nostram
3204 661 3642 736 impatientiam

1984 748 2247 821 exponit.
2281 748 2453 814 Quod
2480 753 2681 808 autem
2711 754 2768 807 et
2787 749 3006 806 divinis
3039 750 3644 821 admonitionibus,et

1984 834 2452 908 praecedentium
2480 837 2770 911 exemplis
2800 837 3008 909 adjuti,
3042 836 3116 893 de
3144 836 3281 894 lacu
3318 839 3643 895 mundanae

1987 922 2239 980 miseriae
2287 923 2526 981 liberari
2575 924 2927 996 debeamus,
2973 925 3074 983 illa
3118 928 3342 999 ereptio
3377 928 3644 983 Jeremiae

1986 1011 2260 1082 designat
2293 1031 2305 1067 :
2342 1014 2485 1086 quia
2517 1019 2583 1070 ut
2610 1015 2684 1071 dc
2711 1020 2892 1088 puteo
2937 1008 3253 1085 levaretur,
3296 1015 3470 1072 funes
3507 1032 3646 1072 cum

1984 1101 2205 1175 pannis
2227 1102 2529 1159 veteribus
2562 1102 2641 1160 ad
2659 1119 2798 1159 eum
2821 1103 3105 1161 Submissi
3135 1109 3291 1161 sunt.
3332 1107 3521 1162 Funes
3540 1106 3651 1161 Do-

1987 1188 2210 1247 minica
2223 1194 2364 1248 sunt
2382 1195 2701 1266 praecepta,
2720 1208 2855 1265 quae
2868 1208 2980 1248 nos
2999 1191 3178 1265 quasi
3195 1192 3483 1265 vinciunt,
3500 1193 3649 1249 dum

1990 1278 2269 1335 suis’nos
2308 1278 2495 1351 jussis
2542 1296 2579 1337 a
2616 1280 2790 1337 malis
2821 1280 3053 1338 actibus
3098 1280 3416 1338 refrenant.
3464 1281 3650 1338 Panni

1990 1370 2218 1423 veteres
2236 1382 2421 1440 opera
2435 1368 2676 1440 justitiae
2706 1373 2863 1437 sunt,
2892 1368 3112 1442 quibus
3142 1369 3332 1426 sancti
3359 1372 3555 1427 Patres
3587 1385 3652 1427 se

1990 1456 2331 1526 vestierunt,
2364 1472 2438 1514 ne
2467 1456 2614 1514 nudi
2646 1458 2921 1531 supernis
2941 1457 3126 1514 oculis
3148 1463 3522 1530 apparerent.
3544 1459 3655 1517 Sa-

216 1549 446 1619 gustias
495 1565 629 1622 quin
681 1548 1113 1624 dispensatorie
1159 1549 1334 1607 nobis
1372 1551 1467 1607 hic
1509 1550 1885 1621 ingeruntur,
1912 1560 1960 1617 ῖς
1995 1547 2277 1612 cerdotes,
2320 1546 2533 1620 inquit,
2584 1548 2675 1604 tui
2720 1549 3057 1605 induantur
3095 1550 3399 1618 justitiam
3459 1550 3652 1620 (Psal.

216 1639 282 1694 in
333 1639 830 1697 murmurationis
865 1639 1097 1699 malum
1126 1640 1509 1702 excedamus.
1544 1644 1647 1696 aut
1690 1639 1884 1713 pravi-

218 1727 374 1780 tates
410 1728 646 1781 nostras
687 1723 803 1781 sub
843 1724 990 1797 ipsis
1033 1724 1323 1796 angustiis
1377 1739 1759 1798 compescere
1788 1738 1887 1778 ne-

221 1814 546 1885 gligamus,
614 1818 897 1871 aeternam
956 1815 1300 1885 gehennam
1340 1814 1885 1886 transgressoribus

222 1902 650 1970 comminatur,
698 1903 905 1960 dicens
944 1922 958 1959 :
998 1904 1161 1961 Mors
1205 1910 1586 1975 peccatorum
1628 1905 1888 1974 pessima

225 1994 419 2065 (Psal.
452 2009 645 2061 χχχιιι,
675 1995 783 2065 21).
816 1996 881 2051 Et
907 1993 1049 2050 item
1075 2000 1283 2050 contra
1311 1998 1785 2050 murmuratores
1813 1993 1889 2049 de

233 2082 369 2139 ﬁliis
389 2082 596 2140 Israel:
621 2084 817 2142 Cesset
835 2085 1236 2142 murmuratio
1249 2100 1451 2141 eorum
1468 2084 1892 2141 nemoriantur

229 2174 417 2243 (Num
470 2189 562 2241 xx,
593 2175 668 2244 6).
701 2176 766 2229 Et
793 2173 934 2231 item
969 2192 980 2230 :
1018 2173 1270 2242 Quidam
1304 2190 1506 2231 eorum
1545 2187 1888 2230 murmura-

233 2269 469 2326 verunt,
496 2269 551 2319 et
577 2277 615 2319 a
646 2263 1018 2333 serpentibus
1039 2263 1353 2333 perierunt
1380 2264 1438 2335 (Ι
1454 2263 1592 2320 Cor.
1623 2278 1682 2330 x,
1710 2266 1794 2317 10.

307 2355 373 2407 ll.
410 2351 590 2423 Igitur
616 2356 863 2425 propter
890 2351 1020 2408 haec
1042 2352 1174 2424 tria,
1199 2368 1335 2426 quin
1365 2351 1627 2409 maxime
1648 2351 1778 2408 haec
1799 2365 1895 2407 ea-

232 2440 376 2496 dem
405 2440 709 2513 Scriptura
738 2439 1072 2510 denuntiat,
1103 2440 1415 2512 angustias
1439 2439 1712 2497 videlicet
1735 2455 1892 2513 quas

236 2529 335 2584 hic
358 2528 640 2600 patimur,
675 2531 732 2584 et
753 2526 1018 2584 laetitiam
1046 2544 1182 2600 quae
1209 2527 1473 2585 succedit
1510 2527 1806 2597 correctis,
1840 2531 1896 2583 et

234 2615 691 2672 damnationem
720 2632 908 2689 quam
950 2615 1381 2687 incorrigibiles
1402 2616 1726 2685 incurrent,
1757 2618 1895 2672 Eze-

238 2704 394 2762 chiel
424 2704 644 2761 librum
665 2721 730 2760 se
740 2704 961 2761 vidisse
976 2708 1243 2773 testatur,
1261 2705 1323 2762 in
1344 2722 1466 2779 quo
1480 2705 1714 2779 scriptae
1731 2707 1900 2762 erant

237 2794 724 2865 lamentationes,
741 2797 800 2851 et
815 2808 1078 2862 carmen,
1102 2797 1159 2851 et
1177 2810 1288 2850 vsa.
1304 2795 1433 2861 Quo
1457 2793 1728 2851 videlicet
1746 2793 1900 2851 libro

239 2887 460 2939 cuncta
476 2881 680 2939 divina
699 2881 939 2956 eloquia
960 2882 1316 2955 ﬁgurantur,
1341 2898 1599 2957 quaeque
1619 2882 1794 2940 nobis
1813 2882 1900 2939 la-

239 2987 488 3045 crymas
517 2971 835 3045 luctusque
864 2960 1238 3045 praecipiunt,
1267 2971 1724 3029 lamentationes
1754 2971 1816 3028 in
1833 2987 1903 3028 eo

243 3061 489 3134 scriptae
536 3060 887 3118 referuntur.
920 3060 1034 3117 Sed
1067 3060 1215 3134 quid
1244 3061 1376 3134 ipse
1406 3059 1731 3118 verborum
1756 3059 1906 3117 ordo

240 3149 526 3219 designat
560 3154 697 3222 post
730 3148 1207 3217 lamentationes,
1237 3164 1502 3219 carmen,
1532 3153 1590 3207 et
1612 3165 1700 3205 vae
1726 3147 1907 3206 conti-

241 3241 427 3295 netur
476 3256 490 3293 :
542 3237 836 3311 quoniam
882 3243 1020 3312 post
1062 3237 1192 3296 vita)
1244 3238 1427 3310 hujus
1463 3238 1754 3306 miserias,
1807 3241 1912 3295 aut

246 3331 478 3384 aeterna
518 3325 721 3384 laetitia
758 3326 1037 3384 succedet
1080 3326 1257 3382 bonis
1303 3330 1361 3382 et
1388 3325 1776 3399 patientibus,
1808 3330 1913 3383 aut

248 3420 482 3474 aeterna
492 3414 804 3474 damnatio
818 3415 993 3473 malis
1009 3419 1067 3472 et
1078 3415 1618 3473 murmurantibus.
1638 3415 1782 3472 Hinc
1797 3414 1912 3473 dis-

249 3504 469 3579 cipulis
491 3504 762 3562 Salvator
788 3504 1027 3562 dicebat
1058 3523 1071 3561 :
1106 3506 1180 3562 In
1205 3520 1297 3561 me
1317 3519 1525 3576 pacem
1547 3504 1835 3568 habeatis.
1860 3511 1915 3562 et

247 3598 313 3651 in
337 3594 565 3651 mundo
580 3608 930 3664 pressuram
954 3593 1244 3651 habebitis
1271 3594 1465 3665 (Joan.
1495 3610 1608 3661 xw,
1627 3594 1737 3665 33).
1766 3597 1846 3651 Ac
1867 3593 1916 3650 si

246 3684 476 3742 diceret
508 3702 520 3739 :
551 3683 667 3740 Erit
693 3684 864 3741 vobis
907 3683 1164 3741 exterius
1193 3681 1267 3739 de
1308 3682 1558 3752 mundo,
1604 3682 1770 3756 quod
1810 3699 1916 3739 sae-

248 3768 478 3829 viendo
508 3777 743 3843 gravet;
766 3772 873 3828 sed
898 3770 973 3829 sit
999 3771 1245 3828 interius
1271 3771 1345 3827 de
1376 3788 1492 3840 me,
1523 3772 1688 3845 quad
1711 3788 1918 3828 conso-

257 3860 451 3918 lando
499 3861 742 3918 reﬁciat.
792 3862 1035 3935 Propter
1060 3861 1190 3928 hinc
1236 3876 1482 3934 quoque
1533 3861 1642 3918 tria
1682 3860 1916 3929 dicitur,

259 3950 433 4026 quod
448 3954 591 4008 rotae
605 3966 741 4024 quas
763 3949 960 4008 eidem
980 3949 1265 4007 Ezechieli
1285 3954 1626 4007 monstratae
1646 3952 1708 4007 in
1728 3950 1924 4020 ﬁgura

258 4040 527 4097 duorum
557 4044 1056 4097 testamentorum
1077 4045 1234 4107 sunt,
1267 4043 1324 4095 et
1347 4042 1638 4095 staturam
1658 4055 1768 4112 pro
1794 4039 1923 4096 alti-

257 4128 471 4185 tudine
503 4132 559 4184 et
584 4127 930 4185 horribilem
951 4131 1263 4202 aspectum
1287 4126 1624 4184 habuerint.
1659 4128 1924 4191 Quarum

264 4219 978 4291 videlicetstaturahujus
1004 4218 1137 4275 vitae
1167 4217 1515 4292 qualitatem
1542 4215 1808 4273 adversis
1830 4215 1921 4271 vel

254 4307 564 4383 prosperis
574 4307 969 4366 alternantem
982 4306 1395 4378 signiﬁcat.Ait
1404 4306 1564 4363 enim
1574 4305 1700 4363 haec
1711 4304 1922 4362 eadem

262 4397 593 4471 Scriptura,
635 4396 910 4469 ejusdem
940 4400 1130 4454 status
1161 4395 1507 4471 qualitatem
1546 4393 1723 4468 quasi
1749 4397 1926 4451 statu-

261 4503 399 4545 ram
420 4487 847 4544 demonstrans
883 4506 894 4543 :
925 4487 1138 4545 Omnes
1165 4503 1268 4560 qui
1299 4487 1508 4543 volunt
1523 4485 1622 4555 pie
1650 4486 1846 4542 vivere
1863 4484 1927 4539 in

267 4576 511 4634 Christo
552 4576 1019 4646 persecutionem
1050 4576 1379 4646 patiuntur
1401 4573 1495 4647 (II
1528 4574 1672 4630 Tim.
1707 4587 1785 4642 ιιι,
1823 4570 1925 4642 12).

267 4667 409 4731 Quae
441 4667 500 4720 et
542 4662 916 4721 altitudinem
949 4663 1280 4721 caelestium
1325 4661 1710 4736 prtamiorum
1740 4658 1933 4733 profe-

267 4770 407 4811 rens
438 4752 583 4809 dicit
613 4771 625 4807 :
663 4752 957 4825 Quotquot
988 4758 1188 4811 autem
1209 4757 1561 4822 receperunt
1592 4766 1745 4816 eum,
1772 4749 1933 4807 dedit

270 4846 349 4900 eis
370 4847 727 4913 potestatem
758 4843 915 4911 ﬁlios
945 4843 1056 4899 Dei
1076 4842 1215 4913 ﬂeri
1252 4840 1426 4913 (Joan
1449 4857 1487 4910 ι,
1526 4841 1629 4911 12).
1665 4837 1819 4905 Quid
1857 4837 1935 4895 al-

271 4935 388 4990 tius
410 4946 602 5005 quam
622 4930 778 4987 ﬁlios
808 4932 911 4988 Dei
931 4931 1102 4988 ﬁeri?
1127 4930 1475 4989 horribilem
1503 4933 1813 5002 aspectum
1832 4943 1934 4984 ex-

270 5022 460 5085 hibet,
501 5035 643 5076 cum
671 5019 748 5076 de
776 5018 1051 5093 reprobis
1088 5018 1231 5076 dicit
1264 5036 1276 5076 :
1310 5019 1490 5074 Ibunt
1525 5018 1589 5074 hi
1618 5018 1679 5073 in
1710 5016 1936 5088 suppli-

276 5112 430 5167 cium
464 5114 755 5165 teternum
799 5109 1044 5175 (Matth.
1076 5123 1208 5176 xxv,
1236 5109 1347 5176 46).
1384 5108 1450 5163 Et
1499 5106 1641 5162 item
1671 5123 1683 5161 :
1725 5106 1935 5163 vermis

276 5215 480 5257 eorum
502 5214 623 5254 non
642 5198 935 5254 morietur
952 5197 1163 5270 (Marc.
1191 5213 1272 5267 ix,
1295 5196 1409 5267 45).
1426 5197 1494 5252 Et
1515 5194 1683 5268 quod
1699 5193 1937 5267 proprie

276 5288 598 5345 luxuriosis
624 5290 848 5356 manet,
873 5285 1021 5342 illud
1048 5286 1158 5342 Job
1187 5304 1200 5342 :
1239 5286 1438 5341 Omnis
1453 5284 1704 5340 dulcedo
1736 5298 1936 5337 eorum

275 5379 490 5436 vermis
512 5377 646 5449 (Job
685 5393 836 5447 xxiv,
863 5376 975 5449 20).
1014 5375 1172 5445 Quid
1198 5374 1549 5432 horribilius
1575 5387 1762 5445 quam
1785 5388 1937 5427 scm-

280 5484 386 5541 per
412 5465 719 5526 morsibus
745 5465 1045 5522 vermium
1072 5463 1310 5523 dolores
1341 5462 1662 5537 suscipere,
1696 5477 1806 5518 nec
1838 5477 1940 5519 eos

281 5572 557 5630 unquam
574 5555 711 5612 ﬁnir
736 5556 766 5610 ?

638 5649 883 5703 PATROL.
925 5644 1220 5703 CXXXIII.

1996 1652 2187 1705 cxxxt,
2220 1637 2294 1707 9).
2330 1636 2440 1702 Qui
2468 1636 2677 1709 panni,
2704 1635 2765 1693 id
2808 1642 2919 1705 est,
2951 1652 3162 1694 eorum
3182 1637 3479 1710 exempla,
3514 1654 3656 1694 cum

1994 1722 2241 1781 funibus
2271 1729 2707 1799 praceptorum
2741 1725 2817 1784 ad
2856 1741 2971 1782 nos
3002 1724 3075 1782 de
3124 1743 3297 1783 coeno
3326 1726 3464 1805 vitae
3494 1743 3649 1800 pras-

1996 1814 2179 1870 sentis
2215 1814 2513 1871 eruendos
2543 1815 2888 1882 mittuntur;
2932 1816 3095 1889 quia,
3159 1831 3234 1872 ne
3279 1815 3480 1873 divina
3508 1832 3658 1890 pras-

1996 1907 2169 1976 cepta
2188 1902 2364 1959 nobis
2398 1904 2552 1961 dura
2579 1904 2918 1975 videantur,
2951 1904 3304 1962 eorumdem
3333 1908 3659 1979 praecepto-

1997 2007 2133 2049 rum
2175 1991 2539 2064 possibilitas
2568 1995 2809 2050 Patrum
2850 1993 3138 2067 exemplis
3171 2011 3304 2051 esse
3347 1994 3534 2051 facilis
3558 1995 3659 2050 de-

1998 2084 2386 2137 monstratur.
2408 2084 2558 2138 Nam
2586 2082 2867 2139 sidurum
2885 2086 2974 2139 est
2988 2083 3153 2157 quod
3178 2084 3395 2141 dicitur
3421 2101 3433 2139 :
3458 2085 3661 2141 Estote

2000 2171 2060 2227 in
2117 2171 2508 2229 tribulatione
2532 2172 2828 2242 patientes
2858 2173 3046 2244 (Rom.
3098 2176 3344 2241 3:11.12),
3407 2173 3663 2230 occurrit

2001 2258 2246 2329 Paulus,
2273 2260 2379 2333 qui
2398 2275 2523 2317 non
2549 2260 2744 2317 solum
2765 2261 2997 2334 patiens
3018 2265 3129 2334 est,
3161 2261 3266 2317 sed
3291 2268 3348 2318 et
3374 2261 3663 2334 gloriatur

2001 2348 2207 2406 dicens
2259 2366 2271 2405 :
2305 2349 2584 2407 Libenter
2611 2350 2918 2422 gloriabor
2954 2351 3039 2423 (II
3064 2350 3200 2407 Cor.
3232 2367 3334 2422 xu,
3379 2354 3457 2420 9).
3502 2350 3663 2421 Lige-

2003 2454 2139 2495 mur
2192 2453 2335 2510 ergo
2382 2439 2716 2513 praeceptis,
2757 2440 2931 2513 quasi
2979 2439 3348 2514 quibusdam
3394 2439 3659 2497 funibus.

2003 2526 2119 2584 Sed
2143 2532 2201 2584 et
2237 2528 2421 2601 panni
2458 2531 2683 2586 veteres
2709 2529 2998 2600 intersint,
3043 2534 3110 2586 ut
3148 2529 3316 2604 quod
3344 2546 3416 2586 ex
3457 2534 3666 2587 nostra

2004 2615 2406 2674 imbecillitate
2454 2632 2565 2675 nos
2622 2633 2803 2692 posse
2841 2632 2964 2675 non
3008 2634 3185 2689 agere
3240 2618 3663 2686 formidamus,

2005 2722 2136 2764 esse
2164 2706 2474 2781 possibilia
2520 2722 2627 2781 per
2674 2708 2949 2782 exempla
2975 2710 3217 2766 Patrum
3265 2708 3664 2766 conﬁdamus.

2010 2795 2349 2854 Notandum
2368 2811 2513 2852 sane
2544 2801 2632 2853 est
2645 2812 2835 2870 quam
2861 2797 3322 2855 misericorditer
3347 2800 3503 2855 Deus
3524 2814 3672 2872 prae-

1933 2916 1975 2973 C
2011 2883 2183 2941 dicta:
2218 2900 2341 2939 suae
2376 2884 2688 2958 Scripturae
2718 2885 2904 2942 verba
2949 2890 3311 2959 temperans,
3348 2887 3534 2945 modo
3559 2902 3671 2943 nos

2016 2973 2242 3047 asperis
2271 2973 2717 3030 incitationibus
2749 2979 2943 3043 terret,
2976 2976 3161 3033 modo
3190 2975 3432 3033 blandis
3461 2992 3673 3033 conso-

2014 3062 2337 3120 lationibus
2373 3062 2617 3131 refovet,
2669 3067 2961 3141 terrorem
2996 3064 3275 3122 fomentis
3320 3066 3548 3130 miscet,
3581 3064 3671 3122 fo-

2017 3156 2221 3210 menta
2235 3152 2462 3220 terrori,
2496 3155 2553 3209 et
2574 3152 2758 3210 corda
2776 3157 3162 3226 peccatorum
3191 3154 3482 3225 indicatis.
3495 3158 3676 3212 terro-

2017 3242 2185 3322 ribus
2214 3240 2292 3297 ad
2332 3240 2726 3299 humilitatem
2757 3240 3016 3312 inclinet,
3047 3246 3103 3300 et
3138 3242 3431 3300 humilem
3461 3259 3677 3300 moero-

2018 3345 2147 3387 rem
2203 3328 2495 3386 enarratis
2539 3329 3020 3387 consolationum
3077 3330 3357 3389 fomentis
3408 3333 3675 3390 attollat:

2019 3423 2319 3494 quatenus
2350 3418 2499 3475 dum
2530 3423 2851 3493 utrumque
2882 3419 3038 3476 circa
3059 3436 3171 3477 nos
3220 3422 3374 3480 mira
3399 3427 3522 3480 arte
3548 3439 3677 3480 ma-

2023 3507 2243 3579 gisterii
2299 3511 2682 3582 temperatur,
2749 3504 2866 3565 nee
2926 3509 3236 3582 desperate
3300 3502 3681 3570 inveniamur

2026 3596 2227 3665 territi,
2259 3612 2369 3654 nec
2395 3595 2630 3655 incaute
2663 3598 2873 3654 securi.

2097 3689 2182 3743 IV.
2218 3686 2712 3755 Lamentationes,
2753 3687 2814 3744 id
2850 3692 2937 3744 est
2970 3690 3282 3760 angustiae,
3315 3691 3393 3747 ad
3434 3691 3683 3747 toleran-

2027 3775 2175 3831 dum
2206 3790 2419 3844 graves
2459 3780 2631 3842 sunt;
2664 3776 2826 3848 quia,
2874 3779 3048 3847 juxta
3076 3778 3450 3850 Apostolum,
3484 3779 3683 3835 omnis

2029 3862 2347 3936 disciplina
2394 3862 2455 3919 in
2495 3863 2775 3935 praesenti
2818 3863 3065 3936 quidem
3113 3881 3237 3921 non
3274 3864 3508 3923 videtur
3551 3882 3684 3924 esse

2030 3951 2255 4024 gaudii,
2286 3952 2391 4008 sed
2408 3950 2699 4007 maeroris.
2724 3954 2978 4008 Carmen
2989 3968 3150 4023 vero,
3166 3953 3226 4009 id
3246 3958 3352 4021 est,
3372 3956 3684 4026 gaudium,

2030 4035 2197 4110 quod
2240 4035 2523 4103 succedit,
2562 4034 2957 4091 desiderabile
2990 4041 3096 4108 est,
3130 4038 3281 4093 sicut
3321 4037 3404 4094 ibi
3442 4054 3687 4095 securus

2035 4124 2352 4196 adjungit;
2398 4123 2542 4196 quia
2570 4123 2826 4179 fructum
2860 4125 3317 4198 pacatissimum
3357 4126 3551 4182 reddit
3591 4143 3688 4183 ex-

2037 4213 2293 4272 ercitatis
2344 4228 2452 4286 per
2486 4212 2795 4284 justitiam.
2856 4213 2956 4269 Vm
3009 4219 3210 4270 autem
3262 4214 3440 4272 nimis
3493 4215 3692 4272 formi-

2040 4302 2239 4361 dabile
2267 4307 2373 4373 est,
2401 4302 2712 4376 quoniam,
2740 4306 2803 4361 ut
2828 4303 3045 4359 Paulus
3072 4304 3153 4361 ait
3182 4321 3195 4360 :
3226 4305 3591 4363 horrendum
3609 4312 3692 4363 est

2038 4393 2304 4451 incidere
2357 4393 2420 4448 in
2465 4407 2677 4449 manus
2722 4393 2834 4449 Dei
2880 4393 3082 4464 (Hebr.
3132 4411 3185 4462 ιι,
3238 4398 3347 4463 31).
3397 4396 3455 4453 Si
3492 4399 3694 4452 autem

2039 4482 2311 4556 displicet
2355 4480 2522 4553 quod
2573 4481 2873 4554 patimur,
2938 4498 3355 4555 percussorem
3419 4490 3693 4542 nostrum

2035 4573 2264 4646 justum
2319 4576 2376 4629 et
2420 4570 2868 4654 misericordem
2923 4573 3270 4644 cogitemus.
3334 4575 3486 4630 Nam
3551 4575 3697 4646 quia

2035 4662 2235 4735 justus
2274 4665 2381 4730 est,
2423 4676 2545 4716 non
2582 4660 2699 4717 nisi
2737 4660 2898 4732 juste
2933 4660 3205 4733 percutit,
3254 4666 3319 4719 ut
3367 4668 3454 4719 est
3500 4662 3645 4718 illud
3682 4680 3692 4717 :

2044 4746 2321 4821 Nunquid
2361 4746 2605 4819 iniquus
2646 4748 2820 4816 Deus,
2857 4746 2961 4819 qui
3005 4747 3182 4803 infert
3244 4742 3405 4805 iram
3425 4751 3460 4811 ?.
3511 4749 3700 4807 Valde

2042 4836 2219 4908 igitur
2264 4836 2558 4908 injustum
2610 4838 2720 4905 est,
2779 4834 2853 4889 de
2896 4835 3060 4906 justa
3106 4837 3491 4909 percussione
3535 4856 3700 4895 mur-

2044 4939 2305 4982 murare.
2387 4926 2512 4979 Non
2579 4922 2779 4996 itaque
2838 4939 3323 4994 murmuremus,
3403 4944 3477 4985 ne
3556 4929 3703 4986 forte

2044 5011 2191 5071 illud
2256 5028 2347 5069 vae
2398 5010 2563 5084 quod
2613 5011 3014 5069 comminatur
3064 5014 3462 5075 incurramus.
3533 5020 3704 5087 Cogi-

2047 5106 2243 5160 temus
2297 5117 2539 5174 quoque
2576 5101 2721 5174 quia
2749 5101 3086 5160 misericors
3129 5110 3239 5175 est,
3285 5123 3359 5164 ne
3399 5124 3509 5163 nos
3543 5108 3707 5162 derc-

2048 5192 2219 5249 lictos
2245 5191 2324 5247 ab
2346 5207 2417 5247 eo
2447 5192 2785 5260 credamus,
2825 5196 2890 5249 ut
2916 5193 3074 5250 stulti
3104 5193 3346 5264 faciunt,
3381 5196 3455 5250 de
3484 5194 3707 5265 quibus

2049 5282 2265 5337 dicitur
2284 5299 2296 5336 :
2312 5281 2383 5335 In
2400 5282 2651 5336 miseriis
2672 5297 2793 5337 non
2810 5281 3702 5353 subsistent(Psal.cxxx1x,11).

2050 5371 2276 5428 Etenim
2307 5372 2481 5443 juxta
2526 5373 2615 5428 est
2655 5370 2943 5426 Dominus
2981 5370 3072 5425 his
3106 5370 3211 5441 qui
3248 5368 3527 5427 tribulato
3572 5377 3711 5428 sunt

2050 5459 2247 5517 corde.
2279 5459 2618 5531 Cogitemus
2637 5463 2694 5515 et
2721 5458 2855 5525 hoc,
2889 5456 3033 5529 quia
3062 5455 3228 5528 quod
3258 5471 3331 5512 ex
3360 5464 3566 5517 nostro
3584 5477 3710 5517 me-

2048 5550 2159 5607 rito
2186 5549 2473 5623 patimur,
2517 5548 2598 5605 ad
2627 5550 2895 5604 nostram
2921 5543 3232 5601 utilitatem
3264 5546 3415 5605 mira
3436 5548 3710 5619 benigni-

3299 5637 3360 5693 I7
