4150 6128
514 55 624 121 523

1580 36 1643 97 s,
1679 29 1939 97 onoms
1968 24 2265 93 ABBATIS
2304 27 2892 97 CLUNlACE-NSISII.
3822 43 3915 105 δν,

514 178 635 233 tate
664 167 927 235 reﬂectit,
976 166 1101 223 Hoc
1139 152 1343 237 itaque
1372 158 1745 227 attendentes
1783 152 2024 225 ﬂagella
2050 165 2174 208 non
2216 153 2260 209 A
2295 148 2525 222 bertas,
2564 156 2630 211 ut
2658 152 2835 217 etiam
2866 168 2905 217 θ,
2938 151 3298 222 vermiculis,
3328 155 3407 224 et,
3432 155 3611 227 quod
3638 159 3817 229 magis
3847 168 3925 230 est

513 261 907 332 refugiamus,
940 254 1046 312 sed
1092 269 1166 312 ea
1207 251 1371 309 velut
1408 248 1693 325 quaedam
1735 244 2179 332 medicamenta

517 327 736 415 animis
772 344 967 416 magis
1013 346 1312 418 aptemus.
1346 342 1496 407 Nam
1537 341 1594 396 et
1630 350 1789 406 aeger
1823 337 1962 399 tunc
2008 346 2069 386 se
2101 327 2177 385 ad

519 439 853 497 secandum
905 434 1192 495 manibus
1236 429 1455 494 medici
1497 428 1748 485 libenter
1776 419 2089 491 submittit,
2124 422 2182 477 et

516 526 736 611 pocula
769 523 1052 601 quamvis
1100 536 1311 583 amara
1338 518 1535 579 votive
1584 514 1754 584 bibit,
1786 507 2182 611 cum‘exinde

515 599 875 681 beneﬁcium
905 611 1333 678 incolumitatis
1345 620 1698 680 recuperare
1729 619 1791 669 se
1821 599 2029 665 credit.
2051 601 2180 659 Non

518 721 661 776 ergo
690 703 1055 767 resultemus
1084 698 1369 757 manibus
1400 693 1617 760 medici
1646 690 1833 751 nostri
1861 688 1988 744 Dei.
2031 689 2179 751 Nam

518 793 626 860 etsi
668 788 1070 850 tribulationis
1114 785 1494 845 adustionem
1540 779 1881 855 prolongat,
1922 791 2047 833 non
2097 778 2181 831 ta-

518 898 660 949 men
704 896 862 952 aager
900 878 1080 936 debet
1123 872 1467 940 vociferari;
1497 869 1789 944 quoniam
1853 866 1982 939 ipse
2020 862 2184 921 videt

518 988 709 1053 quem
735 967 1039 1046 profunda
1077 965 1156 1024 ad
1197 962 1600 1053 resecandum‘
1632 956 1886 1053 putredo
1911 955 2090 1011 lateat
2118 953 2180 1009 in

519 1046 868 1129 vulneribus
900 1057 1203 1119 vitiorum.
1249 1057 1364 1117 Nec
1395 1049 1556 1111 velut
1586 1046 1862 1107 indomiti
1888 1050 2181 1118 tanquam

526 1150 608 1217 ad
659 1148 1011 1213 inusitatum
1069 1142 1364 1217 quiddam
1419 1144 1522 1197 aut
1570 1152 1801 1199 novum
1867 1134 2181 1209 obstupes-

521 1254 752 1307 camus,
776 1234 1066 1310 quoniam
1093 1248 1131 1300 δ,
1159 1231 1358 1307 primo
1379 1230 1545 1301 justo
1575 1224 1722 1291 Abel
1762 1238 1953 1295 usque
1996 1222 2072 1310 ad
2100 1218 2182 1275 ul-

521 1329 737 1397 timum
764 1309 1018 1387 electum
1055 1336 1298 1387 necesse
1328 1322 1417 1379 est
1452 1332 1666 1373 omnes
1693 1314 1808 1370 hac
1838 1309 2180 1375 conditione

520 1415 723 1483 teneri.
758 1414 901 1483 Hinc
947 1411 1227 1485 princeps
1252 1405 1662 1483 apostolorum
1688 1401 1893 1459 ﬁdeles
1924 1397 2178 1469 monuit,

2288 239 2599 309 miserum,
2630 256 2667 304 a
2697 241 2892 319 seipso
2930 240 3121 297 multa
3150 241 3430 321 patiatur.
3472 244 3656 303 Porro
3682 245 3769 311 ille
3805 266 3917 311 ma.

2290 343 2447 399 gnus
2478 328 2693 396 honor,
2720 344 2842 401 quo
2863 329 3014 386 inter
3038 333 3280 388 caeteras
3305 346 3630 405 corporeas
3648 341 3921 395 creaturas

2292 416 2515 483 ditatus
2557 423 2671 489 est,
2711 418 3016 483 rationalis
3060 419 3333 479 Videlicet
3380 421 3609 485 acuitas
3658 424 3715 479 in
3755 441 3820 482 eo
3845 428 3917 485 sic

2291 506 2574 573 hebetata
2596 512 2702 575 est,
2725 512 2789 565 ut
2809 524 2945 573 cum
2968 510 3134 573 omni
3151 513 3435 567 creaturae
3459 510 3919 586 visibiliprteesse

2292 596 2584 663 debuerit,
2612 613 2774 655 nunc
2819 597 3092 670 exemplo
3125 597 3385 663 formicae
3422 599 3621 663 vivere
3635 602 3916 674 jubeatur.

2305 686 2481 755 Vade,
2520 685 2733 758 inquit,
2765 686 2846 744 ad
2885 687 3225 755 formicam,
3259 703 3290 742 ο
3320 688 3493 757 piger
3520 688 3718 755 (Prov,
3748 707 3822 758 v1,
3851 694 3923 764 6).,

2292 777 2450 831 Mens
2489 778 2688 839 autem
2719 791 2855 847 quae
2902 774 3067 831 ﬂuxa
3096 775 3488 835 mutabilitate
3515 793 3723 847 unum,
3754 779 3851 852 qui
3876 780 3923 837 ei

2293 864 2565 921 sufficere
2600 870 2849 938 poterat,
2897 869 3085 925 Deum
3126 866 3347 923 scilicet
3389 866 3609 934 amisit,
3648 884 3803 929 nunc
3825 885 3921 942 per

2292 952 2529 1011 diversa
2574 954 2873 1011 desideria
2912 955 3195 1025 variatur,
3229 960 3287 1013 et
3314 955 3430 1015 huc
3479 955 3734 1029 illucque
3763 958 3925 1019 avida

2292 1041 2679 1101 delectatione
2727 1044 2959 1117 quaerit,
2999 1045 3061 1105 in
3113 1061 3236 1121 quo
3278 1049 3583 1118 pausetur.
3636 1046 3748 1107 Sed
3786 1063 3924 1119 quos

2290 1130 2455 1188 niam
2518 1132 2596 1189 ad
2649 1132 2845 1189 solum
2895 1135 3084 1197 Deum
3133 1133 3544 1206 appetendum
3593 1140 3787 1193 creata
3828 1138 3925 1200 est.

2290 1225 2614 1297 postquam
2655 1222 2733 1279 ab
2774 1218 2877 1278 illo
2914 1223 3182 1294 recessit,
3214 1223 3361 1284 nihil
3389 1223 3639 1293 invenit,
3678 1224 3839 1296 quod
3880 1225 3928 1285 ei

2292 1308 2566 1378 sufficiat,
2600 1311 2792 1369 donec
2823 1311 2900 1368 ad
2940 1311 3141 1384 ipsum
3170 1311 3276 1369 red
3291 1316 3393 1369 "at.
3446 1313 3611 1379 Unde
3653 1327 3810 1376 nunc
3835 1328 3929 1386 per

2290 1398 2557 1457 diversos
2587 1399 2834 1458 aﬂectus
2860 1401 3145 1469 variatur,
3168 1403 3234 1463 ut
3261 1417 3402 1457 cum
3430 1417 3635 1465 rerum
3661 1401 3930 1474 qualitate

519 1524 597 1565 ne
617 1507 975 1573 mirarentur
1001 1503 1063 1558 in
1090 1501 1318 1565 fervore
1344 1494 1685 1557 tentationis
1715 1498 2008 1566 tanquam
2037 1488 2178 1555 novi
2221 1500 2266 1557 Β
2291 1487 2493 1545 satiari
2521 1504 2645 1555 non
2673 1492 2888 1567 potest,
2909 1489 3121 1555 saltem
3149 1490 3432 1555 varietate
3456 1489 3726 1563 ipsarum
3744 1505 3929 1551 rerum

531 1595 763 1671 aliquid
794 1591 1154 1663 contigisset.

594 1670 662 1751 V.
703 1681 1106 1742 Aﬂlictionum
1131 1691 1269 1737 vero
1300 1674 1527 1748 species
1567 1677 1690 1730 tam
1733 1671 1986 1728 diversae
2018 1670 2178 1736 sunt,

522 1788 711 1849 quam
782 1770 1051 1826 diversos
1115 1766 1431 1847 culparum
1498 1761 1713 1819 modos
1770 1757 2022 1816 caelestis
2084 1756 2179 1813 ille

522 1861 796 1929 medicus
854 1857 1031 1914 nobis
1107 1856 1301 1912 inesse
1372 1851 1581 1919 videt;
1643 1853 1903 1929 quatuor
1980 1851 2181 1907 tamen

522 1950 722 2015 modis
752 1944 1364 2020 comprehenduntur.
1393 1939 1731 2015 Aliquando
1760 1952 2025 2010 namque
2040 1951 2178 2011 pec-

524 2043 689 2107 cator
739 2036 1022 2107 afﬂigitur
1050 2048 1167 2107 pro
1204 2029 1466 2106 peccatis
1513 2026 1844 2101 praeteritis,
1891 2025 2045 2091 sicut,
2085 2023 2180 2079 ille

523 2128 618 2186 cui
667 2127 883 2185 dicitur
919 2142 933 2191 ξ
966 2130 1106 2180 Ecce
1133 2136 1317 2181 sanus
1356 2120 1564 2190 factus
1612 2133 1695 2185 es,
1721 2119 1856 2191 jam
1897 2116 2025 2172 ηοιί
2045 2128 2181 2185 pec-

524 2233 684 2281 care,
718 2231 793 2273 ne
846 2214 1104 2271 deterius
1137 2212 1247 2267 tibi
1275 2208 1511 2281 aliquid
1555 2208 1868 2279 conlingat
1898 2205 2100 2277 (Joan.
2141 2219 2180 2271 γ

524 2307 632 2377 14).
685 2307 825 2370 Quae
879 2301 1070 2375 jussio
1111 2300 1286 2365 docet
1327 2296 1496 2372 quod
1550 2312 1662 2370 pro
1719 2294 1917 2370 culpis
1972 2297 2176 2366 praete,

520 2394 648 2451 ritis
701 2392 825 2459 vim
880 2389 1107 2457 doloris
1152 2386 1484 2453 incurrerit.
1532 2383 1875 2459 Aliquando
1926 2397 2032 2455 pro
2079 2397 2178 2441 ca-

520 2481 732 2545 vendis
779 2478 1015 2548 futuris,
1060 2475 1225 2550 quod
1270 2472 1455 2543 Paulo
1495 2471 1763 2542 contigit,
1802 2469 1931 2543 qui,
1972 2484 2047 2527 ne
2081 2484 2178 2524 ex-

517 2569 820 2627 tolleretur
842 2611 857 2636 ,
934 2564 1244 2629 stimulum
1326 2561 1523 2627 carnis
1604 2558 1851 2632 accepit.
1921 2556 2179 2629 Quidam

517 2659 797 2715 doctores
853 2653 1089 2739 antiqui
1142 2650 1415 2715 dolorem
1472 2648 1682 2723 capitis
1742 2647 1915 2713 aiunt
1972 2646 2175 2702 fuisse.

517 2743 860 2831 Aliquando
901 2734 1158 2840 quisque
1193 2739 1540 2840 percutitur,
1584 2740 1649 2803 ut
1677 2734 2177 2840 (luminopinata

516 2822 792 2903 liberatio
820 2822 1158 2904 periculum
1186 2825 1593 2900 subsequitur,
1622 2822 1927 2889 ardentius
1944 2822 2176 2881 salvan-

524 2922 598 2990 tis
628 2919 729 2979 Dei
757 2919 945 2987 virtus
984 2922 1236 2974 ametur.
1269 2915 1334 2970 In
1360 2929 1484 2989 qua
1512 2912 1898 2987 percussione
1939 2910 2174 2979 merito-

511 3028 649 3071 rum
690 3009 882 3083 gratia
940 3005 1281 3081 succressit,
1321 3020 1461 3063 cum
1506 3018 1614 3076 per
1664 3001 2015 3076 patientiam
2053 3001 2171 3057 for-

512 3101 704 3171 titudo
759 3096 1033 3185 proﬁcit.
1079 3093 1365 3185 Quod_in
1424 3091 1601 3153 beato
1651 3091 1761 3159 Job
1806 3090 2174 3164 completum

513 3195 623 3253 est,
660 3180 782 3271 qui
809 3185 975 3260 prius
1022 3184 1105 3243 ita
1143 3181 1445 3251 laudatus,
1497 3185 1554 3247 et
1597 3184 1807 3263 postea
1854 3180 1937 3236 sic
1979 3195 2174 3245 remu-

512 3267 761 3341 neratus
811 3279 917 3341 est.
957 3276 1406 3344 Nonnunquam
1439 3284 1578 3333 vero
1616 3269 1678 3335 in
1731 3284 1857 3337 una
1907 3267 2174 3342 qualibet

512 3379 781 3445 persona,
822 3362 933 3419 tria
980 3362 1110 3416 haec
1141 3375 1361 3431 genera
1390 3357 1571 3424 simul
1603 3362 1986 3427 concurrunt,
2018 3361 2083 3419 ut
2110 3357 2169 3423 in

514 3472 586 3519 eo
638 3470 747 3531 per
800 3448 1186 3515 aﬂlictionem
1245 3452 1302 3503 et
1345 3446 1643 3521 praeterita
1694 3446 2049 3520 puniantur,
2116 3451 2173 3509 et

512 3543 714 3599 futura
759 3538 1226 3613 prohibeantur,
1284 3540 1342 3591 et
1398 3534 1609 3590 laudes
1671 3533 2009 3591 liberatoris
2071 3534 2172 3591 Dei

513 3648 586 3688 ex
652 3629 939 3705 adempto
1011 3625 1277 3705 periculo
1344 3623 1803 3681 succendantur.
1881 3624 2170 3691 Quartum

513 3736 704 3799 genus
749 3704 856 3779 est,
908 3704 1155 3788 quando
1191 3712 1453 3789 quisque
1512 3712 1596 3767 sic
1625 3711 1686 3768 in
1730 3712 2011 3785 prtesenti
2042 3727 2173 3786 per-

518 3809 756 3876 cutitur,
804 3810 870 3863 ut
918 3804 1098 3861 etiam
1152 3803 1214 3865 in
1256 3803 1457 3860 futuro
1495 3801 1801 3875 puniatur.
1845 3801 2017 3875 Quod
2058 3801 2171 3859 illis

517 3896 908 3955 solummodo
960 3893 1207 3962 accedit,
1248 3907 1510 3967 quorum
1567 3897 1798 3962 mentes
1869 3891 2171 3959 tribulatio

511 4004 634 4045 non
665 3985 955 4045 convertit
986 4002 999 4040 :
1032 3985 1107 4041 de
1151 3981 1435 4056 qualibus
1477 3981 1577 4047 illa
1605 3998 1723 4038 vox
1754 3980 2173 4061 conquerentis

514 4077 613 4135 Dei
657 4081 746 4133 est
805 4076 1114 4141 :Frustra
1154 4073 1428 4144 percussi
1472 4072 1630 4141 ﬁlios
1689 4077 1841 4135 tuos,
1913 4071 2176 4141 discipli-

2289 1579 2614 1652 expleatur.
2656 1580 2818 1643 Victa
2855 1580 3033 1647 tredio
3073 1580 3210 1657 ipsa
3246 1584 3463 1639 natura
3516 1597 3553 1639 a
3590 1580 3929 1651 cogitatione

2287 1667 2349 1724 in
2379 1667 2801 1741 cogitationem
2844 1668 3119 1741 ducitur;
3147 1668 3311 1742 quod
3332 1667 3675 1733 fastidiebat
3702 1669 3929 1741 appetit,

2289 1761 2343 1817 et
2404 1757 2573 1830 quod
2619 1757 2941 1833 appetebat
2983 1757 3240 1828 fastidit,
3286 1774 3423 1831 qum
3473 1758 3623 1823 dum
3682 1757 3931 1830 quolibet

2286 1846 2503 1923 posita,
2532 1847 2803 1921 profecto
2826 1847 3000 1909 docet
3026 1847 3193 1920 quod
3211 1847 3459 1912 aliunde
3485 1847 3731 1920 pendet.
3763 1848 3929 1919 Cujus

2288 1936 2486 2009 prima
2540 1935 2850 1995 damnatio
2902 1940 3008 2003 est,
3061 1940 3127 1999 ut
3174 1936 3546 2007 Augustinus
3600 1936 3766 2006 dicit,
3807 1936 3927 2001 hor-

2289 2025 2477 2089 renda
2493 2024 2868 2097 profunditas
2889 2024 3262 2095 ignorantiae,
3285 2041 3426 2100 quae
3441 2024 3636 2097 gignit
3651 2024 3929 2089 malarum

2287 2130 2706 2189 variarumque
2742 2131 2943 2181 rerum
2974 2113 3331 2188 multiplices
3359 2130 3625 2180 amores,
3655 2131 3761 2188 per
3788 2130 3927 2187 quos

2290 2208 2656 2286 appetuntur
2693 2218 2854 2269 vana
2897 2202 3139 2277 gaudia,
3177 2208 3239 2265 et.
3272 2203 3519 2271 luxnria
3548 2208 3609 2271 et
3631 2204 3928 2270 innumera

2286 2292 2639 2365 hujusmodi
2683 2309 2697 2355 ξ
2756 2307 2828 2350 ex
2876 2292 3105 2365 quibus
3175 2298 3565 2357 succrescunt
3634 2292 3927 2352 mordaces

2289 2397 2469 2454 curae,
2526 2381 3033 2457 perturbationes,
3093 2398 3401 2451 maerores,
3455 2382 3821 2449 formidines,
3880 2385 3930 2439 et

2287 2475 2500 2531 caetera
2527 2470 2667 2535 talia
2704 2487 2841 2544 quae
2869 2472 2933 2528 in
2970 2471 3119 2546 ipsis
3147 2471 3476 2535 infantibus
3514 2472 3600 2530 ita
3629 2471 3922 2545 pullulant,

2286 2566 2353 2629 ut
2381 2561 2432 2619 si
2458 2560 2833 2628 dimittantur
2870 2562 3066 2621 facere
3093 2561 3259 2635 quod
3286 2561 3514 2631 volunt,
3548 2562 3646 2627 vix
3679 2575 3925 2634 unquam

2288 2650 2367 2715 ad
2396 2649 2623 2725 aliquid
2645 2650 2791 2716 boni
2835 2651 3203 2723 perveniant.
3237 2653 3454 2709 Contra
3505 2667 3666 2724 quos
3693 2649 3923 2711 eruditio

2287 2740 2715 2815 magistrorum
2744 2740 3031 2806 divinitus
3058 2744 3439 2814 procuratur,
3465 2745 3536 2798 ut
3562 2756 3750 2814 prava
3774 2738 3923 2811 cupi-

2221 2855 2262 2923 c
2288 2830 2442 2923 ditas
2475 2828 2823 2923 infrenetur,
2862 2829 3091 2923 et
3120 2830 3425 2923 appetitus
3465 2834 3775 2903 utcunque
3802 2843 3923 2889 sua-

2287 2920 2563 2989 deantur,
2593 2920 2651 2981 Si
2674 2924 2878 2981 tamen
2903 2918 3120 2992 aliquis
3141 2919 3598 2991 magistrorum,
3614 2920 3781 2992 juxta
3797 2916 3927 2983 illud

2285 3009 2541 3075 Danielis
2572 3008 2825 3077 inveniri
2848 3008 2980 3080 jam
3016 3008 3224 3081 possit,
3254 3009 3361 3081 qui
3390 3008 3469 3075 ad
3494 3008 3795 3079 justitiam
3816 3022 3928 3069 eru-

2281 3098 2407 3167 diat
2456 3114 2689 3165 omnes.
2747 3096 2975 3163 Etenim
3021 3098 3164 3165 huic
3212 3097 3433 3163 saeculo
3475 3098 3689 3169 magis
3738 3099 3926 3157 contra

2281 3186 2637 3261 Apostolum
2651 3185 2935 3256 eligentes
2960 3185 3319 3255 informant;
3344 3202 3484 3254 cum
3506 3187 3634 3251 iob
3654 3186 3784 3243 licet
3803 3198 3926 3256 gen-

2282 3272 2396 3335 tilis
2426 3273 2509 3339 ita
2552 3273 2710 3330 ﬁlios
2745 3273 2927 3342 etiam
2970 3272 3209 3333 adultos
3254 3273 3699 3346 sanctiﬁoﬁh'it,
3733 3276 3917 3339 utnec

2280 3360 2344 3429 in
2372 3362 2552 3429 corde
2573 3362 2820 3434 quidem
2857 3365 3194 3436 peccarent.

2350 3451 2460 3515 VII.
2490 3453 2557 3519 Ut
2579 3450 2728 3524 quid
2743 3455 2945 3518 autem
2967 3450 3157 3515 multa
3177 3451 3259 3515 de,
3282 3451 3589 3524 ejusmodi
3621 3450 3791 3519 malis
3803 3464 3921 3523 quae

2278 3539 2507 3607 laedunt
2533 3539 2778 3597 dicam?
2808 3539 3063 3609 Quando
3102 3540 3352 3614 quidem
3380 3540 3431 3605 si
3459 3540 3757 3607 subtiliter
3794 3553 3920 3603 eon-

2279 3628 2504 3697 sideres
2529 3629 2709 3697 etiam
2747 3634 2969 3697 cuncta
2991 3646 3133 3703 quae
3158 3647 3275 3704 pro
3301 3630 3492 3698 salute
3534 3630 3804 3701 gerimus
3826 3628 3923 3689 hu-

2276 3717 2377 3788 jus
2400 3718 2556 3789 vitae,
2587 3717 2783 3792 poenis
2811 3722 2871 3787 et
3178 3719 3510 3785 intermista
3532 3719 3815 3793 reperies.
3842 3718 3921 3777 An

2278 3822 2404 3875 non
2444 3806 2685 3867 miseria
2725 3810 2815 3870 est
2855 3807 3227 3881 corruptioni
3250 3807 3445 3875 carnis
3474 3807 3553 3872 ad
3607 3804 3925 3873 necessaria

2280 3901 2461 3970 atque
2515 3896 2802 3963 concessa
2864 3896 3165 3963 deservire
3190 3898 3219 3953 ‘2
3283 3896 3448 3970 quod
3513 3898 3735 3963 eadem
3798 3908 3922 3957 caro

2280 3986 2553 4059 exigitur,
2595 3989 2660 4051 ut
2692 3990 2902 4053 contra
2945 3985 3132 4057 frigus
3164 3986 3539 4057 vastitanenta,
3591 3990 3801 4053 contra
3846 3983 3924 4043 fa-

2280 4092 2443 4143 mem
2472 4076 2775 4144 alimenta,
2804 4080 3013 4141 contra,
3043 4078 3255 4133 aestum
3286 4075 3509 4145 frigora
3535 4076 3921 4149 requirantur.

512 4183 653 4261 nam
684 4168 1173 4261 ncnrec‘ejocrunt
1201 4163 1345 4261 (-1.6%
1371 4177 1430 4231 ιι,
1454 4160 1763 4261 ξοξῼυοά
1786 4160 2175 4261 genusmiser
2207 4205 2249 4261 υ
2283 4166 2457 4235 Quod
2509 4164 2698 4233 multa
2742 4164 2979 4233 cautela
3026 4164 3355 4225 custoditur
3404 4164 3567 4231 salus
3619 4162 3875 4237 corporis
3910 4176 3922 4214 :

512 4254 841 4320 Antiochus
878 4256 935 4307 et
965 4250 1223 4311 Herodes
1249 4248 1513 4306 incurrit.
1548 4253 1697 4306 Nam
1736 4249 1904 4323 quod
1928 4249 2174 4307 diversis

514 4342 795 4406 cultibus,
848 4339 1069 4412 quibus
1098 4338 1303 4410 utique
1337 4337 1648 4403 diversitas
1694 4326 2014 4411 poenarum
2069 4339 2173 4397 de-

517 4432 714 4501 betur,
765 4434 869 4487 aut
896 4444 1003 4501 per
1040 4427 1467 4499 ignorantiam,
1497 4431 1601 4491 aut
1637 4443 1744 4500 per
1775 4427 2172 4499 fragilitatem,

514 4525 619 4587 aut
648 4512 949 4579 interdum
991 4534 1099 4601 per
1128 4516 1450 4574 audaciam
1489 4515 1898 4589 subjacemus,
1932 4532 2056 4585 non
2100 4518 2174 4575 de

515 4610 857 4675 conditione
884 4613 1112 4665 natura;
1158 4605 1335 4671 nobis
1371 4604 1607 4675 accidit,
1642 4605 1748 4665 sed
1784 4605 1860 4664 de
1890 4606 2031 4673 vitio
2060 4607 2177 4686 pri-

512 4717 628 4771 mae
652 4697 1159 4769 transgressionis.

586 4792 673 4855 Vl.
698 4792 846 4849 Nam
882 4791 1210 4871 postquam
1237 4784 1331 4841 ille
1361 4784 1593 4859 primus
1624 4800 1843 4859 parens
1872 4785 2174 4847 Conditori

514 4903 620 4962 per
644 4884 1113 4945 inobedientiam
1143 4882 1475 4943 contrarius
1492 4883 1726 4951 exstitit,
1757 4884 1836 4940 ad
1855 4884 1972 4952 hoc
1992 4899 2172 4955 grave

505 4976 725 5047 jugum
753 4989 890 5037 cum
922 4973 1089 5028 omni
1109 4988 1221 5028 sua
1252 4971 1434 5044 stirpe
1460 4987 1588 5027 sese
1617 4972 1968 5043 incurvavit,
1994 4978 2060 5029 ut
2078 4989 2173 5030 ve-

513 5062 722 5127 raciter
750 5062 977 5125 dictum
1000 5062 1073 5123 sit
1098 5058 1263 5133 quod
1291 5060 1538 5117 tentatio
1561 5066 1643 5118 est
1660 5062 1786 5118 vita
1805 5062 2061 5118 hominis
2079 5077 2174 5121 su-

507 5169 615 5227 per
654 5158 879 5210 terram
912 5149 1045 5222 (Job
1082 5164 1179 5215 vu,
1231 5148 1305 5217 t).
1350 5147 1571 5215 Divinis
1601 5149 1763 5205 enim
1797 5150 2171 5221 jussionibus

513 5241 763 5299 subesse
773 5237 1006 5307 nolens,
1023 5235 1136 5303 sub
1151 5235 1277 5303 suis
1289 5250 1351 5291 se
1371 5235 1823 5298 necessitatibus
1833 5238 2167 5310 prostravit:

511 5347 697 5404 quem
719 5331 799 5391 ita
820 5327 1183 5387 exaltaverat
1208 5323 1397 5383 libera
1426 5324 1698 5393 servitus,
1731 5330 1797 5393 ut
1825 5326 1874 5383 si
1897 5327 2005 5395 uni
2027 5327 2168 5385 sub-

506 5422 697 5493 jectus
729 5424 903 5489 esset,
922 5421 1137 5479 cuncta
1165 5414 1527 5475 sibisubdit'i
1549 5416 1899 5488 possideret.
1923 5416 2032 5472 Sed
2047 5433 2168 5474 cer-

2280 4257 2449 4331 ςυοᾴ
2503 4257 2687 4325 etiam
2752 4255 3051 4323 custodita
3127 4254 3441 4326 amittitur,
3503 4256 3745 4323 amiSSa
3800 4266 3925 4317 eum

2281 4346 2447 4419 gravi
2474 4345 2678 4404 labore
2702 4348 3032 4418 reparatur.
3058 4345 3124 4403 Et
3148 4347 3351 4400 tamen
3381 4349 3664 4417 reparata
3694 4354 3919 4413 semper

2280 4436 2343 4504 in
2398 4434 2591 4501 dubio.
2643 4438 2732 4497 est
2777 4451 2793 4503 ξ
2849 4433 3077 4507 quippe
3127 4449 3270 4499 cum
3310 4448 3531 4506 corpus
3598 4437 3685 4490 tot
3737 4448 3811 4495 ex
3863 4442 3921 4493 se

2283 4524 2530 4593 morbos
2567 4525 2793 4598 gignat,
2838 4528 2905 4581 ut
2932 4539 3045 4583 nec
3076 4522 3451 4589 medicorum
3491 4522 3746 4596 quidem
3770 4517 3922 4583 libris

2283 4618 2478 4679 cuncti
2521 4614 2933 4684 nominentur,
2952 4629 3215 4686 quorum
3260 4611 3569 4686 aliqui
3607 4613 3739 4675 sine
3782 4623 3913 4669 ama

2281 4705 2539 4773 ritudine
2593 4707 2896 4767 curantur.
2944 4707 3035 4759 An
3075 4717 3199 4759 non
3237 4706 3295 4767 et
3349 4702 3463 4768 hoc
3521 4700 3768 4763 miseria
3819 4701 3920 4765 est,

2281 4794 2459 4869 quod-
2477 4796 2714 4859 amatus
2751 4792 2983 4857 amicus
3029 4789 3409 4864 suspectione
3453 4789 3686 4857 offendi
3717 4786 3870 4854 valet
3896 4784 3921 4841 ?

2280 4882 2701 4944 Formidanius
2748 4896 3019 4953 namque
3054 4879 3350 4948 inimicos,
3383 4882 3569 4952 atque
3600 4879 3679 4945 de
3718 4876 3801 4935 eis
3850 4889 3927 4930 se-

2281 4972 2411 5039 curi
2441 4986 2563 5031 non
2592 4987 2822 5037 sumus.
2856 4974 2935 5028 Ne
2962 4986 3105 5029 vero
3149 4968 3464 5042 suspiciosi
3490 4968 3829 5034 videamur,
3850 4962 3926 5019 sic

2279 5062 2366 5125 eis
2379 5062 2716 5134 frequenter
2725 5059 3229 5133 loquimur,quasi
3241 5058 3469 5124 amicis.
3489 5060 3557 5117 Et
3570 5054 3926 5121 rumusdum

2279 5150 2439 5211 cauti
2466 5165 2597 5216 esse
2633 5148 2900 5219 nitimur,
2931 5164 3087 5222 pura
3109 5147 3299 5215 verba
3316 5146 3761 5221 proximorum,
3785 5138 3928 5205 mul-

2278 5243 2529 5313 tumque
2558 5253 2673 5299 nos
2699 5236 2954 5305 fortasse
2976 5235 3381 5307 diligentium,
3399 5235 3575 5309 quasi
3594 5233 3781 5297 verba
3810 5228 3925 5303 ple-

2276 5344 2538 5402 rumque
2564 5327 2929 5400 suscipimus
2954 5325 3182 5394 inimici
3210 5343 3231 5391 τῆ
3252 5330 3311 5385 et
3337 5325 3443 5400 qui
3468 5324 3592 5393 falli
3618 5333 3928 5395 nunquam

2276 5418 2426 5477 velle
2456 5417 2658 5481 fallere
2688 5416 2989 5486 volumus,
3014 5433 3083 5477 ex
3102 5414 3337 5479 cautela
3352 5419 3558 5481 nostra
3588 5412 3829 5484 gravius
3848 5421 3926 5464 er-

510 5510 706 5579 vicem
740 5508 936 5569 cordis
973 5506 1259 5581 erigenda
1302 5506 1385 5565 sic
1415 5521 1557 5573 eum
1594 5505 1811 5579 dejecit
1833 5504 2071 5579 captiva
2100 5506 2167 5564 li-
2253 5522 2474 5571 remus.
2528 5505 2683 5575 Quid
2733 5504 2935 5576 itaque
2981 5505 3098 5561 hoc
3156 5507 3266 5562 est.
3311 5503 3426 5560 nisi
3464 5504 3749 5571 him
