4150 6128
543 128 648 184 527

1615 119 1668 174 8.
1704 117 1962 174 ODONIS
1992 111 2286 172 ABBATIS
2337 116 2838 174 ‘LLUNIACENSIS
2863 117 2908 171 Il

3872 125 3979 179 528

545 255 620 319 5).
649 252 814 306 Nunc
839 243 1012 301 dicit:
1044 243 1114 298 In
1173 243 1282 298 hoc
1312 243 1534 300 mundo
1579 241 1856 298 sublimes
1909 245 2198 310 apparete
2241 243 2285 296 A
2314 253 2422 312 per
2451 239 2758 297 ministros
2789 257 2949 310 sues,
2972 255 3166 313 quam
3185 256 3292 314 per
3317 242 3576 314 seipsum
3612 249 3805 313 nocet,
3828 243 3984 300 dum

545 338 677 407 (Job
701 352 794 402 XL,
849 334 924 403 5).
966 334 1129 388 Tunc
1183 330 1366 387 dixit:
1427 331 1821 403 Nequaquam
1867 325 2204 385 moriemini

543 427 710 499 (Gen.
743 439 823 492 ιιι,
857 423 933 494 4).
964 423 1131 478 Nune
1184 419 1356 494 quasi
1386 417 1838 476 misericordem
1880 419 2068 472 Deum
2095 414 2204 470 ﬁn-

2313 343 2420 400 per
2449 328 2641 385 malos
2670 329 2764 386 vel
2792 329 2954 386 illicit
2984 329 3177 386 bonos
3208 329 3286 386 ad
3311 329 3562 400 malum,
3596 331 3692 388 vel
3723 331 3986 407 impedit

2313 433 2417 475 eos
2470 417 2534 474 in
2558 419 2742 476 bono.
2796 419 2960 476 Unde
2989 419 3320 494 propheta:
3365 421 3712 487 Velociores,
3761 422 3983 496 inquit,

545 529 712 588 gens,
725 509 1144 584 impunitatem
1175 507 1468 566 scelerum
1491 505 1798 582 promittit.
1823 504 1932 562 Sed
1955 519 2069 561 nos
2101 501 2205 575 qui
2307 506 2560 575 fuerunt
2588 508 2808 580 aquilis
2838 509 2975 564 coeli
3001 509 3231 564 inimici
3257 510 3450 564 nostri
3479 509 3722 579 (Thren.
3751 527 3836 582 IV,
3875 515 3982 580 19).

544 601 951 676 experimento
979 597 1158 672 primi
1213 597 1478 655 hominis
1527 595 1849 653 didicimus
1879 608 2065 666 quam
2114 591 2204 648 di-

548 692 744 750 stricte
769 689 958 762 judex
987 687 1400 761 delinquentes
1430 685 1617 754 feriat,
1663 687 1895 757 oportet
1925 687 1988 741 ut
2015 681 2204 738 mina-

547 797 678 838 cem
703 777 979 851 ejusdem
1014 775 1236 849 judicis
1293 774 1646 833 sententiam
1703 771 2121 835 extimeamus,
2151 773 2208 826 et

547 873 759 928 contra
786 865 1152 940 deceptionis
1211 863 1484 921 fraudem
1530 862 1807 935 ejusdem
1853 859 2039 918 hostis
2069 874 2206 916 cau-

549 959 664 1016 tius
693 973 763 1014 ac
792 953 1096 1012 robustius
1125 952 1548 1020 consistamus,
1582 951 1718 1008 illus
1747 950 1856 1007 Job
1896 949 2094 1020 majus
2123 951 2208 1005 at-

550 1046 861 1104 tendentes
886 1062 900 1100 :
949 1043 1204 1100 Verebar
1232 1042 1430 1108 omnia
1459 1055 1642 1112 opera
1662 1055 1812 1107 mea,
1839 1038 2026 1096 sciens
2051 1037 2209 1110 quod

549 1153 670 1195 non
691 1149 975 1207 parceres
997 1133 1372 1204 delinquenti
1390 1131 1522 1201 (Job
1553 1147 1630 1200 IX,
1653 1133 1770 1198 28).
1804 1131 1871 1187 Et
1898 1128 2038 1186 item
2069 1126 2208 1184 dicit

550 1223 894 1282 Psalmista:
951 1220 1265 1278 Maledicti
1304 1221 1410 1292 qui
1463 1219 1773 1278 declinant
1823 1233 1859 1274 a
1909 1215 2207 1274 mandatis

553 1315 668 1370 tuis
698 1313 887 1381 (Psal.
919 1325 1126 1378 cxvm,
1157 1311 1268 1380 21).

621 1405 680 1459 Χ.
717 1399 980 1470 Singulis
1011 1403 1213 1456 autem
1260 1397 1610 1454 hominibus
1658 1397 1807 1454 vitiis
1859 1395 2212 1454 convenien-

551 1491 711 1550 tibus
741 1489 1083 1548 insidiatur.
1116 1487 1278 1544 Prius
1309 1487 1470 1544 enim
1497 1486 1987 1559 conspersionem
2013 1485 2214 1541 unius-

2315 597 2534 653 Omnes
2559 599 2762 654 tamen
2791 596 3013 670 quibus
3043 597 3328 670 praevalet
3355 615 3464 672 per
3493 599 3604 658 tria
3629 601 3776 659 vitia
3807 601 3987 658 vehe-

2314 684 2616 743 mentibus
2641 685 2871 756 mergit.
2930 685 3215 744 Videlicet
3261 686 3412 746 alios
3469 704 3574 762 per
3601 690 3988 766 superbiam,

2314 789 2437 848 qua
2467 790 2528 830 se
2583 773 2909 843 extollunt;
2975 774 3124 832 alios
3157 791 3263 848 per
3314 776 3634 845 luxuriam,
3668 795 3799 853 qua
3864 779 3990 835 suis

2314 861 2718 936 voluptatibus
2773 863 3074 926 serviunt:
3136 863 3286 921 alios
3347 881 3454 940 per
3505 866 3825 937 malitiam,
3861 884 3992 941 qua

2316 967 2459 1007 suos
2483 951 2791 1024 proximos
2821 955 3087 1022 gravent.
3123 953 3288 1010 Unde
3317 961 3373 1010 et
3414 955 3600 1012 tribus
3627 956 3993 1013 nominibus

2316 1055 2390 1096 ex
2415 1039 2558 1114 ipsis
2584 1039 2776 1097 tribus
2807 1040 3142 1098 actionibus
3174 1042 3544 1116 appellatur:
3581 1044 3804 1102 scilicet
3836 1047 3990 1106 avis.

2317 1133 2374 1186 et
2404 1129 2747 1192 Behemoth,
2775 1129 2941 1202 quod
2972 1134 3059 1186 est
3117 1133 3482 1204 jumentum,
3516 1140 3571 1190 et
3633 1136 3992 1204 Leviathan,
4040 1183 4056 1198 .

2316 1218 2483 1292 quod
2521 1223 2610 1276 est
2650 1219 2852 1278 draco.
2915 1223 2977 1276 In
3027 1221 3119 1278 his
3161 1237 3428 1297 namque
3480 1240 3636 1298 quos
3693 1240 3808 1297 pro
3873 1227 3996 1298 spi—

2317 1306 2632 1365 rititalibus
2662 1307 2750 1364 vel
2801 1308 3237 1382 temporalibus
3267 1310 3482 1368 divitiis
3509 1313 3572 1368 in
3629 1312 3997 1385 superbiam

2319 1396 2530 1466 elevat,
2561 1396 2693 1454 avis
2747 1400 2852 1454 est.
2908 1401 2970 1452 ln
3002 1397 3095 1454 his
3145 1413 3306 1467 vero,
3339 1415 3492 1474 quos
3546 1399 3623 1456 ad
3678 1399 3997 1459 luxuriam

2319 1487 2580 1554 enervat,
2612 1486 2954 1558 jumentum
3011 1491 3120 1543 est.
3155 1490 3216 1543 in
3245 1487 3336 1544 his
3380 1503 3534 1560 quos
3587 1487 3668 1546 ad
3725 1489 4000 1547 nocendi

552 1581 848 1654 cujusque
897 1577 1198 1652 perspicit,
1258 1581 1314 1633 et
1371 1580 1511 1634 tunc
1565 1575 1905 1634 tentationis
1957 1574 2210 1648 laqueos
2250 1591 2290 1646 Β
2319 1572 2607 1632 malitiam
2652 1572 3010 1642 inﬂammat,
3072 1574 3254 1632 draco
3313 1581 3418 1634 est.
3475 1580 3536 1634 in
3613 1576 3728 1634 illis
3783 1585 3998 1637 autem

551 1671 748 1727 eidem
831 1665 1244 1740 conspersioni
1313 1665 1622 1738 proximos
1687 1665 1955 1740 opponit.
2012 1667 2211 1738 Neque

551 1759 714 1817 enim
745 1756 916 1814 facile
941 1755 1288 1830 captivaret,
1343 1755 1390 1810 si
1421 1759 1523 1812 aut
1573 1755 1892 1813 luxuriosis
1939 1752 2210 1828 praemia,

554 1851 660 1906 aut
687 1846 888 1905 avaris
939 1848 1136 1902 scorta
1181 1847 1562 1917 proponeret.
1613 1844 1670 1900 Si
1713 1847 1818 1900 aut
1863 1858 2108 1900 voraces
2135 1839 2212 1898 de

555 1935 937 1996 abstinentiae
965 1933 1178 2007 gloria,
1229 1936 1332 1990 aut
1357 1933 1724 1992 abstinentes
1745 1933 1819 1990 de
1851 1931 2006 2006 gulae
2026 1930 2211 1989 imbe-

556 2026 796 2085 cillitate
824 2023 1113 2100 pulsaret.
1134 2023 1190 2080 Si
1221 2023 1393 2081 mites
1420 2039 1529 2097 per
1550 2022 1817 2080 studium
1843 2021 2207 2087 certaminis,

555 2120 660 2175 aut
681 2113 1008 2173 iracundos
1023 2127 1238 2186 capere
1254 2127 1360 2185 per
1388 2127 1674 2184 pavorem
1691 2110 2024 2170 formidinis
2051 2126 2212 2184 quas-

553 2208 728 2262 reret.
763 2201 878 2261 Sed
917 2205 984 2259 ut
1011 2199 1313 2257 efﬁcacius
1347 2201 1408 2258 in
1454 2216 1564 2258 sua
1616 2199 1827 2257 fraude
1873 2198 2207 2273 praevaleat,

554 2311 628 2351 eo
657 2293 794 2351 vitio
823 2307 947 2366 quo
978 2307 1118 2348 eum
1148 2289 1319 2348 citius
1359 2305 1799 2348 consensurum
1828 2305 1900 2347 ex
1928 2288 2212 2363 qualitate

557 2382 742 2440 animi
771 2382 902 2453 ejus
931 2381 1118 2444 novit,
1149 2379 1436 2453 explorat.
1482 2379 1625 2436 Hinc
1654 2379 1941 2453 scriptum
1961 2382 2084 2436 est:
2108 2379 2210 2434 Di-

558 2471 788 2528 viditur
815 2476 992 2527 aestus
1019 2483 1199 2539 super
1228 2473 1452 2524 terram
1479 2467 1611 2539 (Job
1641 2484 1886 2537 xxxvxu,
1917 2467 2028 2536 24).
2064 2467 2213 2534 Quia

559 2558 830 2616 videlicet
851 2558 915 2614 in
967 2557 1084 2615 hac
1111 2556 1233 2612 vita
1286 2557 1626 2618 tentationis
1681 2556 1958 2615 ardorem
1999 2556 2212 2614 callide

560 2646 809 2718 singulis
829 2645 1107 2716 ingerens
1149 2644 1323 2718 quasi
1374 2650 1588 2702 aestum
1633 2644 1862 2713 dividit,
1893 2645 2042 2704 dum
2067 2646 2210 2704 vici-

557 2751 672 2792 nos
702 2733 973 2794 moribus
996 2733 1247 2806 laqueos
1277 2733 1613 2791 abscondit.
1643 2738 1704 2799 in
1737 2733 1850 2790 illis
1877 2739 2078 2792 autem
2107 2735 2212 2809 qui

557 2825 691 2897 ejus
719 2823 1014 2882 voluntati
1070 2821 1322 2894 subjecti
1377 2827 1533 2891 sunt,
1579 2824 1848 2897 quadam
1902 2825 2214 2883 securitate

556 2913 898 2988 perfruitur,
931 2912 1079 2970 dum
1136 2911 1418 2968 cordibus
1447 2927 1657 2970 eorum
1700 2911 1877 2987 quasi
1917 2912 2214 2987 superbus
2246 2941 2286 2996 ρ

556 3018 664 3061 rex
693 3002 1056 3061 inconcussa
1083 3003 1374 3076 potestate
1402 3000 1766 3060 dominatur.
1802 3000 1916 3059 Sed
1946 3001 1994 3058 si
2041 3003 2213 3074 cuju-

555 3092 731 3151 slibet
752 3107 927 3150 mens
977 3089 1057 3148 ad
1091 3089 1458 3148 desiderium
1509 3089 1841 3148 Conditoris
1890 3090 2211 3164 incalescit,

557 3183 604 3240 si
634 3180 1048 3254 Redemptoris
1081 3179 1282 3252 gratiae
1318 3181 1609 3249 meminit,
1643 3185 1700 3238 et
1727 3181 1911 3238 teneri
1941 3181 2212 3254 captivus

557 3289 594 3331 a
621 3272 778 3328 vitiis
803 3270 1134 3328 erubescit:
1169 3285 1307 3326 eum
1364 3269 1524 3326 idem
1553 3270 1743 3327 hostis
1786 3270 2124 3328 considerat
2149 3286 2212 3328 se

554 3359 801 3434 despici,
859 3363 917 3414 et
964 3361 1174 3415 contra
1222 3373 1286 3413 se
1333 3357 1706 3432 mancipium
1759 3357 1928 3431 quod
1975 3357 2212 3416 dudum

553 3447 908 3522 possederat
952 3445 1144 3514 reniti,
1178 3461 1320 3503 mox
1345 3445 1408 3504 in
1432 3445 1595 3505 omni
1627 3446 1966 3503 tentationis
1995 3451 2118 3504 arte
2149 3462 2212 3503 se

554 3536 799 3607 instigat
823 3553 834 3592 :
859 3551 930 3593 ac
945 3551 1020 3592 ne
1049 3535 1099 3590 is
1121 3549 1303 3608 quem
1321 3535 1671 3608 possederat
1695 3534 1773 3594 ab
1795 3536 1926 3606 ejus
1941 3536 2211 3596 dominio

553 3625 855 3694 liberetur,
873 3623 1184 3698 multiplici
1216 3624 1426 3681 fraude
1451 3624 1731 3682 decertat.
1750 3623 1894 3680 Hinc
1905 3624 1980 3682 de
1997 3624 2088 3681 his
2107 3625 2211 3698 qui

553 3719 980 3774 convertuntur
1009 3714 1086 3774 ad
1135 3730 1237 3773 cor
1285 3715 1572 3788 scriptum
1603 3718 1690 3772 est
1716 3731 1728 3769 :
1763 3715 2130 3773 Maledicant
2160 3716 2214 3771 ei

551 3805 662 3879 qui
692 3805 1065 3863 maledicunt
1094 3804 1232 3869 diei,
1263 3805 1369 3877 qui
1388 3806 1599 3874 parati
1625 3810 1766 3860 sunt
1791 3807 2084 3863 suscitare
2109 3805 2213 3862 Le-

552 3894 807 3952 viathan
839 3893 970 3966 (Job
1001 3909 1080 3964 ιιι,
1104 3893 1175 3964 8).
1193 3892 1397 3950 Eidem
1427 3893 1652 3966 quippe
1672 3892 1830 3950 hosti
1855 3893 2210 3952 maledicere

551 3988 640 4042 est
670 3989 914 4057 peccata
943 3999 1078 4057 quae
1135 3983 1401 4054 suggerit
1429 3983 1740 4040 exsecrari.
1791 3983 1905 4040 Sed
1933 3983 2210 4058 quisquis

548 4075 666 4132 hoc
693 4073 896 4131 fecerit
931 4072 1248 4130 Leviathan
1298 4073 1560 4142 suscitat,
1587 4072 1710 4146 qui,
1757 4076 1823 4128 ut
1845 4073 2070 4130 dictum
2100 4078 2206 4137 est,

549 4163 610 4219 in
642 4176 966 4235 pravorum
984 4159 1466 4232 cordibus,quasi
1487 4161 1724 4232 quietus
1749 4163 1806 4215 et
1819 4160 2047 4233 sopitus
2077 4160 2211 4217 dor-

549 4251 675 4307 mit.
706 4250 1054 4322 Quicunque
1081 4249 1258 4320 igitur
1285 4248 1569 4305 divinitus
1598 4253 2076 4322 respectus,qute
2110 4249 2208 4305 Dei

553 4344 694 4395 sunt
719 4354 894 4409 agerc
913 4337 1235 4408 desiderat,
1271 4337 1592 4394 Leviatlian
1623 4337 1684 4394 in
1715 4338 2038 4394 certamine
2065 4354 2206 4395 con-

550 4432 642 4482 tra
675 4442 736 4482 se
765 4429 1074 4498 provocat,
1103 4427 1154 4496 ej
1167 4441 1353 4498 usque
1383 4424 1672 4482 malitiam
1697 4442 1808 4482 sua
1822 4426 2209 4485 conversione

549 4515 905 4572 inﬂammat.
943 4517 1058 4570 Nec
1090 4529 1460 4587 magnopere
1490 4531 1632 4586 ergo
1663 4514 1960 4601 qupslibet
1989 4531 2211 4590 pravos

547 4603 857 4678 inquietat,
891 4603 1114 4677 quippe
1143 4619 1298 4677 quos
1321 4619 1444 4659 non
1498 4603 1692 4660 solum
1731 4619 1839 4677 per
1893 4604 2074 4676 mala,
2107 4607 2212 4664 sed

547 4709 656 4766 per
687 4694 820 4766 ipsa
849 4709 1093 4766 quoque
1122 4693 1284 4750 bona
1332 4707 1536 4767 opera,
1583 4710 1720 4766 quas
1757 4709 1879 4750 non
1911 4693 2212 4752 sinceriter

547 4787 782 4852 gerunt,
816 4782 924 4838 sibi
957 4783 1179 4838 servire
1203 4781 1526 4856 conspicit;
1552 4781 1656 4840 sed
1678 4783 1756 4840 ad
1789 4785 1976 4840 Deum
2003 4784 2210 4842 confu-

549 4870 846 4940 gientibus
876 4871 1226 4928 innumeras
1255 4870 1505 4928 insidias
1539 4871 1744 4929 tendit.

615 4961 701 5014 XI.
779 4958 1149 5024 Quibuslibet
1199 4964 1401 5016 autem
1456 4961 1658 5034 pravis
1719 4961 1881 5018 mala
1931 4963 2213 5034 quaslibet

546 5051 749 5122 aperte
802 5048 1098 5119 suggerit,
1142 5048 1351 5122 eisque
1378 5049 1542 5106 velut
1567 5049 1963 5107 familiaribus
1992 5051 2209 5125 iniqui-

525 5141 694 5198 tates
722 5137 1094 5194 manifestius
1143 5137 1425 5202 insinuat,
1468 5143 1534 5195 ut
1563 5140 1816 5197 scienter
1855 5145 2039 5210 agant
2074 5157 2210 5213 qua:

543 5228 708 5286 mala
737 5243 1022 5284 essenon
1074 5227 1372 5300 ignorant.
1429 5229 1606 5287 Bonis
1638 5245 1780 5300 ergo
1813 5227 1974 5286 velut
2022 5234 2212 5286 extra-

543 5320 672 5376 neis
703 5319 955 5376 latenter
1010 5319 1348 5387 insinuans,
1387 5319 1552 5376 mala
1601 5336 1735 5392 qum
1803 5318 2042 5392 publice
2086 5335 2212 5376 non

543 5409 722 5473 valet,
757 5412 906 5464 tecta
964 5406 1439 5463 subintrodueit:
1492 5407 1687 5479 utqui
1744 5409 1913 5462 ma'is
1957 5423 2208 5462 consen-

547 5497 652 5553 tire
682 5497 1005 5567 refugiunt,
1038 5497 1100 5551 in
1157 5497 1332 5554 bonis
1371 5499 1474 5551 aut
1500 5495 1679 5568 tepidi
1723 5495 1857 5565 sint,
1892 5500 1996 5553 aut
2022 5496 2210 5554 nimio

541 5585 668 5644 zelo
699 5583 950 5641 modum
1006 5584 1318 5643 excedant.
1370 5585 1532 5649 Quos
1574 5583 1931 5660 plerumque
1962 5587 2204 5656 gravius

2319 1678 2474 1736 quos
2531 1661 2752 1736 pariter
2801 1679 2908 1736 per
2979 1665 3090 1720 tria
3146 1665 3275 1722 haec
3349 1666 3582 1737 mergit,
3639 1668 4000 1738 jumentum

2321 1751 2518 1819 simul,
2552 1755 2609 1808 et
2638 1749 2843 1819 draco,
2875 1757 2935 1808 et
2959 1752 3088 1809 avis
3121 1758 3229 1810 est.
3261 1753 3515 1811 Maxima
3553 1759 3758 1812 tamen
3801 1757 4000 1814 virtus

2320 1842 2452 1912 ejus
2479 1840 2541 1898 in
2568 1840 2810 1898 luxuria
2837 1846 2942 1899 est.
2979 1843 3143 1900 Unde
3192 1843 3272 1900 ad
3301 1843 3546 1901 beatum
3593 1844 3706 1902 Job
3735 1845 3996 1903 dicitur:

2319 1929 2638 1986 Fortitudo
2670 1931 2798 2000 ejus
2826 1931 2890 1985 in
2914 1930 3128 1987 lumbis
3154 1934 3284 2002 ejus
3345 1932 3474 2003 (Job
3505 1949 3598 1996 XL,
3635 1935 3744 2005 lt).
3781 1935 4002 1992 Videli-

2321 2022 2412 2076 cet
2435 2032 2692 2092 prosper
2719 2018 3042 2076 masculos.
3075 2020 3154 2076 Et
3183 2023 3373 2078 virtus
3399 2021 3586 2085 illius,
3624 2027 3874 2096 propter
3907 2023 3999 2080 fe-

2320 2107 2539 2170 minas,
2593 2109 2656 2164 in
2679 2107 2959 2166 umbilico
2993 2111 3211 2166 ventris
3244 2112 3370 2182 ejus
3397 2109 3594 2182 (Ibid).
3630 2110 3738 2168 Ubi
3771 2116 4002 2170 notan-

2321 2197 2490 2266 dum,
2522 2197 2672 2270 quia
2696 2195 2978 2254 fortitudo
3000 2198 3128 2268 ejus
3176 2213 3298 2256 non
3328 2198 3545 2255 dicitur
3571 2215 3699 2256 esse
3742 2201 3806 2257 in
3838 2201 4004 2258 lum-

2319 2283 2434 2354 bis,
2468 2285 2564 2342 vel
2591 2285 2653 2342 in
2678 2284 2965 2343 umbilico
2987 2302 3195 2343 eorum
3226 2287 3329 2361 qui
3349 2292 3849 2360 prosternuntur:
3886 2292 4005 2348 sed

2321 2373 2382 2430 in
2407 2372 2630 2430 lumbis
2657 2377 2714 2430 et
2742 2372 3030 2432 umbilico
3061 2375 3252 2449 ipsius
3281 2375 3530 2450 diaboli,
3557 2379 3702 2451 quia
3723 2378 4002 2436 nimium

2323 2463 2474 2519 sicut
2526 2461 2589 2520 in
2640 2461 2945 2519 Moralium
2994 2463 3149 2521 libro
3206 2480 3371 2522 xxxu
3428 2465 3799 2540 perhibetur,
3862 2467 4007 2540 ejus

2321 2551 2561 2626 proprie
2591 2565 2812 2624 corpus
2840 2550 3014 2623 fiunt,
3044 2554 3146 2626 qui
3177 2553 3229 2610 ei
3253 2569 3360 2629 per
3387 2553 3687 2614 luxuriam
3715 2573 4009 2614 succum-

2322 2640 2492 2699 bunt.
3657 2664 3677 2678 π

2391 2731 2500 2788 XII.
2530 2731 2594 2787 In
2619 2746 2744 2806 qua
2767 2736 2971 2790 tamen
3028 2733 3264 2802 luxuria
3311 2735 3615 2792 neminem
3665 2751 3864 2810 usque
3920 2737 4010 2794 ad

2322 2834 2685 2878 consensum
2738 2821 2973 2893 mergit,
3002 2820 3115 2878 nisi
3163 2837 3302 2880 eum
3333 2823 3439 2896 qui
3488 2824 3651 2896 prius
3700 2825 3765 2882 in
3798 2826 4010 2882 oculis

2323 2907 2424 2966 Dei
2448 2907 2852 2982 superbiendo
2881 2909 3057 2966 cadit.
3120 2909 3295 2976 Quod
3325 2911 3385 2967 in
3421 2928 3482 2967 se
3535 2912 3769 2986 primus
3801 2914 4010 2971 homo

2321 2997 2598 3068 ostendit,
2658 2997 2762 3072 qui
2827 3003 3150 3072 postquam
3227 3000 3632 3074 superbiendo
3693 3004 4007 3076 peccavit,

2319 3102 2464 3144 mox
2491 3085 2775 3158 genitalia
2823 3087 3102 3144 membra
3131 3088 3388 3147 erubuit.
3445 3093 3591 3146 Nam
3621 3090 3769 3164 quia
3799 3093 4010 3150 Deum

2321 3175 2727 3250 superbiendo
2779 3177 3159 3250 contempsit,
3219 3194 3361 3236 mox
3431 3195 3470 3236 a
3513 3179 3756 3238 subdita
3809 3197 4010 3240 carne

2319 3264 2593 3338 praelium
2625 3265 3075 3340 sumpsit.Unde
3105 3267 3401 3341 propheta
3427 3286 3440 3324 :
3469 3269 4004 3342 Responbedit,in—

2319 3355 2468 3428 quit,
2494 3356 2852 3426 arrogantia
2909 3357 3103 3412 Israel
3133 3357 3196 3411 in
3247 3357 3463 3426 faciem
3526 3359 3671 3429 (Ose.
3715 3374 3774 3426 v,
3821 3359 3906 3430 5),
3942 3361 4010 3417 id

2320 3447 2408 3500 est
2425 3458 2532 3517 per
2555 3444 2833 3502 meritum
2857 3443 3154 3518 superbia;
3175 3443 3414 3503 latentis
3431 3445 3492 3504 in
3513 3450 3788 3521 apertam
3815 3448 4008 3507 luxu-

2319 3533 2472 3590 riam
2503 3532 2715 3591 cadere
2741 3533 3118 3607 permittitur.
3135 3533 3244 3598 Qui
3275 3539 3340 3592 ut
3358 3535 3697 3594 ostenderet
3720 3537 3897 3610 quod
3931 3539 4006 3596 li-

2317 3621 2460 3678 bido
2490 3637 2562 3678 ex
2587 3621 2797 3679 merito
2828 3621 3123 3696 superbiae
3174 3623 3512 3698 proruperit
3559 3625 3674 3682 ait:
3725 3627 4008 3696 Spiritus

2315 3711 2740 3781 fornicationis
2789 3712 2852 3767 in
2878 3712 3070 3769 medio
3117 3727 3320 3770 eorum
3376 3714 3579 3784 (Ibid,
3613 3717 3692 3783 4).
3735 3715 3798 3770 Si
3827 3717 4006 3774 enim

2319 3800 2564 3873 spiritus
2611 3799 2908 3874 superbiae
2971 3800 3086 3859 sub
3116 3803 3236 3858 Deo
3277 3802 3590 3876 premitur,
3637 3820 3780 3861 caro
3809 3821 4008 3880 super

2319 3888 2592 3964 spiritum
2622 3888 2818 3946 illicita
2864 3905 2989 3946 non
3029 3890 3320 3948 elevatur.
3385 3891 3667 3966 Quisquis
3717 3910 3866 3966 ergo
3903 3913 4008 3954 su-

2317 3994 2505 4053 perna
2548 3979 2793 4053 appetit,
2849 3979 2896 4036 si
2944 3986 3156 4053 postea
3209 3980 3518 4056 voluptate
3570 3985 4006 4056 prosternitur,

2317 4083 2441 4125 non
2471 4072 2610 4126 tunc
2641 4085 2703 4124 se
2724 4067 2951 4141 judicet
2973 4069 3215 4126 victum.
3250 4086 3394 4128 cum
3423 4075 3624 4145 aperte
3649 4081 4006 4146 superatur,

2318 4157 2464 4230 quia
2491 4162 2633 4216 tunc
2657 4157 2860 4230 utique
2893 4161 3028 4214 ante
3057 4159 3158 4215 Dei
3223 4159 3434 4218 oculos
3457 4160 3522 4218 in
3547 4161 3740 4234 culpae
3766 4165 4012 4236 voragi-

2319 4262 2460 4304 nem
2491 4246 2721 4316 cecidit,
2753 4263 2893 4304 cum
2914 4262 3042 4304 sese
3073 4249 3226 4305 ultra
3257 4265 3446 4322 quam
3467 4249 3711 4308 deberet
3739 4251 4009 4311 efferens

2320 4336 2568 4394 latenter
2592 4337 2892 4394 intumuit.

2391 4427 2536 4482 XIII.
2600 4425 2779 4497 Igitur
2811 4427 3037 4485 malitia
3093 4429 3170 4486 ad
3218 4429 3524 4488 violentos
3554 4431 3831 4506 pertinet.
3889 4436 4010 4492 Su-

2319 4515 2528 4588 perbia
2584 4531 2726 4574 vero
2798 4520 2854 4574 et
2907 4515 3162 4584 luxuria,
3235 4522 3358 4576 tam
3405 4519 3484 4576 ad
3551 4519 3741 4592 ipsos,
3802 4537 4008 4595 quam

2319 4604 2501 4662 etiam
2529 4604 2608 4662 ad
2656 4603 2826 4674 alios,
2887 4606 2992 4678 qui
3046 4608 3343 4664 mansueti
3403 4607 3761 4682 plerumque
3792 4611 4012 4670 viden.

2319 4697 2432 4750 tur.
2459 4696 2607 4750 Nam
2637 4692 2698 4750 in
2719 4693 2864 4766 ipsis
2892 4695 3186 4752 mendicis
3218 4700 3275 4752 et
3296 4696 3697 4770 pauperrimis
3726 4697 3845 4758 ista
3869 4699 4007 4757 duo

2319 4782 2464 4840 vitia
2492 4781 2692 4852 vigere
2722 4782 2930 4840 solent.
2966 4783 3146 4842 Elatio
3191 4800 3456 4859 namque
3489 4783 3771 4860 spiritum
3793 4788 4002 4860 erigit,

2317 4871 2555 4928 luxuria
2604 4886 2848 4928 carnem
2893 4873 3239 4946 corrumpit.
3303 4873 3468 4932 Unde
3522 4879 3578 4931 et
3628 4875 3830 4932 isdem
3891 4895 4004 4936 ne-

2318 4975 2506 5034 quam
2534 4959 2776 5033 spiritus
2807 4961 2920 5018 sub
2977 4961 3196 5020 umbra
3225 4968 3282 5020 et
3310 4963 3371 5020 in
3399 4969 3626 5022 secreto
3658 4964 3908 5037 calami,
3944 4972 4006 5025 et

2319 5049 2382 5106 in
2407 5049 2554 5106 locis
2581 5049 2974 5108 humentibus
3005 5050 3269 5110 dormire
3288 5053 3650 5126 perhibetur.
3689 5055 4002 5121 Quoniam

2320 5155 2424 5196 eos
2445 5153 2600 5212 quos
2629 5138 3069 5214 decipit,prim0
3085 5141 3418 5200 acharitate
3446 5143 3654 5200 Christi
3679 5145 4001 5218 teperejfa-

2320 5227 2414 5286 cit.
2447 5231 2595 5286 Tum
2647 5243 2788 5284 vero
2848 5245 2956 5302 per
3007 5229 3327 5288 elationem
3357 5247 3492 5304 quae
3549 5247 3654 5305 per
3680 5233 4003 5291 calamum

2319 5317 2464 5375 foris
2489 5317 2736 5391 quidem
2766 5317 3076 5391 nitentem,
3100 5319 3203 5374 sed
3233 5319 3393 5376 intus
3418 5337 3680 5378 vacuum
3707 5321 4003 5393 designa-

2321 5411 2434 5478 tur,
2468 5406 2579 5462 sibi
2605 5423 2708 5462 eos
2741 5407 3044 5479 subjugat.
3076 5408 3298 5465 Deinde
3327 5426 3436 5483 per
3485 5410 3768 5482 genitalia
3801 5429 4002 5470 mem-

2317 5498 2449 5570 bra,
2507 5513 2640 5570 quae
2691 5495 2826 5552 loca
2878 5497 3188 5556 humentia
3243 5498 3672 5572 intelliguntur,
3732 5501 3820 5557 ad
3879 5508 4004 5560 tur-

2320 5587 2654 5662 pitudinem
2719 5589 3058 5658 prosternit.
3131 5591 3283 5646 Sane
3329 5589 3436 5662 qui
3496 5589 3590 5647 vel
3649 5589 3786 5646 haec
3866 5591 4003 5650 duo
