4094 6156
194 177 287 229 529

1251 179 1742 236 COLLATIONUM
1784 180 1960 234 LIBRI
1999 179 2193 234 TRES.
2236 211 2303 220 —
2344 182 2470 249 LIB.
2514 186 2554 236 l-.

3509 190 3614 243 530

189 294 273 350 vel
295 298 507 351 caetera
528 296 809 369 quaelibet
834 299 962 369 ejus
1010 296 1298 369 ﬁgmenta
1340 315 1623 372 superare
1656 301 1837 373 cupit,
1879 302 1925 354 A
1954 313 2088 354 rum
2120 292 2329 369 gerant
2358 301 2611 372 provida
2640 302 3085 374 dispensatione
3113 319 3464 377 expressum
3493 313 3607 366 est.

190 381 343 437 hunc
372 380 434 437 in
465 383 663 454 prima
691 386 1071 455 suggestione
1121 390 1486 443 contemnat.
1534 392 1671 453 Quae
1704 403 1839 457 sug-

188 469 367 541 gestio
401 474 584 543 caput
613 470 741 542 ejus
770 477 876 530 est.
902 474 1073 539 Quod
1100 473 1374 532 videlicet
1395 480 1577 548 caput
1607 475 1685 532 ab
1717 492 1839 532 uno

185 558 446 632 quolibet
473 558 737 616 ﬁdelium
762 561 989 617 virtutis
1028 562 1179 636 pede
1211 563 1381 620 facile
1416 564 1759 630 conteritur,
1788 564 1837 619 si

184 647 371 719 prima
404 650 707 719 Suggestio
733 657 1069 723 respuatur.
1099 652 1261 723 Unde
1285 652 1363 708 ad
1388 652 1670 710 eumdem
1693 652 1834 707 hos-

183 740 295 792 tem
327 734 399 792 :le
429 736 697 809 qualibet
734 720 1003 797 studiosa
1033 720 1236 797 anima
1300 744 1453 798 Deus
1487 742 1629 798 dicit
1660 742 1838 810 :Ipsa

183 832 435 881 conteret
475 831 656 896 caput
687 833 853 883 tuum
887 830 1054 894 (Gen.
1089 845 1171 889 ui.
1225 830 1327 901 t5).
1366 830 1572 887 Cauda
1598 844 1740 886 vero
1766 827 1835 885 il-

181 914 284 970 lius
313 918 403 971 est
431 914 626 987 operis
654 916 993 989 completio,
1052 919 1125 975 de
1180 935 1307 992 qua
1355 920 1645 993 scriptum
1703 923 1830 976 est:

177 1004 430 1074 Stringit
460 1004 714 1061 caudam
744 1021 915 1062 suam
940 1009 1093 1063 sicut
1125 1009 1365 1064 cedrum
1405 1009 1538 1075 (Job
1592 1025 1683 1075 χι,
1722 1012 1827 1076 12).

178 1091 414 1149 Succisa
443 1092 656 1149 cedrus
683 1094 743 1149 in
769 1094 1031 1167 lapidem
1060 1096 1341 1153 durescit.
1378 1096 1649 1154 Caudam
1688 1112 1831 1153 vero

176 1196 345 1237 suam
373 1182 546 1254 quasi
576 1181 825 1239 cedrum
880 1185 1134 1254 stringit,
1167 1186 1309 1257 quia
1342 1187 1392 1241 si
1451 1190 1632 1258 caput
1676 1186 1826 1257 ejus,

172 1270 330 1344 quod
383 1277 471 1328 est
498 1270 727 1328 blanda
781 1274 1104 1344 suggestio,
1142 1273 1328 1331 semel
1358 1275 1420 1330 in
1448 1274 1629 1331 corde
1687 1274 1829 1330 reci«

172 1359 344 1432 pitur,
377 1358 659 1434 deinceps
715 1360 909 1417 eidem
966 1363 1133 1419 cordi
1162 1363 1337 1435 quasi
1379 1378 1450 1420 ex
1476 1363 1608 1434 jure
1639 1362 1829 1419 domi-

168 1453 361 1520 natur,
381 1454 439 1507 et
460 1448 731 1507 violenta
751 1451 1183 1508 consuetudine
1232 1466 1383 1523 pene
1433 1450 1828 1509 insolabiliter

166 1538 508 1596 innodatur.
530 1539 672 1595 Hinc
693 1545 780 1596 est
809 1540 976 1613 quod
1001 1541 1276 1598 nonnulli
1304 1545 1554 1614 peccata
1599 1556 1710 1597 sua
1732 1541 1823 1596 {u-

1951 390 2101 444 Nam
2134 393 2196 444 ut
2221 390 2386 461 prius
2416 389 2489 445 de
2521 391 2663 447 Cain
2689 390 2983 457 dicamus,
3038 392 3141 465 qui
3172 394 3608 467 primogenitus

1948 476 2088 531 Adae
2118 476 2244 545 fuit,
2275 478 2363 547 (ut
2387 477 2546 534 enim
2578 478 2894 551 Apostolus
2945 480 3046 551 ait,
3075 496 3194 537 non
3238 486 3417 552 prius
3448 486 3608 556 quod

1947 566 2241 634 spiritale,
2271 568 2375 624 sed
2394 569 2554 639 quod
2581 568 2844 623 animale
2875 570 2932 636 {1
2957 569 3094 624 Cor.
3137 586 3233 641 xv,
3266 574 3379 644 46],
3410 580 3429 641 )
3478 574 3605 646 ipse

1948 653 2212 725 agricola
2233 655 2467 724 exstitit,
2512 662 2567 711 et
2615 670 2901 728 sequaces
2953 656 3083 726 ejus
3113 659 3248 714 totis
3294 659 3605 718 desideriis

1947 747 2179 800 terrena
2235 750 2512 817 quierunt
2540 763 2551 798 ε
2578 746 2683 818 qui
2729 744 2824 800 hic
2855 744 3079 801 habent
3128 745 3358 803 bonum
3400 766 3602 822 suum,

1945 831 2147 888 multis
2174 833 2463 904 angustiis
2486 833 2913 904 intermistum,
2948 835 3120 905 cujus
3152 834 3296 891 boni
3356 853 3603 911 percep-

1945 922 2103 978 tione
2149 922 2445 979 laetantur.
2499 922 2700 988 Qualis
2736 923 2938 980 laetitia
2984 922 3059 979 de
3113 923 3331 980 talibus
3362 908 3604 995 gaudiis

1942 1013 1998 1064 et
2027 1008 2205 1065 rebus
2235 1010 2429 1066 inesse
2462 1016 2653 1084 potest
2682 1013 2707 1067 ‘?
2756 1012 2851 1067 Ille
2883 1012 3241 1068 sacriﬁcium
3296 1016 3437 1082 Deo,
3495 1016 3602 1070 sed

1940 1113 2063 1154 non
2094 1099 2438 1173 simpliciter
2465 1101 2696 1167 obtulit,
2731 1106 2785 1157 et
2812 1102 2903 1157 isti
2934 1101 3137 1171 ﬁdem,
3170 1102 3303 1158 licet
3336 1103 3600 1159 verbote-

1938 1203 2074 1257 nus,
2128 1194 2346 1245 tenent.
2410 1192 2518 1255 Qui
2578 1206 2733 1263 saepe
2761 1191 2948 1247 multa
2976 1190 3137 1246 bona
3183 1191 3426 1259 faciunt,
3461 1209 3598 1263 quae

1940 1282 2141 1335 tamen
2171 1278 2264 1334 vel
2288 1277 2587 1335 malorum
2618 1278 2995 1344 admistione,
3024 1278 3115 1334 vel
3146 1279 3298 1334 sicut
3327 1279 3444 1349 ille,
3481 1280 3597 1337 tra-

1939 1369 2105 1422 terno
2157 1365 2296 1423 odio
2329 1365 2792 1423 commaculant.
2848 1366 2990 1422 Aliis
3039 1366 3288 1439 donant,
3334 1366 3464 1424 aliis
3502 1384 3598 1424 ra-

1936 1453 2127 1524 piunt,
2177 1453 2483 1510 mercedes
2528 1460 2897 1526 congregant
2949 1475 2959 1509 :
3020 1455 3145 1521 sed,
3195 1460 3260 1511 ut
3311 1457 3597 1528 scriptum

1936 1546 2041 1602 est.
2074 1557 2175 1598 eos
2204 1542 2264 1597 in
2323 1557 2567 1597 saccum
2613 1546 2928 1613 pertusum
2988 1542 3247 1609 mittunt,
3303 1542 3451 1599 dum
3485 1558 3597 1616 pro

167 1642 298 1699 gere
318 1633 619 1699 satagunt,
639 1629 744 1684 sed
764 1630 1016 1686 evadere
1065 1630 1193 1686 huic
1218 1630 1399 1686 etiam
1451 1630 1825 1686 decertantes
1864 1649 1906 1703 Β
1932 1630 2078 1703 ipsis
2106 1629 2283 1686 donis
2332 1635 2435 1686 aut
2462 1630 2673 1687 laudes
2721 1630 2799 1686 ab
2841 1629 3210 1697 hominibus,
3244 1635 3349 1687 aut
3392 1645 3427 1687 a
3476 1634 3595 1688 Deo

164 1722 487 1790 nequeunt.
526 1719 674 1784 Quia
712 1722 874 1775 tanto
920 1720 1073 1790 ignis
1110 1719 1413 1775 suasionis
1454 1718 1610 1774 illius
1637 1718 1824 1775 semel

163 1810 432 1879 receptus
447 1806 706 1879 amplius
727 1808 1009 1871 incendit,
1041 1812 1270 1880 quanto
1295 1824 1357 1863 se
1379 1808 1431 1864 ei
1456 1808 1535 1864 ad
1574 1823 1822 1864 consen-

163 1893 433 1951 tiendum
453 1894 787 1952 molliorem
815 1896 1070 1970 quisque
1101 1897 1161 1951 in
1177 1896 1315 1951 vitio
1340 1895 1679 1968 praebuerit.
1708 1895 1821 1953 Sed

160 1982 307 2055 quia
334 1984 501 2039 nulla
517 1983 747 2040 ratione
765 1983 1131 2047 conceditur,
1165 1988 1225 2039 ut
1251 1998 1421 2040 mens
1438 1984 1501 2040 in
1515 1985 1628 2040 hac
1644 1999 1821 2040 carne

158 2073 358 2144 posita
386 2073 682 2128 suasionis
710 2074 840 2144 ejus
896 2072 1109 2128 ardore
1166 2088 1288 2128 non
1316 2076 1615 2143 tangatur,
1640 2076 1823 2128 restat

159 2165 228 2216 ut
239 2160 524 2230 malignis
544 2160 788 2217 ﬂatibus
809 2161 1047 2230 adusta,
1071 2160 1150 2218 ad
1167 2162 1455 2218 orationis
1478 2165 1581 2218 aut
1596 2161 1822 2218 confes-

158 2249 346 2304 sionis
394 2265 571 2321 opem
634 2249 760 2305 sine
792 2250 1125 2306 cessatione
1168 2266 1229 2305 se
1262 2255 1589 2307 convertat.
1620 2248 1817 2306 Flam-

160 2353 326 2394 mam
349 2338 574 2410 quippe
604 2338 1000 2409 suggestionis
1033 2338 1187 2395 illius
1227 2342 1283 2396 et
1313 2337 1479 2396 unda
1526 2339 1819 2411 lacryma-

162 2443 292 2482 rum
314 2427 487 2482 citius
514 2426 855 2498 exstinguit,
902 2432 957 2482 et
978 2426 1219 2483 humilis
1249 2426 1545 2484 confessio
1574 2426 1817 2484 fraudes

160 2517 284 2585 ejus
309 2513 628 2571 efﬁcaciter
651 2518 941 2587 tanquam
972 2514 1238 2587 proditas
1270 2513 1477 2573 allidit.

222 2605 362 2659 XIV.
397 2605 473 2659 De
503 2601 594 2658 his
622 2618 756 2675 quae
788 2619 822 2659 a
862 2603 1151 2676 proximis
1201 2602 1458 2676 proximi
1509 2604 1816 2677 patiuntur

157 2692 360 2765 aliqua
384 2691 770 2748 nihilominus
799 2691 1058 2758 relaturi,
1093 2691 1325 2748 videtur
1356 2696 1421 2748 ut
1451 2693 1605 2749 duas
1632 2708 1812 2764 gene-

153 2781 414 2837 rationes
441 2780 778 2847 hominum,
812 2780 1034 2837 scilicet
1066 2779 1364 2837 malorum
1405 2786 1462 2837 et
1487 2780 1809 2849 bonorum,

152 2870 351 2942 primo
401 2868 480 2925 ab
510 2869 756 2925 exordio
786 2884 1217 2925 memoremus.
1243 2871 1373 2926 lam
1416 2886 1557 2925 vero
1592 2869 1666 2926 de
1698 2870 1812 2927 sin-

1933 1719 2243 1792 preesentis
2292 1720 2425 1775 vitae
2470 1718 2807 1775 felicitatem
2863 1723 3162 1791 qurerunt.
3218 1721 3297 1774 De
3367 1719 3591 1792 quibus

1932 1809 2226 1881 propheta
2281 1808 2466 1864 dicit:
2508 1809 2783 1864 Victimas
2840 1808 2899 1862 in
2951 1808 3265 1876 profundo
3308 1807 3592 1875 deferunt

1934 1898 2074 1968 (Ose.
2111 1915 2162 1965 v,
2188 1902 2263 1968 2),
2294 1897 2354 1954 id
2384 1903 2475 1953 est
2504 1912 2576 1953 ea
2603 1912 2740 1970 quise
2769 1897 2829 1952 in
2856 1895 2978 1952 imo
2995 1899 3151 1967 sunt,
3172 1910 3277 1968 per
3309 1894 3591 1968 quaelibet

1930 1982 2093 2039 bona
2119 1999 2304 2056 opera
2321 1984 2651 2057 requirunt.
2685 1986 2834 2040 Nam
2857 1983 2908 2039 si
2946 1981 3208 2039 coelestia
3231 1986 3585 2057 qurererent,

1930 2072 2202 2129 victimas
2231 2073 2291 2128 in
2323 2072 2509 2129 altum
2539 2072 2826 2129 levarent.

2000 2162 2132 2217 XVI.
2162 2160 2259 2218 llle
2285 2163 2527 2219 fratrem
2555 2160 2791 2223 occidit,
2832 2162 2924 2217 isti
2958 2163 3268 2233 proximos
3293 2167 3394 2219 aut
3416 2163 3584 2219 dam-

1928 2250 2020 2305 nis
2051 2249 2345 2322 aﬂligunt,
2403 2254 2506 2307 aut
2548 2249 2839 2322 exemplis
2879 2256 3113 2317 necant,
3169 2256 3467 2322 quantum
3526 2252 3586 2307 in

1925 2338 2072 2410 ipsis
2096 2343 2203 2394 est.
2232 2338 2396 2395 Unde
2455 2338 2742 2411 scriptum
2792 2343 2919 2394 est:
2958 2338 3212 2408 Propter
3245 2339 3586 2394 multitudi-

1924 2444 2056 2485 nem
2088 2428 2596 2485 catumniatorum
2620 2426 2967 2483 clamabunt
3002 2426 3132 2495 (Job
3161 2443 3342 2496 xxxv,
3372 2431 3449 2494 9).
3492 2427 3584 2482 Vi-

1923 2515 2136 2573 delicet
2163 2516 2224 2573 in
2255 2516 2476 2590 quibus
2504 2516 2807 2574 malorum
2835 2516 3100 2589 pravitas
3130 2514 3422 2588 displicet,
3480 2532 3578 2572 ca-

1923 2604 2315 2661 lumniatores
2346 2609 2503 2662 recte
2534 2608 2846 2677 vocantur,
2877 2620 2999 2661 non
3034 2603 3231 2660 solum
3273 2603 3377 2676 qui
3433 2609 3585 2674 exte-

1923 2694 2083 2750 riora
2114 2692 2277 2750 bona
2305 2694 2546 2766 rapiunt
2571 2712 2583 2759 ;
2641 2692 2747 2748 sed
2802 2693 2981 2749 etiam
3011 2692 3118 2765 qui
3145 2692 3279 2748 vitae
3310 2692 3580 2765 reprobus

1926 2783 2201 2855 exemplo
2226 2782 2461 2838 interna
2481 2785 2687 2838 nostra
2706 2781 3000 2853 dissipare
3022 2780 3411 2837 contendunt.
3445 2784 3582 2840 Gra~

1924 2872 2148 2928 viorem
2178 2886 2442 2943 namque
2473 2870 2841 2927 calumniam
2874 2870 3048 2927 nobis
3069 2870 3262 2936 infert,
3295 2871 3401 2943 qui
3424 2872 3581 2929 male

152 2959 433 3030 gularum
482 2959 713 3016 actibus
768 2959 1024 3033 quisque
1083 2958 1296 3031 probet
1344 2959 1403 3015 in
1457 2975 1581 3033 qua
1639 2975 1811 3033 genc-
1853 2998 1892 3052 ρ
1924 2960 2179 3017 vivendo
2205 2960 2328 3016 vim
2356 2959 2573 3016 nostris
2590 2959 2859 3015 moribus
2891 2960 3343 3030 irrogat,quam
3374 2960 3421 3014 is
3474 2961 3580 3032 qui

148 3049 380 3106 ratione
438 3053 724 3113 teneatur,
779 3048 928 3104 dum
986 3049 1334 3118 cognoverit
1391 3047 1467 3105 ad
1513 3064 1701 3121 quam
1741 3066 1812 3104 ex
1860 3045 1892 3052 “
1922 3049 2204 3106 violenter
2232 3048 2459 3104 damna
2489 3045 2670 3103 rebus
2696 3047 2928 3117 ingerit.
2983 3045 3335 3117 Hujusmodi
3376 3052 3577 3104 autem

150 3138 426 3210 ejusdem
457 3137 944 3210 generationibus
971 3137 1308 3210 pertineant
1345 3154 1531 3211 opera
1557 3154 1693 3211 quae
1724 3138 1811 3194 fa-

151 3228 236 3284 cit.
268 3230 433 3285 Sunt
458 3228 661 3300 itaque
692 3226 827 3282 duee
859 3225 1275 3297 generationes
1304 3227 1643 3293 hominum,
1675 3243 1810 3300 quae

152 3332 186 3373 θ.
234 3315 486 3373 duobus
518 3315 653 3371 ﬁliis
711 3315 926 3382 Adam,
972 3331 1007 3370 a
1062 3316 1204 3372 Cain
1252 3313 1525 3371 videlicet
1564 3320 1621 3371 et
1643 3314 1807 3383 Abel,

155 3405 465 3481 exordium
495 3408 869 3477 acceperunt,
904 3408 960 3459 et
1004 3418 1194 3476 usque
1250 3402 1329 3459 ad
1388 3402 1649 3475 ultimos,
1705 3405 1811 3476 qui

154 3492 433 3551 nascituri
456 3497 612 3563 sunt,
646 3507 804 3548 nunc
826 3490 1029 3559 divise,
1064 3506 1223 3547 nunc
1243 3492 1400 3548 misti
1430 3496 1805 3565 percurrunt.

158 3584 230 3639 De
259 3583 565 3641 bonorum
596 3582 974 3653 generatione
994 3597 1128 3654 quae
1161 3581 1238 3637 ab
1285 3581 1432 3638 Abel
1459 3582 1621 3653 justo
1669 3580 1810 3638 inci-

157 3672 234 3745 pit
259 3673 339 3729 ita
364 3672 583 3729 dicitur
617 3690 628 3725 :
664 3671 770 3727 Vos
797 3676 996 3728 autem
1037 3686 1223 3739 genus
1253 3673 1501 3727 electum
1552 3672 1609 3742 (Ι
1640 3672 1804 3728 Petr.

157 3774 212 3828 ιι,
251 3764 324 3834 9).
378 3763 446 3816 Et
486 3760 626 3816 item
677 3776 689 3813 :
727 3759 1042 3815 Generatio
1088 3765 1384 3815 rectorum
1433 3759 1809 3817 benedicetur

154 3849 331 3917 (Psat.
366 3864 490 3916 cxr,
522 3852 600 3915 2).
658 3850 721 3903 Et
765 3845 912 3903 alias
942 3863 954 3902 :
986 3849 1274 3903 Dominus
1306 3848 1367 3902 in
1426 3850 1808 3919 generatione

143 3943 305 4007 justa
333 3946 422 3996 est
445 3939 633 4007 {PsaL
670 3953 783 4001 xui,
818 3939 893 4007 6).
930 3938 1008 3992 De
1035 3936 1335 3992 malorum
1382 3952 1544 4007 vero,
1599 3953 1733 4009 quae
1773 3955 1808 3992 a

150 4028 286 4084 Cain
315 4027 545 4099 incipit,
574 4026 657 4081 sic
686 4025 901 4081 dicitur
929 4044 939 4078 :
966 4025 1282 4080 Generatio
1310 4040 1506 4094 prava
1536 4031 1590 4081 et
1642 4040 1810 4082 exas-

144 4117 570 4186 perans(Psat.
599 4130 809 4184 Lxxvu,
854 4116 927 4179 8).
984 4116 1046 4169 Et
1103 4115 1242 4170 item
1283 4131 1294 4167 :
1327 4115 1642 4170 Generatio
1674 4130 1805 4186 quae

150 4222 262 4261 non
283 4207 508 4263 direxit
539 4220 641 4261 cor
666 4219 836 4258 suum
873 4204 1097 4271 (Ibid)
1132 4204 1196 4258 Et
1228 4202 1372 4258 illud
1420 4220 1431 4257 :
1469 4203 1621 4259 Gens
1670 4202 1803 4259 abs-

151 4309 255 4363 que
273 4295 524 4352 consitio
553 4300 635 4350 est
668 4295 864 4363 (Deut.
918 4309 1087 4355 χχχιι,
1123 4294 1232 4359 28).
1287 4292 1440 4357 Quid
1471 4292 1631 4348 enim
1667 4292 1801 4365 plus

152 4384 270 4441 sine
299 4384 553 4441 consilio
579 4387 685 4450 est,
717 4397 903 4453 quam
937 4382 1088 4437 sicut
1113 4381 1231 4437 illic
1280 4381 1566 4454 sequitur,
1600 4383 1799 4437 novis-

156 4473 307 4530 sima
338 4490 461 4529 non
486 4472 801 4545 providere
825 4473 852 4527 1’
882 4474 1034 4525 Gens
1064 4470 1363 4526 bonorum
1394 4469 1577 4526 habet
1601 4471 1800 4527 civita-

152 4565 263 4618 tem
295 4580 473 4620 suam
514 4561 897 4625 Hierusalem,
954 4562 1126 4632 cujus
1181 4564 1237 4617 et
1262 4559 1407 4615 civis
1448 4565 1555 4631 est,
1586 4561 1804 4633 partim

152 4651 208 4707 in
227 4653 381 4710 coelo
401 4654 530 4724 jam
580 4666 860 4721 regnans,
916 4651 1133 4723 partim
1181 4650 1275 4706 hic
1300 4648 1709 4723 peregrinaris.
1740 4654 1805 4707 Et

150 4740 325 4798 habet
380 4741 671 4797 humilem
726 4755 928 4810 regem
983 4739 1303 4809 Christum,
1345 4739 1418 4795 de
1458 4755 1581 4811 quo
1606 4740 1800 4796 eidem

152 4828 359 4887 dicitur
394 4832 583 4887 :Ecce
610 4831 733 4886 Rex
763 4835 898 4883 tuus
948 4830 1104 4884 veni!
1147 4828 1257 4883 tibi
1300 4834 1663 4897 mansuetus,
1713 4846 1799 4885 se-

151 4917 286 4974 dens
342 4934 527 4988 supra
577 4918 822 4987 pullum
876 4917 1065 4972 asime
1118 4916 1315 4985 (Ζαι-Ιι.
1375 4933 1445 4977 ix.
1502 4920 1576 4987 9).
1618 4918 1802 4974 Habet

150 5010 203 5061 et
228 5006 330 5063 illa
360 5006 663 5076 generatio
693 5004 993 5062 malorum
1047 5005 1344 5060 civitatem
1385 5021 1561 5061 suam
1614 5006 1802 5079 Baby-

150 5094 367 5165 lonem,
401 5096 619 5169 partim
650 5096 710 5152 in
742 5095 974 5151 inferno
1033 5095 1409 5165 damnatam,
1442 5095 1661 5167 partim
1692 5096 1798 5152 ad-

152 5184 263 5241 huc
302 5184 364 5241 in
407 5185 732 5258 iniquitatis
781 5182 1109 5239 ministerio
1157 5187 1535 5254 occupatam.
1572 5186 1714 5248 Quae
1745 5192 1801 5242 et

150 5272 475 5346 superbum
505 5287 709 5343 regem
772 5272 955 5328 habet
1004 5269 1335 5340 diabolum,
1368 5269 1442 5326 de
1493 5284 1616 5341 quo
1655 5268 1800 5326 dici-

151 5364 239 5416 tur
267 5362 432 5431 :Ipse
455 5369 537 5418 est
565 5377 674 5417 rex
698 5376 878 5431 super
922 5375 1119 5417 omnes
1150 5360 1308 5428 ﬁlios
1343 5358 1639 5429 superbiae
1669 5360 1801 5429 (Job

153 5464 253 5515 xu,
288 5451 402 5520 '25).

218 5541 325 5594 XV.
355 5538 421 5594 In
448 5539 560 5597 illis
589 5545 790 5597 autem
820 5539 1063 5595 duobus
1089 5538 1452 5607 hominibus,
1487 5554 1523 5594 a
1573 5537 1798 5610 quibus

154 5625 239 5680 ha;
271 5629 683 5697 generationes
714 5634 931 5684 exortae
964 5630 1119 5690 sunt,
1154 5627 1300 5700 quid
1354 5641 1641 5700 sequaces
1697 5642 1799 5682 eo-

1919 3137 2175 3210 quisque
2200 3151 2323 3191 non
2354 3134 2548 3191 solum
2580 3133 2997 3200 calumniator,
3023 3132 3124 3188 sed
3171 3132 3477 3190 homicida
3507 3150 3579 3190 ex

1864 3262 1875 3265 -
1920 3225 2116 3282 verbis
2141 3224 2370 3281 Domini
2399 3223 2849 3296 comprobatur.
2884 3222 2976 3278 Ait
2999 3222 3159 3278 enim
3182 3220 3256 3278 de
3281 3220 3524 3278 diabolo
3561 3241 3573 3277 :

1919 3316 2035 3371 Ille
2064 3314 2360 3371 homicida
2393 3318 2522 3370 erat
2550 3313 2626 3369 ab
2652 3313 2824 3368 initio
2853 3314 3051 3379 (Joan.
3084 3328 3202 3379 vui,
3232 3313 3343 3382 44),
3374 3310 3436 3367 id
3462 3316 3573 3383 est,

1919 3420 1991 3462 ex
2020 3420 2143 3478 quo
2175 3402 2390 3459 exstitit
2416 3403 2602 3459 homo
2623 3402 2718 3458 cui
2740 3401 3065 3458 invidebat.
3100 3400 3248 3458 Vide
3296 3405 3361 3458 ut
3404 3403 3579 3458 Joan-

1918 3510 2024 3551 nes
2049 3493 2190 3550 dicit
2218 3507 2407 3564 genus
2429 3490 2752 3548 homicidii.
2781 3494 2906 3547 Non
2936 3491 3135 3562 gladio
3157 3495 3575 3559 armatus,non

1916 3582 2069 3640 ferro
2100 3580 2426 3652 accinctus,
2459 3581 2537 3637 ad
2583 3579 2895 3637 hominem
2950 3580 3128 3641 venit,
3175 3585 3450 3654 serpente
3490 3581 3576 3638 in-

1916 3671 2116 3738 dutus,
2140 3670 2372 3727 locutus
2394 3674 2483 3726 est
2521 3668 2776 3739 mulieri,
2811 3674 2868 3724 et
2914 3685 3021 3741 per
3052 3668 3216 3725 illam
3255 3671 3576 3726 venenavit

1915 3761 2132 3816 virum.
2168 3759 2336 3815 Illum
2368 3758 2572 3831 utique
2594 3753 2898 3815 audiendo
2925 3757 3144 3814 mortui
3175 3762 3334 3814 sunt.
3364 3758 3575 3815 Diabo-

1914 3849 2008 3905 lus
2032 3847 2283 3904 verbum
2310 3846 2625 3903 seminavit
2652 3851 2710 3903 et
2739 3844 2971 3902 occidit.
3008 3844 3134 3901 Noli
3163 3861 3304 3915 ergo
3363 3852 3572 3919 putare

1916 3935 2225 3992 hominem
2282 3934 2449 3989 illum
2503 3949 2625 3989 non
2676 3949 2804 3989 esse
2857 3931 3249 4000 homicidam,
3321 3935 3424 4005 qui
3482 3934 3572 3990 vel

1916 4023 2212 4097 exemplo,
2242 4023 2335 4079 vel
2359 4022 2541 4077 verbo
2569 4022 2731 4078 mala
2788 4021 3145 4092 persuadet;
3187 4020 3350 4091 quia,
3377 4023 3425 4075 si
3456 4021 3570 4077 fra-

1913 4113 1986 4170 tri
2016 4112 2357 4186 persuadet,
2383 4110 2615 4166 occidit.
2668 4109 2809 4165 Inde
2836 4113 2923 4164 est
2951 4107 3115 4181 quod
3168 4107 3262 4163 ille
3298 4107 3463 4164 lusus
3496 4113 3571 4163 ls-

1913 4202 2122 4259 niaelis
2170 4216 2308 4257 cum
2368 4204 2529 4256 Isaac
2557 4214 2680 4255 non
2710 4198 2886 4266 lusio,
2920 4198 3027 4253 sed
3058 4196 3253 4254 illusio
3299 4213 3335 4254 a
3384 4203 3571 4253 matre

1913 4294 2176 4364 putatur,
2200 4293 2256 4346 et
2281 4288 2359 4346 ab
2390 4288 2672 4360 Apostolo
2693 4287 3028 4360 persecutio
3058 4286 3424 4343 nominatur.

1984 4381 2139 4437 XVII.
2177 4377 2272 4434 Ille
2325 4378 2402 4434 ab
2459 4378 2591 4448 ipso
2638 4380 2755 4433 Deo
2809 4375 3143 4447 prohibitus
3196 4381 3283 4432 est
3335 4391 3409 4430 ne
3458 4375 3571 4433 fra-

1914 4475 2062 4526 trem
2146 4466 2460 4534 occideret,
2546 4466 2649 4521 sed
2737 4464 2944 4521 audire
3006 4464 3382 4536 contempsit.
3460 4466 3570 4531 Qui

1910 4562 2119 4632 postea
2169 4561 2230 4614 ut
2276 4555 2523 4612 haberet
2564 4554 2892 4627 paenitendi
2944 4554 3325 4610 occasionem
3369 4555 3567 4626 requi-

1911 4647 2057 4704 situs
2104 4650 2210 4712 est,
2245 4643 2350 4700 sed
2397 4643 2663 4700 confiteri
2713 4642 2922 4698 noluit.
2974 4645 3086 4697 Nec
3143 4641 3302 4697 enim
3343 4642 3404 4696 in
3451 4643 3567 4697 hoc

1910 4736 1962 4792 ei
1990 4733 2311 4792 dissimiles
2340 4733 2432 4789 isti
2454 4736 2609 4798 sunt,
2643 4730 2745 4804 qui
2774 4730 3025 4787 scienter
3054 4729 3357 4802 prohibita
3406 4746 3567 4803 quie-

1909 4840 2026 4898 que
2058 4823 2302 4894 faciunt,
2329 4823 2499 4893 jussa
2526 4835 2667 4877 vero
2697 4824 3108 4876 contemnunt.
3158 4822 3305 4875 Nam
3358 4818 3566 4877 videas

1908 4930 2010 4970 eos
2042 4911 2376 4985 impudenti
2401 4908 2869 4983 praesumptione
2909 4908 3191 4981 quaelibet
3219 4908 3357 4966 vitia
3408 4926 3569 4966 com-

1908 5003 2156 5069 mittere,
2188 5005 2264 5070 et,
2295 4999 2462 5073 quod
2487 5001 2660 5071 juxta
2710 4997 2954 5055 beatum
3016 4996 3362 5070 Gregorium
3399 5002 3566 5058 omni

1907 5095 2154 5165 peccato
2183 5090 2248 5147 tit
2273 5089 2535 5161 gravius,
2586 5089 2765 5146 etiam
2817 5088 2892 5145 de
2943 5090 3188 5162 patratis
3243 5090 3565 5147 sceleribus

1908 5179 2233 5254 superbire,
2289 5184 2353 5235 ut
2391 5178 2678 5251 scriptum
2718 5184 2808 5237 est
2839 5196 2850 5234 :
2876 5180 3193 5236 Laetamur
3241 5196 3372 5235 cum
3408 5179 3565 5234 male

1904 5271 2177 5341 fecerunt
2237 5270 2440 5335 (Prov.
2492 5269 2688 5341 11,14).
2726 5293 2753 5318 ››
2804 5273 2869 5325 In
2918 5269 3010 5325 his
3067 5282 3353 5339 namque,
3412 5266 3565 5323 sicut

1906 5360 1967 5415 in
1999 5359 2161 5427 Cain,
2209 5357 2492 5430 superbia
2529 5372 2636 5431 per
2677 5373 2858 5414 usum
2907 5356 3163 5412 crescit:
3196 5358 3258 5409 ut
3316 5354 3396 5409 ita
3448 5353 3561 5409 hoc

1905 5448 2113 5505 vitium
2140 5448 2200 5503 in
2232 5462 2293 5502 se
2323 5462 2433 5503 nec
2473 5447 2683 5504 saltem
2709 5462 2838 5502 esse
2869 5448 3094 5517 putent,
3125 5458 3263 5498 cum
3292 5457 3365 5498 eo
3398 5442 3562 5517 pleni

1906 5539 2041 5594 sint.
2103 5544 2191 5593 An
2243 5553 2366 5593 non
2410 5537 2622 5608 ingens
2667 5536 2724 5592 in
2784 5534 2883 5590 illo
2937 5531 3218 5605 superbia
3254 5532 3380 5601 fuit,
3420 5549 3561 5591 cum

1907 5627 2226 5699 requisitas
2299 5626 2606 5698 respondit
2671 5642 2683 5678 :
2730 5623 3037 5693 Numquid
3100 5628 3292 5678 custos
3342 5623 3560 5690 fratris
