4094 6156
480 180 579 239 831

1531 185 1586 239 S.
1630 181 1888 240 ODONIS
1927 179 2228 239 ABBATIS
2266 183 2761 242 CLUNIACENSlS
2801 187 2842 240 ll

3799 183 3902 238 532

479 304 598 362 mei
623 318 753 360 sum
783 317 887 372 ego
906 303 934 359 ?
961 302 1130 374 (Gen.
1163 319 1238 372 iv,
1267 304 1346 378 9.)
1371 303 1462 362 Sic
1491 305 1718 378 quippe
1742 305 1803 360 in
1825 307 2020 359 mente
2048 319 2142 357 su-
2176 307 2221 360 A
2251 305 2531 377 oﬂ'endat,
2557 308 2602 362 si
2627 310 2884 364 Joannes
2916 321 2987 362 eo
3011 305 3144 379 ipso
3173 308 3418 379 propter
3467 305 3764 363 Christum
3813 319 3906 360 oc-

477 393 710 470 perbia,
739 393 889 448 sicut
912 393 974 449 in
1001 395 1190 450 oculis
1218 395 1411 468 caligo
1462 399 1800 466 generatur.
1832 399 1982 452 Nam
2019 409 2142 466 quo

479 480 658 541 latius
688 481 881 552 caligo
913 498 978 540 se
1005 482 1232 551 dilatat,
1263 499 1335 542 eo
1362 485 1774 542 vehementius
1803 483 2000 540 visum
2039 481 2142 538 ob-

481 575 702 629 scurat.
723 575 803 626 ita
834 576 890 627 ct
915 571 1044 628 haec
1072 571 1380 646 paulisper
1411 589 1702 641 crescens,
1737 571 1951 628 mentis
2000 586 2140 626 ocu-

477 659 608 717 lum
636 675 674 715 a
725 657 973 732 spiritali
1002 659 1299 716 intellectu
1330 661 1558 730 dividit,
1582 667 1648 718 ut
1703 659 1976 732 captivus
2016 658 2141 715 ani-

479 765 618 806 mus
637 749 796 804 hanc
826 752 883 804 ct
905 753 1029 821 pati
1057 751 1265 822 possit,
1296 754 1354 806 et
1379 745 1442 806 in
1463 765 1525 806 se
1554 750 1754 806 videre
1774 764 1899 806 non
1927 747 2134 821 possit.

481 839 634 906 Quia
659 853 804 896 vero
833 837 1036 894 anima
1056 838 1241 896 semel
1263 839 1596 896 voluntarie
1621 840 1793 912 lapsa
1822 853 2137 911 nunquam

480 927 598 986 illic
623 928 821 1000 jacere
848 927 1208 1000 permittitur
1236 945 1358 1002 quo
1388 929 1662 1002 primitus
1702 928 1880 998 cadit,
1927 927 2032 983 sed
2059 925 2138 983 ad

483 1016 760 1089 graviora
812 1015 1166 1096 detrimenta
1239 1022 1402 1074 tanto
1475 1018 1836 1091 profundius
1887 1015 2136 1090 proruit,

481 1109 711 1180 quanto
755 1103 994 1175 longius
1023 1121 1058 1162 a
1098 1105 1430 1162 Conditoris
1461 1106 1790 1162 humilitate
1847 1105 2134 1162 discedit:

481 1193 703 1252 idcirco
732 1193 873 1250 tales
894 1194 1056 1266 justo
1088 1194 1190 1250 Dei
1239 1195 1465 1266 judicio
1513 1195 1916 1262 obctecantur,
1948 1200 2012 1250 ut
2061 1193 2141 1250 ad

485 1283 616 1356 ejus
645 1287 945 1356 praecepta
973 1283 1193 1339 durum
1223 1287 1280 1339 et
1305 1283 1652 1339 insensibile
1701 1299 1804 1339 cor
1854 1283 2136 1339 habeant.

487 1371 652 1430 Unde
695 1372 1046 1430 Psalmista:
1080 1373 1467 1443 Auferuntur
1490 1373 1727 1442 judicia
1777 1379 1880 1428 tua
1911 1387 1948 1428 a
1981 1373 2142 1442 facie

484 1465 614 1533 ejus
641 1462 830 1533 (Psal.
851 1478 910 1529 ιι,
945 1462 1018 1532 5).
1052 1464 1312 1530 Excaeca,
1340 1460 1532 1532 inquit
1578 1459 1778 1528 lsaias,
1804 1475 1907 1515 cor
1935 1459 2142 1532 populi

483 1551 687 1622 hujus,
711 1566 833 1624 quo
864 1555 1072 1606 contra
1095 1549 1170 1604 de
1222 1548 1550 1604 humilibus
1607 1548 1859 1606 dicitur:
1919 1549 2142 1604 Beatus

2251 394 2474 465 cubuit,
2505 397 2650 469 quia
2678 396 2945 453 videlicet
2974 412 3084 468 pro
3125 395 3362 452 veritate
3409 400 3664 452 mortem
3713 393 3906 450 incur-

2245 483 2340 554 rit,
2370 484 2477 541 iste
2506 486 2715 558 procul
2740 485 2926 542 dubio
2957 484 3256 541 Christum
3291 487 3490 554 negat,
3514 483 3619 556 qui
3647 498 3724 540 ne
3772 498 3904 556 per-

2249 587 2463 628 sonam
2511 575 2776 630 offendat
2831 575 3140 630 veritatem
3191 578 3362 630 tacet.
3389 575 3534 628 Ecce
3589 576 3727 645 post
3779 571 3906 628 haec

2247 664 2384 716 ante
2417 661 2624 718 oculos
2656 662 2974 718 hominum
3005 660 3369 718 Christianus
3400 665 3508 727 est,
3542 659 3650 716 sed
3700 659 3750 716 si
3795 658 3908 715 dis-

2246 749 2408 808 trictc
2429 751 2728 823 judicetur
2759 755 2895 808 ante
2929 755 3134 819 Deum,
3157 751 3288 822 jam
3317 766 3436 806 non
3461 754 3566 807 est.
3593 751 3724 815 Quo
3742 748 3906 806 vide-

2244 837 2379 894 licet
2407 839 2556 895 libro
2587 839 2774 895 multa
2799 839 2873 895 de
2933 839 3214 895 ministris
3259 838 3438 895 etiam
3497 835 3771 894 Ecclesiae
3820 836 3910 892 di—

2245 932 2482 992 cuntur,
2515 945 2622 1001 per
2649 945 2784 1002 quae
2813 931 2870 984 et
2901 928 3140 984 Balaam
3193 932 3251 984 et
3293 926 3529 984 Iezabel
3577 926 3802 982 imitari
3856 929 3911 982 et

2246 1016 2585 1072 Antichristi
2617 1017 2904 1072 membris
2938 1017 3090 1072 uniri
3129 1015 3620 1089 comprobantur.

2319 1105 2458 1162 XIX.
2495 1109 2562 1162 Ut
2592 1111 2793 1162 autem
2827 1107 2904 1162 ad
2931 1105 3158 1178 aliquid
3193 1105 3308 1162 tale
3340 1105 3670 1171 veniamus,
3693 1103 3758 1159 in
3790 1117 3910 1176 quo

2249 1195 2548 1266 persimile
2599 1195 2822 1250 factum
2865 1211 2993 1251 esse
3039 1195 3181 1251 Cain
3233 1209 3520 1267 sequaces
3577 1192 3908 1249 evidentius

2249 1285 2720 1354 manifestentur,
2743 1285 2858 1355 ille,
2885 1290 2946 1341 ut
2969 1285 3196 1341 dictum
3223 1289 3330 1352 est,
3355 1288 3702 1340 monentem
3727 1286 3911 1338 Deum

2249 1373 2456 1430 audire
2483 1374 2707 1430 noluit:
2737 1375 2833 1430 isti
2860 1390 3064 1430 servos
3089 1375 3218 1445 ejus
3248 1377 3303 1430 et
3348 1378 3605 1429 rectores
3651 1375 3914 1428 contem-

2249 1468 2418 1530 nunt,
2451 1464 2574 1519 imo
2626 1464 2825 1537 ipsum
2874 1464 3177 1536 peripsos,
3213 1463 3362 1518 sicut
3383 1461 3444 1518 in
3481 1462 3671 1535 ipsius
3713 1459 3913 1516 verbis

2251 1553 2601 1620 ostenditur,
2634 1553 2922 1609 dicentis:
2979 1553 3093 1620 Qui
3139 1568 3236 1609 vos
3285 1553 3454 1609 audit
3495 1567 3586 1608 me
3641 1549 3911 1617 audit,et

485 1641 583 1697 vir
599 1640 704 1712 qui
727 1653 956 1708 semper
1007 1643 1092 1694 est
1133 1637 1392 1708 pavidus
1437 1639 1641 1707 (Prov.
1676 1653 1870 1702 xxviii,
1901 1638 2008 1708 14).
2039 1640 2144 1692 Per
2179 1665 2224 1722 Β
2253 1642 2358 1712 qui
2384 1657 2483 1698 vos
2503 1645 2731 1710 spernit
2760 1656 2854 1698 me
2881 1642 3106 1711 spernit
3131 1643 3298 1708 (Luc.
3329 1657 3390 1708 Χ,
3427 1641 3532 1710 tu).
3573 1638 3682 1705 Qui
3735 1638 3913 1694 etiam

485 1726 644 1782 hanc
672 1725 875 1798 itaque
896 1725 1176 1780 duritiam
1203 1741 1389 1798 quam
1408 1725 1630 1781 idcirco
1648 1725 1976 1792 incurrunt,
2000 1725 2144 1798 quia

485 1818 914 1885 cognoscentes
946 1817 1152 1881 Deum,
1185 1830 1304 1870 non
1353 1814 1505 1870 sicut
1551 1817 1740 1870 Deum
1779 1814 2145 1884 gloriﬁcave-

485 1909 644 1974 runt,
675 1903 902 1960 manda
931 1903 1063 1975 ejus
1121 1903 1520 1970 observando,
1545 1904 2052 1974 itadestruuntur,
2081 1907 2146 1960 ut

485 1995 820 2054 amittanta
847 1995 1026 2052 corde
1068 1994 1496 2065 innocentiam,
1529 1995 1606 2051 ab
1661 2011 1762 2051 ore
1823 1996 2144 2070 veritatem,

487 2085 567 2142 ab
597 2101 776 2158 opere
799 2085 1114 2157 justitiam,
1144 2101 1179 2140 a
1229 2099 1408 2140 carne
1448 2084 1898 2142 continentium.
1931 2085 2009 2140 ab
2062 2085 2145 2140 in-

488 2173 721 2231 tellectu
777 2173 914 2230 fidei
963 2173 1333 2242 religionem.
1369 2176 1523 2229 Deus
1578 2175 1740 2229 enim
1790 2173 2149 2245 dedignatur

486 2279 625 2320 cum
657 2263 936 2336 superbia
967 2262 1098 2320 coli.
1135 2262 1300 2319 Unde
1327 2267 1384 2318 et
1406 2263 1465 2319 hi
1512 2263 1573 2319 in
1599 2263 1722 2319 suis
1754 2263 2147 2318 immunditiis

487 2351 696 2410 merito
750 2352 1048 2426 superbia:
1104 2351 1337 2408 dimissi
1391 2351 1704 2408 diabolicis
1767 2351 2148 2407 suasionibus

486 2442 569 2498 ita
597 2441 720 2498 falli
763 2441 1202 2514 permittuntur,
1236 2444 1302 2496 ut
1329 2441 1507 2496 etiam
1538 2441 1617 2496 ad
1649 2439 1964 2513 perﬁdiam
2003 2439 2148 2496 dila-

487 2530 726 2586 bantur.
765 2533 880 2586 Hos
923 2528 1189 2585 defectus
1236 2527 1314 2584 ab
1366 2527 1596 2584 eisdem
1643 2527 1920 2598 malignis
1977 2527 2148 2599 spiri-

489 2617 650 2674 tibus
679 2617 897 2673 sensim
944 2621 1330 2690 perstructos,
1361 2616 1694 2688 Psalmista,
1726 2617 2146 2672 demonstrans

492 2722 565 2762 ex
589 2721 735 2762 voce
763 2705 1199 2762 destruentium
1231 2705 1614 2773 Hierusalem,
1641 2705 1748 2762 ait:
1795 2707 2146 2776 Exinanite,

493 2795 799 2851 exinanita
840 2808 1025 2867 usque
1074 2794 1156 2850 ad
1193 2793 1660 2864 fundamentum
1705 2793 1894 2864 (Psal.
1923 2809 2146 2863 cxxxvr,

493 2885 570 2958 7).
619 2883 1104 2940 Fundamentum
1155 2883 1315 2940 enim
1380 2885 1470 2940 est
1522 2883 1694 2951 ﬁdes,
1755 2883 1896 2956 quia
1970 2899 2152 2956 super

491 2974 652 3031 hanc
707 2972 870 3030 bona
925 2988 1109 3046 opera
1157 2977 1604 3030 construuntur.
1640 2975 1951 3028 Perversos
2007 2989 2150 3043 ergo

493 3060 735 3138 spiritus
786 3061 1018 3120 virtutis
1072 3062 1386 3119 munimen
1441 3077 1634 3135 usque
1673 3061 1746 3118 ad
1799 3061 2153 3119 fundamen-

493 3158 623 3212 tum
652 3152 988 3210 exinanisse
1041 3156 1148 3220 est,
1189 3167 1397 3208 everso
1451 3150 1604 3207 bene
1658 3151 1894 3207 vivendi
1949 3167 2150 3225 opere,

493 3241 673 3299 etiam
697 3257 734 3297 a
761 3240 1046 3297 cordibus
1069 3240 1386 3296 hominum
1413 3239 1602 3295 robur
1622 3239 1761 3294 ﬁdei
1806 3239 2148 3312 dissipasse.

495 3329 640 3388 Hinc
666 3331 950 3386 Jeremias
975 3347 988 3384 :
1047 3329 1605 3398 Constupraverunt
1633 3334 1705 3396 te,
1732 3327 1944 3401 inquit,
1971 3345 2157 3400 usque

496 3419 580 3476 ad
605 3419 879 3475 verticem
903 3417 1042 3488 (Jer.
1074 3432 1134 3484 ιι,
1166 3417 1242 3488 6),
1264 3417 1381 3472 hoc
1411 3421 1499 3472 est
1527 3415 1606 3472 ab
1646 3416 2036 3472 exterioribus
2062 3434 2157 3474 ac-

495 3506 676 3573 tibus,
707 3505 882 3579 quasi
931 3505 1009 3562 ab
1056 3505 1436 3562 inferioribus
1479 3503 1788 3572 membris,
1834 3521 2022 3578 usque
2077 3507 2155 3562 ad

497 3593 909 3651 celsitudinem
938 3593 1098 3661 ﬁdei,
1130 3609 1266 3666 quae
1303 3597 1393 3648 est
1437 3592 1620 3648 totius
1671 3592 1902 3648 virtutis
1945 3593 2157 3650 funda-

497 3685 790 3754 mentum,
821 3681 1146 3754 polluendo
1178 3686 1598 3754 pervenerunt.

569 3771 750 3828 XVIII.
783 3770 1012 3844 Quique
1055 3770 1203 3828 tales
1256 3769 1403 3827 forte
1435 3785 1557 3826 non
1597 3771 1898 3844 patientur
1927 3771 2152 3838 audire,

497 3859 666 3935 quod
701 3860 885 3916 ﬁdem
912 3859 1322 3935 perdiderunt.
1348 3860 1462 3916 Sed
1508 3859 1784 3932 nunquid
1821 3859 2004 3916 ﬁdem
2053 3861 2160 3916 ha-

497 3951 637 4008 bere
683 3949 921 4008 dicendi
973 3955 1132 4022 sunt,
1163 3950 1267 4024 qui
1309 3951 1617 4024 proximos
1665 3952 2156 4023 persequuntur?

496 4055 638 4098 cum
665 4039 878 4098 doctor
921 4041 1188 4112 gentium
1236 4039 1430 4097 dicat:
1489 4039 1605 4108 Qui
1645 4041 1900 4110 negligit
1949 4055 2155 4098 curam

485 4131 932 4202 proximarum,
955 4132 1133 4200 ﬁdem
1161 4131 1401 4201 negavit
1431 4131 1490 4202 (Ι
1511 4131 1656 4186 Tim.
1693 4146 1746 4192 v,
1778 4131 1851 4200 8).
1884 4131 1949 4186 Et
2002 4135 2157 4186 certe

495 4219 672 4292 pejus
697 4223 786 4275 est
812 4219 1020 4275 fratres
1062 4219 1422 4292 opprimere,
1451 4234 1635 4291 quam
1694 4233 1902 4272 eorum
1947 4233 2152 4274 curam

495 4306 814 4378 negligere.
847 4306 1034 4364 iudex
1065 4323 1306 4381 quoque
1350 4307 1668 4362 hominum
1717 4306 2027 4378 quomodo
2071 4324 2158 4362 re-

495 4395 776 4468 probavit
803 4411 908 4452 eos
937 4396 1040 4468 qui
1073 4401 1136 4452 ut
1165 4396 1417 4452 canibus
1447 4393 1539 4450 vel
1570 4394 1742 4468 equis
1793 4393 1962 4450 cibos
2010 4411 2158 4468 prse-

495 4487 796 4556 pararent,
827 4484 1052 4539 victum
1082 4483 1365 4556 pauperis
1405 4499 1513 4556 per
1561 4479 1847 4538 sudorem
1896 4484 2155 4556 acquisi-

495 4577 624 4630 tum
649 4573 964 4643 auferunt;
997 4576 1045 4630 si
1063 4573 1194 4630 illos
1221 4573 1284 4629 in
1313 4577 1602 4629 aeternum
1631 4573 1830 4644 ignem
1863 4575 2152 4646 projiciet,

494 4662 601 4738 qui
620 4663 978 4721 esurientem
1000 4679 1123 4721 non
1143 4661 1346 4720 cibant
1365 4664 1392 4720 ?
1422 4665 1568 4719 Nam
1591 4667 1648 4718 et
1672 4667 1842 4736 pater
1885 4663 2156 4734 Augusti-

493 4767 611 4809 nus
632 4751 696 4809 in
726 4752 986 4827 Epistola
1000 4753 1189 4809 sancti
1218 4749 1463 4808 Joannis
1493 4751 1672 4807 dicit:
1719 4750 1982 4808 Christus
2018 4766 2154 4825 pro-

492 4843 627 4914 pter
647 4840 838 4898 solam
863 4841 1213 4899 churitatem
1231 4843 1292 4898 in
1309 4857 1488 4898 carne
1506 4841 1668 4898 venit
1689 4858 1701 4909 ;
1725 4839 1832 4914 qui
1852 4855 1993 4910 ergo
2019 4842 2156 4897 cha-

491 4928 728 4986 rltatem
757 4945 880 4986 non
907 4929 1111 4998 habet,
1140 4931 1436 4988 Christum
1467 4936 1649 5000 negat
1671 4929 1733 4986 in
1759 4945 1938 4987 carne
1954 4931 2151 4986 venis-

494 5029 578 5075 se.
613 5017 763 5076 Sunt
787 5017 1048 5092 plurima
1071 5035 1207 5092 quae
1233 5020 1533 5094 quosdam
1578 5020 1641 5076 in
1685 5018 1949 5076 Ecclesia
1979 5035 2153 5075 cons-

490 5105 696 5166 titutos
733 5106 1006 5166 inﬁdeles
1041 5123 1170 5166 esse
1223 5108 1656 5166 demonstrant.
1690 5112 2012 5165 Personam
2052 5123 2153 5180 po-

490 5196 666 5256 tentis
693 5198 776 5256 ita
817 5197 1086 5273 plerique
1138 5197 1458 5274 accipiunt,
1485 5203 1550 5254 ut
1598 5213 1708 5272 pro
1766 5198 1898 5270 ejus
1949 5196 2152 5254 favore

488 5297 700 5344 verum
732 5287 790 5344 in
823 5303 1012 5346 causa
1039 5288 1298 5362 proximi
1323 5293 1562 5359 negent.
1594 5291 1661 5344 Et
1687 5286 1836 5360 quid
1877 5290 1966 5342 est
2007 5285 2152 5341 veri-

488 5378 602 5448 tas,
655 5377 770 5434 nisi
825 5377 1087 5436 Christus
1141 5378 1242 5451 qui
1287 5377 1414 5434 ait:
1478 5377 1607 5450 Ego
1653 5392 1783 5433 sum
1860 5377 2082 5432 Veritas
2125 5379 2153 5431 ?

489 5461 819 5534 (Joannuv,
843 5468 922 5538 6.)
949 5469 1208 5524 Joannes
1241 5480 1362 5523 non
1385 5466 1460 5523 de
1504 5465 1882 5522 confessione
1915 5463 2145 5531 Christi,

491 5549 684 5608 sedde
694 5555 936 5625 justitize
953 5556 1197 5613 veritate
1207 5555 1534 5630 requisitus
1551 5553 1851 5611 occubuit.
1869 5553 2146 5626 Quisquis

2254 1729 2528 1800 ejusdem
2598 1729 2926 1784 rectoribus
3011 1734 3364 1801 potestatem
3445 1725 3674 1796 ligandi
3738 1731 3912 1798 atque

2255 1817 2526 1873 solvendi
2556 1817 2614 1874 in
2674 1835 2938 1890 persona
2965 1817 3126 1874 beati
3175 1818 3322 1873 Petri
3381 1815 3695 1882 concessit,
3729 1830 3910 1888 quam

2253 1907 2336 1964 ita
2367 1907 2745 1963 confirmavit
2777 1913 2839 1964 ut
2859 1907 3006 1963 alias
3037 1907 3286 1962 diceret:
3323 1909 3408 1962 De
3444 1907 3608 1962 omni
3655 1920 3723 1961 re
3777 1919 3913 1976 qua-

2257 2013 2490 2069 cunque
2517 1997 2635 2052 duo
2665 2012 2740 2053 ex
2789 1997 2950 2054 vobis
2995 1997 3397 2052 consenserint
3439 2009 3620 2063 super
3667 2000 3910 2060 terram,

2253 2088 2352 2156 ﬁet
2384 2087 2505 2142 illis
2547 2103 2582 2142 (ι
2634 2087 2820 2143 Patre
2868 2103 2993 2142 meo
3040 2087 3277 2150 (Matth.
3313 2101 3472 2152 xvm,
3529 2073 3636 2154 t9).
3669 2083 3788 2138 Sed
3839 2083 3912 2139 ob

2255 2176 2369 2231 hoc
2399 2176 2546 2232 forte
2571 2175 2665 2230 vel
2703 2175 3352 2232 excommunicationes
3373 2197 3378 2206 ι
3398 2177 3732 2247 pastorum,
3766 2187 3910 2245 quas

2256 2263 2332 2318 ad
2365 2263 2866 2336 compescendam
2894 2278 3217 2334 pravorum
3271 2262 3560 2318 malitiam
3605 2261 3911 2326 adhibent,

2256 2353 2346 2409 vel
2403 2353 2844 2408 admonitiones
2893 2357 3304 2418 contemnunt,
3362 2352 3506 2425 quia
3551 2351 3736 2407 vitam
3787 2351 3911 2407 illo-

2255 2460 2389 2500 rum
2419 2441 2888 2514 reprehendunt:
2923 2441 3089 2514 quod
3119 2442 3396 2514 equidem
3427 2441 3640 2511 ingens
3669 2439 3915 2496 scanda-

2255 2532 2382 2588 lum
2435 2531 2776 2604 quibusque
2834 2531 3178 2586 illusoribus
3247 2531 3492 2603 praebet.
3552 2530 3665 2587 Sed
3715 2534 3915 2603 pastor

2257 2626 2314 2678 et
2360 2621 2678 2694 episcopus
2727 2620 3067 2676 animarum
3115 2627 3458 2676 nostrarum
3507 2618 3772 2677 Christus
3800 2634 3914 2675 non

2258 2715 2346 2766 est
2370 2709 2868 2778 contemnendus,
2892 2708 2995 2782 qui
3019 2709 3078 2764 in
3096 2708 3188 2764 his
3219 2707 3476 2774 auditur,
3502 2711 3559 2763 et
3586 2706 3916 2763 contemni-

2259 2803 2372 2867 tur,
2395 2797 2495 2868 qui
2529 2797 2678 2852 sicut
2708 2797 3025 2868 prassciens
3054 2795 3391 2852 futurorum
3437 2795 3574 2851 huic
3603 2793 3918 2850 temeritati

2259 2890 2739 2952 contemptorum
2761 2884 3186 2940 obviatdicens
3211 2901 3222 2939 :
3255 2884 3635 2954 Qumeunque
3653 2884 3916 2941 diter-int

2260 2977 2443 3046 v’vbis,
2473 2981 2706 3032 servate
2731 2981 2784 3030 et
2811 2975 3002 3045 facite
3031 2975 3267 3045 (Matth.
3291 2989 3454 3042 χχιιι,
3486 2978 3562 3040 3).
3595 2976 3661 3030 Et
3692 2978 3757 3029 ut
3809 2974 3916 3029 hoc

2260 3065 2606 3132 inferamus,
2639 3064 2775 3136 quis
2802 3065 2972 3136 pejor
2999 3079 3186 3136 quam
3209 3063 3484 3136 Caiphae,
3511 3062 3614 3135 qui
3636 3063 3711 3118 de
3737 3061 3916 3119 Chris-

2263 3159 2320 3210 to
2345 3153 2764 3226 prophetavit?
2795 3152 3022 3209 Scilicet
3051 3151 3155 3224 qui
3183 3151 3562 3225 prophetiam
3607 3150 3775 3207 unde
3799 3166 3916 3207 me-

2261 3243 2460 3313 ruerit,
2493 3247 2732 3298 sanctus
2763 3240 3128 3312 evangelista
3185 3246 3521 3298 monstrare
3563 3240 3810 3308 studuit,
3840 3240 3918 3296 di-

2261 3348 2439 3388 cens:
2473 3333 2612 3387 Cum
2641 3336 2788 3388 esset
2830 3331 3128 3400 pontifex,
3163 3331 3552 3400 prophetavit
3607 3331 3810 3397 (Joan.
3842 3345 3914 3398 x1,

2263 3423 2370 3493 5t).
2393 3421 2532 3478 Saul
2559 3437 2661 3476 rex
2683 3419 2906 3494 impius
2941 3425 2998 3475 et
3035 3419 3346 3492 reprobus,
3380 3435 3516 3475 cum
3574 3419 3917 3492 praeciperet

2261 3526 2336 3566 ne
2369 3509 2502 3583 quis
2523 3509 2715 3564 donec
2742 3513 2895 3564 esset
2922 3508 3252 3580 complecta
3277 3507 3519 3564 victoria
3539 3507 3912 3574 comedisset,

2261 3599 2548 3654 Jonatlias
2569 3597 2747 3652 etiam
2773 3597 3060 3668 jussionis
3089 3596 3324 3652 nescius
3369 3596 3684 3670 paululum
3729 3595 3915 3653 mellis

2263 3691 2578 3760 gustasset,
2610 3703 2752 3742 mox
2782 3686 3021 3742 divinus
3051 3687 3220 3742 favor
3243 3685 3326 3742 ita
3352 3686 3693 3742 subtractus
3723 3691 3834 3755 est,
3861 3691 3920 3740 ut

2262 3775 2505 3832 victoria
2549 3775 2785 3848 penitus
2810 3774 3308 3830 intermitteretur.
3341 3775 3532 3838 Quam
3562 3773 3919 3845 indignatio-

2262 3881 2403 3922 nem
2434 3880 2608 3920 suam
2630 3862 2852 3919 idcirco
2885 3867 3037 3919 Deus
3067 3868 3208 3918 tunc
3237 3863 3440 3936 palam
3465 3863 3619 3933 fecit,
3641 3869 3705 3919 ut
3735 3879 3919 3937 quan-

2263 3961 2466 4029 topere
2513 3955 2573 4010 in
2621 3957 2964 4026 contemptu
3020 3957 3316 4009 rectorum
3367 3952 3728 4022 offendatur,
3765 3953 3920 4008 dein-

2265 4061 2404 4118 ceps
2432 4061 2541 4118 per
2565 4059 2744 4100 omne
2777 4042 3067 4098 saeculum
3097 4041 3342 4111 intelligi
3398 4048 3620 4114 posset.
3667 4046 3821 4099 Nam
3871 4047 3922 4098 et

2263 4138 2292 4190 J
2301 4155 2310 4188 ε
2323 4135 2450 4191 idas
2473 4133 2740 4206 proditor
2755 4149 2892 4188 cum
2907 4132 3131 4189 caeteris
3155 4141 3163 4178 ε
3181 4131 3362 4188 Zhristi
3374 4131 3686 4205 discipulis
3702 4132 3924 4188 demo-

2263 4223 2365 4279 nia
2391 4222 2660 4290 fugabat,
2687 4220 2850 4295 quod
2874 4220 2933 4275 in
2972 4219 3124 4275 libro
3153 4219 3537 4292 epistolarum
3573 4221 3769 4276 sancti
3794 4223 3923 4276 Gre-

2265 4312 2496 4382 gorii,et
2511 4312 2571 4366 in
2593 4326 2868 4366 sermone
2889 4309 2964 4365 de
2982 4326 3154 4365 cruce
3177 4309 3624 4366 sanctiJoannis
3639 4310 3926 4383 Chrysos-

2264 4401 2412 4458 tomi
2439 4399 2804 4474 perhibetur.
2836 4398 3014 4468 Igitur
3039 4399 3298 4472 Caiphae
3341 4403 3587 4472 propter
3619 4399 3924 4471 pontiﬁca-

2263 4495 2358 4546 tus
2383 4491 2674 4545 honorem
2705 4487 3116 4562 prophctavit;
3177 4493 3233 4542 et
3261 4487 3426 4543 illam
3475 4487 3668 4544 Saulis
3707 4488 3924 4558 jussio-

2261 4595 2402 4634 nem
2435 4577 2513 4634 ab
2542 4577 2855 4647 ignorante
2880 4575 3014 4631 licet
3038 4580 3446 4648 contemptam
3472 4575 3626 4631 adeo
3651 4576 3920 4632 vindica-

2263 4669 2365 4730 vit.
2395 4672 2459 4723 ut
2481 4667 2764 4722 Jonathas
2792 4665 3000 4720 mortis
3031 4664 3384 4720 sententiam
3429 4665 3782 4733 incurreret,
3814 4665 3922 4720 nisi

2263 4757 2440 4812 totius
2471 4755 2680 4828 populi
2709 4754 3055 4811 auctoritate
3085 4739 3454 4809 liberaretur.
3490 4757 3810 4810 Dmmones
3847 4753 3922 4810 ob

2261 4844 2650 4901 reverentiam
2678 4843 2861 4898 divini
2897 4841 3158 4898 nominis
3186 4842 3264 4897 ab
3293 4842 3428 4914 ipso
3460 4859 3571 4898 suo
3629 4843 3922 4916 compliee

2259 4932 2644 5004 fugabantur.
2677 4933 2825 4986 Cum
2851 4948 2992 4987 vero
3018 4932 3128 4987 ista
3169 4931 3248 4987 ita
3281 4931 3418 5002 sint,
3459 4932 3721 4988 viderint
3779 4931 3920 5006 quid

2260 5021 2502 5090 faciant,
2538 5021 2642 5093 qui
2672 5025 2940 5093 pastores
2971 5019 3150 5076 etiam
3181 5020 3308 5076 sine
3333 5020 3450 5076 ﬁde
3483 5021 3695 5076 Christi
3727 5023 3924 5079 viven-

2259 5115 2346 5168 tes
2397 5109 2751 5184 despiciunt.
2787 5096 2857 5166 Ut
2909 5109 3071 5166 enim
3127 5109 3209 5165 ita
3257 5109 3530 5180 dixerim,
3565 5111 3920 5168 audaciores

2261 5201 2401 5254 sunt
2429 5213 2614 5272 quam
2647 5198 2972 5254 dmmones.

2331 5287 2462 5343 XX.
2493 5287 2602 5354 Qui
2632 5291 2688 5344 et
2715 5288 2764 5343 si
2803 5285 3299 5362 reprehensibiles
3349 5291 3505 5355 sunt,
3540 5292 3604 5343 ut
3655 5287 3717 5344 in
3771 5288 3920 5346 libro

2257 5394 2375 5434 xxv
2402 5377 2705 5434 Moralium
2737 5376 3094 5448 disputatur,
3128 5392 3353 5446 magna
3389 5375 3622 5432 cautela
3663 5377 3920 5434 subditis

2257 5466 2593 5524 cavendum
2615 5471 2803 5536 est,ne
2819 5465 3000 5520 vitam
3017 5481 3224 5520 eorum
3235 5465 3254 5536 j
3268 5465 3504 5522 udicare
3521 5470 3896 5538 praesumant

2257 5555 2490 5612 Habent
2527 5553 2791 5625 judicem
2825 5569 3002 5608 suum
3053 5557 3258 5620 Deum,
3293 5554 3394 5627 qui
3439 5569 3550 5626 per
3593 5555 3912 5624 magistros

485 5655 637 5716 ergo
655 5643 965 5736 veritatem
984 5645 1206 5704 idcirco
1233 5650 1434 5718 negat,
1452 5660 1529 5702 ne
1548 5659 1873 5720 personam
1891 5660 1974 5720 po
1986 5645 2168 5708 tentis
2254 5644 2501 5722 quidem
2521 5643 2705 5702 vitam
2713 5642 2946 5715 judicat
2958 5642 3246 5718 plebium,
3262 5645 3366 5701 sed
3388 5660 3496 5718 per
3523 5645 3909 5719 semetipsum
