4150 6128
260 206 368 260 533

1314 190 1825 261 ODLLATIONUM
1864 187 2057 257 nam
2098 188 2296 259 Tuas.
2342 234 2408 242 -
2462 194 2594 259 LIB.
2637 198 2676 261 t.

3615 210 3724 266 534

258 325 422 383 facta
446 327 762 383 examinat
784 328 1235 397 magistrorum.
1261 328 1548 394 Quamvis
1578 327 1758 383 etiam
1800 324 1941 380 sub-
1975 322 2027 382 Α
2056 325 2741 383 commemorationem:
2780 328 2885 383 sed
2914 324 3127 395 donec,
3157 320 3221 387 ut
3265 326 3346 387 ait
3383 324 3724 404 Apestolus,

256 414 385 483 diti,
413 432 575 488 quos
605 416 794 472 modo
823 417 1094 485 magistri
1140 418 1437 474 discutere
1478 412 1571 471 vel
1605 412 1940 483 negligunt,

256 503 349 559 vel
372 518 498 560 non
531 508 812 577 possunt,
845 505 974 575 ejus
1022 506 1233 579 procul
1278 504 1468 560 dubio
1494 502 1722 576 judicio
1751 502 1941 557 reser-

256 597 493 649 ventur.
526 597 683 649 Nam
712 594 993 667 praelatos
1025 608 1063 651 a
1092 607 1153 651 se
1177 594 1307 651 solo
1336 592 1699 665 judicandos
1724 590 1940 661 innuit,

256 697 395 736 cum
426 681 759 738 cathedras
803 683 1189 740 vendentium
1241 681 1556 739 columbas
1588 696 1699 736 sua
1753 695 1944 735 manu

255 769 482 825 evertit.
509 770 569 826 Si
604 774 813 827 autem
840 774 1103 828 rectores
1132 772 1256 829 nati
1288 774 1447 838 sunt,
1465 770 1687 826 subditi
1706 767 1940 841 seipsos

255 861 489 915 tantum
520 863 581 916 et
632 876 763 916 non
809 859 941 916 illos
995 865 1301 930 accusent,
1332 860 1478 933 quia
1528 861 1685 916 certe
1727 873 1941 914 eorum

247 947 425 1019 culpa
494 954 595 1006 est
643 949 816 1023 quod
868 947 1092 1007 talibus
1158 950 1581 1021 subjiciuntur.
1642 947 1943 1021 Scriptum

242 1036 473 1109 quippe
507 1042 643 1094 est:
691 1039 861 1095 Dabo
902 1039 1017 1095 (ibi
1055 1054 1224 1110 reges
1267 1040 1332 1095 in
1380 1040 1593 1109 furore
1631 1051 1758 1093 meo
1784 1036 1937 1105 (Ose.

235 1140 353 1191 xm,
393 1126 509 1195 Η).
563 1129 640 1183 Et
685 1127 865 1183 item:
922 1129 1206 1199 Regnare
1241 1128 1397 1197 facit
1443 1128 1601 1184 Deus
1645 1116 1939 1182 hominem

230 1216 644 1285 hypocrita":
689 1222 945 1286 propter
989 1222 1249 1287 peccata
1296 1216 1514 1287 populi
1564 1214 1712 1287 (Job;
1745 1227 1937 1277 xxxiv,

234 1302 345 1373 30):
370 1303 436 1359 Si
482 1309 647 1374 ergo
675 1303 971 1360 irascente
998 1306 1125 1361 Deo
1152 1304 1490 1361 secundum
1515 1304 1727 1360 merita
1752 1306 1939 1359 recto-

237 1406 332 1448 res
356 1392 738 1465 accipimus,
769 1393 832 1448 in
855 1392 1104 1450 illorum
1149 1394 1388 1451 actione
1432 1394 1768 1465 colligimus
1790 1391 1940 1465 quid

244 1496 313 1535 ex
337 1485 556 1536 nostra
600 1481 1005 1537 aestimatione
1038 1497 1389 1555 pensemus,
1421 1484 1515 1540 vel
1546 1484 1718 1555 cujus
1743 1481 1939 1537 meriti

248 1568 454 1624 simus.
493 1569 555 1625 Si
606 1584 756 1639 ergo
783 1570 1224 1641 magistrorum
1255 1572 1371 1629 vita
1396 1574 1529 1645 jure
1558 1570 1941 1645 reprehendi-

2057 413 2186 485 ipse
2214 415 2412 470 veniat
2442 415 2521 471 ad
2544 416 2948 487 judicandum
2995 418 3371 475 efﬁcientiam
3401 419 3588 493 ipsius
3616 420 3721 489 rei,

2055 517 2175 556 vox
2206 502 2323 557 ista
2354 506 2463 575 per
2500 506 2743 558 omnem
2780 502 3106 561 Ecclesiam
3157 505 3461 581 adimplet.
3497 508 3562 563 Et
3589 508 3726 581 qui-

2054 587 2196 645 dem
2230 590 2359 645 ﬁeri
2413 595 2609 664 potest
2636 594 2704 648 ut
2748 592 2800 648 is
2846 593 2955 666 qui
3003 600 3330 667 consecrat,
3360 596 3507 652 alter
3534 592 3724 654 Judas

2056 678 2152 743 'sit,
2188 679 2289 735 eui
2318 686 2424 735 rex
2467 679 2665 739 dicat:
2719 682 2947 753 Amice,
2978 685 3268 755 quomodo
3313 682 3430 742 huc
3480 687 3729 743 intrasti

2057 767 2306 834 (Matth.
2328 785 2472 841 xxu,
2507 771 2618 843 l2.)
2647 772 2701 827 Is
2734 775 2939 829 tamen
2968 772 3073 846 qui
3092 776 3217 829 non
3246 774 3527 830 mentitur
3550 774 3726 832 faciet

2051 857 2221 929 quod
2255 859 2553 931 promisit.
2584 856 2727 918 Hinc
2765 861 2968 934 itaque
3006 877 3081 918 ex
3110 860 3359 936 obliquo
3388 863 3726 937 uniusquis-

2050 962 2169 1019 que
2200 947 2515 1020 intelligat,
2549 951 2693 1023 quia
2739 949 2833 1007 vis
2881 954 2938 1007 et
2974 951 3214 1024 pondus
3243 953 3727 1009 excommunica-

2051 1037 2256 1107 tionis,
2309 1041 2415 1094 aut
2457 1038 2887 1098 admonitionis
2908 1040 3170 1113 pondus,
3202 1048 3309 1114 per
3337 1040 3727 1115 qualemcun-

2050 1140 2168 1199 que
2200 1128 2532 1199 persodam
2558 1130 2681 1197 fiat,
2710 1134 2783 1186 ex
2815 1130 2915 1187 Dei
2943 1131 3258 1202 majestate
3286 1135 3593 1204 pensetur,
3627 1144 3727 1188 cu-

2044 1216 2143 1286 jus
2174 1217 2530 1274 auctoritate
2560 1216 2899 1293 deponitur.

2121 1306 2284 1362 xxn.
2321 1306 2630 1379 Spiritalis,
2674 1308 2847 1380 juxta
2896 1304 3272 1382 Apostolutn,
3304 1310 3512 1368 omnia
3562 1298 3723 1384 diju-

2049 1393 2231 1461 dicat,
2277 1395 2383 1452 sed
2411 1396 2690 1453 animalis
2744 1391 2928 1455 homo
2957 1402 3081 1455 11011
3130 1396 3379 1473 percipit
3410 1396 3718 1473 spiritalia.

2050 1485 2433 1558 Quapropter
2460 1490 2517 1542 et
2543 1485 2637 1542 isti
2684 1487 2831 1542 nihil
2879 1486 3213 1544 secundum
3262 1480 3445 1544 fidem
3479 1486 3723 1547 metien-

2048 1576 2156 1645 tes,
2190 1576 2305 1646 pro
2354 1590 2426 1630 eo
2467 1572 2636 1647 quod
2678 1578 3057 1649 contemptus
3107 1584 3316 1647 eorum
3365 1584 3489 1633 non
3520 1583 3718 1637 statim

250 1660 363 1747 tur,
384 1662 717 1747 oportetut
740 1666 845 1713 ens
872 1659 1107 1715 subditi
1122 1656 1427 1725 suﬂ‘erant,
1444 1662 1623 1719 etiam
1657 1676 1795 1717 cum
1819 1660 1938 1717 dis-
1978 1684 2020 1747 Β
2048 1668 2156 1735 per
2182 1662 2434 1737 aliquod
2481 1664 2815 1721 manifesta)
2869 1664 3109 1721 ultionis
3143 1664 3383 1735 signum
3413 1661 3721 1737 redargui-

251 1745 493 1818 plicent.
530 1746 654 1802 Sed
702 1747 817 1802 hoc
865 1752 955 1802 est
1005 1748 1258 1804 solerter
1298 1750 1677 1819 intuendum,
1711 1766 1787 1807 ne
1834 1754 1939 1806 aut

255 1850 436 1907 quem
484 1834 765 1891 venerari
814 1850 1066 1892 necesse
1118 1840 1228 1907 est,
1259 1837 1477 1895 imitari
1527 1842 1800 1913 appetas,
1834 1840 1937 1894 aut

256 1939 437 1996 quem
460 1922 685 1980 imitari
712 1923 993 1996 despicis,
1029 1926 1305 1982 venerari
1337 1932 1711 1985 contemnas;
1747 1926 1937 1984 S'ubti—

257 2011 329 2068 lis
353 2012 570 2068 etenim
600 2012 702 2067 via
730 2011 990 2068 tenenda
1022 2016 1117 2068 est
1142 2015 1517 2072 rectitudinis
1548 2019 1605 2071 et
1633 2014 1935 2071 humilita-

258 2102 349 2170 tis,
376 2106 440 2156 ut
487 2101 979 2173 reprehensibilia
1033 2103 1472 2173 magistrorum
1524 2105 1684 2161 facta
1729 2104 1935 2177 diepli-

256 2195 446 2261 ceant,
477 2195 777 2263 quatenus
805 2205 978 2246 mens
1005 2191 1399 2250 subditorum
1433 2211 1469 2251 a
1493 2195 1787 2251 servanda
1810 2210 1932 2251 ma-

257 2281 478 2351 gisterii
502 2280 827 2337 reverentia
856 2295 979 2337 non
1008 2283 1278 2340 recedat.
1306 2284 1490 2340 Debet
1510 2287 1713 2341 tamen
1734 2300 1771 2342 a
1792 2283 1933 2340 sub-

255 2369 392 2425 ditis
423 2371 720 2428 humiliter
749 2372 1005 2442 suggeri,
1037 2372 1087 2428 si
1115 2374 1277 2433 forte
1327 2374 1523 2432 valeat
1571 2374 1633 2431 in
1670 2375 1929 2447 praelatis

254 2460 423 2533 quod
451 2460 724 2534 displicet
751 2462 1080 2518 emendari.
1120 2466 1191 2521 Et
1239 2460 1432 2521 libere
1485 2474 1631 2537 ergo
1675 2464 1933 2521 dicenda

256 2553 397 2605 sunt
423 2566 559 2622 quas
594 2551 902 2624 sentimus,
933 2556 991 2609 et
1016 2551 1196 2609 valde
1249 2553 1563 2611 humiliter
1594 2553 1933 2627 promenda

255 2655 394 2711 quae
422 2638 698 2711 dicimus,
729 2656 804 2698 ne
854 2644 913 2698 et
959 2655 1095 2714 quae
1142 2647 1315 2700 recta
1366 2643 1765 2713 intendimus,
1801 2642 1931 2699 haec

258 2726 411 2783 elate
438 2727 816 2801 proferendo,
845 2745 969 2785 non
996 2732 1153 2786 recte
1184 2731 1510 2788 faciamus.
1547 2731 1722 2799 Quod
1770 2730 1928 2787 enim

261 2816 529 2887 magistri
560 2834 595 2873 ει
619 2820 872 2876 subditis
900 2820 1260 2893 reprehendi
1288 2834 1414 2877 non
1452 2822 1744 2888 debeant,
1776 2821 1929 2877 bene

258 2905 461 2961 bobus
487 2906 927 2965 calcitrantibus
956 2908 1241 2967 inclinata
1268 2909 1370 2965 illa
1394 2910 1763 2978 testamenti,
1792 2924 1927 2981 quas

259 3000 521 3052 rectores
551 2996 862 3095 signiﬁcat,
896 3014 1039 3095 arca
1085 2997 1385 3095 iiguravit.
1419 3000 1625 3095 Quam
1652 2999 1802 3073 quia
1827 3012 1927 3054 ca-
1959 3037 2000 3095 Ο

261 3098 473 3140 suram
521 3085 764 3141 credens
818 3088 936 3143 02a
987 3085 1193 3142 levites
1251 3084 1477 3156 erigere
1528 3086 1741 3157 noluit,
1784 3101 1927 3142 mox

262 3171 619 3228 sententiam
663 3174 871 3230 mortis
906 3173 1155 3246 accepit,
1189 3174 1251 3229 in
1277 3174 1535 3230 humero
1572 3189 1926 3248 percussus,

260 3275 390 3332 quo
433 3275 507 3315 ex
534 3266 829 3334 praecepto
857 3262 1006 3332 legis
1057 3276 1192 3318 eam
1222 3261 1374 3318 ferre
1421 3262 1748 3318 debuerat:
1782 3261 1928 3334 quia

258 3349 550 3405 nimirum
591 3350 735 3407 dum
785 3351 1013 3407 subditi
1069 3354 1278 3407 contra
1331 3349 1629 3423 praelatos,
1661 3362 1926 3424 quorum

257 3440 515 3512 imperia
576 3441 724 3498 ferre
777 3442 1135 3509 debuerant,
1190 3454 1443 3499 manum
1504 3440 1926 3498 submissionis

258 3529 525 3597 mittunt,
555 3546 591 3587 a
616 3536 769 3588 sorte
802 3531 1131 3587 viventium
1161 3531 1579 3603 reprobantur.

332 3620 463 3673 XXI.
490 3618 749 3675 Christus
770 3619 1060 3692 baptizat,
1089 3619 1243 3675 sicut
1271 3620 1425 3675 Deus
1454 3620 1624 3676 Pater
1649 3618 1924 3691 Baptista!

256 3706 509 3762 Joannis
539 3711 779 3764 testatur
808 3707 1018 3764 dicens
1043 3725 1056 3762 :
1108 3709 1306 3778 Super
1333 3720 1504 3779 quem
1536 3707 1756 3764 videris
1784 3708 1923 3778 Spi-

259 3798 449 3851 ritum
475 3795 939 3865 descendentem,
964 3797 1061 3853 hic
1104 3803 1189 3854 est
1220 3797 1325 3869 qui
1352 3795 1614 3866 baptizat
1647 3795 1847 3867 (Joan.
1882 3812 1921 3867 1,

258 3886 376 3955 33).
408 3887 534 3941 Non
587 3900 728 3957 ergo
778 3887 991 3944 melior
1038 3890 1129 3943 est
1176 3885 1519 3959 baptismus
1566 3899 1675 3957 per
1703 3899 1923 3941 manus

256 3973 581 4045 cujuslibet
661 3976 853 4034 sancti
916 3976 1212 4043 hominis,
1275 3982 1464 4048 quam
1535 3978 1643 4046 per
1700 3989 1922 4031 manus

254 4063 610 4137 peccatoris,
637 4065 930 4137 quoniam
977 4065 1417 4139 qualiscunque
1463 4062 1797 4135 baptizator
1826 4064 1918 4136 sit,

253 4153 438 4207 Jesus
463 4156 549 4208 est
572 4153 676 4225 qui
705 4153 987 4226 baptizat.
1023 4154 1115 4210 Sic
1146 4157 1205 4210 et
1249 4153 1324 4209 de
1374 4150 1704 4207 ministerio
1730 4154 1920 4210 sancti

252 4238 466 4295 altaris
494 4240 671 4297 debet
716 4242 983 4311 intelligi,
1013 4241 1158 4314 quia
1202 4240 1424 4297 scilicet
1458 4242 1517 4295 et
1562 4253 1671 4311 per
1698 4252 1918 4297 manus

251 4332 369 4385 aut
386 4329 529 4399 justi
571 4335 674 4386 aut
725 4331 929 4402 injusti
958 4330 1283 4388 sacerdotis
1311 4328 1679 4385 oblationem
1705 4344 1917 4388 conse-

248 4421 387 4475 crat
415 4417 542 4490 ipse
570 4419 852 4487 Christus,
883 4422 938 4476 et
990 4420 1142 4477 sicut
1166 4422 1431 4477 Joannes
1458 4417 1521 4473 in
1552 4416 1814 4475 homelia
1842 4420 1918 4476 de

249 4506 597 4581 proditione
624 4508 791 4564 Judae
817 4508 1099 4565 disseruit
1126 4522 1288 4564 nunc
1321 4508 1450 4580 ipse
1479 4505 1742 4562 Christus
1771 4523 1921 4580 prm-

249 4602 357 4653 sto
384 4601 494 4664 est,
524 4602 579 4654 et
607 4613 731 4654 non
749 4598 877 4671 ipse
917 4598 1196 4654 sacerdos
1226 4608 1443 4669 corpus
1476 4594 1689 4652 Christi
1716 4604 1920 4654 cense-

248 4689 410 4756 crat,
444 4686 544 4742 sed
593 4686 726 4759 ipse
758 4687 1022 4745 Christus
1050 4698 1158 4760 per
1185 4688 1410 4759 ipsum.
1440 4687 1586 4741 Nam
1621 4685 1776 4741 sicut
1802 4703 1922 4743 vox

248 4773 367 4829 Dei
418 4773 478 4830 in
534 4775 864 4848 primordio
916 4774 1127 4831 mundi
1171 4775 1357 4832 semel
1408 4774 1604 4845 jussit,
1645 4768 1712 4830 ut
1764 4776 1922 4833 terra

245 4879 373 4939 per
424 4863 689 4935 singulos
735 4878 928 4930 annos
979 4862 1240 4922 fructum
1288 4864 1514 4927 aﬂ'erat,
1546 4868 1605 4921 et
1631 4860 1729 4921 illa
1769 4880 1923 4921 sem-

250 4968 371 5027 per
414 4952 594 5010 habet
628 4953 906 5011 effectum
958 4955 1037 5010 ad
1072 4954 1552 5025 generatidnem;
1600 4953 1685 5010 sic
1729 4958 1787 5010 et
1828 4966 1924 5012 ea-

249 5044 404 5099 dem
430 5054 542 5100 vox
570 5043 831 5100 hominis
866 5045 1011 5099 Jesn
1057 5043 1244 5100 semel
1272 5034 1520 5115 quidem
1547 5041 1610 5098 in
1640 5048 1813 5099 caena
1836 5042 1924 5099 di-

247 5132 348 5189 xit
375 5151 388 5188 :
424 5135 541 5189 Hoc
568 5137 658 5190 est
685 5149 906 5206 corpus
934 5146 1168 5200 meum,
1189 5136 1247 5189 et
1288 5133 1404 5188 hoc
1428 5131 1602 5189 facite
1630 5132 1692 5188 in
1722 5147 1924 5189 meam

336 5239 485 5313 (66ft
524 5236 586 5295 S.
614 5236 876 5313 Andreae
912 5240 1278 5313 solemnitas.
1319 5230 1681 5313 _A'ymoin_us,
1714 5236 1819 5307 lib.
1840 5253 1923 5313 iv,

250 5322 403 5382 cap.
430 5308 554 5382 ult,
586 5308 971 5382 festivitatem
1015 5307 1172 5367 beati
1193 5307 1471 5382 Andreas,
1506 5307 1690 5382 etlib.
1725 5320 1791 5382 n,
1824 5307 1925 5365 Ca-

248 5378 444 5456 pit—ul.
463 5378 596 5456 cap;
629 5386 718 5456 2Q,
746 5381 987 5438 Missam
1016 5384 1212 5456 sancti
1238 5378 1497 5456 Andreae
1527 5378 1823 5456 dixerunt.

331 5397 429 5437 1111.
463 5397 533 5438 ca
585 5427 596 5438 .
629 5397 718 5453 zu,
746 5397 987 5438 Missam
1016 5397 1210 5438 sancti
1238 5397 1497 5437 anarew
1527 5397 1823 5435 auxerunt.

331 5397 778 5535 (665‘).Buidam
832 5452 1109 5535 sacerdos
1150 5452 1517 5535 pagensibus
1568 5452 1711 5535 suis.
1746 5448 1809 5505 Id
1840 5455 1926 5535 est

248 5521 666 5600 parechianis,
717 5525 842 5580 sive
871 5521 1166 5580 vicaneisf
1190 5521 1346 5579 Licet
1393 5522 1553 5578 enim
1597 5521 1923 5647 aliquando

250 5595 404 5647 nasri
451 5594 694 5647 nomine
744 5597 1056 5647 provincia
1098 5597 1319 5647 veniat.
1352 5598 1415 5647 ut
1468 5592 1634 5647 anud
1726 5604 1921 5647 regor.

1726 5609 1753 5648 Γ

250 5592 404 5728 pagi
450 5594 694 5678 nomine
744 5597 1056 5669 provincia
1098 5597 1319 5685 veniat,
1352 5598 1415 5650 ut
1468 5592 1634 5677 apud
1678 5592 1921 5664 Gregor.

302 5683 481 5726 uron.
512 5666 617 5725 lib.
650 5683 726 5728 ιι,
760 5684 813 5726 c.
857 5673 915 5728 9.
945 5667 1152 5728 Paaus
1193 5668 1584 5728 Stampensts,
1613 5667 1671 5723 et
1696 5663 1921 5724 Carno-

302 5663 481 5726 ui'on.
512 5666 617 5725 lib.
650 5663 813 5732 1x,'c.
857 5673 915 5742 9,
945 5667 1152 5742 Pagus
1193 5663 1584 5744 διαπρεπεῖς,
1613 5667 1671 5723 et
1696 5663 1923 5724 Carno-

1955 4378 2005 4447 Π

2047 1757 2162 1819 tur,
2221 1751 2535 1827 negligunt
2591 1751 2863 1809 futurum
2929 1766 3182 1809 examen
3238 1755 3714 1826 contremiscere,

2044 1838 2212 1912 quod
2240 1841 2319 1897 ad
2344 1856 2612 1914 praesens
2650 1857 2775 1898 non
2818 1842 3226 1914 experiuntur,
3259 1836 3317 1898 et
3365 1840 3588 1900 idcirco
3636 1836 3717 1901 ad

2043 1930 2426 2003 peccandum
2480 1928 2621 1987 sunt
2661 1931 3015 2004 praecipites,
3048 1931 3127 1988 ad
3169 1931 3594 2002 corrigendum
3619 1951 3715 1990 ve-

2042 2034 2110 2074 ro
2163 2016 2457 2076 diﬁciles.
2519 2018 2686 2075 Unde
2754 2018 3042 2092 scriptum
3100 2024 3208 2086 est,
3267 2019 3413 2092 quia
3470 2024 3716 2094 propter

2042 2108 2156 2163 hoc
2186 2102 2660 2181 multiplicantur
2705 2106 2867 2164 mala
2924 2108 2986 2163 in
3034 2113 3211 2176 terra,
3243 2109 3410 2181 quod
3438 2124 3564 2164 non
3595 2110 3712 2168 cito

2044 2196 2341 2268 profertur
2385 2195 2683 2252 sententia
2735 2196 2947 2252 contra
2992 2195 3430 2269 delinquentes.
3460 2192 3526 2251 Et
3553 2202 3710 2255 certe

2042 2289 2184 2341 tunc
2241 2285 2444 2357 pejore
2492 2283 2716 2340 ultione
2772 2284 3159 2349 damnantur,
3216 2300 3355 2339 cum
3406 2285 3490 2340 eis
3542 2285 3710 2344 nulla

2041 2374 2395 2431 adversitate
2443 2373 2770 2430 resistitur:
2824 2372 2968 2446 quia
3014 2364 3287 2429 videlicet
3328 2377 3393 2429 ut
3434 2374 3495 2429 in
3524 2364 3711 2432 Mora-

2041 2464 2189 2520 lium
2240 2463 2393 2520 libro
2436 2472 2565 2519 Xxvi
2606 2462 2841 2530 dicitur,
2874 2478 2978 2518 eos
3022 2464 3177 2518 Deus
3225 2460 3317 2541 ad
3342 2462 3706 2541 supplicium

2041 2557 2331 2611 aeternum
2361 2558 2643 2619 reservat,
2674 2570 2829 2628 quos
2874 2568 2984 2627 per
3036 2538 3396 2627 temporales
3442 2538 3708 2609 afflictio-

2039 2656 2146 2699 nes
2196 2658 2231 2698 a
2280 2642 2402 2697 suis
2444 2641 2839 2714 pravitatibus
2888 2657 3014 2698 non
3061 2641 3339 2723 refrenat.
3377 2639 3521 2697 Hinc
3567 2638 3707 2697 scri-

2036 2735 2210 2804 ptum
2259 2734 2384 2786 est:
2445 2730 2751 2787 Percussit
2806 2731 3077 2787 inimicos
3125 2746 3260 2786 suos
3311 2732 3371 2786 in
3417 2732 3703 2800 posterio-

2038 2834 2130 2886 ra,
2184 2835 2305 2875 non
2363 2820 2425 2875 in
2481 2819 2780 2892 praesenti,
2837 2825 2895 2876 et
2936 2820 3345 2889 opprobrium,
3380 2836 3503 2875 non
3559 2820 3705 2876 tem-

2036 2908 2261 2981 porale,
2291 2908 2396 2964 sed
2437 2904 2864 2978 sempiternum
2903 2907 3067 2963 dedit
3096 2907 3221 2963 illis
3259 2908 3447 2974 (Psal.
3488 2925 3697 2979 Lxxvu,

2038 2998 2146 3069 66).
2164 2998 2308 3053 Hinc
2330 3000 2573 3054 sanctus
2589 2998 2708 3053 Noe
2729 2997 2921 3052 ﬁlium
2938 3010 3117 3051 suum
3141 2990 3560 3067 reproborum,
3575 3014 3699 3054 non

2035 3087 2097 3143 in
2123 3086 2276 3160 ipso,
2308 3086 2412 3142 sed
2442 3085 2505 3141 in
2536 3085 2878 3158 posteritate
2926 3084 3171 3139 seminis
3200 3084 3249 3154 ej
3262 3100 3330 3138 us
3362 3084 3693 3141 damnavit.

2036 3178 2165 3232 Non
2196 3191 2337 3247 ergo
2365 3173 2614 3231 rebelles
2646 3173 2759 3230 sibi
2794 3174 2869 3229 de
2899 3172 3252 3245 impunitate
3280 3171 3694 3247 blandiantur,

2034 3265 2179 3337 quia
2226 3268 2387 3319 nunc
2436 3264 2591 3319 Deus
2633 3262 2828 3332 magis
2868 3260 3183 3343 poenaliter
3210 3260 3533 3334 praevalere
3563 3278 3695 3335 per-

2034 3350 2302 3424 mittitur,
2334 3346 2392 3409 et
2432 3350 2766 3410 manifestae
2814 3349 3218 3408 damnationis
3264 3344 3553 3407 indicium
3582 3354 3690 3420 est,

2033 3438 2281 3515 quando
2329 3440 2649 3499 conatibus
2694 3448 2905 3498 eorum
2932 3439 3100 3497 nulla
3142 3439 3557 3497 contrarietate
3585 3439 3696 3496 im-

2031 3529 2309 3606 pediente
2352 3528 2732 3604 subsequens
2774 3529 2933 3586 favet
2961 3524 3225 3586 effectus.
3268 3520 3493 3585 Etenim
3525 3528 3690 3602 quia,

2032 3624 2208 3686 Deus,
2241 3623 2305 3677 ut
2351 3619 2641 3693 scriptum
2686 3624 2794 3683 est,
2823 3617 3059 3675 nullum
3104 3618 3341 3690 tempus
3380 3617 3506 3674 sine
3533 3618 3692 3676 testi-

2030 3710 2237 3767 monio
2268 3708 2391 3765 suae
2414 3709 2649 3768 virtutis
2677 3704 3052 3781 derelinquit,
3085 3704 3306 3763 multos
3339 3706 3516 3764 etiam
3546 3724 3691 3764 nos-

2031 3802 2122 3855 tra
2150 3798 2316 3855 aetate
2365 3798 2647 3870 pavenda
2695 3795 2862 3863 ultio,
2895 3796 3069 3869 punit
3111 3796 3175 3852 ut
3201 3786 3349 3851 illud
3380 3795 3506 3853 fuit.
3540 3799 3689 3855 Cum

2033 3891 2172 3943 ante
2216 3884 2330 3941 hos
2359 3892 2552 3940 annos
2581 3882 2723 3956 (66")
2759 3874 2949 3940 sancti
2972 3881 3223 3939 Andreae
3254 3881 3597 3939 solemnitas
3626 3882 3689 3937 in

2028 3973 2228 4049 prima
2272 3972 2578 4029 Dominica
2608 3968 2899 4029 Dominici
2941 3962 3244 4028 Adventus
3293 3971 3690 4049 cencurrisset

2030 4063 2191 4135 (66³),
2222 4060 2472 4134 quidam
2523 4059 2830 4129 Sacerdos,
2862 4059 3014 4117 sicut
3059 4056 3364 4116 Turonicas
3423 4059 3686 4116 ecclesia:

2027 4154 2379 4225 praecentor,
2410 4149 2620 4206 asserit
2647 4148 3015 4222 page'nsibus
3062 4146 3184 4204 suis
3229 4140 3513 4221 utrasque
3545 4148 3686 4205 mis-

2029 4254 2127 4296 sas
2158 4238 2368 4296 audire
2397 4235 2699 4312 prmceplt.
2727 4238 2879 4294 Inter
2898 4253 3051 4311 quos
3081 4226 3206 4292 erat
3233 4236 3479 4310 quidem
3504 4237 3689 4294 medi-

2028 4342 2158 4400 cus,
2187 4327 2291 4401 qui
2322 4326 2529 4385 audita
2559 4328 2753 4401 prima
2797 4327 2983 4384 missa
3006 4325 3297 4383 discessit.
3328 4322 3516 4393 Quem
3546 4338 3686 4383 cum

2030 4418 2311 4477 sacerdos
2360 4418 2749 4490 increpasset,
2781 4422 2961 4488 grave
3016 4414 3069 4473 ei
3119 4415 3447 4489 respondit.
3479 4416 3545 4472 Et
3589 4414 3686 4474 ille

2028 4506 2577 4566 excommunicavit
2617 4523 2777 4562 eum.
2818 4498 2891 4562 At
2940 4510 3081 4561 Vero
3127 4504 3398 4570 medicus
3454 4498 3535 4561 ad
3584 4504 3688 4561 do-

2028 4602 2200 4655 mum
2231 4598 2406 4652 suam
2435 4594 2620 4651 iratus
2650 4588 2938 4665 discessit,
2970 4586 3027 4651 et
3053 4594 3115 4649 in
3141 4582 3553 4666 contemptum
3583 4609 3684 4649 ex-

2030 4685 2590 4745 communicationis
2618 4700 2763 4741 mox
2790 4678 3003 4758 potam
3050 4678 3300 4755 accepit,
3333 4676 3513 4755 atque
3545 4700 3685 4756 pro-

2030 4777 2189 4833 tinus
2237 4774 2439 4832 vexari
2467 4770 2647 4848 erepit
2682 4780 3000 4848 queusque
3043 4770 3313 4829 animiam
3359 4772 3681 4830 exhalaret.

2033 4865 2091 4922 Si
2131 4864 2227 4921 isti
2270 4862 2385 4919 hoc
2432 4861 2721 4919 vidissent
2772 4858 3021 4919 forsitan
3072 4858 3429 4929 timuissent,
3464 4856 3687 4934 quibus

2029 4954 2131 5010 illa
2194 4952 2582 5025 exprobratio
2647 4944 2956 5022 cOngruit‘:
3014 4951 3331 5008 Generatto
3368 4958 3565 5023 prava
3631 4958 3687 5009 et

2031 5042 2313 5100 adultera
2354 5043 2591 5111 signum
2619 5040 2836 5111 quaerit
2864 5030 3105 5111 (Matth.
3139 5038 3244 5110 ιη,
3276 5040 3387 5108 39).
3424 5030 3493 5096 Ut
3538 5026 3688 5095 illud

2030 5131 2179 5187 Job:
2224 5130 2493 5186 Videntes
2518 5132 2769 5200 plagam
2812 5128 3003 5187 meam
3034 5128 3253 5186 timetis
3280 5127 3435 5201 (Job.
3465 5145 3539 5196 vi,
3571 5128 3682 5196 2i),

2035 5244 2225 5307 tenus,
2254 5228 2504 5308 et‘apu'd
2528 5235 2948 5306 Fredegarium
2974 5252 3110 5308 cap.
3129 5241 3227 5308 ⁵57,
3256 5250 3452 5306 pagus
3480 5234 3689 5308 Tholo-

2033 5302 2235 5376 sanus,
2263 5302 2683 5377 Chdtorcinus,
2712 5302 3071 5378 Aganensz’s’,
3089 5302 3497 5378 Petrae-orcus,
3525 5303 3687 5360 unde

2034 5385 2091 5437 et
2115 5395 2398 5453 pagenses
2425 5379 2529 5451 qui
2558 5375 2829 5453 ejusdem
2854 5378 2995 5453 pagi
3025 5379 3146 5453 sive
3172 5375 3514 5453 provincia},
3540 5391 3689 5449 que-

2034 5444 2682 5526 madmodum-apud
2702 5444 2987 5526 eumdem
3014 5444 3385 5526 AGreg'orium
3559 5444 3686 5515 vui,

2037 5540 2087 5579 c.
2127 5527 2225 5596 18,
2244 5526 2300 5579 et
2344 5521 2589 5596 Capitol.
2625 5521 2847 5596 lib._m,
2887 5538 2938 5576 c.
2971 5522 3059 5576 73.
3094 5522 3370 5575 Attamen
3408 5524 3473 5596 et
3495 5535 3688 5589 pagus

2038 5594 2305 5669 provico
2326 5590 2457 5669 sive
2496 5592 2803 5669 parochia,
2830 5595 2892 5669 et
2913 5607 3203 5669 pagenses
3226 5605 3336 5663 pro
3364 5590 3480 5669 vici
3506 5595 3563 5647 et
3593 5605 3695 5662 pa-

2037 5663 2257 5724 rochim
2286 5663 2557 5741 ejusdem
2586 5664 2794 5726 incolis
2822 5663 3163 5743 frequenter
3186 5667 3511 5740 ponuntur.
