4094 6156
214 189 312 244 537

1268 202 1754 262 COLLATIONUM
1795 206 1973 261 LIBRI
2013 210 2203 265 TRES.
2248 242 2314 251 —-
2358 207 2487 264 LIB.
2532 212 2572 261 ι.

3520 209 3623 262 538

215 312 290 405 ad
313 327 516 405 regem
547 317 778 389 Egypti
818 321 1185 392 confugiens.
1223 327 1366 383 Dicit
1395 344 1536 400 ergo
1560 329 1854 386 Ezechiel:
1888 333 1933 385 Α
1971 335 2170 390 terreri
2204 340 2464 404 possent,
2497 340 2623 390 tum
2651 347 2892 405 quoque
2923 333 3034 405 ipsi
3062 347 3321 390 sessores
3346 346 3467 388 non
3499 346 3619 387 me-

211 403 498 474 Nunquid
534 405 772 476 effugiet
821 411 928 479 qui
966 413 1140 468 solvit
1181 421 1476 484 pactum?
1539 419 1676 474 Vivo
1732 435 1856 489 ego,

209 489 350 546 dicit
381 491 687 564 Dominus,
717 497 858 564 quia
887 499 1184 558 adducam
1213 518 1344 560 eum
1371 505 1434 560 in
1464 507 1854 575 Babylonem,

208 585 262 634 et
290 579 371 633 ibi
399 581 685 636 morietur
733 585 794 638 in
833 593 1354 655 praevaricatione,
1415 609 1534 665 qua
1592 595 1856 663 despexit

207 685 296 724 me
349 669 576 738 (Ezech.
628 687 766 740 xvu,
819 678 902 740 i5,
936 680 1042 748 '20).
1091 681 1388 739 Sententia
1418 683 1717 740 saecularis
1747 689 1852 750 est,

205 756 377 812 dolus
403 773 479 813 an
509 759 689 815 virtus
715 761 775 817 in
807 761 974 821 hoste
1005 770 1357 840 requiratur.
1406 774 1596 837 Quam
1625 777 1856 828 senten-

206 847 351 903 tiam
381 846 570 904 solent
600 864 903 921 opponere
933 856 1036 927 qui
1056 856 1265 914 dicunt
1287 860 1490 918 hostes
1513 861 1720 918 fraude
1750 861 1854 918 de-

205 935 529 1008 cipiendos,
564 941 622 993 et
643 939 865 1011 quibus
889 948 952 1000 ut
980 945 1361 1017 quiescamus
1390 949 1582 1007 donec
1609 951 1770 1022 jures
1801 957 1856 1008 et

201 1030 447 1096 pactum
479 1026 644 1082 ineas
674 1027 785 1085 sub
813 1033 1056 1090 nomine
1105 1035 1224 1092 Dei.
1277 1039 1603 1096 Prudentia:
1656 1044 1744 1097 est
1801 1046 1855 1096 et

198 1110 582 1179 fortitudinis,
626 1115 717 1171 vel
756 1116 1049 1192 decipere,
1099 1123 1192 1180 vel
1240 1141 1520 1198 superare
1575 1129 1850 1186 adversa-

193 1200 352 1256 rium
382 1201 876 1278 qualitercunque
904 1213 1189 1280 potueris.
1223 1216 1369 1270 Cum
1396 1220 1597 1273 autem
1629 1221 1681 1274 te
1708 1233 1849 1273 con-

197 1292 503 1348 strinxeris
529 1296 892 1368 juramento,
926 1315 1118 1373 neque
1149 1308 1440 1379 tanquam
1472 1307 1850 1365 adversarius

192 1379 586 1453 decipiendus
619 1387 725 1453 est,
756 1386 902 1457 quia
925 1403 1048 1444 non
1079 1395 1164 1447 est
1195 1393 1704 1453 considerandum
1755 1399 1848 1453 eui

186 1471 382 1541 juras,
415 1470 520 1526 sed
548 1487 655 1544 per
682 1489 862 1546 quem
903 1478 1216 1548 juraveris.
1262 1483 1537 1556 Alioquin
1579 1490 1632 1541 et
1679 1486 1847 1543 illum

186 1559 451 1632 despicis
473 1576 580 1634 per
608 1578 790 1635 quem
811 1567 1000 1636 juras,
1034 1573 1091 1624 et
1117 1569 1302 1627 hostis
1342 1573 1573 1630 ﬁdelior
1615 1574 1842 1632 inveni-

1968 421 2242 479 diocriter
2266 422 2802 480 contremiscerent.
2839 423 2956 476 Hoc
2993 421 3056 477 in
3100 421 3287 492 ipsius
3333 421 3616 493 passione

1966 510 2232 567 refertur.

2040 604 2235 658 XXVII.
2277 601 2527 657 Manebit
2551 616 2692 670 ergo
2723 604 2940 657 sanctis
2987 598 3254 654 Ecclesiae
3305 614 3413 655 sua
3455 603 3618 672 pote-

1968 695 2109 750 stas.
2139 695 2195 747 et
2220 691 2492 764 impietas
2523 690 2754 761 imperii
2783 689 2891 744 erit
2911 703 3090 760 super
3119 703 3278 743 eum.
3323 687 3616 744 Fidelibus

1966 783 2165 835 autem
2195 779 2268 836 de
2297 779 2508 837 eadem
2558 777 2815 834 Ecclesia
2860 776 3072 833 dicitur
3117 792 3129 828 :
3185 776 3394 830 Ponite
3433 777 3615 831 corda

1966 873 2162 924 vestra
2191 870 2254 924 in
2286 871 2506 926 virtute
2535 871 2660 938 ejus
2693 867 2876 937 (Psal.
2911 881 3085 934 vau,
3117 865 3222 934 14).
3274 862 3338 917 Id
3375 869 3462 918 est
3491 879 3613 919 non

1965 956 2296 1012 secundum
2353 956 2519 1028 quod
2573 955 2714 1011 foris
2770 959 3038 1027 apparet,
3097 950 3203 1007 sed
3253 950 3614 1006 mentalibus

1965 1044 2150 1101 oculis
2176 1061 2311 1118 quae
2338 1044 2521 1101 virtUS
2553 1045 2612 1100 in
2643 1061 2714 1100 ea
2759 1044 2830 1098 sit
2877 1043 3301 1114 introspectent
3334 1056 3344 1092 :
3379 1054 3616 1111 semper

1963 1148 2228 1206 namque
2258 1138 2475 1207 pra-sto
2523 1138 2607 1189 est
2651 1131 2744 1189 ille
2789 1132 2890 1204 qui
2919 1129 3194 1204 promisit
3235 1147 3247 1182 :
3303 1129 3454 1183 Ecce
3509 1143 3612 1197 ego

1962 1221 2256 1279 vobiscum
2290 1238 2417 1279 sum
2451 1220 2689 1292 (Matth.
2723 1235 2924 1287 xxvui,
2955 1219 3066 1288 20),
3085 1221 3193 1273 etc.
3226 1215 3387 1272 Unde
3413 1219 3469 1271 et
3497 1214 3610 1270 illic

1960 1311 2225 1382 sequitur
2285 1331 2294 1367 :
2364 1312 2432 1366 Ut
2485 1311 2773 1366 enarretis
2813 1309 3091 1380 quoniam
3152 1305 3247 1361 hic
3303 1310 3384 1361 est
3457 1305 3613 1360 Deus

1962 1400 2148 1465 (Psal.
2180 1415 2352 1464 xm'u,
2390 1402 2470 1464 14,
2510 1403 2619 1466 15).
2655 1396 2768 1454 Sed
2795 1401 2851 1452 et
2896 1396 3083 1451 sancti
3118 1395 3342 1467 quique
3371 1393 3610 1466 pontifi-

1959 1501 2053 1542 ces
2081 1485 2325 1542 sedibus
2355 1487 2476 1542 suis
2519 1502 2672 1558 quas
2719 1483 3048 1556 aliquando
3102 1481 3484 1554 corporaliter
3526 1483 3610 1536 te-

1956 1579 2234 1644 nuerunt,
2284 1574 2528 1646 spiritali
2583 1572 2899 1644 praesentia
2951 1584 3187 1641 semper
3241 1569 3449 1623 adesse
3488 1584 3610 1624 cre-

185 1651 282 1703 tur
308 1664 493 1720 quam
528 1654 609 1722 tu,
641 1651 744 1724 qui
776 1661 1018 1727 propter
1047 1673 1269 1716 nomen
1300 1662 1400 1718 Dei
1440 1662 1543 1719 tibi
1574 1664 1842 1721 credidit.
1876 1678 1918 1731 Β
1955 1664 2195 1719 duntur.
2229 1662 2400 1728 Quod
2430 1663 2610 1718 etiam
2640 1661 2688 1715 si
2719 1660 2911 1732 placet
2929 1656 3206 1729 exemplo
3228 1660 3606 1712 monstretur.

182 1739 312 1792 Non
340 1738 498 1793 enim
531 1739 763 1796 hostem
791 1742 1027 1817 decipit,
1060 1746 1166 1802 sed
1190 1749 1475 1817 amicum,
1525 1751 1628 1824 qui
1675 1753 1842 1809 illum

180 1825 404 1914 decipit
443 1828 538 1883 cui
557 1828 901 1899 juramento
929 1833 1116 1891 divini
1146 1839 1406 1894 nominis
1437 1840 1630 1897 fuerat
1657 1857 1843 1914 copu-

179 1911 371 1970 latus.
439 1917 556 1970 Hoc
602 1915 829 1974 dictum
891 1919 966 1976 sit
1006 1927 1073 1976 ut
1111 1923 1475 1996 Christianis,
1511 1929 1615 1999 qui
1639 1911 1843 1986 contra

179 2001 588 2058 Christianum
623 2005 1034 2075 juramentum
1069 2010 1304 2082 frangit,
1349 2016 1496 2086 quid
1550 2023 1846 2074 mereatur

173 2089 325 2144 hinc
357 2091 662 2162 intelligat,
716 2093 764 2150 si
807 2095 1002 2153 foedus
1030 2097 1179 2155 illud
1216 2102 1382 2173 quod
1407 2107 1614 2161 contra
1656 2122 1841 2179 paga-

172 2194 332 2233 num
359 2180 599 2236 Judaeus
629 2182 874 2241 violavit
897 2185 979 2242 sic
1005 2186 1518 2262 animadvertitur,
1569 2198 1632 2250 ut
1666 2195 1840 2251 Sede-

171 2266 303 2322 cias
333 2268 556 2324 avulsis
587 2272 776 2327 oculis
805 2279 1050 2347 propter
1096 2276 1254 2333 hanc
1291 2281 1838 2352 praevaricationem

171 2356 234 2410 in
267 2355 639 2428 Babylonem
671 2376 810 2418 cum
837 2362 1096 2421 ducibus
1130 2367 1252 2422 suis
1301 2369 1574 2441 captivus
1624 2371 1839 2430 ductus

172 2444 264 2499 sit.

239 2533 420 2589 XXVI.
472 2537 539 2592 Ut
582 2540 784 2593 autem
843 2539 1228 2599 sacerdotalis
1275 2542 1536 2614 dignitas
1593 2555 1837 2622 propter

170 2623 316 2678 fidei
350 2626 724 2697 majestatem
762 2629 1101 2688 ostensione
1131 2632 1308 2689 etiam
1356 2635 1604 2693 visibilis
1658 2639 1834 2696 mira-

176 2712 292 2768 culi
328 2716 803 2784 commendetur,
845 2718 990 2775 illud
1033 2720 1192 2778 beati
1239 2724 1390 2780 Petri
1439 2725 1520 2781 ad
1567 2728 1834 2784 medium

166 2801 523 2859 deducatur.
563 2805 662 2861 Hic
691 2805 903 2864 beatus
943 2810 1149 2866 Petrus
1191 2811 1564 2871 Alexandriae
1609 2818 1834 2889 praesul

165 2890 296 2956 fuit,
331 2895 389 2946 et
420 2893 626 2949 Arium
656 2895 1002 2953 haereticum
1037 2897 1114 2954 ab
1146 2900 1408 2957 Ecclesia
1447 2920 1556 2960 sua
1601 2905 1833 2977 primus

163 2979 362 3082 ejecit.
394 2981 496 3037 Cui
526 2981 742 3081 dehinc
771 2982 1028 3082 instante
1056 2987 1361 3082 passionis
1392 2990 1642 3048 articulo
1665 2994 1831 3050 Chri-
1864 3031 1903 3082 ε

165 3071 289 3124 stus
322 3084 433 3140 per
463 3071 766 3126 somnium
795 3073 982 3129 nimio
1013 3073 1333 3146 splendore
1365 3078 1601 3150 fulgens
1646 3097 1831 3154 appa-

173 3159 312 3227 ruit,
347 3158 592 3215 indutus
625 3161 892 3218 videlicet
920 3163 1154 3222 colobio
1174 3166 1353 3222 nimis
1381 3169 1828 3235 candidissimo,

169 3246 271 3302 sed
312 3264 507 3321 usque
537 3249 614 3305 ad
645 3249 828 3323 pedes
855 3251 1060 3308 scisso.
1097 3254 1269 3320 Quod
1301 3261 1498 3313 tamen
1530 3260 1832 3317 cotobium

169 3335 479 3392 ambabus
510 3339 792 3395 manibus
824 3339 900 3396 ad
931 3345 1139 3414 pectus
1159 3360 1336 3400 suum
1361 3347 1677 3417 stringens,
1720 3366 1831 3405 nu-

165 3421 419 3479 ditatem
442 3440 618 3480 suam
647 3425 1104 3498 quodammodo
1133 3431 1458 3502 operiebat.
1502 3437 1691 3500 Quem
1731 3439 1832 3494 Pe-

160 3515 290 3566 trus
352 3527 481 3568 esse
527 3514 824 3570 Christum
862 3515 1216 3588 intelligens,
1264 3535 1400 3578 cum
1443 3523 1668 3593 ingenti
1697 3526 1833 3581 hor-

166 3615 302 3654 rore
337 3601 620 3656 attonitus
651 3601 731 3658 ait
763 3619 774 3657 :
808 3602 878 3658 Mi
908 3605 1176 3677 Domine,
1209 3607 1344 3680 quis
1384 3609 1497 3666 hoc
1529 3610 1663 3667 fecit
1691 3614 1718 3666 ?
1761 3619 1832 3670 At

170 3687 262 3743 ille
294 3689 382 3744 ait
415 3706 428 3742 :
461 3690 630 3745 Arius
661 3691 806 3747 mihi
836 3692 951 3748 hoc
978 3693 1135 3765 fecit,
1185 3701 1241 3752 et
1292 3703 1501 3754 caetera
1552 3717 1686 3773 quas
1735 3702 1828 3759 ille

166 3778 351 3833 nimis
399 3777 720 3835 affectuose
761 3787 1113 3852 prosecutus
1149 3790 1253 3841 est.
1304 3787 1403 3841 Hic
1455 3804 1596 3858 ergo
1627 3793 1828 3847 Petrus

166 3871 439 3938 tempore
477 3867 861 3940 episcopatus
909 3885 1224 3943 nunquam
1276 3875 1334 3928 in
1391 3876 1672 3934 cathedra
1720 3897 1828 3935 sua

159 3957 370 4011 sedere
397 3955 722 4026 voluit,sed
746 3973 926 4031 super
955 3960 1282 4017 scabellum
1310 3963 1498 4034 ipsius
1528 3967 1826 4024 cathedrze

155 4043 479 4099 residebat.
515 4047 756 4117 Propter
791 4047 957 4118 quod
989 4048 1327 4120 frequenter
1379 4051 1572 4107 clerus
1619 4060 1674 4110 et
1724 4072 1827 4127 po-

154 4133 339 4205 putus
385 4139 593 4190 contra
639 4151 776 4190 eum
829 4137 1215 4208 querebatur,
1285 4140 1387 4195 sed
1439 4158 1828 4215 nequaquam

156 4222 600 4296 acquiescebat,
652 4226 945 4296 quoniam
989 4229 1464 4303 quotiescunque
1517 4233 1828 4304 thysiaste-

155 4312 313 4367 rium
375 4311 758 4383 ascendebat,
812 4316 1097 4386 splendor
1141 4317 1351 4387 igneus
1400 4320 1474 4376 de
1521 4322 1654 4393 ipsa.
1685 4324 1829 4380 sede

156 4401 469 4471 egrediens
500 4403 852 4476 apparebat,
884 4407 1056 4475 cujus
1088 4412 1333 4479 aspectu
1358 4409 1449 4464 vir
1479 4416 1721 4468 sanctus
1745 4412 1828 4470 ita

156 4490 620 4560 accendebatur,
678 4497 742 4548 ut
801 4495 1056 4551 nesciret
1116 4512 1176 4551 se
1235 4497 1536 4554 interdum
1593 4516 1721 4555 esse
1767 4502 1827 4556 in

156 4595 428 4652 corpore.
457 4581 605 4636 Cum
635 4587 836 4638 autem
867 4584 1140 4656 quadam
1169 4585 1264 4642 die
1292 4585 1484 4643 clerus
1515 4593 1572 4644 et
1600 4590 1826 4660 episco-

157 4669 214 4737 pi
243 4669 350 4740 qui
379 4667 630 4726 aderant
672 4670 745 4724 de
776 4671 1063 4743 prmdicta
1103 4673 1366 4729 sessione
1412 4681 1821 4747 quererentur,

156 4755 248 4812 ille
281 4762 527 4813 coactus
573 4763 629 4815 et
671 4760 798 4830 jam
852 4759 1042 4818 celare
1090 4777 1212 4818 non
1244 4763 1445 4820 valens
1475 4781 1488 4819 :
1525 4765 1698 4832 Quid,
1731 4766 1821 4822 in-

155 4847 302 4916 quit,
337 4845 617 4916 atﬂigitur
644 4864 745 4904 cor
773 4865 978 4905 meum
1005 4851 1031 4903 ?
1062 4855 1274 4907 Annon
1301 4851 1511 4908 videtis
1541 4854 1817 4911 virtutem

155 4933 396 5003 igneam
454 4952 590 5008 quae
646 4937 894 4995 emiscat
944 4939 1019 4994 de
1073 4939 1221 4995 solio
1272 4939 1392 5009 illo,
1444 4945 1500 4997 et
1544 4943 1817 5014 spiritum

157 5040 470 5081 coruscare
499 5041 620 5082 non
653 5027 937 5083 cernitis?
985 5029 1254 5102 Cumque
1301 5046 1512 5087 omnes
1551 5031 1816 5090 demisso

157 5115 349 5187 capite
406 5119 638 5171 tantam
695 5130 821 5174 rem
881 5117 1192 5174 audientes
1243 5119 1688 5187 conticuissent,
1721 5123 1814 5179 ille

157 5203 470 5272 subjunxit
503 5222 514 5259 :
551 5203 779 5260 Credite
828 5203 993 5272 mihi,
1054 5204 1239 5277 ﬁlioli,
1291 5206 1342 5263 si
1372 5206 1645 5263 videretis
1679 5225 1812 5282 quas

155 5291 350 5360 video,
387 5297 525 5349 tunc
569 5294 1029 5366 cognosceretis,
1081 5295 1275 5368 qualis
1327 5301 1385 5352 et
1432 5297 1811 5354 sacerdotalis

154 5379 358 5446 virtus,
418 5386 474 5436 et
527 5397 662 5453 quae
712 5383 904 5452 gratia
951 5383 1010 5438 in
1060 5383 1204 5457 ipsis
1234 5383 1484 5447 habitat,
1532 5385 1609 5439 ad
1629 5387 1810 5456 cujus

154 5470 484 5537 majestatis
534 5471 916 5542 praesentiam
960 5487 1072 5542 ego
1119 5473 1351 5529 territus
1384 5474 1586 5530 sectere
1628 5474 1686 5528 in
1718 5489 1811 5530 ea-

153 5556 298 5611 dem
329 5559 612 5616 cathedra
639 5575 763 5615 non
793 5561 1012 5617 audeo.
1056 5563 1185 5626 Quo
1243 5561 1522 5634 exemplo
1571 5563 1620 5617 si
1658 5561 1809 5618 bene

152 5645 586 5710 consideratur,
623 5663 761 5709 cum
805 5649 943 5711 hinc
993 5649 1324 5708 admodum
1371 5655 1809 5722 contemptores

1151 5880 1214 5900 η,
1238 5892 1241 5896 ,
1266 5882 1288 5928 ξ

1957 1753 2016 1806 In
2072 1752 2172 1808 illa
2231 1753 2350 1808 divi
2410 1750 2669 1820 Gregorii
2717 1750 2853 1813 vita,
2895 1764 3020 1820 qua
3050 1745 3300 1801 Romani
3343 1749 3608 1813 utuntur,

1955 1841 2143 1896 multa
2171 1839 2472 1896 mirabilia
2496 1855 2602 1911 per
2627 1837 3004 1910 praesentiam
3045 1835 3176 1904 ejus
3216 1837 3351 1905 post
3403 1831 3610 1887 transi-

1955 1935 2080 1985 tum
2113 1930 2170 1984 in
2202 1929 2300 1986 illo
2333 1945 2442 1984 suo
2473 1927 2856 1993 monasterio,
2887 1925 3059 1996 cujus
3095 1923 3155 1979 in
3185 1921 3445 1978 homiliis
3489 1937 3609 1976 me-

1955 2019 2143 2083 minit,
2202 2022 2434 2089 patrata
2487 2016 2798 2072 manifeste
2855 2014 3255 2080 declarantur,
3306 2027 3337 2066 e
3385 2010 3607 2082 quibus

1955 2121 2145 2161 unum
2201 2111 2305 2161 est.
2359 2104 2614 2170 Quidam
2666 2102 2927 2159 nefarius
2977 2101 3219 2156 nomine
3263 2098 3606 2156 Dominicus

1951 2194 2282 2267 quamdam
2315 2192 2830 2256 sanctimonialem
2863 2207 2900 2247 a
2941 2207 3001 2245 se
3048 2192 3392 2261 corruptam
3434 2188 3608 2257 juxta

1949 2282 2092 2339 illud
2120 2283 2550 2340 monasterium
2583 2281 2692 2337 sibi
2724 2280 3028 2347 conduxit,
3061 2293 3319 2350 cumque
3345 2276 3606 2348 hospitio

1946 2371 2162 2427 latrina
2210 2372 2462 2439 deesset,
2518 2368 2874 2434 trabeculas,
2929 2384 3067 2440 quae
3123 2368 3346 2422 fontem
3417 2363 3605 2419 sancti

1947 2459 2209 2529 Gregorii
2260 2463 2589 2525 senserant,
2637 2457 2838 2514 infelix
2893 2455 3156 2521 abstulit,
3216 2457 3274 2509 et
3322 2451 3602 2508 latrinam

1947 2547 2188 2622 aptavit.
2250 2548 2400 2603 Cum
2458 2546 2727 2621 sequenti
2785 2545 3011 2601 ibidem
3064 2547 3237 2599 nocte
3296 2539 3600 2604 dormiret,

1944 2637 2416 2710 comprehensus
2450 2641 2542 2692 est
2569 2652 2606 2691 a
2630 2635 2870 2692 duobus
2898 2633 3071 2707 quasi
3103 2629 3483 2688 cubiculariis
3513 2631 3600 2685 at-

1942 2743 2060 2799 que
2088 2726 2304 2797 ligatus
2327 2743 2338 2780 ε
2361 2741 2514 2798 quos
2544 2741 2682 2781 cum
2712 2726 3104 2793 interrogaret
3128 2737 3234 2777 cur
3259 2735 3322 2775 se
3350 2719 3604 2790 ligarent

1943 2818 2000 2870 et
2029 2819 2150 2869 tam
2176 2813 2487 2870 crudeliter
2518 2812 3173 2885 impellerentzPropter
3193 2807 3598 2876 fomicariam,

1942 2903 2240 2973 inquiunt,
2295 2905 2348 2956 te
2408 2904 2651 2956 sanctus
2703 2914 2868 2971 papa
2915 2896 3086 2967 jubet
3129 2897 3191 2952 in
3231 2895 3597 2952 audientiam

1941 2989 2100 3046 duci.
2133 2993 2295 3046 Forte
2328 2994 2466 3045 tunc
2493 2991 2752 3044 Joannes
2776 2985 3042 3058 pontifex
3072 2987 3378 3040 Romanus
3407 2982 3599 3054 pridie

1941 3084 2152 3134 contra
2202 3081 2530 3135 Saracenos
2588 3080 2928 3150 perrexerat
2982 3092 2994 3128 :
3037 3074 3208 3144 cujus
3260 3071 3599 3126 absentiam

1940 3183 2078 3224 reus
2101 3169 2196 3223 ille
2224 3166 2595 3231 recordatus,
2636 3163 2940 3231 dominus,
2969 3160 3163 3234 inquit
3204 3175 3384 3233 papa,
3435 3172 3597 3213 nunc

1941 3259 2002 3313 in
2032 3257 2180 3312 urbe
2209 3272 2329 3312 non
2375 3259 2479 3321 est,
2508 3259 2566 3310 et
2590 3252 2899 3327 quomodo
2927 3267 3026 3308 me
3054 3250 3226 3321 ligari
3250 3247 3471 3320 jussit?
3524 3249 3596 3301 At

1941 3346 2022 3401 illi
2039 3345 2317 3401 dixerunt
2347 3362 2358 3399 :
2396 3344 2452 3401 Si
2482 3358 2644 3416 papa
2671 3344 2935 3397 Joannes
2970 3340 3109 3396 hinc
3139 3337 3305 3402 abiit,
3348 3339 3593 3392 sanctus

1942 3433 2256 3502 Gregorius
2304 3433 2399 3488 hic
2449 3431 2756 3496 remansit,
2808 3430 2912 3502 qui
2955 3443 3122 3484 more
3172 3426 3342 3483 solito
3383 3423 3594 3480 urbem

1940 3522 2306 3595 perlustrans
2337 3537 2477 3577 cum
2504 3520 2596 3575 hic
2627 3519 2872 3586 veniret,
2903 3521 3070 3591 septa
3101 3513 3190 3571 sui
3232 3515 3410 3570 fontis
3460 3529 3496 3568 a
3539 3517 3594 3568 te

1937 3616 2180 3685 propter
2209 3609 2644 3666 meretriculam
2676 3607 2890 3680 reperit
2918 3605 3224 3678 dissipata.
3247 3603 3346 3659 Ille
3366 3602 3593 3658 excitus

1939 3717 2076 3758 cum
2101 3702 2230 3772 jam
2260 3699 2503 3756 internis
2533 3697 2799 3755 febribus
2829 3695 3061 3752 arderet
3107 3693 3468 3750 duodecimo
3497 3691 3592 3747 die

1937 3791 2246 3863 expiravit.
2293 3789 2401 3853 Qui
2445 3788 2738 3843 Zacharias
2785 3785 3031 3857 quidem
3071 3783 3173 3855 qui
3229 3781 3591 3837 monasterio

1936 3881 2190 3951 prteerat
2219 3877 2700 3947 objurgationem
2733 3876 3190 3944 contempserat,
3241 3871 3344 3925 sed
3377 3871 3590 3938 Grego-

1938 3968 2092 4023 rium
2120 3967 2256 4022 loco
2285 3981 2412 4020 esse
2440 3967 2796 4035 praesentem
2841 3965 3019 4032 atque
3063 3958 3300 4027 singula
3333 3973 3590 4028 quaeque

1938 4060 2280 4130 perscrutan
2293 4057 2428 4116 tem,
2458 4053 2620 4123 quod
2644 4065 2766 4106 non
2808 4046 3244 4120 suspicabatur,
3276 4044 3589 4100 moriendo

1936 4143 2234 4217 probavit.

2009 4234 2232 4290 XXVIII.
2267 4230 2545 4302 Quisquis
2575 4229 2751 4297 igitur
2779 4243 2849 4282 ex
2880 4226 2998 4281 ﬁde
3028 4225 3188 4290 vivit,
3243 4221 3451 4278 Christi
3499 4221 3588 4276 vel

1939 4325 2283 4379 sanctorum
2339 4321 2468 4389 ejus
2517 4317 2897 4392 praesentiam
2941 4317 3298 4378 revereatur,
3354 4317 3410 4366 et
3465 4325 3588 4366 non

1938 4427 2278 4485 praeconem
2301 4412 2680 4473 contemnat;
2715 4406 2761 4461 si
2792 4405 2990 4470 etiam,
3035 4402 3202 4475 quod
3231 4400 3402 4468 absit,
3457 4400 3588 4456 vitae

1938 4500 2149 4556 merito
2179 4496 2656 4554 contemnendus
2677 4495 2869 4563 fuerit,
2893 4494 2999 4548 sed
3021 4490 3240 4563 judicis
3260 4489 3586 4562 potentiam

1937 4588 2295 4645 reformidet.
2355 4587 2508 4642 Licet
2553 4585 2715 4640 enim
2767 4582 2895 4638 talis
2919 4579 3232 4654 judicandi
3270 4579 3470 4634 locum
3503 4581 3584 4633 te-

1933 4683 2090 4744 neat,
2121 4678 2293 4748 cujus
2328 4676 2449 4732 vita
2471 4675 2604 4730 loco
2633 4672 2879 4728 minime
2913 4668 3238 4726 concordat
3265 4685 3278 4722 :
3310 4665 3586 4739 quisquis

1931 4772 2135 4822 tamen
2161 4764 2466 4834 regiminis
2498 4762 2755 4832 gradum
2795 4759 3058 4826 sortitur,
3106 4756 3308 4812 locum
3350 4757 3586 4826 aposto-

1928 4855 2125 4911 lorum
2140 4855 2200 4910 in
2210 4852 2440 4923 ligandi
2460 4855 2641 4923 atque
2661 4847 2932 4904 solvendi
2954 4845 3300 4902 auctoritate
3315 4843 3585 4917 suscipit.

1930 4945 1994 4998 Et
2024 4942 2243 4998 idcirco
2275 4941 2424 4997 sicut
2449 4940 2509 4996 in
2535 4937 2782 4994 homilia
2816 4935 3273 5005 Evangeliorum
3294 4933 3586 5004 vigesima

1927 5036 2092 5088 sexta
2121 5029 2308 5086 sancti
2341 5027 2600 5097 Gregorii
2630 5026 2842 5081 dicitur
2878 5044 2888 5078 :
2925 5026 3130 5081 Utrum
3166 5025 3320 5095 juste
3365 5038 3443 5078 an
3492 5023 3582 5077 in-

1919 5121 2076 5189 juste
2103 5118 2242 5189 liget
2279 5121 2502 5189 pastor,
2536 5115 2790 5188 pastoris
2823 5120 3025 5170 tamen
3077 5112 3364 5168 sententia
3419 5111 3582 5180 gregi

1925 5207 2190 5264 timenda
2222 5212 2330 5273 est,
2362 5221 2436 5261 ne
2467 5205 2514 5261 is
2552 5209 2608 5261 et
2635 5205 2736 5277 qui
2783 5204 3005 5269 subest,
3068 5207 3124 5258 et
3169 5217 3307 5256 cum
3365 5199 3582 5268 injuste

1923 5296 2172 5353 forsitan
2211 5296 2447 5365 ligatur,
2489 5294 2684 5366 ipsam
2741 5290 3122 5362 obligationis
3177 5305 3297 5341 suae
3348 5287 3579 5339 senten-

1923 5387 2064 5443 tiam
2097 5402 2167 5442 ex
2200 5385 2317 5441 alia
2345 5384 2522 5456 culpa
2553 5388 2869 5438 mereatur.
2921 5382 3128 5435 Pastor
3156 5391 3297 5445 ergo
3329 5373 3479 5430 sicut
3506 5373 3580 5429 de

1921 5475 2205 5531 omnibus
2233 5473 2473 5545 judiciis
2505 5473 2650 5534 suis,
2682 5472 2973 5527 rationem
3001 5481 3138 5520 vero
3163 5464 3350 5534 judici
3381 5463 3578 5519 reddi-

1921 5567 2108 5631 turus,
2136 5563 2230 5618 vel
2261 5562 2569 5618 absolvere
2601 5559 2914 5615 indiscrete
2943 5553 3164 5623 timeat,
3209 5551 3301 5606 vel
3349 5551 3533 5622 ligare
3563 5569 3574 5605 :

1921 5652 2194 5708 subditus
2235 5663 2370 5708 vero
2419 5649 2588 5717 ligari
2634 5649 2855 5711 timeat,
2906 5640 2994 5696 vel
3049 5641 3285 5712 injuste.
3321 5639 3579 5706 Qualiter
