4094 6156
417 205 520 266 539

1477 201 1544 276 s.’
1579 196 1836 258 oooms
1883 194 2177 254 assam
2214 196 2714 256 GLUNIACENSI‘S
2753 198 2799 255 ιι

3745 201 3849 254 540

415 332 616 386 autem
664 326 892 400 praelati
935 323 1030 382 vel
1077 323 1212 397 sibi,
1263 324 1360 380 vel
1412 323 1665 380 subditis
1707 323 1932 390 vivant,
1977 322 2082 376 aut
2111 318 2160 372 Α
2192 323 2356 376 ctum
2409 321 2680 392 ﬂoreant,
2737 327 2793 380 et
2846 340 2883 380 a
2954 321 3226 396 sequenti
3301 322 3496 396 patria
3579 319 3852 378 funditus

416 418 669 492 qualiter
691 417 980 489 quaedam
1021 416 1238 486 levius,
1271 415 1554 487 quaedam
1584 413 1856 487 asperius
1898 409 2080 466 cerris

415 511 578 576 gant,
627 506 910 578 quaedam
962 505 1364 574 dissimulent,
1418 519 1527 558 nec
1583 508 1781 558 tamen
1817 507 2080 555 crescere

415 595 632 664 sinant,
665 597 727 650 in
751 595 904 650 libro
936 593 1226 649 Pastorali
1267 591 1582 648 manifeste
1627 589 1953 646 disseritur.
1980 587 2079 644 Hic

415 690 617 741 tamen
647 700 717 740 ex
767 684 920 740 libro
949 699 1088 739 xxvi
1119 683 1427 740 Moralium
1469 681 1618 737 illud
1645 693 2078 736 commemore-

413 778 531 844 tur,
563 773 612 828 si
651 789 688 829 a
728 787 1057 846 pravorum
1116 772 1488 843 correptione
1537 771 1916 836 cessaverint,
1965 766 2082 839 ipsi

416 877 528 935 pro
557 863 640 918 eis
668 863 1012 934 punientur.
1059 865 1126 918 Et
1155 865 1304 934 quot
1334 861 1612 930 regendis
1661 857 1914 915 subditis
1949 856 2081 929 qui-

420 959 567 1022 sque
589 954 823 1021 praeest,
851 955 937 1006 tot
961 949 1126 1022 apud
1155 949 1489 1004 districtum
1533 947 1801 1018 judicem
1849 945 2086 1001 animas

421 1038 586 1093 solus
607 1037 683 1093 ad
715 1037 1088 1093 reddendam
1112 1038 1407 1094 rationem
1438 1035 1704 1104 habebit,
1753 1050 1893 1090 cum
1938 1033 2090 1101 forte

418 1125 494 1181 de
525 1141 638 1180 sua
671 1125 800 1182 sola
841 1127 940 1182 vix
983 1125 1257 1183 suiﬁciat.
1312 1125 1593 1180 Subditos
1631 1139 1874 1196 quoque
1915 1125 2087 1178 tanto

416 1213 723 1270 liberiores
783 1213 844 1269 in
893 1215 1098 1270 divino
1150 1214 1430 1270 examine
1519 1212 1751 1285 praelati
1815 1211 2084 1276 reddent,

418 1308 646 1376 quanto
675 1303 771 1359 hic
803 1316 1010 1360 eorum
1041 1304 1284 1376 culpam
1317 1303 1442 1358 sine
1473 1302 1738 1358 vindicta
1767 1316 1890 1356 non
1919 1301 2089 1356 dese‘

416 1397 558 1448 runt
581 1400 598 1447 ':
631 1393 746 1464 ipsi
769 1409 913 1450 vero
939 1398 1104 1453 tanto
1145 1386 1528 1462 obligatiores
1557 1392 1732 1460 ﬁunt,
1764 1394 1993 1462 quanto
2023 1389 2085 1444 in

417 1481 510 1537 his
539 1482 641 1554 qui
672 1483 1070 1552 committunt,
1125 1495 1235 1538 nec
1283 1481 1450 1538 verbi
1489 1481 1736 1552 quidem
1767 1479 2082 1550 injectione

419 1569 498 1625 ab
529 1569 731 1642 aliquo
757 1571 1114 1626 lacerantur.

2190 413 2482 467 arescant.

2261 503 2405 556 XXX.
2447 502 2714 567 Quorum
2743 502 2942 558 studia
2965 503 3094 558 haec
3123 505 3282 568 sunt,
3316 504 3527 558 contra
3550 502 3856 574 praecepta

2191 588 2524 645 Conditoris
2554 589 2963 658 indurescunt,
2987 591 3191 664 pravis
3224 589 3532 646 desideriis
3551 590 3850 661 succensi,

2192 691 2302 731 nec
2327 677 2452 732 suis
2483 679 2776 736 mortibus
2797 679 3126 752 aliquando
3153 681 3429 751 parcunt.
3461 681 3710 734 lnanem
3734 677 3854 748 glo-

2193 759 2344 816 riam
2375 762 2552 818 etiam
2583 775 2723 819 cum
2752 764 2886 819 vitae
2909 763 3264 820 detrimento
3306 765 3604 836 quaerunt.
3658 765 3855 818 Bonos

2193 865 2332 906 vero
2355 851 2529 906 dictis
2555 857 2612 908 et
2639 852 2808 909 factis
2835 857 3295 925 persequuntur,
3325 854 3383 907 et
3410 851 3589 907 etiam
3611 849 3853 921 gladiis.

2197 939 2375 1010 Spem
2405 939 2463 995 in
2495 941 2826 1014 semetipsis
2853 945 3123 1014 ponunt;
3176 944 3382 997 contra
3429 938 3666 1010 ﬂagella
3695 942 3855 996 Con-

2196 1026 2402 1084 ditoris
2433 1029 2806 1088 insensibiles
2836 1031 3112 1088 existunt.
3137 1030 3397 1088 Mortalia
3421 1040 3548 1086 non
3588 1028 3856 1086 mortali-

2197 1121 2284 1172 ter
2307 1119 2608 1189 cogitant;
2639 1121 2903 1177 habendi
2929 1121 3318 1194 cupiditatem
3347 1119 3515 1176 nullo
3560 1123 3856 1188 congestu

2195 1208 2500 1266 lucrorum
2527 1209 2761 1268 ﬁniunt.
2789 1211 2945 1268 Inter
2973 1211 3272 1284 quaslibet
3311 1209 3742 1266 amaritudines
3773 1209 3858 1266 ad

2195 1297 2566 1370 voluptatem
2613 1299 2870 1356 carnalis
2898 1298 3175 1355 desiderii
3222 1303 3570 1365 recurrunt;
3623 1313 3852 1370 corpus

2193 1391 2490 1462 quantum
2542 1392 2796 1460 possunt
2849 1387 3166 1460 epularum
3235 1385 3678 1443 diversitatibus
3745 1400 3858 1441 nu-

2194 1477 2396 1544 triunt,
2451 1477 2792 1534 maestitiam
2830 1477 3102 1532 locorum
3144 1476 3571 1533 blandimentis
3618 1475 3857 1532 demul-

2193 1571 2344 1622 cent.
2379 1570 2457 1622 Ne
2485 1567 2749 1639 despecti
2792 1567 3128 1638 videantur,
3174 1565 3567 1633 dignitatibus
3614 1578 3678 1621 se
3706 1563 3860 1620 inal-

490 1658 657 1716 XXIX.
720 1662 1046 1722 Pravorum
1103 1659 1457 1731 perversitas
1514 1657 1712 1726 exigit,
1762 1661 1829 1712 ut
1871 1661 2080 1712 contra
2117 1670 2162 1724 Β
2192 1661 2354 1721 tant;
2387 1655 2784 1728 potestatibus
2813 1659 3060 1711 cunctos
3103 1654 3524 1712 transcendere
3571 1653 3856 1724 gestiunt;

419 1751 830 1818 contemptum
861 1763 1070 1804 eorum
1103 1752 1269 1804 tanta
1297 1747 1592 1814 dicantur,
1627 1750 1874 1818 accepta
1911 1745 2077 1802 vide-

419 1837 554 1893 licet
583 1837 898 1894 occasione
946 1837 1021 1894 de
1061 1838 1226 1907 Cain,
1275 1838 1449 1910 cujus
1494 1836 1585 1892 isti
1619 1851 1908 1908 sequaces
1939 1839 2080 1891 sunt

419 1925 526 1998 qui
556 1925 657 1982 Dei
686 1926 878 1998 ipsius
911 1927 1383 1983 admonitionem
1414 1924 1772 1998 contempsit
1819 1944 1830 1980 :
1879 1924 1987 1996 qui
2025 1928 2082 1980 et

421 2014 664 2086 culpam
695 2016 979 2072 conﬁtere
1007 2016 1217 2080 noluit,
1271 2015 1376 2071 sed
1429 2020 1484 2070 et
1531 2014 1737 2071 timide
1767 2013 2081 2086 respondit

421 2103 627 2159 dicens
661 2123 672 2160 :
707 2105 1000 2177 Nunquid
1029 2111 1222 2163 custos
1253 2105 1470 2174 fratris
1499 2105 1616 2160 mei
1641 2117 1770 2160 sum
1799 2104 1968 2174 (Gen.
1998 2115 2080 2172 iv,

423 2191 496 2266 9).
522 2195 584 2248 In
615 2209 737 2266 quo
767 2194 922 2250 facto
970 2195 1298 2264 genitorem
1347 2207 1525 2250 suum
1579 2193 1772 2249 Adam
1817 2193 2082 2248 imitatus

423 2285 533 2352 est,
567 2283 671 2354 qui
698 2283 776 2338 ad
807 2284 1220 2356 paenitentiam
1268 2283 1588 2354 requisitus
1638 2298 1778 2338 mox
1825 2280 2082 2337 admini-

423 2371 628 2427 culum
653 2372 1050 2428 excusationis
1081 2371 1375 2442 adjunxit,
1399 2369 1630 2426 dicens:
1653 2370 1876 2426 Mulier
1903 2383 2083 2440 quam

424 2459 641 2516 dedisti
666 2459 834 2522 mihi,
867 2460 1026 2516 dedit
1057 2461 1225 2526 mihi,
1259 2464 1316 2514 et
1342 2459 1569 2514 comedi
1620 2460 1784 2524 (Gen.
1837 2469 1916 2525 tu,
1974 2461 2078 2524 t2).

427 2550 751 2602 Excessum
777 2561 956 2602 suum
1002 2546 1250 2602 latenter
1287 2546 1638 2618 intorquens
1667 2545 1727 2600 in
1754 2549 2080 2612 auctorem,

427 2635 602 2706 quasi
627 2634 742 2706 ipsi
767 2635 872 2706 qui
901 2634 1212 2690 mulierem
1242 2634 1508 2701 dederat,
1557 2634 1941 2690 occasionem
1979 2633 2084 2690 de-

426 2722 739 2795 linquendi
765 2723 1138 2795 praebuisset.
1173 2723 1316 2778 Hinc
1337 2727 1424 2778 est
1447 2723 1612 2795 quod
1653 2738 1725 2778 ex
1755 2722 1855 2779 illa
1885 2723 2085 2780 radice

427 2817 633 2869 ranius
661 2811 842 2882 hujus
872 2811 1088 2868 erroris
1113 2828 1305 2886 usque
1337 2827 1498 2867 nunc
1522 2813 1582 2868 in
1611 2813 1884 2869 humano
1905 2827 2085 2881 gene-

427 2913 492 2955 re
538 2900 922 2972 protrahitur,
977 2904 1044 2956 ut
1095 2901 1263 2972 quod
1314 2901 1574 2974 quisque
1625 2899 1780 2956 male
1809 2901 1952 2972 agit,
1983 2905 2088 2956 aut

2191 1745 2302 1811 Qui
2333 1761 2474 1802 vero
2505 1746 2820 1802 astutiores
2851 1748 3012 1809 sunt,
3027 1745 3210 1801 corda
3238 1757 3350 1800 sua
3373 1743 3611 1800 discunt
3629 1741 3864 1799 machi-

2188 1834 2534 1892 nationibus
2560 1840 2777 1904 tegere,
2808 1849 3055 1890 sensum
3096 1833 3294 1890 verbis
3333 1832 3548 1896 velare,
3591 1833 3859 1900 irrogata

2193 1924 2354 1981 mala
2378 1919 3060 1996 multipliciusreddere,
3089 1921 3390 1996 simplices
3415 1921 3679 1978 irridere.
3713 1921 3857 1976 Haec

2191 2011 2404 2066 veteris
2430 2009 2692 2066 hominis
2721 2010 3040 2084 prudentia
3069 2014 3174 2079 est,
3197 2025 3334 2084 quae
3364 2023 3401 2066 a
3427 2008 3629 2082 pueris
3661 2007 3860 2080 pretio

2193 2099 2462 2168 discitur,
2487 2100 2550 2154 in
2571 2100 2898 2171 juvenibus
2943 2115 3058 2156 usti
3101 2099 3420 2157 roboratur
3472 2107 3487 2153 ξ
3541 2098 3697 2154 hanc
3746 2097 3861 2169 qui

2195 2189 2411 2257 sciunt,
2445 2194 2689 2244 caeteros
2717 2188 3058 2261 despiciunt
3085 2207 3100 2257 ;
3131 2188 3236 2262 qui
3260 2187 3553 2254 nesciunt,
3608 2187 3672 2242 in
3717 2186 3862 2242 aliis

2193 2278 2594 2335 urbanitatem
2620 2283 2851 2350 putant.
2886 2279 2953 2334 Hi
2996 2285 3258 2352 superna
3313 2285 3450 2349 quae
3499 2276 3862 2344 amiSerunt,

2193 2383 2304 2423 nec
2327 2367 2642 2440 plangunt,
2672 2383 2783 2424 nec
2807 2367 3173 2438 recogitant;
3231 2365 3563 2437 ingenitam
3607 2365 3866 2421 liberta-

2193 2461 2314 2514 tem
2342 2472 2466 2512 non
2495 2456 2783 2525 recolunt,
2818 2457 3171 2529 semetipsos
3197 2456 3260 2512 in
3283 2456 3398 2527 his,
3429 2455 3511 2512 ad
3542 2470 3679 2526 quae
3706 2469 3868 2526 prce

2189 2546 2326 2619 jecti
2379 2549 2536 2613 sunt,
2595 2545 2896 2602 deserunt.
2965 2544 3252 2601 Exsilium
3315 2543 3484 2617 quod
3545 2533 3873 2616 patiuntur

2193 2649 2360 2690 more
2385 2633 2590 2708 patriae
2621 2633 2896 2704 diligunt,
2927 2638 2986 2690 et
3005 2649 3144 2690 cum
3172 2632 3376 2690 miseri
3404 2632 3521 2690 sint
3544 2632 3707 2706 ipsas
3736 2632 3871 2688 mi-

2196 2725 2380 2781 serias
2407 2727 2632 2790 amant,
2665 2739 2849 2796 seque
2876 2723 3026 2781 inter
3055 2738 3158 2780 eas
3179 2723 3243 2780 in
3257 2722 3438 2779 bonis
3465 2733 3591 2778 esse
3610 2724 3869 2795 putant.

2195 2818 2278 2871 Ita
2332 2813 2410 2870 ab
2457 2811 2702 2870 exordio
2750 2813 2885 2869 vitae
2917 2818 3107 2886 usque
3136 2813 3216 2870 ad
3243 2812 3429 2868 ﬁnem
3452 2813 3514 2868 in
3541 2811 3875 2884 iniquitate

2193 2903 2588 2976 perdurantes
2617 2901 2785 2958 omni
2813 2905 3080 2974 tempore
3111 2916 3220 2975 per
3247 2905 3643 2971 augmentum
3673 2899 3874 2956 mali-

427 2989 1070 3059 e'xcusandolevigare,
1102 2993 1207 3046 aut
1235 2989 1718 3060 argumentando
1768 2989 2086 3046 defendere
2125 3018 2165 3072 ο
2193 2993 2287 3049 tite
2334 2996 2542 3048 contra
2587 2991 2939 3064 semetipsos
2996 2991 3148 3048 ictus
3188 2981 3582 3061 ingeminant;
3625 2987 3874 3062 quibus

427 3082 694 3136 conetur.
729 3077 796 3135 Et
823 3083 976 3136 certe
1006 3094 1256 3151 peccare
1284 3092 1406 3135 non
1433 3078 1776 3145 debuimus,
1829 3077 1934 3134 sed
1973 3077 2085 3134 uti-

427 3183 572 3224 nam
603 3172 739 3240 post
764 3169 1002 3224 ruinam
1033 3179 1342 3239 resurgere
1371 3183 1750 3237 conaremur,
1773 3165 2085 3240 etculpam

427 3253 808 3314 defendendo
863 3261 988 3314 non
1036 3257 1589 3328 multiplicaremus.
1644 3261 1715 3312 At
1763 3257 2088 3313 miserabili

427 3344 612 3401 modo
665 3361 786 3416 quo
844 3345 1087 3418 spiritus
1139 3344 1451 3418 peccando
1488 3344 1726 3415 longius
1771 3361 1807 3402 a
1843 3345 2086 3402 veritate

427 3431 814 3504 disjungitur,
845 3445 916 3488 eo
944 3433 1202 3504 nequius
1232 3432 1583 3488 obduratur.
1631 3436 1697 3488 Et
1724 3433 1904 3505 culpa
1949 3449 2086 3506 quae

429 3525 645 3577 terrere
674 3525 938 3576 mentem
967 3521 1193 3589 debuit,
1226 3521 1422 3590 magis
1447 3521 1605 3576 hanc
1634 3521 1874 3577 extollit.
1908 3525 2085 3578 Porro

428 3613 631 3666 autem
661 3609 736 3664 de
765 3609 909 3666 Cain
941 3609 1140 3666 adhuc
1179 3609 1408 3681 aliquid
1464 3614 1672 3665 contra
1722 3610 1852 3680 ejus
1897 3611 2087 3668 imita-

428 3702 585 3754 tores
614 3697 907 3754 dicamus.
936 3697 1035 3754 ille
1066 3710 1254 3766 vagus
1285 3701 1340 3753 et
1364 3696 1659 3770 profugus
1682 3697 1908 3768 deguit,
1927 3705 1983 3755 et
2011 3701 2085 3756 de

426 3787 554 3843 istis”
587 3786 802 3842 dicitur
835 3804 847 3841 :
877 3786 1290 3843 Ambulabunt
1317 3786 1379 3840 in
1408 3799 1670 3842 vacuum
1701 3790 1758 3842 et
1783 3785 2082 3858 peribunt.

427 3875 494 3932 In
523 3885 785 3942 vacuum
811 3875 1128 3932 ambulant
1174 3875 1280 3948 qui
1323 3874 1472 3930 nihil
1527 3889 1734 3931 secum
1778 3875 1852 3929 de
1891 3874 2084 3930 fructu

427 3965 520 4022 sui
547 3964 771 4022 laboris
796 3967 932 4040 post
959 3969 1213 4022 mortem
1263 3968 1521 4038 portant.
1579 3965 1690 4030 Qui
1745 3969 1803 4020 et
1846 3964 2084 4037 profugi

427 4057 585 4126 sunt,
640 4055 784 4128 quia
833 4055 1018 4112 vitam
1075 4059 1433 4127 praesentem
1481 4057 1800 4127 sequentes
1849 4053 2087 4124 fugiunt

427 4144 742 4214 alternam,
774 4143 952 4199 istam
991 4143 1379 4210 invenientes,
1411 4143 1574 4199 illam
1605 4143 1884 4216 perdunt.
1920 4141 2085 4198 Alius

425 4247 692 4304 namque
748 4231 1150 4302 adipiscendis
1199 4231 1557 4298 honoribus,
1609 4231 1762 4286 alius
1805 4230 2083 4302 multipli-

2195 3081 2406 3139 succisi
2435 3081 2498 3136 in
2527 3085 2818 3137 aeternum
2856 3084 3053 3151 ruant,
3100 3081 3208 3154 qui
3253 3083 3537 3137 aeternam
3591 3078 3873 3152 patriam

2194 3187 2318 3229 non
2348 3175 2576 3242 amant,
2604 3169 2748 3242 quia
2776 3169 3048 3226 suﬂicere
3077 3169 3190 3226 sibi
3219 3169 3488 3236 credunt,
3520 3169 3566 3224 si
3597 3169 3681 3224 eis
3711 3180 3878 3241 snp—

2195 3265 2398 3336 petant
2421 3259 2586 3315 bona
2609 3258 2964 3336 temporalia
2993 3275 3130 3332 quae
3161 3257 3410 3332 cupiunt
3447 3275 3462 3312 :
3506 3261 3564 3314 et
3590 3257 3642 3313 si
3669 3257 3732 3312 in
3761 3252 3874 3314 his

2195 3333 2598 3416 succrescunt,
2628 3333 2826 3405 felices
2872 3365 2936 3405 se
2983 3353 3041 3406 et
3090 3347 3353 3404 munitos
3399 3350 3652 3421 putauit
3685 3349 3743 3401 et
3777 3346 3874 3404 ita

2194 3439 2299 3495 ubi
2331 3449 2508 3494 carne
2532 3437 2935 3509 requiescunt,
2979 3435 3063 3493 ibi
3109 3441 3374 3493 mentem
3411 3433 3874 3504 exstinguendo

2197 3527 2507 3600 sepeliunt.
2542 3525 2822 3597 Quisquis
2853 3526 3057 3598 itaque
3083 3525 3212 3580 haec
3239 3527 3295 3580 et
3319 3523 3438 3580 alia
3464 3521 3870 3596 quamplura,

2194 3620 2330 3688 quae
2361 3611 2440 3670 ob
2467 3613 2864 3686 prolixitatem
2893 3611 3320 3675 omittimus,in
3341 3627 3406 3668 se
3433 3609 3868 3684 deprehendit,

2192 3707 2449 3761 veterem
2476 3701 2786 3758 hominem
2817 3718 2958 3758 cum
2984 3701 3107 3758 suis
3135 3701 3470 3758 rationibus
3499 3699 3761 3756 necdum
3795 3709 3872 3754 se

2193 3787 2544 3861 deposuisse
2573 3791 2912 3856 cognoscat,
2947 3785 3054 3842 sed
3083 3785 3164 3842 ad
3191 3785 3357 3842 illam
3395 3784 3707 3848 civitatem,
3741 3795 3872 3839 cu-

2189 3879 2288 3950 jus
2317 3893 2421 3933 rex
2448 3874 2728 3932 diabolus
2757 3880 2865 3946 est,
2896 3875 3076 3932 etiam
3115 3875 3164 3931 si
3209 3875 3418 3932 audire
3446 3887 3568 3930 non
3602 3871 3868 3946 patitur,

2193 3967 2364 4024 factis
2392 3963 2786 4038 prodentibus
2815 3963 3108 4036 pertinere
3135 3963 3446 4037 probatur.

2265 4057 2436 4112 XXXI.
2492 4057 2692 4110 Justus
2746 4053 2892 4110 Abel
2942 4053 3094 4109 sicut
3143 4053 3204 4109 in
3253 4068 3316 4109 se
3351 4064 3555 4123 regem
3591 4049 3871 4108 calestis

2193 4141 2568 4199 Hierusalem
2625 4141 2922 4198 Christum
2979 4155 3117 4197 cum
3155 4140 3324 4197 omni
3357 4139 3698 4196 collectione
3733 4137 3873 4196 ele~

2194 4236 2428 4288 ctorum
2484 4228 2856 4301 signiﬁcavit,
2911 4229 2994 4286 sic
3036 4229 3099 4286 in
3151 4244 3310 4300 agno
3379 4242 3563 4302 quem
3633 4227 3874 4284 obtulit

427 4320 636 4376 caudis
689 4319 1092 4385 facultatibus,
1150 4319 1302 4375 alius
1349 4319 1764 4391 promerendis
1801 4319 2084 4374 laudibus
2123 4367 2168 4391 τ,
2196 4319 2602 4376 innocentiam
2656 4317 3012 4374 earumdem
3059 4319 3384 4374 electorum
3423 4315 3720 4390 eXpressit.
3791 4318 3873 4374 Ut

428 4407 706 4473 anhelat;
740 4407 849 4462 sed
880 4412 1095 4462 cuncta
1123 4407 1252 4462 haec
1282 4407 1538 4479 quisque
1592 4412 1696 4463 aut
1737 4412 1875 4464 ante
1921 4423 2082 4463 mor-

427 4501 548 4553 tem
578 4495 792 4568 perdit,
826 4499 928 4551 aut
956 4495 1218 4550 moriens
1263 4495 1496 4552 deserit.
1541 4496 1605 4551 In
1651 4511 1913 4552 vacuum
1941 4512 2086 4567 ergo

425 4583 681 4654 laborat,
711 4586 768 4640 et
796 4599 986 4654 vagus
1013 4583 1196 4639 vitam
1226 4597 1399 4639 suam
1423 4584 1732 4656 percurrit,
1747 4586 1852 4657 qui
1881 4600 2087 4640 secum

429 4677 566 4732 ante
583 4674 849 4746 judicem
872 4673 1021 4729 nihil
1051 4673 1130 4729 ad
1159 4673 1626 4744 promerendam
1665 4673 1882 4729 animae
1933 4673 2088 4730 salu-

426 4767 548 4820 tem
568 4767 784 4836 portat.
819 4765 1074 4834 Quoquo
1104 4761 1264 4818 enim
1295 4762 1478 4818 modo
1509 4761 1688 4835 culpa
1713 4762 1983 4835 prodeat,
2008 4761 2090 4819 ita

429 4859 668 4925 semper
697 4849 890 4908 eidem
921 4851 1156 4908 subacti
1186 4855 1346 4921 sunt,
1379 4855 1444 4906 ut
1471 4850 1567 4907 vel
1591 4855 1746 4907 recte
1775 4865 1893 4908 nor.
1939 4852 2087 4908 inci-

427 4941 616 5014 piant,
665 4941 758 4996 Vel
807 4941 855 4996 si
902 4940 1233 5013 inceperint
1273 4939 1440 4996 fracti
1481 4939 1541 4996 in
1579 4941 1714 5014 ipso
1759 4945 1978 4998 conatu
2009 4941 2088 4998 ad

429 5033 778 5087 consuetam
809 5030 1166 5103 pravitatem
1195 5028 1461 5086 redeant.
1496 5029 1596 5086 Ille
1621 5030 2087 5103 primogenitum

428 5133 608 5176 suum
639 5119 841 5176 Enocb
872 5119 1126 5181 vocavit.
1153 5121 1333 5192 atque
1364 5135 1438 5175 ex
1462 5120 1706 5176 nomine
1730 5121 1860 5192 ejus
1885 5119 2086 5176 civita-

427 5213 543 5267 tem
577 5223 766 5282 quam
819 5207 1088 5264 condidit
1137 5207 1479 5281 appellavit.
1538 5210 1738 5265 Enoch
1793 5207 2087 5266 dedicatio

427 5299 660 5356 dicitur.
699 5301 766 5354 Et
797 5313 1010 5354 omnes
1039 5297 1230 5371 iniqui
1259 5303 1488 5371 quanto
1518 5298 1756 5368 longius
1799 5315 1835 5356 a
1865 5299 2088 5355 caelesti

427 5385 768 5444 hereditate
821 5383 996 5443 divisi
1049 5391 1206 5454 sunt,
1261 5389 1426 5442 tanto
1474 5385 1832 5458 profundius
1869 5387 1931 5442 in
1975 5387 2087 5442 hac

428 5474 550 5530 vita
573 5487 710 5546 quae
735 5475 931 5547 prima
960 5479 1048 5532 est
1072 5475 1269 5532 cordis
1301 5474 1566 5530 radicem
1591 5473 1801 5544 ﬁgunt.
1853 5479 1919 5530 Et
1947 5491 2085 5530 cum

430 5563 719 5636 scriptum
743 5565 817 5620 sit
848 5582 860 5620 :
889 5566 979 5621 Ne
1015 5564 1352 5621 disci/mbas
1399 5564 1464 5619 in
1504 5565 1706 5634 primo
1756 5565 1881 5620 loco
1915 5566 2081 5634 (Luc.

427 5665 549 5721 xw,
580 5655 659 5723 8),
692 5667 756 5710 se
783 5651 845 5708 in
867 5653 1210 5726 primordiis
1237 5651 1537 5722 dedicant,
1569 5656 1634 5711 ut
1671 5653 1768 5711 hic
1807 5653 1886 5713 ad
1935 5669 2086 5732 pun-

2195 4409 2357 4466 enim
2413 4408 2489 4464 de
2541 4407 2752 4464 studiis
2819 4407 3092 4480 ejusdem
3151 4407 3505 4464 innocentiae
3555 4404 3870 4480 quiddam

2195 4511 2742 4555 commemoremus
2763 4526 2781 4567 ,
2860 4497 3207 4568 quicunque
3263 4495 3416 4552 inter
3458 4511 3562 4552 eos
3609 4493 3872 4568 perfecti

2199 4592 2356 4656 sunt,
2412 4586 2559 4642 nihil
2608 4585 2824 4643 callida
2877 4586 3257 4642 simulatione
3324 4585 3640 4652 simulant,
3705 4586 3873 4656 quia

2193 4678 2361 4752 loqui
2409 4677 2722 4749 dupliciter
2788 4678 3088 4747 ignorant.
3160 4679 3286 4733 Non
3355 4691 3419 4732 se
3475 4675 3712 4732 student
3757 4689 3872 4733 rea

2193 4781 2330 4824 rum
2383 4764 2757 4822 abundantia
2805 4764 3014 4833 fulciri,
3066 4779 3190 4822 non
3239 4779 3347 4838 per
3387 4763 3704 4834 dignitates
3744 4780 3873 4821 se-

2195 4855 2314 4912 culi
2368 4853 2751 4909 honorabiles
2805 4853 3128 4923 ostentari,
3199 4867 3324 4910 non
3381 4852 3544 4910 cultu
3594 4852 3874 4912 restium

2199 4955 2510 5016 pompare,
2559 4956 2684 4996 non
2733 4939 2796 4997 in
2838 4941 2932 4998 his
2960 4957 3097 5014 quas
3123 4946 3288 4999 extra
3307 4955 3374 4998 se
3405 4946 3546 4998 sunt
3575 4941 3824 5011 gloriari
3853 4962 3871 5012 ;

2194 5029 2478 5088 honorari
2507 5034 2800 5097 metuunt,
2832 5043 2955 5086 non
2993 5028 3258 5103 despici;
3301 5043 3523 5104 corpus
3542 5029 3874 5087 continens

2194 5120 2277 5176 tia
2358 5123 2627 5185 tenuant,
2699 5123 2898 5176 mente
2975 5117 3032 5175 et
3095 5119 3368 5175 moribus
3425 5119 3871 5192 pinguescunt.

2195 5211 2305 5264 Pro
2329 5208 2559 5279 justitia
2587 5208 2980 5264 contumelias
3023 5207 3324 5282 suscipere
3355 5207 3620 5278 gaudent
3651 5225 3665 5263 :
3694 5207 3779 5280 inj
3791 5220 3874 5266 u-

2194 5299 2314 5355 rias
2366 5313 2490 5354 non
2532 5298 2772 5367 facere,
2851 5298 2956 5353 sed
3020 5296 3273 5354 tolerare
3325 5297 3562 5355 lucrum
3619 5303 3868 5372 putant.

2201 5389 2314 5446 Sed
2367 5393 2423 5446 et
2477 5388 2593 5445 alia
2665 5387 3016 5457 hujusmodi
3088 5391 3358 5458 gerentes
3425 5391 3544 5444 Deo
3609 5387 3872 5462 quidem

2195 5479 2452 5552 placent,
2508 5477 2714 5534 oculos
2764 5481 2964 5534 autem
3011 5477 3156 5533 Cain
3207 5476 3542 5547 offendunt,
3581 5477 3725 5550 quia
3763 5493 3870 5536 sa-

2194 5569 2424 5642 pientes
2455 5571 2511 5623 et
2539 5566 2793 5622 cultores
2823 5567 3005 5639 hujus
3033 5565 3246 5622 mundi
3275 5566 3562 5638 abjectos,
3593 5572 3651 5624 et
3677 5567 3868 5640 quasi

2199 5659 2468 5714 mortuos
2496 5655 2808 5730 deputant,
2827 5671 2984 5728 quos
3006 5671 3132 5716 non
3161 5654 3477 5716 carnaliter
3515 5669 3722 5714 secum
3765 5657 3865 5716 vi-
