4092 6158
209 221 305 274 544
782 184 789 185 ί
949 193 953 197 ’
1272 218 1763 276 COLLATIONUM
1802 220 1866 274 LI

1981 223 1983 273 ἶ
2021 214 2213 275 TRES.
2256 250 2324 260 -—-
2362 216 2491 276 UB.
2534 224 2576 276 Ι.

3530 216 3636 281 δὴ

206 357 347 398 vere
380 344 648 398 cernunt.
682 341 854 406 Quod
877 342 935 396 in
967 340 1065 397 illo
1098 341 1320 413 juvene
1352 343 1638 413 signatur,
1688 358 1871 415 quem
1900 346 1948 399 Α
1984 343 2056 399 de
2084 345 2255 400 domo
2284 344 2469 417 Dei(l
2489 345 2652 401 Petr.
2681 361 2757 412 iv,
2791 349 2898 409 i7).
2954 346 3011 403 Si
3054 349 3256 402 autem
3306 345 3571 418 primum
3602 358 3638 403 τι

208 431 500 489 Dominus
530 447 667 486 cum
700 447 736 487 a
775 430 1077 487 daemonio
1120 430 1417 493 liberaret,
1445 433 1526 488 ita
1554 432 1872 506 paululum

202 522 405 593 jacere
461 519 751 592 permisit,
808 524 870 575 ut
918 534 953 575 a
1004 520 1205 576 multis
1253 526 1526 577 mortuus
1556 521 1869 588 diceretur,

207 609 502 683 quoniam
530 608 636 681 qui
666 607 1002 681 spiritaliter
1028 609 1227 666 vivere
1259 610 1554 676 nesciunt,
1599 626 1739 665 eum
1769 609 1871 681 qui

208 698 542 755 immundis
567 697 875 753 desideriis
902 704 1079 768 caret,
1121 700 1389 755 inutilem
1419 700 1653 773 penitus
1693 704 1874 772 atque

207 788 571 844 exstinctum
603 787 985 843 arbitrantur.
1031 789 1193 844 Unde
1220 788 1334 844 Job
1366 790 1447 844 ait
1493 807 1504 843 :
1552 790 1876 845 Deridetur

197 879 361 949 justi
396 879 751 948 simplicitas
792 878 923 947 (Job
953 895 1052 946 xu,
1084 880 1159 949 4),
1209 879 1352 951 quia
1401 879 1672 935 videlicet
1725 879 1873 933 dum

210 967 355 1023 foris
384 966 544 1022 idem
566 966 764 1037 justus
796 966 1111 1039 temporali
1142 967 1329 1035 gloria
1358 984 1481 1024 non
1510 967 1871 1039 resplendet,

209 1055 297 1111 eis
329 1054 433 1127 qui
458 1053 622 1110 nulla
650 1053 811 1110 bona
842 1054 955 1109 nisi
986 1056 1248 1111 carnalia
1276 1072 1528 1128 pensare
1558 1056 1769 1122 sciunt,
1810 1054 1872 1111 in

208 1144 497 1217 despectu
527 1142 703 1198 venit.
741 1142 903 1198 Unde
932 1142 1084 1199 bene
1110 1146 1336 1215 Moyses
1376 1144 1698 1199 electorum
1725 1159 1871 1199 voce

209 1232 294 1288 ait
334 1251 348 1288 :
389 1233 876 1289 Abominaliones
932 1234 1375 1303 zEgyptiorum
1435 1234 1871 1290 immolabimus

208 1323 462 1378 Domino
490 1322 707 1393 (Exod.
742 1339 861 1391 VIII,
892 1323 1281 1395 26).1Egyptii
1302 1323 1704 1392 dedignantur
1725 1339 1869 1378 oves

208 1411 404 1474 edere,
439 1409 543 1466 sed
589 1410 757 1484 quod
804 1411 883 1466 illi
924 1412 1371 1479 abominantur,
1420 1413 1534 1469 hoc
1597 1412 1870 1468 israelitae

212 1504 330 1557 Deo
360 1500 638 1559 otferunt.
665 1500 811 1572 quia
840 1500 1093 1573 simplex
1135 1500 1455 1556 humilium
1485 1501 1607 1557 vita
1648 1504 1765 1555 Deo
1808 1500 1869 1555 in

209 1590 570 1647 sacriﬁcium
600 1589 863 1659 vertitur,
890 1606 1078 1662 quam
1110 1590 1355 1663 superbi
1384 1594 1439 1646 et
1483 1589 1751 1663 duplices
1781 1591 1867 1645 fa-

208 1680 480 1735 tuitatem
512 1683 725 1751 putant
749 1695 897 1734 esse.
930 1682 1219 1735 Fraternas
1252 1679 1431 1734 credis
1458 1679 1599 1734 Cain
1630 1680 1866 1751 spirans
1898 1703 1942 1756 Β

205 1768 359 1853 Abel
386 1767 546 1824 foras
575 1767 779 1838 egredi
803 1767 1047 1835 suadet;
1078 1768 1238 1824 foras
1284 1772 1484 1824 autem
1528 1768 1731 1837 egredi
1759 1774 1864 1835 est,

206 1857 496 1927 neglectis
529 1856 869 1913 caelestibus
900 1857 1075 1913 bonis
1106 1858 1396 1913 exteriora
1442 1874 1727 1930 quaerere.
1780 1857 1869 1913 Ad

212 1945 382 2020 quod
436 1945 708 2002 videlicet
759 1946 1063 2016 agendum
1119 1946 1389 2003 nonnulli
1439 1947 1543 2019 qui
1582 1946 1867 2020 appetitui

206 2044 583 2094 terrenorum
640 2037 1066 2107 succumbunt,
1120 2054 1222 2093 eos
1276 2054 1416 2093 vero
1478 2038 1581 2110 qui
1648 2043 1869 2093 reterna

208 2127 382 2199 sequi
424 2126 702 2182 videntur
742 2126 1061 2196 inﬂectere,
1117 2127 1212 2181 vel
1262 2126 1388 2181 solo
1439 2127 1735 2199 exemplo,
1777 2126 1869 2181 vel

208 2217 390 2273 etiam
416 2216 614 2272 verbis
646 2217 855 2272 solent.
884 2220 1042 2281 Quos
1068 2232 1221 2272 uxor
1250 2216 1406 2271 beati
1436 2216 1545 2272 .lob
1569 2216 1871 2272 evidenter

206 2306 520 2379 expressit,
547 2322 681 2378 quae
714 2305 897 2361 verba
923 2305 1313 2377 blasphemim
1344 2305 1471 2359 viro
1502 2305 1704 2360 suasit.
1724 2308 1870 2360 Nam

209 2399 268 2453 et
294 2395 358 2450 hi
384 2400 629 2468 propter
651 2394 987 2468 professam
1009 2395 1193 2449 ﬁdem
1211 2395 1365 2450 intra
1382 2394 1580 2449 sinum
1602 2394 1869 2463 Ecclesiae

206 2483 491 2540 ﬁdelibus
522 2482 759 2540 admisti
787 2488 944 2549 sunt,
974 2499 1126 2556 quos
1149 2499 1219 2538 eo
1249 2482 1563 2539 imitabiles
1577 2498 1729 2556 pene
1760 2482 1871 2538 sibi

206 2573 457 2639 faciunt,
490 2589 612 2645 quo
642 2589 745 2628 eos
771 2589 963 2645 usque
1002 2572 1079 2628 ad
1126 2572 1267 2628 ﬁdei
1315 2572 1508 2627 cubile
1556 2571 1866 2644 recipiunt.

209 2660 325 2719 Sed
365 2660 637 2735 quisquis
664 2660 791 2716 vult
823 2659 1230 2716 crudelitatem
1263 2661 1405 2716 Cain
1436 2661 1704 2725 evadere,
1753 2665 1870 2715 stu-

211 2748 355 2806 deat
382 2749 625 2805 internis
653 2747 964 2804 desideriis
983 2748 1177 2819 jungi,
1230 2753 1417 2804 cesset
1447 2748 1736 2803 exteriora
1765 2764 1871 2821 per

211 2838 492 2912 exempla
516 2854 841 2911 pravorum
872 2838 1122 2895 ambire.
1156 2841 1303 2894 Nam
1340 2838 1434 2894 ille
1464 2838 1524 2893 in
1554 2838 1869 2905 Evangelio

200 2929 471 2986 latrones
513 2944 636 2983 non
681 2927 1025 2991 incurreret,
1069 2926 1115 2982 si
1164 2927 1242 2983 ab
1290 2927 1671 2997 Hierusalem,
1704 2925 1871 2998 quod

204 3023 297 3074 est
321 3016 475 3073 visio
502 3017 685 3091 pacis,
716 3032 838 3072 non
866 3016 1100 3087 exisset,
1124 3033 1319 3089 neque
1348 3014 1532 3072 ﬁliam
1557 3016 1740 3071 Jacob
1767 3032 1867 3071 rex
1897 3051 1938 3103 Ο

209 3112 383 3163 terras
408 3106 787 3177 corrupisset,
817 3104 931 3160 nisi
959 3104 1058 3160 illa
1088 3105 1168 3160 ad
1194 3104 1483 3160 videndus
1506 3105 1660 3159 illius
1680 3104 1868 3173 regio-

205 3210 318 3250 nes
365 3192 645 3248 mulieres
696 3191 1101 3264 processisset.
1155 3191 1298 3246 Hinc
1341 3191 1415 3245 de
1445 3191 1656 3248 eodem
1688 3190 1869 3246 Iacob

206 3283 425 3339 dicitur
478 3299 491 3337 :
546 3281 714 3349 Quod
759 3282 1016 3350 simplex
1064 3282 1125 3335 in
1174 3281 1538 3337 habitaculis
1578 3281 1871 3336 habitavit

210 3373 378 3441 (Gen.
412 3386 546 3435 xxv,
578 3370 691 3440 ‘27).
725 3372 880 3424 Esau
905 3384 1061 3435 vero,
1082 3384 1266 3440 quem
1289 3371 1443 3424 Deus
1469 3366 1607 3423 odio
1638 3367 1868 3433 habuit,

207 3460 301 3516 vir
332 3475 558 3527 gnarus
586 3457 847 3514 venandi
876 3457 1002 3512 fuit.

283 3549 482 3605 XXXII.
532 3547 755 3603 Patitur
784 3551 985 3602 autem
1020 3547 1172 3602 Deus
1202 3546 1584 3602 innocentem
1615 3546 1764 3600 Abel
1793 3545 1871 3601 ab

208 3637 400 3709 impio
434 3636 575 3691 Cain
601 3635 884 3705 jugulari,
917 3650 1098 3701 quem
1139 3637 1340 3690 tamen
1386 3634 1510 3707 ipse
1562 3634 1823 3706 suscepit
1855 3652 1867 3688 :

208 3726 503 3800 quoniam
532 3724 855 3781 electorum
902 3727 990 3779 est
1035 3724 1131 3779 hic
1162 3724 1324 3779 mala
1352 3724 1600 3796 perpeti,
1655 3723 1751 3778 hic
1781 3723 1870 3778 di-

208 3814 398 3873 versis
429 3813 626 3869 modis
659 3811 897 3883 ﬂagella
927 3813 1241 3879 sustinere,
1276 3813 1499 3884 quibus
1538 3817 1872 3868 reservatur
1930 3884 1937 3887 _

207 3904 285 3959 de
316 3901 656 3958 haereditate
689 3901 951 3970 gaudere
979 3906 1218 3957 aeterna.
1246 3905 1395 3957 Nam
1428 3901 1475 3956 si
1506 3902 1628 3969 lilii,
1660 3906 1717 3957 et
1748 3902 1869 3956 hee-

207 3992 402 4049 redes.
432 3990 553 4047 Filii
587 4006 726 4046 vero
755 4005 884 4045 esse
915 4005 988 4045 ex
1016 3990 1150 4061 ipsa
1177 3989 1495 4046 afﬂictione
1543 3995 1872 4045 noscuntur

199 4083 381 4153 juxta
409 4079 553 4134 illud
580 4098 594 4135 :
618 4080 923 4149 Flagellat
954 4094 1179 4134 omnem
1208 4080 1403 4147 ﬁlium
1435 4094 1604 4150 quem
1652 4081 1871 4148 recepit

205 4172 418 4239 (Hebr.
450 4185 552 4233 xu,
579 4170 655 4240 6).
689 4168 842 4225 Licet
866 4168 1029 4223 enim
1059 4183 1184 4223 non
1212 4168 1285 4223 sit
1314 4168 1472 4223 ﬁlius
1521 4168 1718 4224 omnis
1767 4168 1870 4240 qui

204 4258 565 4330 ﬂagellatur,
592 4263 793 4314 tamen
818 4257 1019 4313 nullus
1051 4262 1137 4313 est
1166 4256 1323 4312 ﬁlius
1348 4258 1451 4329 qui
1472 4273 1593 4312 non
1618 4257 1870 4325 ﬂagelle-

204 4357 325 4407 tur.
360 4348 487 4405 Mali
518 4364 661 4405 vero
689 4348 815 4403 sine
853 4347 1096 4403 verbere
1123 4347 1560 4419 relinquuntur,
1613 4352 1675 4401 ut
1720 4346 1870 4401 sicut

204 4440 270 4495 in
294 4438 451 4494 libro
480 4453 621 4492 xxxv
649 4437 959 4493 Moralium
989 4436 1230 4492 dicitur:
1250 4436 1468 4493 Saltem
1496 4436 1651 4491 hanc
1684 4435 1869 4491 vitam

207 4529 339 4584 sine
368 4527 563 4599 poenis
595 4526 837 4591 ducant,
866 4525 969 4598 qui
999 4526 1077 4581 ad
1103 4530 1399 4581 tormenta
1431 4525 1557 4580 sine
1586 4524 1704 4579 fine
1734 4541 1869 4595 quae

209 4620 356 4671 sunt
404 4614 566 4670 mala
619 4614 855 4683 agendo
907 4614 1206 4669 festinant.
1272 4616 1667 4684 Nequaquam
1710 4611 1869 4666 enim

206 4704 614 4763 retributionis
682 4704 968 4773 gaudium
1047 4703 1121 4759 de
1185 4703 1506 4759 mternitate
1558 4700 1868 4770 colligitur,

206 4794 381 4869 quod
432 4809 554 4849 non
611 4793 708 4848 hic
759 4793 924 4865 prius
971 4793 1072 4865 pia
1110 4792 1488 4848 tribulatione
1520 4791 1866 4847 seminatur.

208 4888 364 4941 Eant
434 4883 612 4953 igitur
676 4882 959 4955 reprobi,
1037 4886 1092 4938 et
1163 4882 1456 4938 desideria
1514 4897 1624 4936 sua
1687 4879 1871 4935 inulte

206 4977 608 5040 consumant,
676 4972 820 5045 quia
870 4977 1024 5029 certe
1076 4972 1155 5029 ad
1208 4976 1407 5028 reatus
1464 4971 1870 5027 testimonium

209 5069 368 5121 Deus
415 5063 705 5119 convertit
750 5063 929 5118 etiam
984 5063 1185 5135 ipsum
1238 5066 1497 5135 tempus,
1557 5060 1725 5133 quod
1788 5059 1871 5114 eis

206 5153 288 5210 ad
317 5151 729 5225 paenitentiam
751 5152 971 5221 tribuit,
992 5156 1048 5208 et
1070 5152 1227 5207 iram
1258 5166 1444 5224 quam
1471 5166 1633 5206 nunc
1664 5149 1873 5205 retinet

205 5240 582 5315 quandoque
664 5240 1165 5297 irretractabiliter
1230 5239 1504 5295 infundit.
1567 5238 1739 5304 Quod
1798 5255 1869 5295 ex

207 5330 532 5387 afﬂictione
558 5328 859 5385 bonorum
911 5329 1222 5400 colligitur,
1261 5344 1413 5401 quos
1466 5326 1766 5383 cernimus
1817 5330 1872 5383 et

204 5419 312 5491 pia
338 5432 516 5488 agere
547 5422 602 5473 et
631 5417 896 5473 crudelia
928 5418 1118 5473 multa
1160 5416 1433 5472 tolerare.
1479 5418 1624 5470 Nam
1674 5414 1869 5470 distri-

205 5512 339 5563 ctus
367 5506 556 5577 judex
583 5511 813 5579 quanta
847 5506 962 5562 illic
1007 5504 1529 5561 animadversione
1558 5504 1688 5558 ferit
1716 5519 1869 5575 quos

202 5595 512 5671 reprobat,
545 5595 595 5649 si
619 5596 713 5650 hic
741 5599 868 5651 tam
894 5594 1158 5650 districte
1188 5594 1412 5650 cruciat
1458 5609 1613 5665 quos
1648 5595 1811 5647 amat
1841 5592 1869 5645 ‘2

208 5685 362 5742 Hinc
385 5686 589 5741 Petrus
620 5684 703 5742 ait
729 5702 742 5741 :
779 5687 1027 5756 Tempus
1056 5689 1141 5742 est
1171 5688 1238 5741 ut
1278 5684 1533 5754 incipiat
1568 5682 1869 5751 judicium

1982 433 2177 502 nobis,
2237 436 2371 507 quis
2422 432 2557 488 ﬁnis
2612 447 2820 488 eorum
2878 433 2982 505 qui
3046 449 3168 489 non
3224 434 3475 489 credunt
3534 435 3637 490 Dei

1984 522 2356 591 Evangelio?
2412 526 2657 578 Peccata
2710 521 2937 593 quippe
2986 534 3378 595 nequaquam
3435 521 3638 580 divina

1983 611 2265 667 severitas
2291 613 2476 668 inulta
2504 626 2813 667 remanere
2842 612 3142 682 permittit,
3187 612 3290 667 sed
3321 613 3408 668 ira
3428 612 3636 683 judicii

1984 714 2019 755 a
2048 704 2256 756 nostra
2283 701 2375 757 hic
2405 701 2777 773 correptione
2795 699 3054 769 inchoat,
3074 705 3136 754 ut
3159 700 3220 755 in
3240 700 3635 772 reproborum

1982 787 2369 845 damnatione
2398 790 2803 862 conquiescat.
2860 791 3102 860 Propter
3144 792 3426 861 utrosque
3472 790 3635 845 enim

1980 876 2094 932 Job
2126 878 2204 933 ait
2237 896 2250 932 :
2284 880 2353 935 Si
2380 880 2594 948 impius
2620 880 2818 948 fuero,
2844 892 2930 933 vae
2958 876 3107 932 mihi
3133 881 3217 932 est
3232 891 3254 945 ,'
3273 882 3329 932 et
3350 879 3400 931 si
3408 880 3633 946 justus,

1981 978 2100 1018 non
2134 966 2336 1021 levabo
2368 975 2547 1036 caput
2575 968 2707 1037 (Job
2733 983 2791 1028 x,
2825 966 2934 1037 {5),
2989 968 3289 1021 saturatus
3319 963 3636 1020 afﬂictione

1982 1057 2037 1107 et
2066 1054 2322 1111 miseria.
2370 1056 2595 1128 Impius
2628 1064 2891 1126 namque
2929 1058 3111 1126 caput
3162 1053 3259 1108 hic
3308 1052 3486 1119 levat,
3532 1052 3636 1124 qui

1981 1145 2280 1216 prosperis
2309 1146 2404 1201 hic
2431 1145 2687 1214 fulcitur,
2722 1144 2827 1200 sed
2851 1144 3018 1217 quod
3048 1144 3315 1215 sequitur
3334 1157 3457 1199 non
3500 1157 3637 1198 eva-

1980 1231 2118 1299 det;
2173 1234 2456 1305 superbia
2502 1234 2662 1289 enim
2716 1238 2847 1303 ejus
2894 1237 3115 1288 (eterna
3160 1231 3381 1287 ultione
3410 1231 3632 1287 feritur.

1977 1323 2176 1376 Justus
2234 1339 2373 1377 vero
2430 1339 2754 1395 oppressus
2802 1322 3043 1377 miseria
3084 1325 3265 1392 caput
3288 1320 3486 1376 levare
3511 1330 3635 1375 non

1980 1410 2208 1477 sinitur,
2235 1411 2340 1465 sed
2367 1411 2717 1466 transitoriis
2736 1410 3045 1466 doloribus
3066 1409 3339 1481 expiatus
3368 1409 3446 1465 ab
3471 1412 3636 1464 aeter-

1979 1513 2058 1553 no
2086 1499 2328 1555 verbere
2350 1500 2653 1555 liberatur.

2048 1590 2243 1643 XXXII.
2290 1592 2481 1661 Caput
2531 1589 2733 1660 itaque
2771 1587 2915 1658 justi
2957 1585 3103 1641 Abel
3128 1586 3190 1640 in
3220 1590 3475 1641 mortem
3502 1599 3634 1657 pre-

1980 1675 2178 1744 mitur,
2226 1680 2283 1732 et
2335 1676 2557 1747 impius
2590 1676 2732 1732 Cain
2772 1676 2831 1730 in
2856 1674 3243 1730 effrenatione
3274 1690 3394 1728 suae
3426 1672 3635 1728 volun-

1981 1764 2113 1819 tatis
2141 1764 2306 1820 abire
2335 1765 2567 1833 sinitur,
2596 1770 2660 1820 ut
2682 1765 2743 1820 in
2770 1764 2870 1819 illo
2898 1763 3035 1818 felix
3078 1763 3378 1818 bonorum
3422 1761 3633 1816 adver-

1980 1853 2147 1918 sitas,
2202 1853 2264 1908 in
2321 1854 2432 1909 isto
2485 1853 2783 1908 malorum
2831 1852 3033 1906 infelix
3072 1849 3435 1922 prosperitas
3466 1862 3636 1904 mon-

1979 1946 2278 1997 straretur.
2332 1942 2416 1997 Fit
2460 1943 2619 1997 enim
2668 1942 3023 2014 plerumque
3068 1945 3134 1995 ut
3172 1939 3321 1995 sicut
3349 1938 3443 1994 ille
3469 1942 3633 2008 tunc,

1979 2032 2060 2086 sic
2086 2046 2247 2086 nunc
2276 2032 2694 2103 unusquisque
2727 2032 2946 2099 malus,
2997 2046 3135 2085 cum
3165 2045 3201 2084 a
3226 2029 3375 2100 jugo
3416 2027 3632 2083 divinae

1979 2118 2272 2173 servitutis
2290 2118 2509 2174 collum
2528 2120 2742 2174 mentis
2763 2118 3104 2181 excusserit,
3120 2116 3181 2170 in
3198 2113 3633 2187 perpetratione

1979 2207 2295 2277 cujuslibet
2323 2213 2520 2263 reatus
2550 2207 2769 2276 agendi
2792 2207 3129 2262 facultatem
3145 2204 3367 2260 habere
3394 2202 3633 2274 permité

1978 2299 2152 2350 tatur.
2188 2295 2299 2360 Qui
2327 2295 2473 2350 dum
2503 2296 2616 2350 sub
2642 2295 2859 2350 divinis
2891 2293 3201 2366 praeceptis
3248 2307 3369 2346 non
3396 2288 3634 2345 restrin-

1980 2384 2153 2454 gitur,
2204 2384 2354 2439 dum
2402 2384 2463 2438 in
2511 2384 2760 2453 agendis
2806 2383 2979 2438 malis
3025 2381 3213 2453 impia
3234 2380 3501 2435 libertate
3529 2391 3633 2449 po-

1982 2473 2118 2528 titur
2158 2488 2171 2526 :
2214 2472 2515 2528 interdum
2560 2473 2734 2528 licere
2795 2471 2909 2527 sibi
2958 2475 3127 2543 putat
3184 2484 3363 2524 omne
3432 2466 3631 2539 quod-

1977 2561 2137 2627 libet,
2194 2562 2355 2616 unde
2405 2561 2559 2616 bene
2617 2561 2691 2617 de
2763 2576 2833 2616 eo
2900 2559 3186 2632 scriptum
3236 2560 3321 2612 est
3373 2574 3387 2611 :
3450 2554 3636 2621 Quasi

1972 2651 2215 2719 pullum
2279 2649 2510 2720 Onagri
2562 2649 2811 2704 liberum
2875 2663 2935 2704 se
2986 2651 3164 2716 putat
3214 2643 3348 2713 (Job
3383 2654 3465 2710 XI,
3522 2645 3631 2707 l2).

1980 2741 2213 2805 Onager
2268 2737 2485 2792 dicitur
2550 2736 2753 2792 asinus
2827 2734 3095 2804 agrestis.
3170 2730 3445 2801 Agrestia
3495 2742 3634 2783 vero

1980 2825 2263 2881 animalia
2291 2825 2621 2880 libertatem
2648 2824 2873 2879 habent
2927 2826 2985 2878 et
3030 2822 3113 2876 ire
3153 2836 3276 2893 quo
3324 2817 3551 2886 volunt,
3578 2820 3637 2871 et

1978 2916 2282 2986 quiescere
2314 2913 2561 2985 quando
2590 2912 2816 2968 volunt.
2856 2911 2963 2975 Qui
2993 2924 3136 2978 ergo
3179 2906 3427 2979 implere
3472 2904 3635 2961 mala

1978 3019 2113 3075 quae
2141 3002 2440 3057 desiderat
2469 3017 2575 3074 per
2616 3001 2964 3056 etfrenatam
3018 2998 3357 3054 libertatem
3400 2994 3631 3066 quaerit,

1979 3094 2144 3165 pullo
2172 3093 2382 3161 onagri
2412 3108 2545 3147 esse
2579 3091 2785 3146 similis
2816 3088 3202 3162 concupiscit,
3250 3085 3381 3141 talis
3429 3083 3634 3139 videli-

1980 3187 2071 3238 cet
2095 3182 2238 3254 quia
2276 3181 2354 3237 ad
2385 3181 2547 3237 aliud
2579 3196 2701 3235 non
2749 3184 3103 3244 reservatur,
3158 3175 3273 3230 sub
3318 3172 3636 3245 disciplina

1979 3270 2153 3342 quasi
2184 3270 2430 3341 agrestis
2459 3268 2649 3324 bestia
2677 3282 2801 3323 non
2821 3264 3416 3335 restringitur.Ho.mo
3434 3264 3634 3316 autem

1978 3359 2082 3432 qui
2112 3359 2189 3414 ad
2218 3364 2567 3432 sequentem
2602 3358 2782 3414 vitam
2812 3357 3048 3423 dicitur,
3078 3366 3320 3409 necesse
3364 3354 3453 3406 est
3499 3362 3634 3422 pro-

1979 3448 2151 3516 fecto,
2181 3454 2243 3504 ut
2271 3448 2331 3503 in
2357 3448 2585 3503 cunctis
2617 3447 2880 3502 motibus
2922 3445 3036 3500 sub
3063 3439 3391 3515 disciplinas
3436 3439 3651 3511 ἀίδροι

1981 3539 2191 3593 sitione
2213 3538 2509 3607 religetur,
2542 3542 2599 3593 et
2626 3536 2799 3608 quasi
2827 3533 3225 3591 domesticum
3245 3529 3470 3587 animal
3494 3528 3634 3584 loris

1978 3628 2247 3683 vinctum
2307 3627 2544 3688 serviat,
2606 3632 2784 3697 atque
2841 3624 3077 3680 aeternis
3142 3618 3634 3692 dispositionibus

1979 3719 2283 3773 restrictus
2309 3717 2490 3772 vivat.

2050 3809 2265 3862 XXXIV.
2300 3807 2429 3878 Ipse
2456 3808 2656 3860 autem
2694 3818 2872 3859 verus
2920 3802 3068 3857 Abel
3125 3804 3370 3856 cunctas
3415 3798 3634 3853 nostra

1980 3896 2377 3955 tribulationis
2429 3894 2733 3951 molestias
2776 3892 3116 3955 consolans,
3168 3888 3425 3945 mirabili
3466 3900 3633 3941 com-

1979 3987 2260 4060 passione
2288 3990 2480 4040 totum
2506 3999 2581 4038 ex
2608 3986 2897 4055 potestate
2929 3980 3222 4045 sustinuit,
3264 3977 3430 4049 quod
3460 3975 3633 4030 nobis

1980 4094 2049 4133 ex
2079 4074 2430 4131 necessitate
2461 4071 2879 4127 sustinendum
2918 4071 3102 4131 novit,
3134 4072 3197 4122 ut
3222 4081 3333 4121 nos
3355 4063 3631 4120 homines

1979 4165 2143 4237 quod
2173 4179 2244 4218 ex
2278 4161 2486 4217 merito
2516 4160 2706 4233 culpae
2745 4159 3027 4231 patimur,
3074 4170 3195 4211 non
3243 4152 3632 4223 refugiamus,

1980 4270 2119 4309 cum
2148 4252 2241 4308 ille
2271 4251 2376 4324 qui
2410 4254 2560 4305 Deus
2585 4254 2673 4304 est
2690 4260 2766 4304 ex
2795 4247 2922 4303 sola
2943 4242 3448 4302 condescensione
3470 4242 3635 4295 tanta

1982 4345 2269 4398 sustinere
2294 4342 2576 4411 dignatus
2606 4342 2711 4394 est.
2746 4341 2873 4393 Non
2901 4336 3101 4408 itaque
3132 4337 3279 4407 puto
3308 4329 3637 4405 quemlibet

1899 4404 1942 4457 Β
1984 4439 2103 4488 tam
2134 4404 2709 4504 prmsrimptuosum,
2733 4432 2798 4482 ut
2825 4404 3025 4499 quasi-
3044 4404 3453 4491 (le—singulari
3508 4430 3633 4474 me»

1980 4522 2111 4587 rito,
2144 4519 2235 4575 vel
2264 4518 2520 4588 digniori
2557 4521 2773 4572 natura
2818 4528 3218 4587 praesumens,
3277 4512 3634 4582 praesentem

1978 4610 2166 4665 vitam
2220 4609 2346 4663 siue
2402 4606 2688 4662 molestiis
2742 4608 2975 4677 quaerat
3026 4602 3137 4657 sibi
3188 4597 3448 4671 disponi,
3494 4610 3633 4650 cum

1978 4699 2107 4771 ipse
2158 4712 2401 4771 quoque
2458 4700 2664 4751 auctor
2707 4694 2865 4757 vitae,
2908 4692 3034 4746 sine
3081 4690 3285 4745 dolore
3338 4683 3634 4759 passionis

1980 4788 2058 4843 ab
2091 4788 2302 4843 eadem
2334 4786 2453 4840 vita
2476 4800 2599 4840 non
2630 4782 2785 4838 exiit.
2821 4778 3197 4847 Quibuslibet
3242 4776 3403 4831 enim
3446 4773 3634 4829 virtu-

1978 4878 2138 4933 tibus
2181 4876 2420 4948 polleat,
2478 4873 2621 4946 quid
2666 4871 2850 4940 digna
2891 4874 2981 4924 est
3008 4868 3124 4922 vita
3152 4869 3558 4938 peccatorum,
3586 4862 3636 4918 si

1980 4969 2108 5038 ejus
2140 4969 2196 5020 et
2221 4965 2340 5020 vita
2362 4979 2473 5036 pro
2503 4960 2677 5018 nobis
2701 4958 2940 5029 ﬂagello
2971 4954 3291 5027 subjacuit,
3325 4969 3461 5026 quae
3493 4953 3636 5008 subd

1979 5056 2103 5111 dita
2132 5054 2278 5110 nulli
2306 5056 2552 5126 peccato
2580 5051 2734 5107 fuit?
2762 5052 2830 5106 Ut
2857 5050 3017 5106 enim
3045 5038 3271 5118 aliquid
3294 5044 3411 5099 sub
3440 5058 3638 5099 exem-

1978 5145 2079 5218 plo
2105 5145 2399 5209 dicamus,
2430 5142 2664 5197 Baruch
2694 5137 3057 5212 discipulum
3084 5134 3349 5191 Jeremite
3379 5132 3637 5204 prophe-

1980 5240 2053 5290 ta:
2083 5234 2283 5289 divina
2312 5246 2430 5287 vox
2457 5229 2777 5299 redarguit,
2808 5244 2879 5284 eo
2904 5226 3071 5299 quod
3100 5223 3326 5280 caeteris
3367 5220 3428 5275 in
3455 5218 3636 5289 capti-

1979 5322 2222 5378 vitatem
2275 5317 2838 5388 transmigrantibus
2895 5313 3157 5386 quietem
3212 5308 3327 5365 sibi
3367 5318 3634 5380 quaerere

1977 5409 2383 5485 prmsumpsit.
2462 5406 2738 5479 Alioquin
2795 5404 3030 5459 diverso
3093 5394 3298 5454 itinere
3366 5393 3637 5452 ambulat

1980 5501 2345 5557 Christianus
2372 5498 2562 5566 miles,
2597 5497 2645 5551 si
2676 5492 2898 5564 gaudia
2938 5494 2993 5544 et
3020 5487 3445 5543 delectationes
3477 5499 3638 5557 qure-

1978 5591 2075 5661 rit,
2104 5590 2199 5645 cui
2223 5589 2345 5643 dux
2388 5603 2534 5643 suus
2578 5586 2702 5641 vias
2749 5576 3166 5639 amaritudinis
3216 5574 3497 5631 ostendit.
3556 5577 3633 5628 De

1978 5680 2200 5753 quibus
2223 5678 2334 5734 viis
2365 5676 2654 5748 scriptum
2684 5676 2773 5729 est
2803 5686 2816 5726 :
2851 5670 3063 5726 Omne:
3099 5666 3229 5723 vias
3250 5666 3379 5733 ejus
3408 5661 3633 5718 intelli-
