4150 6128
427 136 432 140 ’
511 183 613 237 54³

1579 182 1635 237 s.
1666 181 1924 238 onoms
1966 167 2258 231 seems
2289 166 2794 226 cwmacsnsxs
2827 173 2871 224 ιι
3845 155 3932 224 ut

509 319 648 376 gere
669 306 994 362 noluerunt
1023 305 1154 378 (Job
1180 319 1384 375 xxxiv,
1435 307 1546 376 27),
1605 305 1878 364 videlicet
1923 295 2168 375 superbi
2198 297 2243 348 A
2281 290 2476 361 biant,
2531 297 2587 351 et
2642 308 2848 350 amore
2903 290 3243 350 divitiarum
3301 301 3537 378 semper
3600 285 3927 349 inmsluant-

509 391 785 464 exempla
811 390 1162 449 humilitatis
1188 408 1324 466 quae
1355 391 1606 466 praebuit
1622 393 1855 450 imitare
1879 391 2168 461 despexe-

509 485 667 538 runt.
701 480 908 538 Omnis
936 481 1098 538 enim
1141 481 1297 539 actio
1342 497 1529 556 quam
1576 499 1682 556 per
1739 476 2170 539 incarnationis

511 585 634 625 sum
659 568 1013 640 mysterium
1046 569 1308 628 Christus
1348 571 1449 627 Dei
1497 571 1790 646 sapientia
1845 567 2030 640 gessit
2074 564 2172 621 via

510 662 620 726 est,
653 661 710 714 et
738 657 888 715 ordo
919 658 1156 714 vivendi
1209 677 1222 714 :
1282 662 1387 732 qui
1428 659 1800 716 venientibus
1849 657 1928 714 ad
1978 671 2039 710 se
2089 655 2174 712 tot

509 745 640 804 vias
667 745 928 820 praebuit
956 752 1104 820 quot
1140 747 1416 822 exempla
1453 748 1808 806 monstravit
1867 765 1878 802 :
1928 745 2001 802 de
2049 757 2174 816 qua

512 833 805 908 sapientia
847 834 1135 908 scriptum
1191 840 1280 892 est
1319 854 1331 891 ε
1377 836 1528 905 Quia
1575 836 1852 894 clamitat
1904 841 2071 891 stans
2110 832 2173 886 in

517 921 726 978 mediis
754 923 976 980 semitis
1005 924 1208 991 (Prov.
1241 940 1362 994 vin,
1394 927 1469 997 2),
1501 941 1638 998 quae
1682 924 1972 982 nimirum
2016 922 2177 978 inve-

513 1010 795 1082 stiganda
843 1011 1018 1068 nobis
1070 1011 1260 1070 fuerat
1311 1013 1361 1070 si
1413 1029 1472 1070 se
1519 1013 1853 1071 occcultare
1875 1011 2069 1069 vellet.
2103 1013 2176 1068 At

515 1115 678 1157 nunc
708 1101 769 1157 in
799 1101 1013 1158 mediis
1047 1102 1273 1159 semitis
1303 1101 1430 1174 ﬁgit
1467 1103 1747 1175 gradum,
1792 1107 1858 1159 ut
1885 1103 1946 1159 in
1973 1104 2174 1175 ipsam

513 1189 967 1262 impinguamus
997 1233 1016 1262 ,
1101 1196 1158 1248 et
1229 1192 1545 1260 nolentes;
1613 1199 1670 1252 et
1733 1208 1921 1266 quam
1974 1190 2172 1246 videre

513 1277 892 1348 negligimus,
953 1283 1272 1350 tangamus
1323 1281 1715 1339 oifendentes.
1780 1283 1933 1338 Sane
1978 1277 2174 1352 qualis

513 1368 602 1423 est
628 1365 722 1422 via
741 1382 928 1440 quam
957 1368 1260 1425 ostendit?
1288 1369 1491 1443 utique
1520 1369 1872 1427 humilitatis
1910 1386 1921 1423 :
1951 1369 2026 1426 de
2055 1383 2176 1442 qua

512 1454 642 1527 ipse
671 1453 814 1511 dicit
840 1472 853 1512 :
888 1457 1109 1514 Discite
1136 1473 1171 1516 α
1200 1475 1292 1515 me
1319 1462 1462 1530 quia
1491 1461 1650 1516 mitis
1692 1475 1818 1516 sum
1845 1465 1900 1515 et
1933 1458 2173 1515 humilis

515 1545 692 1600 corde
713 1543 951 1614 (Matth.
986 1561 1067 1612 x1,
1107 1549 1217 1616 29).
1263 1547 1414 1612 Quid
1443 1547 1603 1603 cnim
1636 1549 1694 1602 in
1728 1547 1838 1604 hac
1864 1548 1986 1602 vita
2010 1544 2175 1603 aliud

514 1646 702 1705 quam
757 1632 1150 1704 dejectionem
1199 1635 1555 1692 intuentium
1613 1635 1800 1692 oculis
1869 1633 2174 1692 ostendit?

516 1723 737 1778 Nostra:
755 1721 915 1778 enim
937 1721 1283 1796 perditionis
1309 1724 1394 1781 fut
1422 1723 1590 1796 origo
1614 1725 1896 1798 superbia
1923 1721 2169 1781 diaboli.

519 1811 587 1865 Ut
609 1825 752 1880 ergo
785 1810 1212 1884 redemptionis
1243 1812 1708 1870 instrumentum
1738 1813 1907 1870 ﬁeret
1931 1812 2170 1870 humili-

517 1902 609 1952 tas
637 1897 756 1968 Dei,
788 1898 868 1954 ad
895 1899 1010 1956 hoc
1040 1915 1163 1956 non
1193 1900 1391 1958 solum
1416 1901 1682 1969 visibilis,
1730 1901 1835 1958 sed
1859 1901 2039 1958 etiam
2069 1901 2172 1956 de-

517 1991 754 2058 spectus
783 1988 1098 2061 apparuit:
1133 1989 1210 2044 ad
1227 1989 1342 2046 hoc
1368 1989 1867 2047 contumeliarum
1893 1988 2170 2054 ludibria,

515 2075 856 2132 irrisionum
885 2078 1127 2150 probra,
1161 2078 1515 2150 passionum
1547 2084 1844 2136 tormenta
1887 2085 2171 2136 mortem-

514 2178 634 2236 que
666 2163 953 2234 toleravit,
985 2168 1050 2220 ut
1076 2165 1320 2222 humilis
1371 2168 1524 2222 Deus
1571 2166 1812 2223 doceret
1865 2167 2173 2223 hominem

514 2265 637 2306 non
669 2267 800 2306 esse
829 2253 1180 2326 superbum.
1209 2257 1452 2326 Propter
1481 2253 1880 2312 humilitatem
1909 2269 2174 2327 namque

517 2338 710 2396 solam
738 2341 1026 2398 veraciter
1054 2341 1450 2412 edocendam,
1479 2343 1528 2399 is
1547 2345 1652 2417 qui
1674 2348 1765 2400 est
1781 2343 2174 2400 aestimatione

514 2443 774 2498 magnus
831 2445 1011 2503 super
1065 2432 1293 2503 omnia,
1349 2446 1576 2504 parvus
1622 2432 1773 2488 inter
1815 2432 2021 2488 omnia
2049 2431 2175 2488 fieri

513 2515 798 2587 dignatus
821 2521 928 2575 est.
964 2518 1067 2577 Ha;
1093 2525 1235 2576 sunt
1256 2534 1400 2590 ergo
1423 2520 1530 2577 viae
1571 2521 1721 2593 ejus,
1745 2536 1898 2594 quas
1930 2519 2174 2593 superbi

512 2603 839 2675 intelligere
869 2606 1100 2678 nolunt,
1136 2608 1428 2680 quoniam
1479 2609 1716 2680 abjecta
1761 2623 1898 2681 quae
1937 2607 2176 2681 pertulit

514 2693 639 2766 pati
667 2693 1022 2768 despiciunt.
1068 2695 1182 2754 Sed
1207 2695 1456 2754 easdem
1513 2697 1642 2753 vias
1685 2697 2006 2771 unicuique
2060 2697 2173 2754 hu-

515 2780 641 2837 mili
669 2781 991 2856 intelligere
1021 2790 1114 2841 est
1139 2785 1254 2842 hoc
1278 2801 1476 2852 nosse,
1505 2786 1650 2858 quia
1679 2801 1786 2858 per
1809 2785 1936 2842 haec
1963 2786 2174 2843 infima

516 2870 797 2928 transitur
824 2872 904 2929 ad
933 2888 1176 2930 summa
1207 2891 1220 2928 :
1255 2872 1402 2930 scire
1430 2873 1596 2946 quod
1621 2877 1893 2946 oporteat
1917 2874 2173 2932 adversa

514 2960 804 3032 patienter
862 2961 1131 3028 tolerare,
1206 2977 1492 3019 mansura
1557 2968 2008 3035 perseveranter
2078 2980 2174 3020 ex-

516 3051 803 3121 spectare,
857 3054 921 3107 ut
973 3049 1250 3123 exemplo
1302 3051 1434 3122 ejus
1491 3067 1674 3124 quem
1717 3052 1839 3125 pati
1887 3053 2169 3126 oportuit,

515 3141 574 3193 et
599 3138 682 3194 ita
709 3139 930 3196 intrare
965 3139 1028 3195 in
1058 3139 1309 3211 gloriam
1356 3155 1552 3208 suam,
1601 3145 1824 3198 aeterna
1869 3146 2174 3215 quaeratur

515 3225 726 3298 gloria,
756 3226 1189 3301 temporalibus
1214 3228 1555 3302 opprobriis
1585 3233 1956 3304 comparata.

587 3320 778 3374 XXXV.
820 3318 948 3373 Istae
977 3316 1113 3374 duae
1143 3318 1575 3388 generationes,
1606 3319 1697 3377 vel
1726 3320 1862 3376 duas
1889 3320 2168 3387 civitates,

515 3423 673 3480 quae,
724 3410 790 3463 ut
841 3406 1067 3464 dictum
1124 3411 1232 3476 est,
1273 3407 1572 3465 aduobus
1612 3407 1752 3465 Adae.
1785 3409 1921 3466 ﬁliis
1955 3414 2171 3466 exortes

517 3499 676 3563 sunt,
712 3496 773 3551 in
829 3499 1089 3568 quatuor
1139 3495 1624 3567 generationibus
1678 3498 2016 3571 partiuntur
2059 3517 2070 3552 ε
2109 3503 2173 3554 ut

517 3587 718 3641 autem
771 3584 1104 3642 secundum
1148 3583 1294 3643 illud
1343 3586 1686 3659 exemplum
1715 3602 1840 3661 quo
1870 3586 2171 3643 malorum

516 3675 726 3729 auctor
781 3674 924 3730 Cain
979 3675 1414 3747 primogenitus
1471 3676 1599 3746 fuit,
1658 3681 1716 3732 et
1754 3677 2170 3750 unusquisque

514 3765 788 3818 nostrum
817 3763 1015 3836 primo
1063 3764 1259 3822 malus
1297 3772 1403 3834 est,
1465 3771 1521 3823 et
1545 3770 1754 3838 postea
1783 3782 1889 3838 per
1917 3766 2171 3836 gratiam

514 3847 799 3924 baptismi
824 3851 891 3907 ﬁt
919 3851 1140 3924 bonus,
1173 3869 1334 3910 nunc
1373 3855 1569 3926 primo
1599 3854 1674 3910 de
1721 3853 2023 3911 malorum
2069 3871 2168 3926 ge-

515 3939 820 3995 neratione
847 3940 1143 3998 dicamus.
1177 3941 1314 4015 Ipsa
1344 3943 1403 3998 in
1433 3941 1674 3998 duobus
1723 3943 2042 4013 generibus
2080 3944 2170 4000 di-

516 4027 752 4084 viditur.
787 4028 977 4086 Habet
1001 4031 1162 4087 enim
1192 4035 1393 4104 aperte
1422 4031 1635 4094 malos,
1672 4038 1735 4088 ut
1782 4036 1921 4090 sunt
1960 4049 2171 4090 omnes

515 4119 786 4188 potentes
813 4132 1152 4192 pauperum
1183 4135 1594 4193 oppressores,
1625 4120 1848 4193 quibus
1887 4121 2001 4178 hoc
2033 4138 2168 4194 pro-

512 4205 714 4279 prium
743 4210 849 4274 est,
878 4211 941 4262 ut
969 4207 1060 4264 vel
1089 4208 1313 4266 deliciis
1343 4226 1405 4266 se
1429 4207 1695 4274 dilatent.
1721 4211 1820 4266 vel
1842 4211 2170 4284 potentiam

513 4294 801 4350 divinitus
823 4301 1130 4370 acceptam
1159 4297 1234 4354 ad
1258 4297 1513 4356 aliorum
1537 4298 1811 4355 lassiones
1833 4305 2166 4371 exerceant,

515 4382 612 4440 vel
657 4398 723 4440 se
778 4401 884 4458 per
940 4386 1274 4460 voluptates
1325 4385 1690 4444 dissolvant:
1741 4392 1796 4443 et
1836 4389 1882 4444 γῆ
1913 4387 2166 4446 faciendi

515 4471 760 4528 effectus
784 4473 968 4544 deest,
999 4475 1278 4531 voluntas
1309 4479 1510 4530 tamen
1560 4475 1779 4544 agendi
1832 4493 2068 4550 semper
2107 4478 2169 4533 in

515 4559 600 4615 eis
629 4564 738 4616 est.
773 4561 938 4618 Unde
961 4568 1018 4619 et
1047 4577 1284 4636 semper
1325 4561 1477 4618 inest
1522 4561 1582 4619 in
1631 4561 1712 4619 eis
1761 4568 1978 4635 reatus,
2021 4581 2170 4638 quo-

513 4648 681 4706 niam
715 4650 918 4722 pravis
945 4650 1256 4708 desideriis
1277 4649 2100 4726 indesinenterlimplicantur,
2115 4663 2172 4713 et

513 4739 658 4812 quia
707 4754 1003 4812 pauperes
1052 4755 1295 4813 quoque
1345 4739 1702 4814 despiciunt,
1759 4746 1823 4798 ut
1865 4757 2050 4816 supra
2086 4743 2170 4800 di-

515 4827 686 4894 citur,
740 4827 894 4884 bene
941 4827 1016 4886 de
1069 4829 1154 4886 eis
1206 4831 1494 4904 scriptum
1547 4836 1634 4890 est
1676 4849 1689 4886 :
1730 4832 1989 4903 Lampus
2029 4849 2167 4892 con-

515 4921 739 4985 tempta
785 4918 952 4986 apud
1005 4920 1388 4991 cogitationes
1441 4921 1694 4978 divitum
1751 4921 1897 4994 (Job.
1945 4938 2048 4995 xu,
2091 4926 2165 4994 5).

514 5005 646 5070 Quo
690 5003 823 5061 loco
886 5005 1137 5064 divitum
1186 5008 1430 5066 nomine
1477 5009 1675 5066 cuncti
1735 5009 2130 5082 designantur
2152 5059 2166 5084 ,

512 5093 620 5167 qui
641 5093 916 5168 superbis
945 5097 1111 5170 apud
1141 5112 1204 5154 se
1234 5098 1694 5171 cogitationibus
1741 5105 1994 5159 tument.
2046 5102 2170 5159 Ple—
2219 5143 2224 5148 -

509 5182 682 5257 rique
730 5183 891 5241 enim
932 5185 1114 5243 rebus
1158 5185 1440 5259 ditantur,
1481 5188 1586 5263 qui
1615 5189 1764 5246 dum
1795 5206 1857 5247 se
1884 5189 2167 5264 operibus

513 5273 826 5332 abundare
855 5275 1251 5349 conspiciunt,
1297 5293 1469 5335 veras
1511 5277 1612 5336 Dei
1659 5277 1896 5337 divitias
1926 5294 2050 5336 non
2079 5295 2166 5336 re

512 5363 793 5435 quirunt;
839 5369 897 5423 et
937 5365 1042 5438 qui
1080 5371 1290 5425 contra
1328 5368 1606 5425 meritum
1655 5368 1822 5424 ditati
1868 5368 2045 5425 bonis
2087 5369 2168 5426 ad

513 5465 783 5508 amorem
834 5455 1165 5512 Conditoris
1196 5456 1513 5530 provocari
1563 5455 1921 5526 debuerunt,
1971 5457 2165 5528 magis

511 5545 722 5598 contra
771 5541 938 5601 illum
982 5545 1106 5602 suis
1152 5545 1328 5602 donis
1376 5549 1667 5616 pugnant.
1721 5544 1861 5601 Aliis
1903 5560 2041 5602 vero
2072 5561 2166 5604 res

509 5630 758 5688 terrenas
779 5643 900 5690 non
930 5635 1274 5706 suppetunt,
1304 5627 1410 5688 sed
1440 5634 1642 5691 tamen
1673 5631 1838 5706 apud
1869 5648 1931 5690 se
1963 5648 2165 5708 super-

2282 383 2444 444 Quos
2472 380 2744 438 videlicet
2766 383 2909 456 quia
2945 383 3080 438 vitae
3111 377 3413 454 sequentis
3459 389 3630 432 amor
3666 389 3800 434 nom
3831 380 3926 436 hu-

2281 467 2492 535 miliat,
2519 469 2670 526 inter
2699 485 2918 545 pravos
2945 468 3157 526 divites
3185 481 3423 524 morum
3449 461 3755 539 protervia
3772 465 3918 524 addi-

2282 557 2359 613 cit
2394 575 2406 614 :
2443 561 2503 615 at
2527 559 2680 616 sicut
2707 560 2768 616 in
2799 558 2952 616 libro
2977 574 3014 613 x
3055 555 3360 614 Moralium
3408 552 3641 622 dicitur,
3684 551 3820 609 nihil
3860 553 3913 610 in

2281 645 2507 702 ultione
2555 647 2766 720 judicii
2805 647 3124 720 discrepat,
3179 649 3382 700 utrum
3439 642 3618 698 rebus
3669 655 3745 696 an
3788 640 3912 698 solis

2282 735 2555 794 moribus
2593 738 3036 795 intumescant:
3069 735 3174 808 qui
3227 733 3445 789 scilicet
3496 729 3790 804 quoslibet
3821 729 3916 787 hu-

2282 824 2471 887 miles,
2505 828 2610 900 qui
2644 832 2876 885 terrena
2903 827 2963 883 in
2991 841 3124 893 usu,
3159 839 3281 880 non
3307 823 3368 879 in
3393 819 3686 878 desiderio
3713 819 3919 876 haben-

2284 918 2392 986 tes,
2425 921 2772 988 sequentem
2806 917 2987 972 vitam
3018 914 3290 984 diligunt,
3321 910 3410 968 vel
3438 909 3800 984 opprimunt,
3837 908 3920 965 vel

2283 1001 2662 1076 despiciunt:
2697 1021 2836 1061 cum
2879 1003 2990 1076 ipsi
3036 1002 3238 1076 utique
3287 1004 3391 1056 aut
3444 997 3621 1054 rebus
3670 997 3918 1066 terrenis,

2283 1096 2387 1148 aut
2414 1091 2554 1148 solis
2578 1091 2886 1149 desideriis
2918 1091 3270 1148 moriuntur.

2357 1184 2570 1238 XXXVI.
2612 1183 2692 1238 De
2723 1182 2814 1238 his
2839 1182 3125 1254 scriptum
3155 1183 3243 1236 est
3272 1196 3282 1233 :
3335 1178 3428 1233 Va?
3457 1176 3616 1234 vobis
3633 1174 3920 1241 divitibus,

2283 1271 2389 1344 qui
2435 1271 2664 1330 habetis
2716 1272 3177 1328 consolationem
3228 1273 3485 1326 vestram
3537 1267 3598 1320 in
3658 1265 3926 1334 praesenti

2285 1359 2448 1432 (Luc.
2479 1376 2553 1430 v1,
2583 1362 2674 1432 24)
2705 1378 2716 1416 :
2747 1359 2807 1416 hi
2838 1363 3037 1418 autem
3064 1355 3430 1414 fastidientes
3455 1352 3722 1428 propria,
3749 1352 3927 1409 aliena

2284 1449 2756 1523 concupiscunt:
2791 1454 2896 1506 aut
2923 1446 3244 1520 concupita
3289 1443 3539 1516 adipisci
3587 1456 3714 1498 non
3740 1440 3925 1498 valen-

2285 1542 2390 1606 tes,
2443 1537 2778 1608 instigantis
2831 1536 3093 1595 avaritia;
3151 1533 3411 1592 tumultu
3459 1535 3788 1589 vastantur.
3857 1533 3928 1588 De

2283 1628 2506 1700 quibus
2537 1627 2598 1684 in
2626 1626 2934 1685 Moralium
2962 1625 3117 1683 libro
3148 1640 3205 1681 1v
3233 1622 3451 1680 dicitur
3481 1639 3492 1676 :
3536 1621 3579 1678 Ο
3609 1635 3795 1694 quam
3825 1620 3925 1676 dif-

2281 1716 2435 1774 ﬁcile
2466 1717 2544 1774 ad
2573 1717 2841 1791 requiem
2871 1715 3143 1782 tendunt,
3177 1713 3280 1787 qui
3309 1718 3430 1770 tam
3455 1711 3620 1768 duris
3642 1710 3929 1781 cogitatio-

2281 1822 2429 1863 num
2483 1805 2856 1876 tumultibus,
2919 1805 3067 1861 dnm
3113 1804 3175 1860 in
3208 1803 3322 1860 hoc
3366 1800 3596 1858 mundo
3631 1798 3929 1856 sublimari

2283 1895 2506 1964 volunt,
2549 1895 2610 1951 in
2657 1895 2836 1951 corde
2880 1891 3390 1966 comprimuntur!
3454 1889 3600 1946 Hinc
3655 1888 3928 1961 scriptum

2283 1989 2370 2041 est
2404 2003 2415 2040 ς
2462 1986 2552 2040 γε
2579 1987 2684 2059 qui
2709 1984 3081 2056 multiplicat
3117 1997 3238 2038 non
3263 1995 3375 2036 sua
3421 1997 3444 2037 :
3491 1993 3794 2052 usquequo
3834 1993 3929 2048 ag-

2281 2080 2502 2144 gravet
2530 2079 2742 2130 contra
2767 2088 2827 2131 se
2853 2073 3100 2130 densum
3151 2072 3342 2127 lutum
3375 2069 3403 2124 ?
3447 2067 3706 2137 (Habx.
3748 2082 3804 2131 ιι.
3859 2067 3927 2136 6),

2282 2179 2391 2236 per
2419 2163 2613 2221 lutum
2641 2177 2908 2235 namque
2939 2166 3172 2218 terrena
3198 2159 3554 2230 ﬁgurantur.
3599 2160 3794 2235 Denso
3839 2157 3931 2227 igi-

2286 2256 2379 2306 tur
2408 2251 2532 2308 luto
2564 2267 2625 2308 se
2655 2255 2963 2323 aggravat,
2996 2249 3100 2323 qui
3130 2253 3366 2306 terrena
3413 2244 3790 2319 multiplicat,
3838 2243 3930 2317 qui

2285 2357 2347 2395 se
2377 2340 2660 2408 avarities,
2691 2355 2828 2413 quas
2859 2343 2947 2394 est
2973 2337 3274 2396 idolorum
3305 2335 3583 2407 servitus,
3610 2333 3932 2407 oppressio-

2283 2445 2359 2486 ne
2387 2432 2782 2498 coangustat;
2813 2427 2954 2485 hinc
2983 2427 3124 2484 item
3171 2443 3183 2482 :
3220 2424 3526 2482 Judicium
3557 2423 3930 2479 durissimum

2283 2520 2376 2576 his
2405 2521 2510 2592 qui
2527 2523 2803 2588 praisunt
2823 2518 2923 2588 ﬁet
2951 2517 3114 2589 (Sap.
3150 2531 3228 2584 vx,
3257 2518 3332 2584 6).
3359 2512 3527 2571 Unde
3557 2516 3615 2570 et
3654 2513 3717 2569 in
3761 2513 3930 2568 Evan-

2285 2607 2438 2680 gelio
2468 2607 2690 2664 Veritas
2721 2605 2896 2664 dicit:
2934 2606 3048 2664 Cui
3075 2605 3330 2663 multum
3369 2605 3584 2660 datum
3637 2607 3747 2666 est,
3793 2601 3930 2654 mul-

2285 2703 2410 2754 tum
2439 2699 2515 2754 ab
2544 2713 2610 2754 eo
2639 2697 2969 2770 requiritur
2987 2696 3154 2765 (Luc.
3189 2710 3290 2764 xu,
3320 2693 3432 2766 48).
3492 2695 3720 2748 Rarum
3744 2691 3932 2762 itaque

2283 2786 2457 2843 valde
2509 2790 2616 2855 est,
2673 2789 2738 2842 ut
2783 2785 2886 2859 qui
2939 2799 3157 2842 aurum
3205 2781 3514 2857 possident
3557 2780 3634 2868 ad
3677 2779 3930 2868 requiem

2281 2875 2548 2941 tendant,
2580 2873 2728 2932 dum
2757 2889 2864 2948 per
2889 2872 3278 2946 semetipsam
3307 2869 3539 2928 Veritas
3568 2867 3774 2927 dicat:
3814 2867 3933 2937 Dif-

2278 2964 2440 3033 ﬁcile
2466 2965 2572 3035 qui
2596 2963 2882 3032 pecunias
2913 2960 3130 3019 habent
3157 2961 3221 3017 in
3251 2975 3501 3032 regnum
3543 2959 3830 3016 caelorum
3858 2958 3934 3011 in-

2283 3053 2530 3110 trabunt
2560 3051 2794 3122 (Matth.
2826 3067 2947 3119 xix,
2973 3051 3084 3123 23).
3114 3051 3263 3107 Nam
3287 3049 3394 3123 qui
3417 3047 3514 3104 hic
3545 3046 3931 3121 multiplican-

2281 3142 2374 3198 dis
2405 3141 2621 3214 divitiis
2651 3139 2900 3208 inhiant,
2932 3155 3064 3214 quse
3094 3139 3335 3196 alterius
3364 3136 3500 3194 vitae
3549 3136 3778 3207 gaudia
3815 3147 3934 3204 spe-

2281 3231 2459 3287 rant?
2509 3212 2682 3295 Quod
2737 3233 2804 3286 ut
2844 3212 3205 3302 Redemptor
3254 3229 3456 3284 noster
3512 3223 3696 3282 valde
3743 3235 3932 3280 rarum

2279 3318 2550 3392 quidem,
2584 3322 2649 3375 ut
2675 3333 2746 3374 ex
2779 3316 2907 3374 solo
2935 3314 3250 3384 miraculo,
3303 3329 3409 3388 per
3453 3329 3515 3370 se
3569 3317 3776 3370 tamen
3818 3309 3934 3366 ﬁeri

2281 3424 2458 3482 posse
2486 3411 2870 3478 monstraret,
2894 3407 2976 3463 ait
3008 3423 3020 3461 :
3050 3405 3236 3476 Apud
3264 3405 3526 3461 homines
3549 3401 3666 3460 hoc
3689 3400 3934 3471 impossi-

2284 3497 2399 3554 bile
2422 3503 2526 3564 est,
2561 3495 2727 3567 apud
2751 3496 2935 3553 Deum
2987 3495 3188 3552 omnia
3238 3493 3548 3565 possibilia
3590 3498 3740 3548 sunt
3777 3491 3929 3559 (Luc.

2280 3602 2445 3653 xvm,
2470 3589 2582 3657 27),
2615 3591 2674 3642 et
2696 3589 2928 3642 caetera.
2986 3583 3283 3652 Quoniam
3331 3582 3462 3656 ipse
3497 3587 3718 3656 potans
3757 3585 3845 3636 est
3879 3577 3931 3632 in

2281 3677 2365 3733 eis
2395 3682 2691 3732 tumorem
2738 3673 2934 3731 cordis
2981 3673 3326 3748 reprimere,
3376 3675 3434 3728 et
3471 3671 3776 3730 ambitum
3808 3681 3934 3724 con-

2281 3763 2664 3838 cupiscentia:
2691 3762 3007 3820 refrenare.
3043 3764 3126 3818 Ex
3154 3761 3282 3818 solo
3312 3760 3474 3818 enim
3520 3759 3733 3816 divino
3771 3756 3933 3814 mira-

2281 3853 2417 3912 culo
2447 3853 2508 3910 id
2538 3869 2715 3927 posse
2741 3853 2866 3908 ﬁeri
2896 3856 3282 3918 monstratur,
3304 3849 3810 3924 quandoquidem
3831 3847 3933 3902 hoc

2281 3944 2449 4018 quod
2478 3943 2602 3999 ﬁeri
2634 3941 2974 3999 nullatenus
2998 3946 3194 4016 potest
3224 3941 3301 3998 ad
3324 3939 3681 4015 exemplum
3704 3935 3935 3994 deduci-

2281 4039 2396 4102 tur,
2427 4050 2567 4092 cum
2597 4033 2887 4091 Dominus
2918 4032 3000 4089 ait
3026 4049 3038 4087 :
3073 4031 3340 4089 Facilius
3384 4037 3467 4088 est
3511 4031 3811 4088 camelum
3835 4040 3938 4097 per

2279 4125 2555 4193 foramen
2586 4138 2728 4180 acus
2769 4125 3046 4189 transire,
3096 4135 3273 4194 quam
3319 4121 3560 4176 divitem
3606 4121 3842 4176 intrare
3886 4115 3935 4168 in

2283 4230 2532 4286 regnum
2561 4212 2843 4269 cwlorum
2875 4211 3115 4282 (Matth.
3149 4226 3268 4276 nx,
3301 4210 3415 4281 24).

2356 4304 2595 4360 XXXVII.
2669 4303 2766 4357 Est
2810 4305 3010 4357 autem
3067 4306 3124 4357 et
3181 4298 3344 4356 aliud
3388 4298 3698 4356 malorum
3731 4310 3932 4368 genus,

2283 4406 2494 4448 eorum
2523 4389 2794 4446 videlicet
2821 4390 2925 4463 qui
2954 4388 3230 4446 habitum
3261 4388 3566 4459 religionis
3596 4388 3933 4451 assumunt,

2282 4479 2385 4535 sed
2408 4478 2501 4534 vel
2530 4477 2732 4534 multis
2757 4477 2905 4534 vitiis
2936 4475 3302 4550 publice,vel
3317 4475 3693 4550 quibusdam
3716 4471 3934 4532 occulte

2281 4584 2342 4624 se
2373 4566 2658 4624 subdunt.
2695 4566 2860 4624 Unde
2878 4566 3092 4622 beatus
3121 4563 3230 4622 Job
3255 4580 3397 4622 voce
3442 4565 3705 4622 dolentis
3753 4561 3931 4620 Eccle-

2281 4657 2381 4713 sitae
2408 4656 2548 4714 dicit
2583 4675 2594 4710 :
2635 4654 2848 4726 Effudi
2875 4656 2937 4712 in
2969 4661 3193 4713 terram
3222 4655 3449 4711 viscera
3487 4669 3618 4711 mea
3651 4652 3786 4726 (Job
3822 4666 3932 4718 xvx,

2285 4749 2390 4814 14).
2424 4749 2572 4803 Nam
2593 4745 2738 4817 quia
2757 4745 2986 4801 viscera
3016 4744 3075 4802 in
3105 4743 3377 4801 humano
3402 4745 3654 4818 corpére
3696 4742 3934 4800 interius

2279 4840 2438 4896 sunt.
2485 4834 2712 4890 viscera
2768 4833 3037 4891 Ecclesiae
3091 4837 3404 4902 vocantur,
3462 4833 3566 4907 qui
3632 4829 3934 4902 religionis

2277 4921 2486 4978 habitu
2540 4917 2731 4977 induti
2784 4918 2862 4977 ad
2919 4921 3130 4978 intima
3206 4921 3336 4994 ejus
3396 4923 3782 4977 sacramenta
3845 4915 3934 4972 de-

2280 5009 2499 5066 servire
2543 5007 2782 5067 debent.
2827 5011 2976 5068 Cum
3005 5025 3150 5082 ergo
3179 5007 3483 5081 malignus
3519 5009 3715 5066 hostis
3763 5022 3935 5080 quos-

2276 5099 2421 5156 dam
2481 5113 2554 5155 ex
2609 5099 2693 5155 eis
2746 5097 2824 5156 ad
2871 5098 3184 5158 saecularia
3221 5098 3522 5156 desideria
3557 5097 3652 5155 vel
3703 5095 3936 5168 negotia

2275 5186 2595 5262 pertrahit,
2673 5187 2947 5260 ejusdem
3025 5187 3297 5246 Ecclesiae
3371 5186 3602 5246 viscera
3677 5184 3935 5243 infundit

2277 5276 2338 5334 in
2409 5281 2630 5336 terram
2650 5319 2664 5344 ,
2740 5276 2888 5352 quia
2958 5277 3090 5336 illos
3163 5277 3228 5336 in
3299 5275 3523 5334 inﬁmis
3597 5274 3930 5336 conculcat,

2275 5367 2378 5440 qui
2435 5355 2513 5424 ad
2564 5367 2678 5425 hoc
2720 5367 2912 5424 vocati
2970 5372 3114 5425 sunt
3163 5372 3226 5424 ut
3279 5366 3645 5440 spiritalibus
3695 5365 3938 5422 inhaere-

2273 5461 2422 5514 rent.
2453 5460 2531 5515 De
2557 5457 2650 5514 his
2673 5456 2890 5514 iterum
2928 5457 3216 5531 scriptum
3248 5461 3336 5512 est
3387 5475 3398 5510 :
3448 5455 3572 5512 Sub
3597 5456 3731 5524 ipso
3762 5457 3932 5510 erunt

2273 5546 2437 5605 radii
2472 5547 2612 5605 solis
2663 5546 2797 5616 (Job
2835 5561 2950 5616 xu,
2997 5551 3090 5616 2t)
3135 5565 3148 5602 :
3199 5545 3367 5619 quod
3407 5550 3547 5602 tunc
3585 5543 3675 5606 fit,
3708 5557 3850 5598 cum
3876 5538 3934 5595 hi

2273 5635 2378 5708 qui
2431 5635 2584 5696 intra
2637 5639 2910 5693 sanctam
2966 5634 3312 5703 Ecclesiam,
3367 5633 3556 5694 altiori
3602 5629 3802 5703 gradu
3848 5625 3931 5682 vel
