  <div class='ocr_page' id='page_1' title='image "/cluster/home/n/w/nwhite01/storage/ocr_20150623/133/hvd.32044054759949/278.png"; bbox 0 0 4094 6156; ppageno 0'>
   <div class='ocr_carea' id='block_1_1' title="bbox 278 158 381 209">
    <p class='ocr_par' dir='ltr' id='par_1_1' title="bbox 278 158 381 209">
     <span class='ocr_line' id='line_1_1' title="bbox 278 158 381 209; baseline -0.01 0"><span class='ocrx_word' id='word_1_1' title='bbox 278 158 381 209; x_wconf 69' lang='grc'><strong>545</strong></span> 
     </span>
    </p>
   </div>
   <div class='ocr_carea' id='block_1_2' title="bbox 1329 106 2631 212">
    <p class='ocr_par' dir='ltr' id='par_1_2' title="bbox 1329 106 2631 212">
     <span class='ocr_line' id='line_1_2' title="bbox 1329 106 2631 212; baseline 0.004 -5"><span class='ocrx_word' id='word_1_2' title='bbox 1329 147 1820 207; x_wconf 73' lang='lat' dir='ltr'><strong>COLLATIONUM</strong></span> <span class='ocrx_word' id='word_1_3' title='bbox 1859 138 2041 199; x_wconf 74' lang='lat' dir='ltr'><strong>LIBRI</strong></span> <span class='ocrx_word' id='word_1_4' title='bbox 2077 148 2269 205; x_wconf 75' lang='lat' dir='ltr'><strong>mss.</strong></span> <span class='ocrx_word' id='word_1_5' title='bbox 2312 106 2381 193; x_wconf 56' lang='grc' dir='ltr'><strong>-ξο</strong></span> <span class='ocrx_word' id='word_1_6' title='bbox 2420 158 2546 209; x_wconf 87' lang='lat' dir='ltr'><strong>LlB.</strong></span> <span class='ocrx_word' id='word_1_7' title='bbox 2590 162 2631 212; x_wconf 84' lang='grc' dir='ltr'><strong>ι.</strong></span> 
     </span>
    </p>
   </div>
   <div class='ocr_carea' id='block_1_3' title="bbox 3588 180 3688 231">
    <p class='ocr_par' dir='ltr' id='par_1_3' title="bbox 3588 180 3688 231">
     <span class='ocr_line' id='line_1_3' title="bbox 3588 180 3688 231; baseline 0 0"><span class='ocrx_word' id='word_1_8' title='bbox 3588 180 3688 231; x_wconf 64' lang='grc'><strong>546</strong></span> 
     </span>
    </p>
   </div>
   <div class='ocr_carea' id='block_1_4' title="bbox 268 265 3690 366">
    <p class='ocr_par' dir='ltr' id='par_1_4' title="bbox 268 265 3690 366">
     <span class='ocr_line' id='line_1_4' title="bbox 268 265 3690 366; baseline 0.006 -32"><span class='ocrx_word' id='word_1_9' title='bbox 268 276 552 334; x_wconf 87' lang='lat' dir='ltr'><strong>acumine</strong></span> <span class='ocrx_word' id='word_1_10' title='bbox 585 275 887 366; x_wconf 77' lang='lat' dir='ltr'><strong>sapientiae</strong></span> <span class='ocrx_word' id='word_1_11' title='bbox 928 274 1303 366; x_wconf 79' lang='lat' dir='ltr'><strong>resplendere</strong></span> <span class='ocrx_word' id='word_1_12' title='bbox 1341 272 1635 366; x_wconf 60' lang='lat' dir='ltr'><strong>videntur,</strong></span> <span class='ocrx_word' id='word_1_13' title='bbox 1669 276 1772 328; x_wconf 87' lang='lat' dir='ltr'><strong>aut</strong></span> <span class='ocrx_word' id='word_1_14' title='bbox 1795 271 1921 325; x_wconf 88' lang='lat' dir='ltr'><strong>dia-</strong></span> <span class='ocrx_word' id='word_1_15' title='bbox 1953 265 2004 321; x_wconf 86' lang='lat' dir='ltr'><strong>A</strong></span> <span class='ocrx_word' id='word_1_16' title='bbox 2031 287 2168 343; x_wconf 67' lang='lat' dir='ltr'><strong>quae</strong></span> <span class='ocrx_word' id='word_1_17' title='bbox 2200 274 2349 332; x_wconf 85' lang='lat' dir='ltr'><strong>forte</strong></span> <span class='ocrx_word' id='word_1_18' title='bbox 2371 280 2661 366; x_wconf 81' lang='lat' dir='ltr'><strong>gesserint</strong></span> <span class='ocrx_word' id='word_1_19' title='bbox 2692 298 2815 341; x_wconf 89' lang='lat' dir='ltr'><strong>non</strong></span> <span class='ocrx_word' id='word_1_20' title='bbox 2845 302 2906 343; x_wconf 86' lang='lat' dir='ltr'><strong>se</strong></span> <span class='ocrx_word' id='word_1_21' title='bbox 2937 288 3244 362; x_wconf 87' lang='lat' dir='ltr'><strong>extollunt,</strong></span> <span class='ocrx_word' id='word_1_22' title='bbox 3275 295 3419 366; x_wconf 84' lang='lat' dir='ltr'><strong>quia</strong></span> <span class='ocrx_word' id='word_1_23' title='bbox 3448 296 3690 355; x_wconf 83' lang='lat' dir='ltr'><strong>sollicite</strong></span> 
     </span>
    </p>
   </div>
   <div class='ocr_carea' id='block_1_5' title="bbox 269 360 1926 436">
    <p class='ocr_par' dir='ltr' id='par_1_5' title="bbox 269 360 1926 436">
     <span class='ocr_line' id='line_1_5' title="bbox 269 360 1926 436; baseline -0.005 -15"><span class='ocrx_word' id='word_1_24' title='bbox 269 363 482 421; x_wconf 89' lang='lat' dir='ltr'><strong>bolicis</strong></span> <span class='ocrx_word' id='word_1_25' title='bbox 511 364 917 433; x_wconf 68' lang='lat' dir='ltr'><strong>suasionibus,</strong></span> <span class='ocrx_word' id='word_1_26' title='bbox 937 368 1041 419; x_wconf 91' lang='lat' dir='ltr'><strong>aut</strong></span> <span class='ocrx_word' id='word_1_27' title='bbox 1065 363 1312 419; x_wconf 83' lang='lat' dir='ltr'><strong>terrenis</strong></span> <span class='ocrx_word' id='word_1_28' title='bbox 1331 360 1723 436; x_wconf 82' lang='lat' dir='ltr'><strong>potestatibus</strong></span> <span class='ocrx_word' id='word_1_29' title='bbox 1746 372 1926 432; x_wconf 83' lang='lat' dir='ltr'><strong>prave</strong></span> 
     </span>
    </p>
   </div>
   <div class='ocr_carea' id='block_1_6' title="bbox 267 448 1925 524">
    <p class='ocr_par' dir='ltr' id='par_1_6' title="bbox 267 448 1925 524">
     <span class='ocr_line' id='line_1_6' title="bbox 267 448 1925 524; baseline -0.005 -13"><span class='ocrx_word' id='word_1_30' title='bbox 267 453 567 511; x_wconf 77' lang='lat' dir='ltr'><strong>duntaxat</strong></span> <span class='ocrx_word' id='word_1_31' title='bbox 596 453 912 524; x_wconf 84' lang='lat' dir='ltr'><strong>agentibus</strong></span> <span class='ocrx_word' id='word_1_32' title='bbox 941 469 1003 509; x_wconf 92' lang='lat' dir='ltr'><strong>se</strong></span> <span class='ocrx_word' id='word_1_33' title='bbox 1025 452 1401 523; x_wconf 87' lang='lat' dir='ltr'><strong>submittunt,</strong></span> <span class='ocrx_word' id='word_1_34' title='bbox 1421 451 1708 523; x_wconf 89' lang='lat' dir='ltr'><strong>oblitique</strong></span> <span class='ocrx_word' id='word_1_35' title='bbox 1730 448 1925 505; x_wconf 75' lang='lat' dir='ltr'><strong>caeles-</strong></span> 
     </span>
    </p>
   </div>
   <div class='ocr_carea' id='block_1_7' title="bbox 268 536 1929 599">
    <p class='ocr_par' dir='ltr' id='par_1_7' title="bbox 268 536 1929 599">
     <span class='ocr_line' id='line_1_7' title="bbox 268 536 1929 599; baseline -0.004 0"><span class='ocrx_word' id='word_1_36' title='bbox 268 544 419 599; x_wconf 85' lang='lat' dir='ltr'><strong>tium</strong></span> <span class='ocrx_word' id='word_1_37' title='bbox 460 545 694 598; x_wconf 89' lang='lat' dir='ltr'><strong>terrena</strong></span> <span class='ocrx_word' id='word_1_38' title='bbox 726 540 1018 599; x_wconf 89' lang='lat' dir='ltr'><strong>ambiunt.</strong></span> <span class='ocrx_word' id='word_1_39' title='bbox 1055 540 1197 599; x_wconf 80' lang='lat' dir='ltr'><strong>Hinc</strong></span> <span class='ocrx_word' id='word_1_40' title='bbox 1226 541 1442 598; x_wconf 82' lang='lat' dir='ltr'><strong>iterum</strong></span> <span class='ocrx_word' id='word_1_41' title='bbox 1480 540 1695 597; x_wconf 90' lang='lat' dir='ltr'><strong>dicitur</strong></span> <span class='ocrx_word' id='word_1_42' title='bbox 1728 555 1739 592; x_wconf 91' lang='lat'>:</span> <span class='ocrx_word' id='word_1_43' title='bbox 1772 536 1929 594; x_wconf 72' lang='lat' dir='ltr'><strong>Ster-</strong></span> 
     </span>
    </p>
   </div>
   <div class='ocr_carea' id='block_1_8' title="bbox 268 626 1924 702">
    <p class='ocr_par' dir='ltr' id='par_1_8' title="bbox 268 626 1924 702">
     <span class='ocr_line' id='line_1_8' title="bbox 268 626 1924 702; baseline -0.004 -15"><span class='ocrx_word' id='word_1_44' title='bbox 268 638 369 689; x_wconf 82' lang='lat' dir='ltr'><strong>net</strong></span> <span class='ocrx_word' id='word_1_45' title='bbox 418 631 535 687; x_wconf 84' lang='lat' dir='ltr'><strong>sibi</strong></span> <span class='ocrx_word' id='word_1_46' title='bbox 560 646 776 687; x_wconf 87' lang='lat' dir='ltr'><strong>aurum</strong></span> <span class='ocrx_word' id='word_1_47' title='bbox 806 632 980 702; x_wconf 86' lang='lat' dir='ltr'><strong>quasi</strong></span> <span class='ocrx_word' id='word_1_48' title='bbox 1029 633 1220 688; x_wconf 81' lang='lat' dir='ltr'><strong>tut-um</strong></span> <span class='ocrx_word' id='word_1_49' title='bbox 1249 631 1380 702; x_wconf 85' lang='lat' dir='ltr'><strong>(Job</strong></span> <span class='ocrx_word' id='word_1_50' title='bbox 1425 646 1531 697; x_wconf 80' lang='lat' dir='ltr'><strong>xu,</strong></span> <span class='ocrx_word' id='word_1_51' title='bbox 1562 630 1675 700; x_wconf 80' lang='lat' dir='ltr'><strong>2t),</strong></span> <span class='ocrx_word' id='word_1_52' title='bbox 1706 626 1765 683; x_wconf 90' lang='lat' dir='ltr'><strong>id</strong></span> <span class='ocrx_word' id='word_1_53' title='bbox 1817 629 1924 689; x_wconf 90' lang='lat' dir='ltr'><strong>est,</strong></span> 
     </span>
    </p>
   </div>
   <div class='ocr_carea' id='block_1_9' title="bbox 269 717 1932 793">
    <p class='ocr_par' dir='ltr' id='par_1_9' title="bbox 269 717 1932 793">
     <span class='ocr_line' id='line_1_9' title="bbox 269 717 1932 793; baseline -0.004 -16"><span class='ocrx_word' id='word_1_54' title='bbox 269 735 373 777; x_wconf 71' lang='grc' dir='ltr'><strong>θος</strong></span> <span class='ocrx_word' id='word_1_55' title='bbox 402 719 509 793; x_wconf 89' lang='lat' dir='ltr'><strong>qui</strong></span> <span class='ocrx_word' id='word_1_56' title='bbox 548 717 883 791; x_wconf 87' lang='lat' dir='ltr'><strong>spirituales</strong></span> <span class='ocrx_word' id='word_1_57' title='bbox 919 720 1194 778; x_wconf 87' lang='lat' dir='ltr'><strong>videntur</strong></span> <span class='ocrx_word' id='word_1_58' title='bbox 1236 720 1547 777; x_wconf 92' lang='lat' dir='ltr'><strong>conculcat</strong></span> <span class='ocrx_word' id='word_1_59' title='bbox 1577 717 1754 791; x_wconf 86' lang='lat' dir='ltr'><strong>quasi</strong></span> <span class='ocrx_word' id='word_1_60' title='bbox 1807 729 1932 771; x_wconf 88' lang='lat' dir='ltr'><strong>car-</strong></span> 
     </span>
    </p>
   </div>
   <div class='ocr_carea' id='block_1_10' title="bbox 269 807 1931 879">
    <p class='ocr_par' dir='ltr' id='par_1_10' title="bbox 269 807 1931 879">
     <span class='ocr_line' id='line_1_10' title="bbox 269 807 1931 879; baseline -0.004 -13"><span class='ocrx_word' id='word_1_61' title='bbox 269 807 456 866; x_wconf 82' lang='lat' dir='ltr'><strong>nales.</strong></span> <span class='ocrx_word' id='word_1_62' title='bbox 492 811 773 866; x_wconf 78' lang='lat' dir='ltr'><strong>Praeterea</strong></span> <span class='ocrx_word' id='word_1_63' title='bbox 803 809 935 866; x_wconf 89' lang='lat' dir='ltr'><strong>auri</strong></span> <span class='ocrx_word' id='word_1_64' title='bbox 982 808 1228 866; x_wconf 86' lang='lat' dir='ltr'><strong>nomine</strong></span> <span class='ocrx_word' id='word_1_65' title='bbox 1258 809 1415 866; x_wconf 90' lang='lat' dir='ltr'><strong>nitor</strong></span> <span class='ocrx_word' id='word_1_66' title='bbox 1461 807 1660 879; x_wconf 70' lang='lat' dir='ltr'><strong>gloriae</strong></span> <span class='ocrx_word' id='word_1_67' title='bbox 1705 812 1931 877; x_wconf 81' lang='lat' dir='ltr'><strong>tempo-</strong></span> 
     </span>
    </p>
   </div>
   <div class='ocr_carea' id='block_1_11' title="bbox 275 895 1927 973">
    <p class='ocr_par' dir='ltr' id='par_1_11' title="bbox 275 895 1927 973">
     <span class='ocr_line' id='line_1_11' title="bbox 275 895 1927 973; baseline -0.003 -17"><span class='ocrx_word' id='word_1_68' title='bbox 275 898 416 957; x_wconf 89' lang='lat' dir='ltr'><strong>ralis</strong></span> <span class='ocrx_word' id='word_1_69' title='bbox 446 897 816 970; x_wconf 80' lang='lat' dir='ltr'><strong>exprimitur,</strong></span> <span class='ocrx_word' id='word_1_70' title='bbox 846 901 998 955; x_wconf 90' lang='lat' dir='ltr'><strong>sicut</strong></span> <span class='ocrx_word' id='word_1_71' title='bbox 1017 913 1122 972; x_wconf 89' lang='lat' dir='ltr'><strong>per</strong></span> <span class='ocrx_word' id='word_1_72' title='bbox 1152 899 1509 973; x_wconf 82' lang='lat' dir='ltr'><strong>prophetam</strong></span> <span class='ocrx_word' id='word_1_73' title='bbox 1537 897 1780 953; x_wconf 88' lang='lat' dir='ltr'><strong>dicitur:</strong></span> <span class='ocrx_word' id='word_1_74' title='bbox 1813 895 1927 951; x_wconf 87' lang='lat' dir='ltr'><strong>Ca-</strong></span> 
     </span>
    </p>
   </div>
   <div class='ocr_carea' id='block_1_12' title="bbox 273 983 1927 1060">
    <p class='ocr_par' dir='ltr' id='par_1_12' title="bbox 273 983 1927 1060">
     <span class='ocr_line' id='line_1_12' title="bbox 273 983 1927 1060; baseline -0.005 -13"><span class='ocrx_word' id='word_1_75' title='bbox 273 991 363 1047; x_wconf 75' lang='lat' dir='ltr'><strong>tia:</strong></span> <span class='ocrx_word' id='word_1_76' title='bbox 387 1003 606 1045; x_wconf 79' lang='lat' dir='ltr'><strong>aureus</strong></span> <span class='ocrx_word' id='word_1_77' title='bbox 637 988 914 1058; x_wconf 81' lang='lat' dir='ltr'><strong>Babylon</strong></span> <span class='ocrx_word' id='word_1_78' title='bbox 947 990 1088 1059; x_wconf 84' lang='lat' dir='ltr'><strong>(Jer.</strong></span> <span class='ocrx_word' id='word_1_79' title='bbox 1124 1005 1194 1055; x_wconf 71' lang='grc' dir='ltr'><strong>ιι,</strong></span> <span class='ocrx_word' id='word_1_80' title='bbox 1231 989 1305 1060; x_wconf 85' lang='grc'><strong>7).</strong></span> <span class='ocrx_word' id='word_1_81' title='bbox 1338 988 1489 1054; x_wconf 88' lang='lat' dir='ltr'><strong>Quid</strong></span> <span class='ocrx_word' id='word_1_82' title='bbox 1543 987 1703 1043; x_wconf 89' lang='lat' dir='ltr'><strong>enim</strong></span> <span class='ocrx_word' id='word_1_83' title='bbox 1736 983 1927 1056; x_wconf 82' lang='lat' dir='ltr'><strong>Baby-</strong></span> 
     </span>
    </p>
   </div>
   <div class='ocr_carea' id='block_1_13' title="bbox 270 1074 1929 1148">
    <p class='ocr_par' dir='ltr' id='par_1_13' title="bbox 270 1074 1929 1148">
     <span class='ocr_line' id='line_1_13' title="bbox 270 1074 1929 1148; baseline -0.004 -14"><span class='ocrx_word' id='word_1_84' title='bbox 270 1078 428 1134; x_wconf 89' lang='lat' dir='ltr'><strong>lonis</strong></span> <span class='ocrx_word' id='word_1_85' title='bbox 453 1077 720 1143; x_wconf 88' lang='lat' dir='ltr'><strong>nomine,</strong></span> <span class='ocrx_word' id='word_1_86' title='bbox 741 1076 853 1133; x_wconf 87' lang='lat' dir='ltr'><strong>nisi</strong></span> <span class='ocrx_word' id='word_1_87' title='bbox 877 1077 1060 1148; x_wconf 87' lang='lat' dir='ltr'><strong>hujus</strong></span> <span class='ocrx_word' id='word_1_88' title='bbox 1081 1076 1292 1134; x_wconf 89' lang='lat' dir='ltr'><strong>mundi</strong></span> <span class='ocrx_word' id='word_1_89' title='bbox 1324 1078 1510 1148; x_wconf 83' lang='lat' dir='ltr'><strong>gloria</strong></span> <span class='ocrx_word' id='word_1_90' title='bbox 1540 1074 1929 1147; x_wconf 85' lang='lat' dir='ltr'><strong>designatur?</strong></span> 
     </span>
    </p>
   </div>
   <div class='ocr_carea' id='block_1_14' title="bbox 270 1166 1928 1241">
    <p class='ocr_par' dir='ltr' id='par_1_14' title="bbox 270 1166 1928 1241">
     <span class='ocr_line' id='line_1_14' title="bbox 270 1166 1928 1241; baseline -0.003 -18"><span class='ocrx_word' id='word_1_91' title='bbox 270 1168 375 1241; x_wconf 89' lang='lat' dir='ltr'><strong>qui</strong></span> <span class='ocrx_word' id='word_1_92' title='bbox 405 1166 558 1222; x_wconf 79' lang='lat' dir='ltr'><strong>calix</strong></span> <span class='ocrx_word' id='word_1_93' title='bbox 589 1182 807 1222; x_wconf 89' lang='lat' dir='ltr'><strong>aureus</strong></span> <span class='ocrx_word' id='word_1_94' title='bbox 853 1166 1087 1239; x_wconf 88' lang='lat' dir='ltr'><strong>dicitur,</strong></span> <span class='ocrx_word' id='word_1_95' title='bbox 1119 1167 1263 1241; x_wconf 85' lang='lat' dir='ltr'><strong>quia</strong></span> <span class='ocrx_word' id='word_1_96' title='bbox 1316 1168 1463 1223; x_wconf 91' lang='lat' dir='ltr'><strong>dum</strong></span> <span class='ocrx_word' id='word_1_97' title='bbox 1511 1166 1761 1240; x_wconf 88' lang='lat' dir='ltr'><strong>pulchra</strong></span> <span class='ocrx_word' id='word_1_98' title='bbox 1799 1179 1928 1221; x_wconf 87' lang='lat' dir='ltr'><strong>esse</strong></span> 
     </span>
    </p>
   </div>
   <div class='ocr_carea' id='block_1_15' title="bbox 268 1256 1928 1329">
    <p class='ocr_par' dir='ltr' id='par_1_15' title="bbox 268 1256 1928 1329">
     <span class='ocr_line' id='line_1_15' title="bbox 268 1256 1928 1329; baseline -0.001 -17"><span class='ocrx_word' id='word_1_99' title='bbox 268 1259 527 1313; x_wconf 85' lang='lat' dir='ltr'><strong>ostentat</strong></span> <span class='ocrx_word' id='word_1_100' title='bbox 556 1256 934 1329; x_wconf 80' lang='lat' dir='ltr'><strong>temporalia,</strong></span> <span class='ocrx_word' id='word_1_101' title='bbox 968 1256 1176 1313; x_wconf 90' lang='lat' dir='ltr'><strong>stultas</strong></span> <span class='ocrx_word' id='word_1_102' title='bbox 1207 1263 1438 1315; x_wconf 86' lang='lat' dir='ltr'><strong>mentes</strong></span> <span class='ocrx_word' id='word_1_103' title='bbox 1465 1258 1525 1313; x_wconf 90' lang='lat' dir='ltr'><strong>in</strong></span> <span class='ocrx_word' id='word_1_104' title='bbox 1565 1272 1673 1312; x_wconf 89' lang='lat' dir='ltr'><strong>sua</strong></span> <span class='ocrx_word' id='word_1_105' title='bbox 1714 1271 1928 1311; x_wconf 87' lang='lat' dir='ltr'><strong>concu-</strong></span> 
     </span>
    </p>
   </div>
   <div class='ocr_carea' id='block_1_16' title="bbox 269 1344 1926 1419">
    <p class='ocr_par' dir='ltr' id='par_1_16' title="bbox 269 1344 1926 1419">
     <span class='ocr_line' id='line_1_16' title="bbox 269 1344 1926 1419; baseline 0 -18"><span class='ocrx_word' id='word_1_106' title='bbox 269 1344 560 1417; x_wconf 88' lang='lat' dir='ltr'><strong>piscentia</strong></span> <span class='ocrx_word' id='word_1_107' title='bbox 616 1344 871 1415; x_wconf 87' lang='lat' dir='ltr'><strong>debriat,</strong></span> <span class='ocrx_word' id='word_1_108' title='bbox 929 1349 989 1403; x_wconf 89' lang='lat' dir='ltr'><strong>ut</strong></span> <span class='ocrx_word' id='word_1_109' title='bbox 1040 1344 1193 1402; x_wconf 88' lang='lat' dir='ltr'><strong>falso</strong></span> <span class='ocrx_word' id='word_1_110' title='bbox 1241 1346 1517 1419; x_wconf 89' lang='lat' dir='ltr'><strong>speciosa</strong></span> <span class='ocrx_word' id='word_1_111' title='bbox 1574 1344 1926 1419; x_wconf 85' lang='lat' dir='ltr'><strong>temporalia</strong></span> 
     </span>
    </p>
   </div>
   <div class='ocr_carea' id='block_1_17' title="bbox 272 1433 1923 1508">
    <p class='ocr_par' dir='ltr' id='par_1_17' title="bbox 272 1433 1923 1508">
     <span class='ocr_line' id='line_1_17' title="bbox 272 1433 1923 1508; baseline -0.004 -16"><span class='ocrx_word' id='word_1_112' title='bbox 272 1438 582 1507; x_wconf 88' lang='lat' dir='ltr'><strong>appetant,</strong></span> <span class='ocrx_word' id='word_1_113' title='bbox 617 1438 674 1489; x_wconf 89' lang='lat' dir='ltr'><strong>et</strong></span> <span class='ocrx_word' id='word_1_114' title='bbox 716 1433 1036 1490; x_wconf 81' lang='lat' dir='ltr'><strong>invisibilia</strong></span> <span class='ocrx_word' id='word_1_115' title='bbox 1067 1450 1197 1490; x_wconf 89' lang='lat' dir='ltr'><strong>vere</strong></span> <span class='ocrx_word' id='word_1_116' title='bbox 1237 1435 1491 1508; x_wconf 88' lang='lat' dir='ltr'><strong>pulchra</strong></span> <span class='ocrx_word' id='word_1_117' title='bbox 1520 1437 1923 1491; x_wconf 89' lang='lat' dir='ltr'><strong>contemnant.</strong></span> 
     </span>
    </p>
   </div>
   <div class='ocr_carea' id='block_1_18' title="bbox 274 1521 1930 1596">
    <p class='ocr_par' dir='ltr' id='par_1_18' title="bbox 274 1521 1930 1596">
     <span class='ocr_line' id='line_1_18' title="bbox 274 1521 1930 1596; baseline -0.002 -18"><span class='ocrx_word' id='word_1_118' title='bbox 274 1524 393 1578; x_wconf 83' lang='lat' dir='ltr'><strong>Hoc</strong></span> <span class='ocrx_word' id='word_1_119' title='bbox 425 1538 609 1578; x_wconf 89' lang='lat' dir='ltr'><strong>aureo</strong></span> <span class='ocrx_word' id='word_1_120' title='bbox 650 1521 831 1578; x_wconf 89' lang='lat' dir='ltr'><strong>calice</strong></span> <span class='ocrx_word' id='word_1_121' title='bbox 862 1522 1060 1595; x_wconf 89' lang='lat' dir='ltr'><strong>prima</strong></span> <span class='ocrx_word' id='word_1_122' title='bbox 1102 1528 1312 1596; x_wconf 89' lang='lat' dir='ltr'><strong>sponte</strong></span> <span class='ocrx_word' id='word_1_123' title='bbox 1367 1540 1474 1579; x_wconf 90' lang='lat' dir='ltr'><strong>sua</strong></span> <span class='ocrx_word' id='word_1_124' title='bbox 1523 1523 1792 1579; x_wconf 90' lang='lat' dir='ltr'><strong>debriata</strong></span> <span class='ocrx_word' id='word_1_125' title='bbox 1843 1525 1930 1576; x_wconf 89' lang='lat' dir='ltr'><strong>est</strong></span> 
     </span>
    </p>
   </div>
   <div class='ocr_carea' id='block_1_19' title="bbox 275 1609 1926 1685">
    <p class='ocr_par' dir='ltr' id='par_1_19' title="bbox 275 1609 1926 1685">
     <span class='ocr_line' id='line_1_19' title="bbox 275 1609 1926 1685; baseline -0.001 -19"><span class='ocrx_word' id='word_1_126' title='bbox 275 1614 416 1678; x_wconf 84' lang='lat' dir='ltr'><strong>Eva,</strong></span> <span class='ocrx_word' id='word_1_127' title='bbox 442 1626 629 1683; x_wconf 90' lang='lat' dir='ltr'><strong>quam</strong></span> <span class='ocrx_word' id='word_1_128' title='bbox 660 1625 872 1667; x_wconf 88' lang='lat' dir='ltr'><strong>omnes</strong></span> <span class='ocrx_word' id='word_1_129' title='bbox 905 1610 1109 1683; x_wconf 90' lang='lat' dir='ltr'><strong>utique</strong></span> <span class='ocrx_word' id='word_1_130' title='bbox 1154 1611 1481 1680; x_wconf 79' lang='lat' dir='ltr'><strong>imitantur,</strong></span> <span class='ocrx_word' id='word_1_131' title='bbox 1508 1612 1613 1685; x_wconf 87' lang='lat' dir='ltr'><strong>qui</strong></span> <span class='ocrx_word' id='word_1_132' title='bbox 1656 1613 1717 1667; x_wconf 91' lang='lat' dir='ltr'><strong>in</strong></span> <span class='ocrx_word' id='word_1_133' title='bbox 1745 1609 1926 1667; x_wconf 88' lang='lat' dir='ltr'><strong>eccle-</strong></span> 
     </span>
    </p>
   </div>
   <div class='ocr_carea' id='block_1_20' title="bbox 274 1698 1929 1775">
    <p class='ocr_par' dir='ltr' id='par_1_20' title="bbox 274 1698 1929 1775">
     <span class='ocr_line' id='line_1_20' title="bbox 274 1698 1929 1775; baseline 0 -20"><span class='ocrx_word' id='word_1_134' title='bbox 274 1700 527 1757; x_wconf 85' lang='lat' dir='ltr'><strong>siasticis</strong></span> <span class='ocrx_word' id='word_1_135' title='bbox 558 1699 885 1773; x_wconf 85' lang='lat' dir='ltr'><strong>disciplinis</strong></span> <span class='ocrx_word' id='word_1_136' title='bbox 908 1700 1105 1775; x_wconf 89' lang='lat' dir='ltr'><strong>positi,</strong></span> <span class='ocrx_word' id='word_1_137' title='bbox 1125 1700 1436 1758; x_wconf 57' lang='lat' dir='ltr'><strong>saecularia</strong></span> <span class='ocrx_word' id='word_1_138' title='bbox 1462 1701 1743 1775; x_wconf 77' lang='lat' dir='ltr'><strong>quaelibet</strong></span> <span class='ocrx_word' id='word_1_139' title='bbox 1763 1698 1929 1756; x_wconf 90' lang='lat' dir='ltr'><strong>blan-</strong></span> 
     </span>
    </p>
   </div>
   <div class='ocr_carea' id='block_1_21' title="bbox 273 1789 1927 1865">
    <p class='ocr_par' dir='ltr' id='par_1_21' title="bbox 273 1789 1927 1865">
     <span class='ocr_line' id='line_1_21' title="bbox 273 1789 1927 1865; baseline -0.001 -20"><span class='ocrx_word' id='word_1_140' title='bbox 273 1789 542 1846; x_wconf 88' lang='lat' dir='ltr'><strong>dimenta</strong></span> <span class='ocrx_word' id='word_1_141' title='bbox 589 1789 744 1846; x_wconf 87' lang='lat' dir='ltr'><strong>sicut</strong></span> <span class='ocrx_word' id='word_1_142' title='bbox 789 1789 889 1846; x_wconf 91' lang='lat' dir='ltr'><strong>illa</strong></span> <span class='ocrx_word' id='word_1_143' title='bbox 934 1790 996 1846; x_wconf 91' lang='lat' dir='ltr'><strong>in</strong></span> <span class='ocrx_word' id='word_1_144' title='bbox 1026 1790 1308 1865; x_wconf 88' lang='lat' dir='ltr'><strong>paradiso</strong></span> <span class='ocrx_word' id='word_1_145' title='bbox 1358 1791 1706 1865; x_wconf 85' lang='lat' dir='ltr'><strong>suscipiunt.</strong></span> <span class='ocrx_word' id='word_1_146' title='bbox 1735 1790 1927 1847; x_wconf 87' lang='lat' dir='ltr'><strong>Toties</strong></span> 
     </span>
    </p>
   </div>
   <div class='ocr_carea' id='block_1_22' title="bbox 271 1878 1929 1954">
    <p class='ocr_par' dir='ltr' id='par_1_22' title="bbox 271 1878 1929 1954">
     <span class='ocr_line' id='line_1_22' title="bbox 271 1878 1929 1954; baseline -0.001 -18"><span class='ocrx_word' id='word_1_147' title='bbox 271 1879 452 1949; x_wconf 83' lang='lat' dir='ltr'><strong>igitur</strong></span> <span class='ocrx_word' id='word_1_148' title='bbox 500 1878 820 1936; x_wconf 87' lang='lat' dir='ltr'><strong>Leviathan</strong></span> <span class='ocrx_word' id='word_1_149' title='bbox 869 1879 973 1952; x_wconf 89' lang='lat' dir='ltr'><strong>qui</strong></span> <span class='ocrx_word' id='word_1_150' title='bbox 1014 1880 1143 1935; x_wconf 71' lang='lat' dir='ltr'><strong>haec</strong></span> <span class='ocrx_word' id='word_1_151' title='bbox 1190 1879 1383 1937; x_wconf 88' lang='lat' dir='ltr'><strong>facere</strong></span> <span class='ocrx_word' id='word_1_152' title='bbox 1441 1880 1803 1954; x_wconf 86' lang='lat' dir='ltr'><strong>perhibetur,</strong></span> <span class='ocrx_word' id='word_1_153' title='bbox 1838 1880 1929 1935; x_wconf 87' lang='lat' dir='ltr'><strong>vel</strong></span> 
     </span>
    </p>
   </div>
   <div class='ocr_carea' id='block_1_23' title="bbox 271 1961 1927 2041">
    <p class='ocr_par' dir='ltr' id='par_1_23' title="bbox 271 1961 1927 2041">
     <span class='ocr_line' id='line_1_23' title="bbox 271 1961 1927 2041; baseline 0 -18"><span class='ocrx_word' id='word_1_154' title='bbox 271 1966 475 2024; x_wconf 89' lang='lat' dir='ltr'><strong>radios</strong></span> <span class='ocrx_word' id='word_1_155' title='bbox 504 1961 667 2037; x_wconf 80' lang='lat' dir='ltr'><strong>solis,</strong></span> <span class='ocrx_word' id='word_1_156' title='bbox 701 1966 792 2022; x_wconf 89' lang='lat' dir='ltr'><strong>vel</strong></span> <span class='ocrx_word' id='word_1_157' title='bbox 820 1982 1038 2023; x_wconf 90' lang='lat' dir='ltr'><strong>aurum</strong></span> <span class='ocrx_word' id='word_1_158' title='bbox 1087 1967 1199 2023; x_wconf 84' lang='lat' dir='ltr'><strong>sibi</strong></span> <span class='ocrx_word' id='word_1_159' title='bbox 1248 1969 1451 2026; x_wconf 87' lang='lat' dir='ltr'><strong>sternit</strong></span> <span class='ocrx_word' id='word_1_160' title='bbox 1493 1970 1666 2041; x_wconf 89' lang='lat' dir='ltr'><strong>quasi</strong></span> <span class='ocrx_word' id='word_1_161' title='bbox 1712 1968 1927 2033; x_wconf 90' lang='lat' dir='ltr'><strong>lutum,</strong></span> 
     </span>
    </p>
   </div>
   <div class='ocr_carea' id='block_1_24' title="bbox 271 2054 1930 2131">
    <p class='ocr_par' dir='ltr' id='par_1_24' title="bbox 271 2054 1930 2131">
     <span class='ocr_line' id='line_1_24' title="bbox 271 2054 1930 2131; baseline 0 -19"><span class='ocrx_word' id='word_1_162' title='bbox 271 2055 508 2129; x_wconf 89' lang='lat' dir='ltr'><strong>quoties</strong></span> <span class='ocrx_word' id='word_1_163' title='bbox 531 2054 768 2129; x_wconf 89' lang='lat' dir='ltr'><strong>aliquos</strong></span> <span class='ocrx_word' id='word_1_164' title='bbox 800 2055 876 2111; x_wconf 91' lang='lat' dir='ltr'><strong>de</strong></span> <span class='ocrx_word' id='word_1_165' title='bbox 926 2055 1136 2112; x_wconf 88' lang='lat' dir='ltr'><strong>habitu</strong></span> <span class='ocrx_word' id='word_1_166' title='bbox 1177 2057 1477 2128; x_wconf 84' lang='lat' dir='ltr'><strong>religionis</strong></span> <span class='ocrx_word' id='word_1_167' title='bbox 1506 2071 1615 2131; x_wconf 88' lang='lat' dir='ltr'><strong>per</strong></span> <span class='ocrx_word' id='word_1_168' title='bbox 1646 2056 1930 2130; x_wconf 63' lang='lat' dir='ltr'><strong>quendam</strong></span> 
     </span>
    </p>
   </div>
   <div class='ocr_carea' id='block_1_25' title="bbox 271 2142 1927 2220">
    <p class='ocr_par' dir='ltr' id='par_1_25' title="bbox 271 2142 1927 2220">
     <span class='ocr_line' id='line_1_25' title="bbox 271 2142 1927 2220; baseline 0 -20"><span class='ocrx_word' id='word_1_169' title='bbox 271 2143 420 2200; x_wconf 84' lang='lat' dir='ltr'><strong>vitia</strong></span> <span class='ocrx_word' id='word_1_170' title='bbox 468 2147 787 2216; x_wconf 88' lang='lat' dir='ltr'><strong>tamquam</strong></span> <span class='ocrx_word' id='word_1_171' title='bbox 839 2142 1156 2201; x_wconf 65' lang='lat' dir='ltr'><strong>saeculares</strong></span> <span class='ocrx_word' id='word_1_172' title='bbox 1204 2144 1568 2220; x_wconf 84' lang='lat' dir='ltr'><strong>supplantat.</strong></span> <span class='ocrx_word' id='word_1_173' title='bbox 1603 2146 1746 2203; x_wconf 83' lang='lat' dir='ltr'><strong>Hinc</strong></span> <span class='ocrx_word' id='word_1_174' title='bbox 1790 2145 1927 2201; x_wconf 89' lang='lat' dir='ltr'><strong>item</strong></span> 
     </span>
    </p>
   </div>
   <div class='ocr_carea' id='block_1_26' title="bbox 274 2232 1931 2304">
    <p class='ocr_par' dir='ltr' id='par_1_26' title="bbox 274 2232 1931 2304">
     <span class='ocr_line' id='line_1_26' title="bbox 274 2232 1931 2304; baseline 0.001 -17"><span class='ocrx_word' id='word_1_175' title='bbox 274 2232 464 2288; x_wconf 86' lang='lat' dir='ltr'><strong>dicit:</strong></span> <span class='ocrx_word' id='word_1_176' title='bbox 500 2232 849 2289; x_wconf 85' lang='lat' dir='ltr'><strong>Absorbebit</strong></span> <span class='ocrx_word' id='word_1_177' title='bbox 899 2234 1171 2301; x_wconf 83' lang='lat' dir='ltr'><strong>ﬂuvium,</strong></span> <span class='ocrx_word' id='word_1_178' title='bbox 1205 2240 1261 2290; x_wconf 86' lang='lat' dir='ltr'><strong>et</strong></span> <span class='ocrx_word' id='word_1_179' title='bbox 1317 2250 1435 2290; x_wconf 80' lang='lat' dir='ltr'><strong>non</strong></span> <span class='ocrx_word' id='word_1_180' title='bbox 1486 2235 1829 2304; x_wconf 75' lang='lat' dir='ltr'><strong>mirabitur,</strong></span> <span class='ocrx_word' id='word_1_181' title='bbox 1877 2241 1931 2290; x_wconf 79' lang='lat' dir='ltr'><strong>et</strong></span> 
     </span>
    </p>
   </div>
   <div class='ocr_carea' id='block_1_27' title="bbox 275 2319 1932 2393">
    <p class='ocr_par' dir='ltr' id='par_1_27' title="bbox 275 2319 1932 2393">
     <span class='ocr_line' id='line_1_27' title="bbox 275 2319 1932 2393; baseline 0.002 -17"><span class='ocrx_word' id='word_1_182' title='bbox 275 2319 451 2377; x_wconf 78' lang='lat' dir='ltr'><strong>habet</strong></span> <span class='ocrx_word' id='word_1_183' title='bbox 487 2320 774 2388; x_wconf 76' lang='lat' dir='ltr'><strong>ﬁduciam</strong></span> <span class='ocrx_word' id='word_1_184' title='bbox 817 2322 979 2393; x_wconf 88' lang='lat' dir='ltr'><strong>quod</strong></span> <span class='ocrx_word' id='word_1_185' title='bbox 1026 2323 1242 2391; x_wconf 85' lang='lat' dir='ltr'><strong>inﬂuat</strong></span> <span class='ocrx_word' id='word_1_186' title='bbox 1274 2324 1562 2379; x_wconf 80' lang='lat' dir='ltr'><strong>Jordam‘s</strong></span> <span class='ocrx_word' id='word_1_187' title='bbox 1591 2325 1656 2379; x_wconf 87' lang='lat' dir='ltr'><strong>in</strong></span> <span class='ocrx_word' id='word_1_188' title='bbox 1700 2339 1761 2380; x_wconf 87' lang='lat' dir='ltr'><strong>os</strong></span> <span class='ocrx_word' id='word_1_189' title='bbox 1805 2327 1932 2393; x_wconf 87' lang='lat' dir='ltr'><strong>ejus</strong></span> 
     </span>
    </p>
   </div>
   <div class='ocr_carea' id='block_1_28' title="bbox 278 2409 1930 2485">
    <p class='ocr_par' dir='ltr' id='par_1_28' title="bbox 278 2409 1930 2485">
     <span class='ocr_line' id='line_1_28' title="bbox 278 2409 1930 2485; baseline 0.002 -21"><span class='ocrx_word' id='word_1_190' title='bbox 278 2409 409 2479; x_wconf 94' lang='lat' dir='ltr'><strong>(Job</strong></span> <span class='ocrx_word' id='word_1_191' title='bbox 427 2425 524 2473; x_wconf 83' lang='lat' dir='ltr'><strong>XL,</strong></span> <span class='ocrx_word' id='word_1_192' title='bbox 556 2409 662 2479; x_wconf 88' lang='grc'><strong>18).</strong></span> <span class='ocrx_word' id='word_1_193' title='bbox 697 2412 801 2465; x_wconf 86' lang='lat' dir='ltr'><strong>Per</strong></span> <span class='ocrx_word' id='word_1_194' title='bbox 826 2410 1076 2465; x_wconf 88' lang='lat' dir='ltr'><strong>ﬂuvium</strong></span> <span class='ocrx_word' id='word_1_195' title='bbox 1108 2412 1449 2480; x_wconf 67' lang='lat' dir='ltr'><strong>smculares,</strong></span> <span class='ocrx_word' id='word_1_196' title='bbox 1470 2428 1578 2485; x_wconf 91' lang='lat' dir='ltr'><strong>per</strong></span> <span class='ocrx_word' id='word_1_197' title='bbox 1605 2412 1930 2468; x_wconf 85' lang='lat' dir='ltr'><strong>Jordanem</strong></span> 
     </span>
    </p>
   </div>
   <div class='ocr_carea' id='block_1_29' title="bbox 274 2497 1929 2574">
    <p class='ocr_par' dir='ltr' id='par_1_29' title="bbox 274 2497 1929 2574">
     <span class='ocr_line' id='line_1_29' title="bbox 274 2497 1929 2574; baseline 0.001 -19"><span class='ocrx_word' id='word_1_198' title='bbox 274 2497 657 2555; x_wconf 85' lang='lat' dir='ltr'><strong>ecclesiastici</strong></span> <span class='ocrx_word' id='word_1_199' title='bbox 674 2498 779 2554; x_wconf 91' lang='lat' dir='ltr'><strong>viri</strong></span> <span class='ocrx_word' id='word_1_200' title='bbox 801 2498 1210 2570; x_wconf 84' lang='lat' dir='ltr'><strong>designantur.</strong></span> <span class='ocrx_word' id='word_1_201' title='bbox 1234 2504 1436 2574; x_wconf 85' lang='lat' dir='ltr'><strong>Neque</strong></span> <span class='ocrx_word' id='word_1_202' title='bbox 1457 2501 1617 2557; x_wconf 88' lang='lat' dir='ltr'><strong>enim</strong></span> <span class='ocrx_word' id='word_1_203' title='bbox 1637 2517 1929 2572; x_wconf 89' lang='lat' dir='ltr'><strong>magnum</strong></span> 
     </span>
    </p>
   </div>
   <div class='ocr_carea' id='block_1_30' title="bbox 274 2585 1930 2664">
    <p class='ocr_par' dir='ltr' id='par_1_30' title="bbox 274 2585 1930 2664">
     <span class='ocr_line' id='line_1_30' title="bbox 274 2585 1930 2664; baseline 0.002 -22"><span class='ocrx_word' id='word_1_204' title='bbox 274 2590 447 2659; x_wconf 85' lang='lat' dir='ltr'><strong>putat</strong></span> <span class='ocrx_word' id='word_1_205' title='bbox 465 2586 515 2643; x_wconf 88' lang='lat' dir='ltr'><strong>si</strong></span> <span class='ocrx_word' id='word_1_206' title='bbox 542 2585 675 2642; x_wconf 92' lang='lat' dir='ltr'><strong>illos</strong></span> <span class='ocrx_word' id='word_1_207' title='bbox 701 2586 967 2655; x_wconf 88' lang='lat' dir='ltr'><strong>devorat,</strong></span> <span class='ocrx_word' id='word_1_208' title='bbox 999 2588 1105 2661; x_wconf 90' lang='lat' dir='ltr'><strong>qui</strong></span> <span class='ocrx_word' id='word_1_209' title='bbox 1147 2590 1391 2646; x_wconf 88' lang='lat' dir='ltr'><strong>terrenis</strong></span> <span class='ocrx_word' id='word_1_210' title='bbox 1437 2590 1930 2664; x_wconf 87' lang='lat' dir='ltr'><strong>concupiscentiis</strong></span> 
     </span>
    </p>
   </div>
   <div class='ocr_carea' id='block_1_31' title="bbox 274 2675 1933 2752">
    <p class='ocr_par' dir='ltr' id='par_1_31' title="bbox 274 2675 1933 2752">
     <span class='ocr_line' id='line_1_31' title="bbox 274 2675 1933 2752; baseline 0.002 -19"><span class='ocrx_word' id='word_1_211' title='bbox 274 2675 539 2749; x_wconf 89' lang='lat' dir='ltr'><strong>impulsi,</strong></span> <span class='ocrx_word' id='word_1_212' title='bbox 557 2675 842 2733; x_wconf 88' lang='lat' dir='ltr'><strong>deorsum</strong></span> <span class='ocrx_word' id='word_1_213' title='bbox 877 2677 1054 2749; x_wconf 89' lang='lat' dir='ltr'><strong>quasi</strong></span> <span class='ocrx_word' id='word_1_214' title='bbox 1088 2677 1305 2735; x_wconf 85' lang='lat' dir='ltr'><strong>fluvius</strong></span> <span class='ocrx_word' id='word_1_215' title='bbox 1343 2679 1523 2737; x_wconf 87' lang='lat' dir='ltr'><strong>ﬁunt:</strong></span> <span class='ocrx_word' id='word_1_216' title='bbox 1551 2680 1657 2736; x_wconf 91' lang='lat' dir='ltr'><strong>sed</strong></span> <span class='ocrx_word' id='word_1_217' title='bbox 1683 2695 1933 2752; x_wconf 80' lang='lat' dir='ltr'><strong>magno—</strong></span> 
     </span>
    </p>
   </div>
   <div class='ocr_carea' id='block_1_32' title="bbox 283 2765 1933 2843">
    <p class='ocr_par' dir='ltr' id='par_1_32' title="bbox 283 2765 1933 2843">
     <span class='ocr_line' id='line_1_32' title="bbox 283 2765 1933 2843; baseline 0.003 -22"><span class='ocrx_word' id='word_1_218' title='bbox 283 2782 423 2840; x_wconf 88' lang='lat' dir='ltr'><strong>pere</strong></span> <span class='ocrx_word' id='word_1_219' title='bbox 451 2766 684 2837; x_wconf 81' lang='lat' dir='ltr'><strong>satagit,</strong></span> <span class='ocrx_word' id='word_1_220' title='bbox 716 2770 782 2823; x_wconf 91' lang='lat' dir='ltr'><strong>ut</strong></span> <span class='ocrx_word' id='word_1_221' title='bbox 810 2765 871 2822; x_wconf 92' lang='lat' dir='ltr'><strong>in</strong></span> <span class='ocrx_word' id='word_1_222' title='bbox 902 2765 1305 2825; x_wconf 87' lang='lat' dir='ltr'><strong>ecclesiastico</strong></span> <span class='ocrx_word' id='word_1_223' title='bbox 1336 2769 1529 2839; x_wconf 89' lang='lat' dir='ltr'><strong>gradu</strong></span> <span class='ocrx_word' id='word_1_224' title='bbox 1574 2770 1801 2843; x_wconf 88' lang='lat' dir='ltr'><strong>positos</strong></span> <span class='ocrx_word' id='word_1_225' title='bbox 1832 2769 1933 2826; x_wconf 87' lang='lat' dir='ltr'><strong>ab-</strong></span> 
     </span>
    </p>
   </div>
   <div class='ocr_carea' id='block_1_33' title="bbox 281 2854 1932 2927">
    <p class='ocr_par' dir='ltr' id='par_1_33' title="bbox 281 2854 1932 2927">
     <span class='ocr_line' id='line_1_33' title="bbox 281 2854 1932 2927; baseline 0.002 -18"><span class='ocrx_word' id='word_1_226' title='bbox 281 2854 542 2925; x_wconf 88' lang='lat' dir='ltr'><strong>sorbeat,</strong></span> <span class='ocrx_word' id='word_1_227' title='bbox 575 2869 729 2927; x_wconf 90' lang='lat' dir='ltr'><strong>quos</strong></span> <span class='ocrx_word' id='word_1_228' title='bbox 763 2857 822 2910; x_wconf 91' lang='lat' dir='ltr'><strong>et</strong></span> <span class='ocrx_word' id='word_1_229' title='bbox 849 2869 957 2927; x_wconf 89' lang='lat' dir='ltr'><strong>per</strong></span> <span class='ocrx_word' id='word_1_230' title='bbox 986 2870 1111 2911; x_wconf 66' lang='lat' dir='ltr'><strong>sua:</strong></span> <span class='ocrx_word' id='word_1_231' title='bbox 1140 2855 1474 2913; x_wconf 84' lang='lat' dir='ltr'><strong>calliditatis</strong></span> <span class='ocrx_word' id='word_1_232' title='bbox 1511 2858 1778 2926; x_wconf 86' lang='lat' dir='ltr'><strong>insidias,</strong></span> <span class='ocrx_word' id='word_1_233' title='bbox 1810 2860 1932 2914; x_wconf 86' lang='lat' dir='ltr'><strong>tan-</strong></span> 
     </span>
    </p>
   </div>
   <div class='ocr_carea' id='block_1_34' title="bbox 2032 364 3695 454">
    <p class='ocr_par' dir='ltr' id='par_1_34' title="bbox 2032 364 3695 454">
     <span class='ocr_line' id='line_1_34' title="bbox 2032 364 3695 454; baseline 0.018 -40"><span class='ocrx_word' id='word_1_234' title='bbox 2032 368 2289 454; x_wconf 83' lang='lat' dir='ltr'><strong>pensant</strong></span> <span class='ocrx_word' id='word_1_235' title='bbox 2316 364 2526 454; x_wconf 82' lang='lat' dir='ltr'><strong>quales</strong></span> <span class='ocrx_word' id='word_1_236' title='bbox 2566 372 2704 425; x_wconf 89' lang='lat' dir='ltr'><strong>ante</strong></span> <span class='ocrx_word' id='word_1_237' title='bbox 2756 373 2999 444; x_wconf 83' lang='lat' dir='ltr'><strong>qualem</strong></span> <span class='ocrx_word' id='word_1_238' title='bbox 3025 364 3587 454; x_wconf 35' lang='lat' dir='ltr'><strong>judicem‘stabunt,</strong></span> <span class='ocrx_word' id='word_1_239' title='bbox 3637 390 3695 443; x_wconf 91' lang='lat' dir='ltr'><strong>et</strong></span> 
     </span>
    </p>
   </div>
   <div class='ocr_carea' id='block_1_35' title="bbox 2031 447 3693 542">
    <p class='ocr_par' dir='ltr' id='par_1_35' title="bbox 2031 447 3693 542">
     <span class='ocr_line' id='line_1_35' title="bbox 2031 447 3693 542; baseline 0.019 -40"><span class='ocrx_word' id='word_1_240' title='bbox 2031 447 2226 505; x_wconf 88' lang='lat' dir='ltr'><strong>isdem</strong></span> <span class='ocrx_word' id='word_1_241' title='bbox 2264 452 2452 542; x_wconf 76' lang='lat' dir='ltr'><strong>judex</strong></span> <span class='ocrx_word' id='word_1_242' title='bbox 2482 454 2646 513; x_wconf 90' lang='lat' dir='ltr'><strong>bona</strong></span> <span class='ocrx_word' id='word_1_243' title='bbox 2675 472 2863 531; x_wconf 88' lang='lat' dir='ltr'><strong>quam</strong></span> <span class='ocrx_word' id='word_1_244' title='bbox 2895 463 3181 523; x_wconf 85' lang='lat' dir='ltr'><strong>subtiliter</strong></span> <span class='ocrx_word' id='word_1_245' title='bbox 3211 469 3506 542; x_wconf 89' lang='lat' dir='ltr'><strong>discutiat,</strong></span> <span class='ocrx_word' id='word_1_246' title='bbox 3529 447 3693 532; x_wconf 84' lang='lat' dir='ltr'><strong>mala</strong></span> 
     </span>
    </p>
   </div>
   <div class='ocr_carea' id='block_1_36' title="bbox 2033 541 3689 625">
    <p class='ocr_par' dir='ltr' id='par_1_36' title="bbox 2033 541 3689 625">
     <span class='ocr_line' id='line_1_36' title="bbox 2033 541 3689 625; baseline 0.016 -33"><span class='ocrx_word' id='word_1_247' title='bbox 2033 553 2175 595; x_wconf 90' lang='lat' dir='ltr'><strong>vero</strong></span> <span class='ocrx_word' id='word_1_248' title='bbox 2203 555 2390 612; x_wconf 91' lang='lat' dir='ltr'><strong>quam</strong></span> <span class='ocrx_word' id='word_1_249' title='bbox 2420 541 2677 601; x_wconf 75' lang='lat' dir='ltr'><strong>districta</strong></span> <span class='ocrx_word' id='word_1_250' title='bbox 2708 548 2936 619; x_wconf 90' lang='lat' dir='ltr'><strong>puniat.</strong></span> <span class='ocrx_word' id='word_1_251' title='bbox 2972 554 3103 625; x_wconf 87' lang='lat' dir='ltr'><strong>Qui,</strong></span> <span class='ocrx_word' id='word_1_252' title='bbox 3136 555 3287 615; x_wconf 84' lang='lat' dir='ltr'><strong>sicut</strong></span> <span class='ocrx_word' id='word_1_253' title='bbox 3312 559 3372 616; x_wconf 93' lang='lat' dir='ltr'><strong>in</strong></span> <span class='ocrx_word' id='word_1_254' title='bbox 3401 541 3555 620; x_wconf 86' lang='lat' dir='ltr'><strong>libro</strong></span> <span class='ocrx_word' id='word_1_255' title='bbox 3595 580 3689 620; x_wconf 79' lang='lat' dir='ltr'><strong>vni</strong></span> 
     </span>
    </p>
   </div>
   <div class='ocr_carea' id='block_1_37' title="bbox 2034 627 3691 719">
    <p class='ocr_par' dir='ltr' id='par_1_37' title="bbox 2034 627 3691 719">
     <span class='ocr_line' id='line_1_37' title="bbox 2034 627 3691 719; baseline 0.018 -38"><span class='ocrx_word' id='word_1_256' title='bbox 2034 627 2338 719; x_wconf 73' lang='lat' dir='ltr'><strong>Moralium</strong></span> <span class='ocrx_word' id='word_1_257' title='bbox 2357 630 2689 719; x_wconf 87' lang='lat' dir='ltr'><strong>disseritur,</strong></span> <span class='ocrx_word' id='word_1_258' title='bbox 2704 636 2999 708; x_wconf 89' lang='lat' dir='ltr'><strong>perituros</strong></span> <span class='ocrx_word' id='word_1_259' title='bbox 3018 658 3079 696; x_wconf 90' lang='lat' dir='ltr'><strong>se</strong></span> <span class='ocrx_word' id='word_1_260' title='bbox 3097 643 3328 719; x_wconf 88' lang='lat' dir='ltr'><strong>absque</strong></span> <span class='ocrx_word' id='word_1_261' title='bbox 3350 650 3471 706; x_wconf 89' lang='lat' dir='ltr'><strong>ulla</strong></span> <span class='ocrx_word' id='word_1_262' title='bbox 3486 651 3691 710; x_wconf 88' lang='lat' dir='ltr'><strong>dubie-</strong></span> 
     </span>
    </p>
   </div>
   <div class='ocr_carea' id='block_1_38' title="bbox 2033 718 3691 813">
    <p class='ocr_par' dir='ltr' id='par_1_38' title="bbox 2033 718 3691 813">
     <span class='ocr_line' id='line_1_38' title="bbox 2033 718 3691 813; baseline 0.018 -46"><span class='ocrx_word' id='word_1_263' title='bbox 2033 718 2150 813; x_wconf 82' lang='lat' dir='ltr'><strong>tate</strong></span> <span class='ocrx_word' id='word_1_264' title='bbox 2162 718 2516 813; x_wconf 29' lang='lat' dir='ltr'><strong>.preesciun‘t:</strong></span> <span class='ocrx_word' id='word_1_265' title='bbox 2539 721 2587 777; x_wconf 91' lang='lat' dir='ltr'><strong>si</strong></span> <span class='ocrx_word' id='word_1_266' title='bbox 2608 730 2838 781; x_wconf 89' lang='lat' dir='ltr'><strong>remota</strong></span> <span class='ocrx_word' id='word_1_267' title='bbox 2854 726 3072 800; x_wconf 88' lang='lat' dir='ltr'><strong>pietate</strong></span> <span class='ocrx_word' id='word_1_268' title='bbox 3087 718 3450 802; x_wconf 89' lang='lat' dir='ltr'><strong>judicentur.</strong></span> <span class='ocrx_word' id='word_1_269' title='bbox 3469 741 3533 795; x_wconf 87' lang='lat' dir='ltr'><strong>Et</strong></span> <span class='ocrx_word' id='word_1_270' title='bbox 3547 741 3691 813; x_wconf 89' lang='lat' dir='ltr'><strong>quia</strong></span> 
     </span>
    </p>
   </div>
   <div class='ocr_carea' id='block_1_39' title="bbox 2035 804 3694 885">
    <p class='ocr_par' dir='ltr' id='par_1_39' title="bbox 2035 804 3694 885">
     <span class='ocr_line' id='line_1_39' title="bbox 2035 804 3694 885; baseline 0.017 -28"><span class='ocrx_word' id='word_1_271' title='bbox 2035 804 2357 862; x_wconf 88' lang='lat' dir='ltr'><strong>certissime</strong></span> <span class='ocrx_word' id='word_1_272' title='bbox 2389 808 2600 877; x_wconf 88' lang='lat' dir='ltr'><strong>sciunt,</strong></span> <span class='ocrx_word' id='word_1_273' title='bbox 2634 813 2799 885; x_wconf 90' lang='lat' dir='ltr'><strong>quod</strong></span> <span class='ocrx_word' id='word_1_274' title='bbox 2827 815 2887 870; x_wconf 91' lang='lat' dir='ltr'><strong>in</strong></span> <span class='ocrx_word' id='word_1_275' title='bbox 2917 815 3031 873; x_wconf 90' lang='lat' dir='ltr'><strong>hac</strong></span> <span class='ocrx_word' id='word_1_276' title='bbox 3059 818 3177 877; x_wconf 89' lang='lat' dir='ltr'><strong>vita</strong></span> <span class='ocrx_word' id='word_1_277' title='bbox 3205 836 3314 877; x_wconf 93' lang='lat' dir='ltr'><strong>nec</strong></span> <span class='ocrx_word' id='word_1_278' title='bbox 3348 804 3694 885; x_wconf 49' lang='lat' dir='ltr'><strong>debent-ha-</strong></span> 
     </span>
    </p>
   </div>
   <div class='ocr_carea' id='block_1_40' title="bbox 2032 890 3690 973">
    <p class='ocr_par' dir='ltr' id='par_1_40' title="bbox 2032 890 3690 973">
     <span class='ocr_line' id='line_1_40' title="bbox 2032 890 3690 973; baseline 0.015 -27"><span class='ocrx_word' id='word_1_279' title='bbox 2032 890 2177 948; x_wconf 89' lang='lat' dir='ltr'><strong>bere</strong></span> <span class='ocrx_word' id='word_1_280' title='bbox 2202 896 2471 968; x_wconf 88' lang='lat' dir='ltr'><strong>requiem</strong></span> <span class='ocrx_word' id='word_1_281' title='bbox 2502 913 2611 954; x_wconf 91' lang='lat' dir='ltr'><strong>nec</strong></span> <span class='ocrx_word' id='word_1_282' title='bbox 2642 909 2916 973; x_wconf 88' lang='lat' dir='ltr'><strong>possunt,</strong></span> <span class='ocrx_word' id='word_1_283' title='bbox 2950 905 3064 962; x_wconf 91' lang='lat' dir='ltr'><strong>hoc</strong></span> <span class='ocrx_word' id='word_1_284' title='bbox 3091 908 3331 966; x_wconf 89' lang='lat' dir='ltr'><strong>salubre</strong></span> <span class='ocrx_word' id='word_1_285' title='bbox 3376 914 3690 972; x_wconf 89' lang='lat' dir='ltr'><strong>consilium</strong></span> 
     </span>
    </p>
   </div>
   <div class='ocr_carea' id='block_1_41' title="bbox 2033 983 3688 1062">
    <p class='ocr_par' dir='ltr' id='par_1_41' title="bbox 2033 983 3688 1062">
     <span class='ocr_line' id='line_1_41' title="bbox 2033 983 3688 1062; baseline 0.015 -25"><span class='ocrx_word' id='word_1_286' title='bbox 2033 983 2267 1042; x_wconf 90' lang='lat' dir='ltr'><strong>interim</strong></span> <span class='ocrx_word' id='word_1_287' title='bbox 2296 997 2632 1060; x_wconf 90' lang='lat' dir='ltr'><strong>assumunt,</strong></span> <span class='ocrx_word' id='word_1_288' title='bbox 2656 997 2717 1049; x_wconf 93' lang='lat' dir='ltr'><strong>ut</strong></span> <span class='ocrx_word' id='word_1_289' title='bbox 2745 998 2979 1053; x_wconf 88' lang='lat' dir='ltr'><strong>terrena</strong></span> <span class='ocrx_word' id='word_1_290' title='bbox 3030 998 3326 1058; x_wconf 86' lang='lat' dir='ltr'><strong>desideria</strong></span> <span class='ocrx_word' id='word_1_291' title='bbox 3345 1002 3688 1062; x_wconf 89' lang='lat' dir='ltr'><strong>deserentes</strong></span> 
     </span>
    </p>
   </div>
   <div class='ocr_carea' id='block_1_42' title="bbox 2035 1073 3690 1166">
    <p class='ocr_par' dir='ltr' id='par_1_42' title="bbox 2035 1073 3690 1166">
     <span class='ocr_line' id='line_1_42' title="bbox 2035 1073 3690 1166; baseline 0.015 -39"><span class='ocrx_word' id='word_1_292' title='bbox 2035 1073 2113 1128; x_wconf 90' lang='lat' dir='ltr'><strong>ad</strong></span> <span class='ocrx_word' id='word_1_293' title='bbox 2144 1075 2405 1133; x_wconf 71' lang='lat' dir='ltr'><strong>cmlestia</strong></span> <span class='ocrx_word' id='word_1_294' title='bbox 2434 1094 2494 1134; x_wconf 89' lang='lat' dir='ltr'><strong>se</strong></span> <span class='ocrx_word' id='word_1_295' title='bbox 2520 1080 2837 1140; x_wconf 80' lang='lat' dir='ltr'><strong>extollant:</strong></span> <span class='ocrx_word' id='word_1_296' title='bbox 2864 1085 2968 1142; x_wconf 90' lang='lat' dir='ltr'><strong>sed</strong></span> <span class='ocrx_word' id='word_1_297' title='bbox 2996 1087 3122 1143; x_wconf 66' lang='lat' dir='ltr'><strong>haec</strong></span> <span class='ocrx_word' id='word_1_298' title='bbox 3148 1096 3411 1161; x_wconf 90' lang='lat' dir='ltr'><strong>agentes,</strong></span> <span class='ocrx_word' id='word_1_299' title='bbox 3438 1096 3690 1166; x_wconf 89' lang='lat' dir='ltr'><strong>paterna</strong></span> 
     </span>
    </p>
   </div>
   <div class='ocr_carea' id='block_1_43' title="bbox 2035 1166 3690 1254">
    <p class='ocr_par' dir='ltr' id='par_1_43' title="bbox 2035 1166 3690 1254">
     <span class='ocr_line' id='line_1_43' title="bbox 2035 1166 3690 1254; baseline 0.013 -36"><span class='ocrx_word' id='word_1_300' title='bbox 2035 1166 2454 1254; x_wconf 13' lang='lat' dir='ltr'><strong>tameniadhuc</strong></span> <span class='ocrx_word' id='word_1_301' title='bbox 2472 1168 2709 1240; x_wconf 87' lang='lat' dir='ltr'><strong>ﬂagella</strong></span> <span class='ocrx_word' id='word_1_302' title='bbox 2737 1174 3017 1245; x_wconf 89' lang='lat' dir='ltr'><strong>sentiunt,</strong></span> <span class='ocrx_word' id='word_1_303' title='bbox 3038 1182 3099 1234; x_wconf 89' lang='lat' dir='ltr'><strong>ut</strong></span> <span class='ocrx_word' id='word_1_304' title='bbox 3120 1182 3285 1236; x_wconf 88' lang='lat' dir='ltr'><strong>tanto</strong></span> <span class='ocrx_word' id='word_1_305' title='bbox 3310 1181 3690 1254; x_wconf 82' lang='lat' dir='ltr'><strong>perfectiores</strong></span> 
     </span>
    </p>
   </div>
   <div class='ocr_carea' id='block_1_44' title="bbox 2036 1250 3689 1345">
    <p class='ocr_par' dir='ltr' id='par_1_44' title="bbox 2036 1250 3689 1345">
     <span class='ocr_line' id='line_1_44' title="bbox 2036 1250 3689 1345; baseline 0.014 -39"><span class='ocrx_word' id='word_1_306' title='bbox 2036 1250 2445 1345; x_wconf 31' lang='lat' dir='ltr'><strong>ad-ccelestem</strong></span> <span class='ocrx_word' id='word_1_307' title='bbox 2475 1257 2885 1318; x_wconf 69' lang='lat' dir='ltr'><strong>htereditatem</strong></span> <span class='ocrx_word' id='word_1_308' title='bbox 2916 1264 3174 1336; x_wconf 86' lang='lat' dir='ltr'><strong>veniant,</strong></span> <span class='ocrx_word' id='word_1_309' title='bbox 3205 1250 3435 1341; x_wconf 74' lang='lat' dir='ltr'><strong>quanto</strong></span> <span class='ocrx_word' id='word_1_310' title='bbox 3460 1287 3561 1327; x_wconf 92' lang='lat' dir='ltr'><strong>eos</strong></span> <span class='ocrx_word' id='word_1_311' title='bbox 3594 1273 3689 1345; x_wconf 91' lang='lat' dir='ltr'><strong>pie</strong></span> 
     </span>
    </p>
   </div>
   <div class='ocr_carea' id='block_1_45' title="bbox 2036 1338 3685 1433">
    <p class='ocr_par' dir='ltr' id='par_1_45' title="bbox 2036 1338 3685 1433">
     <span class='ocr_line' id='line_1_45' title="bbox 2036 1338 3685 1433; baseline 0.014 -39"><span class='ocrx_word' id='word_1_312' title='bbox 2036 1338 2249 1433; x_wconf 80' lang='lat' dir='ltr'><strong>feriens</strong></span> <span class='ocrx_word' id='word_1_313' title='bbox 2267 1343 2581 1417; x_wconf 87' lang='lat' dir='ltr'><strong>disciplina</strong></span> <span class='ocrx_word' id='word_1_314' title='bbox 2603 1349 2781 1405; x_wconf 86' lang='lat' dir='ltr'><strong>etiam</strong></span> <span class='ocrx_word' id='word_1_315' title='bbox 2803 1352 3153 1424; x_wconf 86' lang='lat' dir='ltr'><strong>quotidiede</strong></span> <span class='ocrx_word' id='word_1_316' title='bbox 3169 1338 3431 1414; x_wconf 73' lang='lat' dir='ltr'><strong>minimis</strong></span> <span class='ocrx_word' id='word_1_317' title='bbox 3451 1338 3685 1433; x_wconf 78' lang='lat' dir='ltr'><strong>purgat.</strong></span> 
     </span>
    </p>
   </div>
   <div class='ocr_carea' id='block_1_46' title="bbox 2110 1432 3690 1520">
    <p class='ocr_par' dir='ltr' id='par_1_46' title="bbox 2110 1432 3690 1520">
     <span class='ocr_line' id='line_1_46' title="bbox 2110 1432 3690 1520; baseline 0.013 -35"><span class='ocrx_word' id='word_1_318' title='bbox 2110 1432 2319 1520; x_wconf 60' lang='lat' dir='ltr'><strong>XXXIX.</strong></span> <span class='ocrx_word' id='word_1_319' title='bbox 2364 1432 2610 1506; x_wconf 84' lang='lat' dir='ltr'><strong>Propter</strong></span> <span class='ocrx_word' id='word_1_320' title='bbox 2663 1436 2790 1494; x_wconf 68' lang='lat' dir='ltr'><strong>haec</strong></span> <span class='ocrx_word' id='word_1_321' title='bbox 2845 1445 3046 1497; x_wconf 85' lang='lat' dir='ltr'><strong>autem</strong></span> <span class='ocrx_word' id='word_1_322' title='bbox 3100 1460 3235 1516; x_wconf 65' lang='lat' dir='ltr'><strong>quin</strong></span> <span class='ocrx_word' id='word_1_323' title='bbox 3293 1446 3351 1501; x_wconf 91' lang='lat' dir='ltr'><strong>in</strong></span> <span class='ocrx_word' id='word_1_324' title='bbox 3412 1432 3690 1520; x_wconf 63' lang='lat' dir='ltr'><strong>praesenti</strong></span> 
     </span>
    </p>
   </div>
   <div class='ocr_carea' id='block_1_47' title="bbox 2036 1517 3690 1608">
    <p class='ocr_par' dir='ltr' id='par_1_47' title="bbox 2036 1517 3690 1608">
     <span class='ocr_line' id='line_1_47' title="bbox 2036 1517 3690 1608; baseline 0.015 -37"><span class='ocrx_word' id='word_1_325' title='bbox 2036 1517 2362 1608; x_wconf 77' lang='lat' dir='ltr'><strong>patiuntur,</strong></span> <span class='ocrx_word' id='word_1_326' title='bbox 2394 1524 2451 1577; x_wconf 90' lang='lat' dir='ltr'><strong>et</strong></span> <span class='ocrx_word' id='word_1_327' title='bbox 2479 1528 2722 1595; x_wconf 91' lang='lat' dir='ltr'><strong>propter</strong></span> <span class='ocrx_word' id='word_1_328' title='bbox 2760 1525 2861 1582; x_wconf 91' lang='lat' dir='ltr'><strong>illa</strong></span> <span class='ocrx_word' id='word_1_329' title='bbox 2897 1544 3033 1600; x_wconf 74' lang='lat' dir='ltr'><strong>quae</strong></span> <span class='ocrx_word' id='word_1_330' title='bbox 3060 1531 3119 1586; x_wconf 93' lang='lat' dir='ltr'><strong>in</strong></span> <span class='ocrx_word' id='word_1_331' title='bbox 3165 1532 3365 1591; x_wconf 87' lang='lat' dir='ltr'><strong>futuro</strong></span> <span class='ocrx_word' id='word_1_332' title='bbox 3393 1517 3690 1608; x_wconf 82' lang='lat' dir='ltr'><strong>metuunt,</strong></span> 
     </span>
    </p>
   </div>
   <div class='ocr_carea' id='block_1_48' title="bbox 1967 1605 3690 1693">
    <p class='ocr_par' dir='ltr' id='par_1_48' title="bbox 1967 1605 3690 1693">
     <span class='ocr_line' id='line_1_48' title="bbox 1967 1605 3690 1693; baseline 0.015 -35"><span class='ocrx_word' id='word_1_333' title='bbox 1967 1616 2007 1671; x_wconf 77' lang='grc' dir='ltr'>Β</span> <span class='ocrx_word' id='word_1_334' title='bbox 2039 1605 2141 1661; x_wconf 90' lang='lat' dir='ltr'><strong>sed</strong></span> <span class='ocrx_word' id='word_1_335' title='bbox 2183 1612 2237 1662; x_wconf 89' lang='lat' dir='ltr'><strong>et</strong></span> <span class='ocrx_word' id='word_1_336' title='bbox 2284 1614 2525 1681; x_wconf 88' lang='lat' dir='ltr'><strong>propter</strong></span> <span class='ocrx_word' id='word_1_337' title='bbox 2553 1612 2791 1669; x_wconf 91' lang='lat' dir='ltr'><strong>salubre</strong></span> <span class='ocrx_word' id='word_1_338' title='bbox 2818 1617 3154 1686; x_wconf 88' lang='lat' dir='ltr'><strong>consilium,</strong></span> <span class='ocrx_word' id='word_1_339' title='bbox 3189 1627 3253 1676; x_wconf 90' lang='lat' dir='ltr'><strong>ut</strong></span> <span class='ocrx_word' id='word_1_340' title='bbox 3300 1621 3525 1680; x_wconf 90' lang='lat' dir='ltr'><strong>dictum</strong></span> <span class='ocrx_word' id='word_1_341' title='bbox 3578 1605 3690 1693; x_wconf 77' lang='lat' dir='ltr'><strong>est,</strong></span> 
     </span>
    </p>
   </div>
   <div class='ocr_carea' id='block_1_49' title="bbox 2036 1694 3691 1781">
    <p class='ocr_par' dir='ltr' id='par_1_49' title="bbox 2036 1694 3691 1781">
     <span class='ocr_line' id='line_1_49' title="bbox 2036 1694 3691 1781; baseline 0.014 -32"><span class='ocrx_word' id='word_1_342' title='bbox 2036 1694 2202 1768; x_wconf 93' lang='lat' dir='ltr'><strong>quod</strong></span> <span class='ocrx_word' id='word_1_343' title='bbox 2234 1698 2554 1770; x_wconf 84' lang='lat' dir='ltr'><strong>reperiunt.</strong></span> <span class='ocrx_word' id='word_1_344' title='bbox 2584 1701 2737 1758; x_wconf 91' lang='lat' dir='ltr'><strong>bene</strong></span> <span class='ocrx_word' id='word_1_345' title='bbox 2765 1718 2838 1759; x_wconf 77' lang='lat' dir='ltr'><strong>ex</strong></span> <span class='ocrx_word' id='word_1_346' title='bbox 2868 1720 3078 1762; x_wconf 90' lang='lat' dir='ltr'><strong>eorum</strong></span> <span class='ocrx_word' id='word_1_347' title='bbox 3106 1725 3368 1781; x_wconf 89' lang='lat' dir='ltr'><strong>persona</strong></span> <span class='ocrx_word' id='word_1_348' title='bbox 3402 1714 3691 1772; x_wconf 87' lang='lat' dir='ltr'><strong>Jeremias</strong></span> 
     </span>
    </p>
   </div>
   <div class='ocr_carea' id='block_1_50' title="bbox 2039 1784 3689 1874">
    <p class='ocr_par' dir='ltr' id='par_1_50' title="bbox 2039 1784 3689 1874">
     <span class='ocr_line' id='line_1_50' title="bbox 2039 1784 3689 1874; baseline 0.013 -35"><span class='ocrx_word' id='word_1_349' title='bbox 2039 1784 2289 1843; x_wconf 86' lang='lat' dir='ltr'><strong>Domino</strong></span> <span class='ocrx_word' id='word_1_350' title='bbox 2311 1786 2453 1844; x_wconf 87' lang='lat' dir='ltr'><strong>dicit</strong></span> <span class='ocrx_word' id='word_1_351' title='bbox 2485 1808 2496 1844; x_wconf 88' lang='lat'><strong>:</strong></span> <span class='ocrx_word' id='word_1_352' title='bbox 2526 1791 2571 1845; x_wconf 82' lang='lat' dir='ltr'><strong><em>A</em></strong></span> <span class='ocrx_word' id='word_1_353' title='bbox 2618 1792 2782 1860; x_wconf 80' lang='lat' dir='ltr'><strong>facie</strong></span> <span class='ocrx_word' id='word_1_354' title='bbox 2818 1808 3030 1851; x_wconf 79' lang='lat' dir='ltr'><strong>manus</strong></span> <span class='ocrx_word' id='word_1_355' title='bbox 3062 1802 3180 1854; x_wconf 64' lang='lat' dir='ltr'><strong>tuae</strong></span> <span class='ocrx_word' id='word_1_356' title='bbox 3208 1800 3368 1855; x_wconf 80' lang='lat' dir='ltr'><strong>solus</strong></span> <span class='ocrx_word' id='word_1_357' title='bbox 3397 1801 3689 1874; x_wconf 83' lang='lat' dir='ltr'><strong>sedebam,</strong></span> 
     </span>
    </p>
   </div>
   <div class='ocr_carea' id='block_1_51' title="bbox 2037 1877 3690 1962">
    <p class='ocr_par' dir='ltr' id='par_1_51' title="bbox 2037 1877 3690 1962">
     <span class='ocr_line' id='line_1_51' title="bbox 2037 1877 3690 1962; baseline 0.011 -34"><span class='ocrx_word' id='word_1_358' title='bbox 2037 1877 2315 1945; x_wconf 75' lang='lat' dir='ltr'><strong>quoniam</strong></span> <span class='ocrx_word' id='word_1_359' title='bbox 2368 1880 2822 1938; x_wconf 80' lang='lat' dir='ltr'><strong>comminatione</strong></span> <span class='ocrx_word' id='word_1_360' title='bbox 2860 1885 3105 1953; x_wconf 79' lang='lat' dir='ltr'><strong>replesti</strong></span> <span class='ocrx_word' id='word_1_361' title='bbox 3132 1903 3223 1944; x_wconf 90' lang='lat' dir='ltr'><strong>me</strong></span> <span class='ocrx_word' id='word_1_362' title='bbox 3267 1888 3413 1959; x_wconf 86' lang='lat' dir='ltr'><strong>(Jer.</strong></span> <span class='ocrx_word' id='word_1_363' title='bbox 3445 1907 3545 1959; x_wconf 81' lang='lat' dir='ltr'><strong>xv,</strong></span> <span class='ocrx_word' id='word_1_364' title='bbox 3580 1894 3690 1962; x_wconf 82' lang='grc'><strong>17).</strong></span> 
     </span>
    </p>
   </div>
   <div class='ocr_carea' id='block_1_52' title="bbox 2037 1962 3781 2051">
    <p class='ocr_par' dir='ltr' id='par_1_52' title="bbox 2037 1962 3781 2051">
     <span class='ocr_line' id='line_1_52' title="bbox 2037 1962 3781 2051; baseline 0.012 -34"><span class='ocrx_word' id='word_1_365' title='bbox 2037 1963 2143 2017; x_wconf 84' lang='lat' dir='ltr'><strong>Per</strong></span> <span class='ocrx_word' id='word_1_366' title='bbox 2168 1962 2380 2021; x_wconf 84' lang='lat' dir='ltr'><strong>faciem</strong></span> <span class='ocrx_word' id='word_1_367' title='bbox 2408 1969 2826 2043; x_wconf 88' lang='lat' dir='ltr'><strong>unusquisque</strong></span> <span class='ocrx_word' id='word_1_368' title='bbox 2866 1977 3269 2048; x_wconf 84' lang='lat' dir='ltr'><strong>cognoscitur,</strong></span> <span class='ocrx_word' id='word_1_369' title='bbox 3302 1994 3410 2051; x_wconf 90' lang='lat' dir='ltr'><strong>per</strong></span> <span class='ocrx_word' id='word_1_370' title='bbox 3438 1996 3693 2037; x_wconf 89' lang='lat' dir='ltr'><strong>manum</strong></span> <span class='ocrx_word' id='word_1_371' title='bbox 3776 2026 3781 2031; x_wconf 82' lang='lat'><strong>.</strong></span> 
     </span>
    </p>
   </div>
   <div class='ocr_carea' id='block_1_53' title="bbox 2038 2054 3691 2141">
    <p class='ocr_par' dir='ltr' id='par_1_53' title="bbox 2038 2054 3691 2141">
     <span class='ocr_line' id='line_1_53' title="bbox 2038 2054 3691 2141; baseline 0.013 -36"><span class='ocrx_word' id='word_1_372' title='bbox 2038 2054 2308 2141; x_wconf 79' lang='lat' dir='ltr'><strong>operatio</strong></span> <span class='ocrx_word' id='word_1_373' title='bbox 2366 2054 2753 2126; x_wconf 86' lang='lat' dir='ltr'><strong>designatur:</strong></span> <span class='ocrx_word' id='word_1_374' title='bbox 2813 2060 2976 2116; x_wconf 90' lang='lat' dir='ltr'><strong>solus</strong></span> <span class='ocrx_word' id='word_1_375' title='bbox 3033 2064 3215 2134; x_wconf 89' lang='lat' dir='ltr'><strong>sedet,</strong></span> <span class='ocrx_word' id='word_1_376' title='bbox 3270 2069 3374 2141; x_wconf 92' lang='lat' dir='ltr'><strong>qui</strong></span> <span class='ocrx_word' id='word_1_377' title='bbox 3434 2070 3691 2126; x_wconf 87' lang='lat' dir='ltr'><strong>tumultu</strong></span> 
     </span>
    </p>
   </div>
   <div class='ocr_carea' id='block_1_54' title="bbox 2040 2140 3691 2225">
    <p class='ocr_par' dir='ltr' id='par_1_54' title="bbox 2040 2140 3691 2225">
     <span class='ocr_line' id='line_1_54' title="bbox 2040 2140 3691 2225; baseline 0.013 -31"><span class='ocrx_word' id='word_1_378' title='bbox 2040 2140 2371 2198; x_wconf 90' lang='lat' dir='ltr'><strong>carnalium</strong></span> <span class='ocrx_word' id='word_1_379' title='bbox 2399 2142 2835 2204; x_wconf 89' lang='lat' dir='ltr'><strong>desideriorum</strong></span> <span class='ocrx_word' id='word_1_380' title='bbox 2861 2165 2985 2206; x_wconf 92' lang='lat' dir='ltr'><strong>non</strong></span> <span class='ocrx_word' id='word_1_381' title='bbox 3029 2152 3457 2225; x_wconf 87' lang='lat' dir='ltr'><strong>frequentatur.</strong></span> <span class='ocrx_word' id='word_1_382' title='bbox 3496 2159 3691 2215; x_wconf 85' lang='lat' dir='ltr'><strong>Facies</strong></span> 
     </span>
    </p>
   </div>
   <div class='ocr_carea' id='block_1_55' title="bbox 2039 2231 3694 2319">
    <p class='ocr_par' dir='ltr' id='par_1_55' title="bbox 2039 2231 3694 2319">
     <span class='ocr_line' id='line_1_55' title="bbox 2039 2231 3694 2319; baseline 0.013 -35"><span class='ocrx_word' id='word_1_383' title='bbox 2039 2231 2309 2319; x_wconf 12' lang='lat' dir='ltr'><strong>ergoiDei</strong></span> <span class='ocrx_word' id='word_1_384' title='bbox 2338 2238 2587 2290; x_wconf 86' lang='lat' dir='ltr'><strong>vocatur</strong></span> <span class='ocrx_word' id='word_1_385' title='bbox 2619 2237 2875 2306; x_wconf 88' lang='lat' dir='ltr'><strong>cognitio</strong></span> <span class='ocrx_word' id='word_1_386' title='bbox 2902 2255 3121 2297; x_wconf 90' lang='lat' dir='ltr'><strong>manus</strong></span> <span class='ocrx_word' id='word_1_387' title='bbox 3163 2246 3525 2317; x_wconf 80' lang='lat' dir='ltr'><strong>experientia</strong></span> <span class='ocrx_word' id='word_1_388' title='bbox 3564 2263 3694 2319; x_wconf 90' lang='lat' dir='ltr'><strong>per-</strong></span> 
     </span>
    </p>
   </div>
   <div class='ocr_carea' id='block_1_56' title="bbox 2040 2318 3695 2402">
    <p class='ocr_par' dir='ltr' id='par_1_56' title="bbox 2040 2318 3695 2402">
     <span class='ocr_line' id='line_1_56' title="bbox 2040 2318 3695 2402; baseline 0.013 -31"><span class='ocrx_word' id='word_1_389' title='bbox 2040 2318 2363 2389; x_wconf 90' lang='lat' dir='ltr'><strong>cussionis,</strong></span> <span class='ocrx_word' id='word_1_390' title='bbox 2414 2322 2559 2396; x_wconf 91' lang='lat' dir='ltr'><strong>quia</strong></span> <span class='ocrx_word' id='word_1_391' title='bbox 2607 2324 2759 2382; x_wconf 90' lang='lat' dir='ltr'><strong>sicut</strong></span> <span class='ocrx_word' id='word_1_392' title='bbox 2808 2329 3212 2386; x_wconf 89' lang='lat' dir='ltr'><strong>comminatus</strong></span> <span class='ocrx_word' id='word_1_393' title='bbox 3250 2332 3459 2402; x_wconf 87' lang='lat' dir='ltr'><strong>fuerat,</strong></span> <span class='ocrx_word' id='word_1_394' title='bbox 3502 2318 3695 2392; x_wconf 86' lang='lat' dir='ltr'><strong>homi-</strong></span> 
     </span>
    </p>
   </div>
   <div class='ocr_carea' id='block_1_57' title="bbox 2039 2409 3695 2488">
    <p class='ocr_par' dir='ltr' id='par_1_57' title="bbox 2039 2409 3695 2488">
     <span class='ocr_line' id='line_1_57' title="bbox 2039 2409 3695 2488; baseline 0.012 -28"><span class='ocrx_word' id='word_1_395' title='bbox 2039 2420 2179 2462; x_wconf 90' lang='lat' dir='ltr'><strong>nem</strong></span> <span class='ocrx_word' id='word_1_396' title='bbox 2244 2423 2354 2480; x_wconf 90' lang='lat' dir='ltr'><strong>pro</strong></span> <span class='ocrx_word' id='word_1_397' title='bbox 2408 2409 2684 2481; x_wconf 88' lang='lat' dir='ltr'><strong>originali</strong></span> <span class='ocrx_word' id='word_1_398' title='bbox 2739 2414 2917 2488; x_wconf 92' lang='lat' dir='ltr'><strong>culpa</strong></span> <span class='ocrx_word' id='word_1_399' title='bbox 2968 2416 3261 2486; x_wconf 90' lang='lat' dir='ltr'><strong>multavit,</strong></span> <span class='ocrx_word' id='word_1_400' title='bbox 3294 2425 3351 2476; x_wconf 92' lang='lat' dir='ltr'><strong>et</strong></span> <span class='ocrx_word' id='word_1_401' title='bbox 3401 2422 3580 2479; x_wconf 88' lang='lat' dir='ltr'><strong>etiam</strong></span> <span class='ocrx_word' id='word_1_402' title='bbox 3631 2421 3695 2478; x_wconf 92' lang='lat' dir='ltr'><strong>in</strong></span> 
     </span>
    </p>
   </div>
   <div class='ocr_carea' id='block_1_58' title="bbox 2039 2498 3698 2575">
    <p class='ocr_par' dir='ltr' id='par_1_58' title="bbox 2039 2498 3698 2575">
     <span class='ocr_line' id='line_1_58' title="bbox 2039 2498 3698 2575; baseline 0.013 -26"><span class='ocrx_word' id='word_1_403' title='bbox 2039 2510 2342 2552; x_wconf 64' lang='lat' dir='ltr'><strong>aerumnas</strong></span> <span class='ocrx_word' id='word_1_404' title='bbox 2366 2498 2549 2570; x_wconf 89' lang='lat' dir='ltr'><strong>hujus</strong></span> <span class='ocrx_word' id='word_1_405' title='bbox 2573 2501 2704 2556; x_wconf 67' lang='lat' dir='ltr'><strong>vitae</strong></span> <span class='ocrx_word' id='word_1_406' title='bbox 2733 2504 3001 2575; x_wconf 90' lang='lat' dir='ltr'><strong>projecit.</strong></span> <span class='ocrx_word' id='word_1_407' title='bbox 3023 2504 3420 2567; x_wconf 89' lang='lat' dir='ltr'><strong>Comminatio</strong></span> <span class='ocrx_word' id='word_1_408' title='bbox 3440 2528 3579 2568; x_wconf 92' lang='lat' dir='ltr'><strong>vero</strong></span> <span class='ocrx_word' id='word_1_409' title='bbox 3607 2515 3698 2570; x_wconf 86' lang='lat' dir='ltr'><strong>est</strong></span> 
     </span>
    </p>
   </div>
   <div class='ocr_carea' id='block_1_59' title="bbox 2038 2586 3696 2672">
    <p class='ocr_par' dir='ltr' id='par_1_59' title="bbox 2038 2586 3696 2672">
     <span class='ocr_line' id='line_1_59' title="bbox 2038 2586 3696 2672; baseline 0.011 -33"><span class='ocrx_word' id='word_1_410' title='bbox 2038 2586 2225 2640; x_wconf 89' lang='lat' dir='ltr'><strong>terror</strong></span> <span class='ocrx_word' id='word_1_411' title='bbox 2270 2587 2540 2659; x_wconf 89' lang='lat' dir='ltr'><strong>sequenti</strong></span> <span class='ocrx_word' id='word_1_412' title='bbox 2588 2589 2787 2647; x_wconf 90' lang='lat' dir='ltr'><strong>adhuc</strong></span> <span class='ocrx_word' id='word_1_413' title='bbox 2838 2593 3133 2667; x_wconf 89' lang='lat' dir='ltr'><strong>supplicii,</strong></span> <span class='ocrx_word' id='word_1_414' title='bbox 3165 2597 3331 2668; x_wconf 91' lang='lat' dir='ltr'><strong>quod</strong></span> <span class='ocrx_word' id='word_1_415' title='bbox 3373 2601 3696 2672; x_wconf 89' lang='lat' dir='ltr'><strong>peccatori-</strong></span> 
     </span>
    </p>
   </div>
   <div class='ocr_carea' id='block_1_60' title="bbox 2037 2673 3695 2763">
    <p class='ocr_par' dir='ltr' id='par_1_60' title="bbox 2037 2673 3695 2763">
     <span class='ocr_line' id='line_1_60' title="bbox 2037 2673 3695 2763; baseline 0.011 -35"><span class='ocrx_word' id='word_1_416' title='bbox 2037 2673 2155 2763; x_wconf 82' lang='lat' dir='ltr'><strong>bus</strong></span> <span class='ocrx_word' id='word_1_417' title='bbox 2187 2673 2458 2733; x_wconf 89' lang='lat' dir='ltr'><strong>intentat.</strong></span> <span class='ocrx_word' id='word_1_418' title='bbox 2491 2677 2697 2754; x_wconf 88' lang='lat' dir='ltr'><strong>Itaque</strong></span> <span class='ocrx_word' id='word_1_419' title='bbox 2730 2687 2973 2755; x_wconf 89' lang='lat' dir='ltr'><strong>propter</strong></span> <span class='ocrx_word' id='word_1_420' title='bbox 3002 2686 3536 2745; x_wconf 90' lang='lat' dir='ltr'><strong>comminationem</strong></span> <span class='ocrx_word' id='word_1_421' title='bbox 3566 2690 3695 2763; x_wconf 90' lang='lat' dir='ltr'><strong>ejus</strong></span> 
     </span>
    </p>
   </div>
   <div class='ocr_carea' id='block_1_61' title="bbox 2041 2762 3697 2854">
    <p class='ocr_par' dir='ltr' id='par_1_61' title="bbox 2041 2762 3697 2854">
     <span class='ocr_line' id='line_1_61' title="bbox 2041 2762 3697 2854; baseline 0.012 -38"><span class='ocrx_word' id='word_1_422' title='bbox 2041 2762 2203 2854; x_wconf 86' lang='lat' dir='ltr'><strong>solus</strong></span> <span class='ocrx_word' id='word_1_423' title='bbox 2229 2780 2265 2819; x_wconf 91' lang='lat' dir='ltr'><strong>a</strong></span> <span class='ocrx_word' id='word_1_424' title='bbox 2293 2763 2443 2821; x_wconf 90' lang='lat' dir='ltr'><strong>facie</strong></span> <span class='ocrx_word' id='word_1_425' title='bbox 2474 2783 2695 2825; x_wconf 90' lang='lat' dir='ltr'><strong>manus</strong></span> <span class='ocrx_word' id='word_1_426' title='bbox 2735 2771 2970 2830; x_wconf 89' lang='lat' dir='ltr'><strong>Domini</strong></span> <span class='ocrx_word' id='word_1_427' title='bbox 3011 2774 3198 2844; x_wconf 87' lang='lat' dir='ltr'><strong>sedet,</strong></span> <span class='ocrx_word' id='word_1_428' title='bbox 3223 2777 3328 2849; x_wconf 90' lang='lat' dir='ltr'><strong>qui</strong></span> <span class='ocrx_word' id='word_1_429' title='bbox 3373 2794 3479 2852; x_wconf 89' lang='lat' dir='ltr'><strong>per</strong></span> <span class='ocrx_word' id='word_1_430' title='bbox 3522 2796 3697 2854; x_wconf 82' lang='lat' dir='ltr'><strong>expe-</strong></span> 
     </span>
    </p>
   </div>
   <div class='ocr_carea' id='block_1_62' title="bbox 2042 2850 3697 2940">
    <p class='ocr_par' dir='ltr' id='par_1_62' title="bbox 2042 2850 3697 2940">
     <span class='ocr_line' id='line_1_62' title="bbox 2042 2850 3697 2940; baseline 0.012 -35"><span class='ocrx_word' id='word_1_431' title='bbox 2042 2850 2366 2908; x_wconf 91' lang='lat' dir='ltr'><strong>rimentum</strong></span> <span class='ocrx_word' id='word_1_432' title='bbox 2391 2855 2663 2913; x_wconf 66' lang='lat' dir='ltr'><strong>vindictae</strong></span> <span class='ocrx_word' id='word_1_433' title='bbox 2708 2856 2885 2928; x_wconf 91' lang='lat' dir='ltr'><strong>illius,</strong></span> <span class='ocrx_word' id='word_1_434' title='bbox 2918 2876 3051 2932; x_wconf 83' lang='lat' dir='ltr'><strong>quas</strong></span> <span class='ocrx_word' id='word_1_435' title='bbox 3078 2877 3189 2935; x_wconf 89' lang='lat' dir='ltr'><strong>pro</strong></span> <span class='ocrx_word' id='word_1_436' title='bbox 3214 2850 3486 2936; x_wconf 83' lang='lat' dir='ltr'><strong>originali</strong></span> <span class='ocrx_word' id='word_1_437' title='bbox 3517 2850 3697 2940; x_wconf 80' lang='lat' dir='ltr'><strong>culpa</strong></span> 
     </span>
    </p>
   </div>
   <div class='ocr_carea' id='block_1_63' title="bbox 278 2940 3696 3028">
    <p class='ocr_par' dir='ltr' id='par_1_63' title="bbox 278 2940 3696 3028">
     <span class='ocr_line' id='line_1_63' title="bbox 278 2940 3696 3028; baseline 0.003 -29"><span class='ocrx_word' id='word_1_438' title='bbox 278 2959 465 3017; x_wconf 90' lang='lat' dir='ltr'><strong>quam</strong></span> <span class='ocrx_word' id='word_1_439' title='bbox 498 2942 822 2999; x_wconf 73' lang='lat' dir='ltr'><strong>Iordanem</strong></span> <span class='ocrx_word' id='word_1_440' title='bbox 846 2942 1201 3015; x_wconf 90' lang='lat' dir='ltr'><strong>deglutiens,</strong></span> <span class='ocrx_word' id='word_1_441' title='bbox 1224 2950 1400 3002; x_wconf 91' lang='lat' dir='ltr'><strong>necat</strong></span> <span class='ocrx_word' id='word_1_442' title='bbox 1419 2945 1764 3019; x_wconf 88' lang='lat' dir='ltr'><strong>aliquando.</strong></span> <span class='ocrx_word' id='word_1_443' title='bbox 1790 2946 1935 3003; x_wconf 83' lang='lat' dir='ltr'><strong>Hinc</strong></span> <span class='ocrx_word' id='word_1_444' title='bbox 1970 2956 2018 3015; x_wconf 86' lang='grc' dir='ltr'>ο</span> <span class='ocrx_word' id='word_1_445' title='bbox 2042 2940 2396 2996; x_wconf 87' lang='lat' dir='ltr'><strong>mortalibus</strong></span> <span class='ocrx_word' id='word_1_446' title='bbox 2426 2941 2689 3014; x_wconf 87' lang='lat' dir='ltr'><strong>infertur,</strong></span> <span class='ocrx_word' id='word_1_447' title='bbox 2708 2952 3006 3019; x_wconf 88' lang='lat' dir='ltr'><strong>quantum</strong></span> <span class='ocrx_word' id='word_1_448' title='bbox 3038 2950 3305 3007; x_wconf 89' lang='lat' dir='ltr'><strong>timenda</strong></span> <span class='ocrx_word' id='word_1_449' title='bbox 3332 2953 3408 3011; x_wconf 90' lang='lat' dir='ltr'><strong>sit</strong></span> <span class='ocrx_word' id='word_1_450' title='bbox 3434 2970 3696 3028; x_wconf 87' lang='lat' dir='ltr'><strong>sequens</strong></span> 
     </span>
    </p>
   </div>
   <div class='ocr_carea' id='block_1_64' title="bbox 280 3031 1937 3107">
    <p class='ocr_par' dir='ltr' id='par_1_64' title="bbox 280 3031 1937 3107">
     <span class='ocr_line' id='line_1_64' title="bbox 280 3031 1937 3107; baseline 0.002 -19"><span class='ocrx_word' id='word_1_451' title='bbox 280 3048 489 3088; x_wconf 83' lang='lat' dir='ltr'><strong>rursus</strong></span> <span class='ocrx_word' id='word_1_452' title='bbox 527 3031 761 3100; x_wconf 89' lang='lat' dir='ltr'><strong>dicitur,</strong></span> <span class='ocrx_word' id='word_1_453' title='bbox 792 3031 960 3105; x_wconf 89' lang='lat' dir='ltr'><strong>quod</strong></span> <span class='ocrx_word' id='word_1_454' title='bbox 993 3031 1148 3104; x_wconf 85' lang='lat' dir='ltr'><strong>ignis</strong></span> <span class='ocrx_word' id='word_1_455' title='bbox 1167 3049 1352 3107; x_wconf 90' lang='lat' dir='ltr'><strong>quem</strong></span> <span class='ocrx_word' id='word_1_456' title='bbox 1382 3034 1671 3093; x_wconf 91' lang='lat' dir='ltr'><strong>Dominus</strong></span> <span class='ocrx_word' id='word_1_457' title='bbox 1699 3035 1937 3093; x_wconf 89' lang='lat' dir='ltr'><strong>vocavit</strong></span> 
     </span>
    </p>
   </div>
   <div class='ocr_carea' id='block_1_65' title="bbox 278 3120 1933 3199">
    <p class='ocr_par' dir='ltr' id='par_1_65' title="bbox 278 3120 1933 3199">
     <span class='ocr_line' id='line_1_65' title="bbox 278 3120 1933 3199; baseline 0.002 -21"><span class='ocrx_word' id='word_1_458' title='bbox 278 3121 358 3178; x_wconf 90' lang='lat' dir='ltr'><strong>ad</strong></span> <span class='ocrx_word' id='word_1_459' title='bbox 405 3120 723 3192; x_wconf 87' lang='lat' dir='ltr'><strong>judicium,</strong></span> <span class='ocrx_word' id='word_1_460' title='bbox 757 3126 990 3195; x_wconf 88' lang='lat' dir='ltr'><strong>partem</strong></span> <span class='ocrx_word' id='word_1_461' title='bbox 1031 3121 1253 3179; x_wconf 90' lang='lat' dir='ltr'><strong>domus</strong></span> <span class='ocrx_word' id='word_1_462' title='bbox 1300 3124 1430 3196; x_wconf 89' lang='lat' dir='ltr'><strong>ejus</strong></span> <span class='ocrx_word' id='word_1_463' title='bbox 1474 3125 1933 3199; x_wconf 89' lang='lat' dir='ltr'><strong>consumpserit,</strong></span> 
     </span>
    </p>
   </div>
   <div class='ocr_carea' id='block_1_66' title="bbox 278 3209 1935 3288">
    <p class='ocr_par' dir='ltr' id='par_1_66' title="bbox 278 3209 1935 3288">
     <span class='ocr_line' id='line_1_66' title="bbox 278 3209 1935 3288; baseline 0.002 -22"><span class='ocrx_word' id='word_1_464' title='bbox 278 3210 572 3284; x_wconf 89' lang='lat' dir='ltr'><strong>quoniam</strong></span> <span class='ocrx_word' id='word_1_465' title='bbox 618 3209 747 3267; x_wconf 90' lang='lat' dir='ltr'><strong>illos</strong></span> <span class='ocrx_word' id='word_1_466' title='bbox 795 3226 1037 3285; x_wconf 88' lang='lat' dir='ltr'><strong>quoque</strong></span> <span class='ocrx_word' id='word_1_467' title='bbox 1094 3213 1371 3283; x_wconf 89' lang='lat' dir='ltr'><strong>gehenna</strong></span> <span class='ocrx_word' id='word_1_468' title='bbox 1422 3213 1690 3282; x_wconf 90' lang='lat' dir='ltr'><strong>devorat,</strong></span> <span class='ocrx_word' id='word_1_469' title='bbox 1721 3215 1826 3288; x_wconf 88' lang='lat' dir='ltr'><strong>qui</strong></span> <span class='ocrx_word' id='word_1_470' title='bbox 1876 3213 1935 3270; x_wconf 90' lang='lat' dir='ltr'><strong>in</strong></span> 
     </span>
    </p>
   </div>
   <div class='ocr_carea' id='block_1_67' title="bbox 277 3288 1836 3371">
    <p class='ocr_par' dir='ltr' id='par_1_67' title="bbox 277 3288 1836 3371">
     <span class='ocr_line' id='line_1_67' title="bbox 277 3288 1836 3371; baseline 0.001 -16"><span class='ocrx_word' id='word_1_471' title='bbox 277 3298 491 3355; x_wconf 87' lang='lat' dir='ltr'><strong>habitu</strong></span> <span class='ocrx_word' id='word_1_472' title='bbox 530 3297 834 3371; x_wconf 87' lang='lat' dir='ltr'><strong>religionis</strong></span> <span class='ocrx_word' id='word_1_473' title='bbox 862 3299 1229 3371; x_wconf 87' lang='lat' dir='ltr'><strong>negligenter</strong></span> <span class='ocrx_word' id='word_1_474' title='bbox 1256 3300 1480 3358; x_wconf 86' lang='lat' dir='ltr'><strong>vivunt.</strong></span> <span class='ocrx_word' id='word_1_475' title='bbox 1830 3288 1836 3297; x_wconf 59' lang='grc'><em>“</em></span> 
     </span>
    </p>
   </div>
   <div class='ocr_carea' id='block_1_68' title="bbox 354 3387 1934 3463">
    <p class='ocr_par' dir='ltr' id='par_1_68' title="bbox 354 3387 1934 3463">
     <span class='ocr_line' id='line_1_68' title="bbox 354 3387 1934 3463; baseline 0.002 -19"><span class='ocrx_word' id='word_1_476' title='bbox 354 3389 619 3445; x_wconf 78' lang='lat' dir='ltr'><strong>XXXVIII.</strong></span> <span class='ocrx_word' id='word_1_477' title='bbox 667 3387 1001 3445; x_wconf 88' lang='lat' dir='ltr'><strong>Electorum</strong></span> <span class='ocrx_word' id='word_1_478' title='bbox 1016 3405 1261 3463; x_wconf 89' lang='lat' dir='ltr'><strong>quoque</strong></span> <span class='ocrx_word' id='word_1_479' title='bbox 1282 3390 1581 3462; x_wconf 90' lang='lat' dir='ltr'><strong>generatio</strong></span> <span class='ocrx_word' id='word_1_480' title='bbox 1602 3390 1663 3447; x_wconf 90' lang='lat' dir='ltr'><strong>in</strong></span> <span class='ocrx_word' id='word_1_481' title='bbox 1692 3391 1934 3449; x_wconf 89' lang='lat' dir='ltr'><strong>duobus</strong></span> 
     </span>
    </p>
   </div>
   <div class='ocr_carea' id='block_1_69' title="bbox 278 3475 1934 3553">
    <p class='ocr_par' dir='ltr' id='par_1_69' title="bbox 278 3475 1934 3553">
     <span class='ocr_line' id='line_1_69' title="bbox 278 3475 1934 3553; baseline 0.002 -21"><span class='ocrx_word' id='word_1_482' title='bbox 278 3475 599 3549; x_wconf 87' lang='lat' dir='ltr'><strong>generibus</strong></span> <span class='ocrx_word' id='word_1_483' title='bbox 626 3476 1025 3548; x_wconf 89' lang='lat' dir='ltr'><strong>distinguitur.</strong></span> <span class='ocrx_word' id='word_1_484' title='bbox 1062 3480 1257 3536; x_wconf 91' lang='lat' dir='ltr'><strong>Unum</strong></span> <span class='ocrx_word' id='word_1_485' title='bbox 1295 3495 1486 3552; x_wconf 88' lang='lat' dir='ltr'><strong>genus</strong></span> <span class='ocrx_word' id='word_1_486' title='bbox 1516 3482 1605 3536; x_wconf 87' lang='lat' dir='ltr'><strong>est</strong></span> <span class='ocrx_word' id='word_1_487' title='bbox 1651 3480 1934 3553; x_wconf 84' lang='lat' dir='ltr'><strong>perfecto-</strong></span> 
     </span>
    </p>
   </div>
   <div class='ocr_carea' id='block_1_70' title="bbox 277 3563 1935 3637">
    <p class='ocr_par' dir='ltr' id='par_1_70' title="bbox 277 3563 1935 3637">
     <span class='ocr_line' id='line_1_70' title="bbox 277 3563 1935 3637; baseline 0.002 -15"><span class='ocrx_word' id='word_1_488' title='bbox 277 3582 418 3622; x_wconf 88' lang='lat' dir='ltr'><strong>rum</strong></span> <span class='ocrx_word' id='word_1_489' title='bbox 465 3564 540 3621; x_wconf 91' lang='lat' dir='ltr'><strong>de</strong></span> <span class='ocrx_word' id='word_1_490' title='bbox 570 3563 793 3637; x_wconf 88' lang='lat' dir='ltr'><strong>quibus</strong></span> <span class='ocrx_word' id='word_1_491' title='bbox 822 3564 1036 3622; x_wconf 90' lang='lat' dir='ltr'><strong>dicitur</strong></span> <span class='ocrx_word' id='word_1_492' title='bbox 1068 3584 1080 3624; x_wconf 90' lang='lat'><strong>:</strong></span> <span class='ocrx_word' id='word_1_493' title='bbox 1113 3567 1285 3626; x_wconf 81' lang='lat' dir='ltr'><strong>Mites</strong></span> <span class='ocrx_word' id='word_1_494' title='bbox 1316 3568 1548 3626; x_wconf 79' lang='lat' dir='ltr'><strong>addunt</strong></span> <span class='ocrx_word' id='word_1_495' title='bbox 1577 3571 1640 3627; x_wconf 79' lang='lat' dir='ltr'><strong>in</strong></span> <span class='ocrx_word' id='word_1_496' title='bbox 1684 3571 1935 3627; x_wconf 83' lang='lat' dir='ltr'><strong>Domino</strong></span> 
     </span>
    </p>
   </div>
   <div class='ocr_carea' id='block_1_71' title="bbox 274 3652 1937 3726">
    <p class='ocr_par' dir='ltr' id='par_1_71' title="bbox 274 3652 1937 3726">
     <span class='ocr_line' id='line_1_71' title="bbox 274 3652 1937 3726; baseline 0.002 -15"><span class='ocrx_word' id='word_1_497' title='bbox 274 3655 701 3724; x_wconf 80' lang='lat' dir='ltr'><strong>fortitudinem</strong></span> <span class='ocrx_word' id='word_1_498' title='bbox 731 3653 890 3725; x_wconf 85' lang='lat' dir='ltr'><strong>(Isai.</strong></span> <span class='ocrx_word' id='word_1_499' title='bbox 913 3652 1074 3726; x_wconf 73' lang='lat' dir='ltr'><strong>xxix,</strong></span> <span class='ocrx_word' id='word_1_500' title='bbox 1114 3657 1214 3726; x_wconf 87' lang='grc'><strong>19).</strong></span> <span class='ocrx_word' id='word_1_501' title='bbox 1238 3659 1303 3714; x_wconf 84' lang='lat' dir='ltr'><strong>Et</strong></span> <span class='ocrx_word' id='word_1_502' title='bbox 1327 3656 1465 3713; x_wconf 88' lang='lat' dir='ltr'><strong>item</strong></span> <span class='ocrx_word' id='word_1_503' title='bbox 1494 3674 1505 3713; x_wconf 90' lang='lat'>:</span> <span class='ocrx_word' id='word_1_504' title='bbox 1530 3659 1737 3715; x_wconf 84' lang='lat' dir='ltr'><strong>Justus</strong></span> <span class='ocrx_word' id='word_1_505' title='bbox 1767 3675 1937 3715; x_wconf 84' lang='lat' dir='ltr'><strong>mun-</strong></span> 
     </span>
    </p>
   </div>
   <div class='ocr_carea' id='block_1_72' title="bbox 278 3743 1936 3815">
    <p class='ocr_par' dir='ltr' id='par_1_72' title="bbox 278 3743 1936 3815">
     <span class='ocr_line' id='line_1_72' title="bbox 278 3743 1936 3815; baseline 0.003 -17"><span class='ocrx_word' id='word_1_506' title='bbox 278 3743 374 3798; x_wconf 81' lang='lat' dir='ltr'><strong>dis</strong></span> <span class='ocrx_word' id='word_1_507' title='bbox 397 3743 673 3799; x_wconf 83' lang='lat' dir='ltr'><strong>manibus</strong></span> <span class='ocrx_word' id='word_1_508' title='bbox 705 3743 921 3799; x_wconf 86' lang='lat' dir='ltr'><strong>tenebit</strong></span> <span class='ocrx_word' id='word_1_509' title='bbox 950 3745 1105 3800; x_wconf 80' lang='lat' dir='ltr'><strong>viam</strong></span> <span class='ocrx_word' id='word_1_510' title='bbox 1129 3759 1299 3801; x_wconf 85' lang='lat' dir='ltr'><strong>suam</strong></span> <span class='ocrx_word' id='word_1_511' title='bbox 1327 3745 1478 3812; x_wconf 88' lang='lat' dir='ltr'><strong>(Job.</strong></span> <span class='ocrx_word' id='word_1_512' title='bbox 1511 3762 1643 3814; x_wconf 77' lang='lat' dir='ltr'><strong>xvu,</strong></span> <span class='ocrx_word' id='word_1_513' title='bbox 1662 3752 1738 3815; x_wconf 87' lang='grc'><strong>9).</strong></span> <span class='ocrx_word' id='word_1_514' title='bbox 1762 3746 1936 3804; x_wconf 86' lang='lat' dir='ltr'><strong>Aliud</strong></span> 
     </span>
    </p>
   </div>
   <div class='ocr_carea' id='block_1_73' title="bbox 238 3830 1939 3904">
    <p class='ocr_par' dir='ltr' id='par_1_73' title="bbox 238 3830 1939 3904">
     <span class='ocr_line' id='line_1_73' title="bbox 238 3830 1939 3904; baseline 0.001 -16"><span class='ocrx_word' id='word_1_515' title='bbox 238 3854 247 3863; x_wconf 61' lang='grc' dir='ltr'><strong>ι</strong></span> <span class='ocrx_word' id='word_1_516' title='bbox 280 3835 484 3888; x_wconf 85' lang='lat' dir='ltr'><strong>autem</strong></span> <span class='ocrx_word' id='word_1_517' title='bbox 527 3830 800 3887; x_wconf 90' lang='lat' dir='ltr'><strong>nondum</strong></span> <span class='ocrx_word' id='word_1_518' title='bbox 846 3831 1264 3904; x_wconf 85' lang='lat' dir='ltr'><strong>perfectorum,</strong></span> <span class='ocrx_word' id='word_1_519' title='bbox 1296 3831 1371 3888; x_wconf 91' lang='lat' dir='ltr'><strong>de</strong></span> <span class='ocrx_word' id='word_1_520' title='bbox 1412 3832 1634 3904; x_wconf 89' lang='lat' dir='ltr'><strong>quibus</strong></span> <span class='ocrx_word' id='word_1_521' title='bbox 1682 3833 1939 3891; x_wconf 87' lang='lat' dir='ltr'><strong>Ecclesia</strong></span> 
     </span>
    </p>
   </div>
   <div class='ocr_carea' id='block_1_74' title="bbox 280 3919 1937 3994">
    <p class='ocr_par' dir='ltr' id='par_1_74' title="bbox 280 3919 1937 3994">
     <span class='ocr_line' id='line_1_74' title="bbox 280 3919 1937 3994; baseline 0.001 -17"><span class='ocrx_word' id='word_1_522' title='bbox 280 3919 648 3994; x_wconf 83' lang='lat' dir='ltr'><strong>redemptori</strong></span> <span class='ocrx_word' id='word_1_523' title='bbox 679 3936 789 3975; x_wconf 93' lang='lat' dir='ltr'><strong>suo</strong></span> <span class='ocrx_word' id='word_1_524' title='bbox 837 3919 980 3976; x_wconf 90' lang='lat' dir='ltr'><strong>dicit</strong></span> <span class='ocrx_word' id='word_1_525' title='bbox 1014 3936 1026 3975; x_wconf 93' lang='lat'><strong>:</strong></span> <span class='ocrx_word' id='word_1_526' title='bbox 1060 3921 1484 3991; x_wconf 79' lang='lat' dir='ltr'><strong>Imperfectum</strong></span> <span class='ocrx_word' id='word_1_527' title='bbox 1537 3937 1729 3979; x_wconf 89' lang='lat' dir='ltr'><strong>meum</strong></span> <span class='ocrx_word' id='word_1_528' title='bbox 1780 3924 1937 3980; x_wconf 87' lang='lat' dir='ltr'><strong>vide-</strong></span> 
     </span>
    </p>
   </div>
   <div class='ocr_carea' id='block_1_75' title="bbox 283 4009 1935 4083">
    <p class='ocr_par' dir='ltr' id='par_1_75' title="bbox 283 4009 1935 4083">
     <span class='ocr_line' id='line_1_75' title="bbox 283 4009 1935 4083; baseline 0.001 -18"><span class='ocrx_word' id='word_1_529' title='bbox 283 4014 431 4065; x_wconf 84' lang='lat' dir='ltr'><strong>runt</strong></span> <span class='ocrx_word' id='word_1_530' title='bbox 470 4010 633 4064; x_wconf 79' lang='lat' dir='ltr'><strong>oculi</strong></span> <span class='ocrx_word' id='word_1_531' title='bbox 674 4010 764 4064; x_wconf 82' lang='lat' dir='ltr'><strong>tui</strong></span> <span class='ocrx_word' id='word_1_532' title='bbox 794 4009 981 4078; x_wconf 86' lang='lat' dir='ltr'><strong>(Psat.</strong></span> <span class='ocrx_word' id='word_1_533' title='bbox 1015 4024 1282 4075; x_wconf 78' lang='lat' dir='ltr'><strong>cxxxvm,</strong></span> <span class='ocrx_word' id='word_1_534' title='bbox 1320 4010 1421 4080; x_wconf 85' lang='grc'><strong>16),</strong></span> <span class='ocrx_word' id='word_1_535' title='bbox 1455 4011 1627 4083; x_wconf 89' lang='lat' dir='ltr'><strong>quasi</strong></span> <span class='ocrx_word' id='word_1_536' title='bbox 1681 4010 1935 4068; x_wconf 90' lang='lat' dir='ltr'><strong>diceret:</strong></span> 
     </span>
    </p>
   </div>
   <div class='ocr_carea' id='block_1_76' title="bbox 284 4096 1938 4172">
    <p class='ocr_par' dir='ltr' id='par_1_76' title="bbox 284 4096 1938 4172">
     <span class='ocr_line' id='line_1_76' title="bbox 284 4096 1938 4172; baseline 0 -19"><span class='ocrx_word' id='word_1_537' title='bbox 284 4099 400 4153; x_wconf 89' lang='lat' dir='ltr'><strong>Eos</strong></span> <span class='ocrx_word' id='word_1_538' title='bbox 423 4096 603 4153; x_wconf 88' lang='lat' dir='ltr'><strong>etiam</strong></span> <span class='ocrx_word' id='word_1_539' title='bbox 633 4096 738 4170; x_wconf 89' lang='lat' dir='ltr'><strong>qui</strong></span> <span class='ocrx_word' id='word_1_540' title='bbox 786 4097 845 4152; x_wconf 90' lang='lat' dir='ltr'><strong>in</strong></span> <span class='ocrx_word' id='word_1_541' title='bbox 898 4112 1033 4153; x_wconf 90' lang='lat' dir='ltr'><strong>meo</strong></span> <span class='ocrx_word' id='word_1_542' title='bbox 1082 4096 1330 4169; x_wconf 76' lang='lat' dir='ltr'><strong>corpore</strong></span> <span class='ocrx_word' id='word_1_543' title='bbox 1378 4098 1506 4155; x_wconf 90' lang='lat' dir='ltr'><strong>vias</strong></span> <span class='ocrx_word' id='word_1_544' title='bbox 1560 4098 1938 4172; x_wconf 84' lang='lat' dir='ltr'><strong>perfectionis</strong></span> 
     </span>
    </p>
   </div>
   <div class='ocr_carea' id='block_1_77' title="bbox 283 4184 1940 4259">
    <p class='ocr_par' dir='ltr' id='par_1_77' title="bbox 283 4184 1940 4259">
     <span class='ocr_line' id='line_1_77' title="bbox 283 4184 1940 4259; baseline 0 -17"><span class='ocrx_word' id='word_1_545' title='bbox 283 4184 539 4259; x_wconf 88' lang='lat' dir='ltr'><strong>pleniter</strong></span> <span class='ocrx_word' id='word_1_546' title='bbox 564 4186 804 4259; x_wconf 87' lang='lat' dir='ltr'><strong>assequi</strong></span> <span class='ocrx_word' id='word_1_547' title='bbox 832 4202 955 4243; x_wconf 92' lang='lat' dir='ltr'><strong>non</strong></span> <span class='ocrx_word' id='word_1_548' title='bbox 1000 4190 1277 4259; x_wconf 87' lang='lat' dir='ltr'><strong>possunt,</strong></span> <span class='ocrx_word' id='word_1_549' title='bbox 1311 4203 1346 4244; x_wconf 89' lang='lat' dir='ltr'><strong>a</strong></span> <span class='ocrx_word' id='word_1_550' title='bbox 1374 4191 1488 4244; x_wconf 64' lang='lat' dir='ltr'><strong>tua:</strong></span> <span class='ocrx_word' id='word_1_551' title='bbox 1521 4187 1940 4244; x_wconf 74' lang='lat' dir='ltr'><strong>misericordim</strong></span> 
     </span>
    </p>
   </div>
   <div class='ocr_carea' id='block_1_78' title="bbox 283 4274 2020 4360">
    <p class='ocr_par' dir='ltr' id='par_1_78' title="bbox 283 4274 2020 4360">
     <span class='ocr_line' id='line_1_78' title="bbox 283 4274 2020 4360; baseline 0 -28"><span class='ocrx_word' id='word_1_552' title='bbox 283 4278 562 4348; x_wconf 88' lang='lat' dir='ltr'><strong>respectu</strong></span> <span class='ocrx_word' id='word_1_553' title='bbox 592 4290 715 4333; x_wconf 91' lang='lat' dir='ltr'><strong>non</strong></span> <span class='ocrx_word' id='word_1_554' title='bbox 746 4274 1001 4349; x_wconf 88' lang='lat' dir='ltr'><strong>repellis.</strong></span> <span class='ocrx_word' id='word_1_555' title='bbox 1035 4277 1362 4347; x_wconf 88' lang='lat' dir='ltr'><strong>Utrumque</strong></span> <span class='ocrx_word' id='word_1_556' title='bbox 1394 4290 1581 4345; x_wconf 90' lang='lat' dir='ltr'><strong>genus</strong></span> <span class='ocrx_word' id='word_1_557' title='bbox 1632 4275 1709 4332; x_wconf 89' lang='lat' dir='ltr'><strong>ad</strong></span> <span class='ocrx_word' id='word_1_558' title='bbox 1739 4292 1942 4350; x_wconf 84' lang='lat' dir='ltr'><strong>super-</strong></span> <span class='ocrx_word' id='word_1_559' title='bbox 1972 4304 2020 4360; x_wconf 68' lang='grc' dir='ltr'><strong>Ι)</strong></span> 
     </span>
    </p>
   </div>
   <div class='ocr_carea' id='block_1_79' title="bbox 282 4363 1940 4437">
    <p class='ocr_par' dir='ltr' id='par_1_79' title="bbox 282 4363 1940 4437">
     <span class='ocr_line' id='line_1_79' title="bbox 282 4363 1940 4437; baseline 0 -16"><span class='ocrx_word' id='word_1_560' title='bbox 282 4379 431 4421; x_wconf 89' lang='lat' dir='ltr'><strong>nam</strong></span> <span class='ocrx_word' id='word_1_561' title='bbox 463 4366 731 4435; x_wconf 87' lang='lat' dir='ltr'><strong>requiem</strong></span> <span class='ocrx_word' id='word_1_562' title='bbox 762 4363 874 4420; x_wconf 84' lang='lat' dir='ltr'><strong>Job</strong></span> <span class='ocrx_word' id='word_1_563' title='bbox 904 4363 1198 4437; x_wconf 90' lang='lat' dir='ltr'><strong>pertinere</strong></span> <span class='ocrx_word' id='word_1_564' title='bbox 1230 4364 1606 4437; x_wconf 89' lang='lat' dir='ltr'><strong>conspiciens</strong></span> <span class='ocrx_word' id='word_1_565' title='bbox 1631 4366 1712 4422; x_wconf 89' lang='lat' dir='ltr'><strong>ait</strong></span> <span class='ocrx_word' id='word_1_566' title='bbox 1744 4383 1755 4420; x_wconf 91' lang='lat'>:</span> <span class='ocrx_word' id='word_1_567' title='bbox 1786 4365 1940 4421; x_wconf 81' lang='lat' dir='ltr'><strong>Par-</strong></span> 
     </span>
    </p>
   </div>
   <div class='ocr_carea' id='block_1_80' title="bbox 287 4453 1942 4529">
    <p class='ocr_par' dir='ltr' id='par_1_80' title="bbox 287 4453 1942 4529">
     <span class='ocr_line' id='line_1_80' title="bbox 287 4453 1942 4529; baseline 0.001 -16"><span class='ocrx_word' id='word_1_568' title='bbox 287 4471 397 4513; x_wconf 86' lang='lat' dir='ltr'><strong>vus</strong></span> <span class='ocrx_word' id='word_1_569' title='bbox 429 4461 483 4512; x_wconf 90' lang='lat' dir='ltr'><strong>et</strong></span> <span class='ocrx_word' id='word_1_570' title='bbox 516 4469 767 4526; x_wconf 83' lang='lat' dir='ltr'><strong>magnus</strong></span> <span class='ocrx_word' id='word_1_571' title='bbox 790 4455 872 4511; x_wconf 81' lang='lat' dir='ltr'><strong>ibi</strong></span> <span class='ocrx_word' id='word_1_572' title='bbox 900 4461 1039 4511; x_wconf 85' lang='lat' dir='ltr'><strong>sunt</strong></span> <span class='ocrx_word' id='word_1_573' title='bbox 1071 4456 1202 4521; x_wconf 89' lang='lat' dir='ltr'><strong>(Job</strong></span> <span class='ocrx_word' id='word_1_574' title='bbox 1230 4470 1311 4520; x_wconf 77' lang='lat' dir='ltr'><strong>nx,</strong></span> <span class='ocrx_word' id='word_1_575' title='bbox 1350 4453 1451 4524; x_wconf 85' lang='grc'><strong>19).</strong></span> <span class='ocrx_word' id='word_1_576' title='bbox 1480 4457 1782 4529; x_wconf 74' lang='lat' dir='ltr'><strong>Qiiotquot</strong></span> <span class='ocrx_word' id='word_1_577' title='bbox 1802 4472 1942 4528; x_wconf 88' lang='lat' dir='ltr'><strong>ergo</strong></span> 
     </span>
    </p>
   </div>
   <div class='ocr_carea' id='block_1_81' title="bbox 283 4541 1941 4617">
    <p class='ocr_par' dir='ltr' id='par_1_81' title="bbox 283 4541 1941 4617">
     <span class='ocr_line' id='line_1_81' title="bbox 283 4541 1941 4617; baseline 0.002 -18"><span class='ocrx_word' id='word_1_578' title='bbox 283 4542 670 4617; x_wconf 90' lang='lat' dir='ltr'><strong>perfectiores</strong></span> <span class='ocrx_word' id='word_1_579' title='bbox 716 4547 853 4603; x_wconf 86' lang='lat' dir='ltr'><strong>sunt</strong></span> <span class='ocrx_word' id='word_1_580' title='bbox 899 4543 1050 4599; x_wconf 90' lang='lat' dir='ltr'><strong>inter</strong></span> <span class='ocrx_word' id='word_1_581' title='bbox 1087 4543 1267 4615; x_wconf 90' lang='lat' dir='ltr'><strong>hujus</strong></span> <span class='ocrx_word' id='word_1_582' title='bbox 1306 4541 1439 4600; x_wconf 69' lang='lat' dir='ltr'><strong>VllEB</strong></span> <span class='ocrx_word' id='word_1_583' title='bbox 1488 4544 1808 4612; x_wconf 87' lang='lat' dir='ltr'><strong>molestias,</strong></span> <span class='ocrx_word' id='word_1_584' title='bbox 1844 4561 1941 4603; x_wconf 89' lang='lat' dir='ltr'><strong>ne-</strong></span> 
     </span>
    </p>
   </div>
   <div class='ocr_carea' id='block_1_82' title="bbox 285 4632 1942 4707">
    <p class='ocr_par' dir='ltr' id='par_1_82' title="bbox 285 4632 1942 4707">
     <span class='ocr_line' id='line_1_82' title="bbox 285 4632 1942 4707; baseline 0.002 -19"><span class='ocrx_word' id='word_1_585' title='bbox 285 4649 603 4707; x_wconf 88' lang='lat' dir='ltr'><strong>quaquam</strong></span> <span class='ocrx_word' id='word_1_586' title='bbox 629 4632 705 4689; x_wconf 89' lang='lat' dir='ltr'><strong>ad</strong></span> <span class='ocrx_word' id='word_1_587' title='bbox 732 4634 1268 4690; x_wconf 89' lang='lat' dir='ltr'><strong>murmurationem</strong></span> <span class='ocrx_word' id='word_1_588' title='bbox 1286 4632 1620 4706; x_wconf 86' lang='lat' dir='ltr'><strong>prosiliunt,</strong></span> <span class='ocrx_word' id='word_1_589' title='bbox 1638 4638 1695 4691; x_wconf 90' lang='lat' dir='ltr'><strong>et</strong></span> <span class='ocrx_word' id='word_1_590' title='bbox 1724 4634 1942 4691; x_wconf 70' lang='lat' dir='ltr'><strong>divitias</strong></span> 
     </span>
    </p>
   </div>
   <div class='ocr_carea' id='block_1_83' title="bbox 290 4720 1943 4795">
    <p class='ocr_par' dir='ltr' id='par_1_83' title="bbox 290 4720 1943 4795">
     <span class='ocr_line' id='line_1_83' title="bbox 290 4720 1943 4795; baseline 0.002 -20"><span class='ocrx_word' id='word_1_591' title='bbox 290 4722 343 4776; x_wconf 93' lang='lat' dir='ltr'><strong>si</strong></span> <span class='ocrx_word' id='word_1_592' title='bbox 373 4720 643 4789; x_wconf 81' lang='lat' dir='ltr'><strong>afﬂuant,</strong></span> <span class='ocrx_word' id='word_1_593' title='bbox 680 4720 1017 4778; x_wconf 89' lang='lat' dir='ltr'><strong>nullatenus</strong></span> <span class='ocrx_word' id='word_1_594' title='bbox 1042 4736 1144 4779; x_wconf 90' lang='lat' dir='ltr'><strong>cor</strong></span> <span class='ocrx_word' id='word_1_595' title='bbox 1192 4726 1526 4794; x_wconf 89' lang='lat' dir='ltr'><strong>apponunt,</strong></span> <span class='ocrx_word' id='word_1_596' title='bbox 1556 4721 1662 4779; x_wconf 86' lang='lat' dir='ltr'><strong>sed</strong></span> <span class='ocrx_word' id='word_1_597' title='bbox 1691 4724 1943 4795; x_wconf 89' lang='lat' dir='ltr'><strong>utraque</strong></span> 
     </span>
    </p>
   </div>
   <div class='ocr_carea' id='block_1_84' title="bbox 288 4809 1947 4883">
    <p class='ocr_par' dir='ltr' id='par_1_84' title="bbox 288 4809 1947 4883">
     <span class='ocr_line' id='line_1_84' title="bbox 288 4809 1947 4883; baseline -0.001 -17"><span class='ocrx_word' id='word_1_598' title='bbox 288 4814 584 4882; x_wconf 88' lang='lat' dir='ltr'><strong>tanquam</strong></span> <span class='ocrx_word' id='word_1_599' title='bbox 633 4809 800 4867; x_wconf 87' lang='lat' dir='ltr'><strong>citius</strong></span> <span class='ocrx_word' id='word_1_600' title='bbox 855 4809 1177 4866; x_wconf 87' lang='lat' dir='ltr'><strong>transitura</strong></span> <span class='ocrx_word' id='word_1_601' title='bbox 1203 4809 1661 4883; x_wconf 88' lang='lat' dir='ltr'><strong>parvipendunt.</strong></span> <span class='ocrx_word' id='word_1_602' title='bbox 1690 4812 1947 4866; x_wconf 89' lang='lat' dir='ltr'><strong>Pensant</strong></span> 
     </span>
    </p>
   </div>
   <div class='ocr_carea' id='block_1_85' title="bbox 288 4898 1945 4972">
    <p class='ocr_par' dir='ltr' id='par_1_85' title="bbox 288 4898 1945 4972">
     <span class='ocr_line' id='line_1_85' title="bbox 288 4898 1945 4972; baseline -0.001 -16"><span class='ocrx_word' id='word_1_603' title='bbox 288 4898 453 4956; x_wconf 90' lang='lat' dir='ltr'><strong>enim</strong></span> <span class='ocrx_word' id='word_1_604' title='bbox 475 4915 511 4956; x_wconf 88' lang='lat' dir='ltr'><strong>a</strong></span> <span class='ocrx_word' id='word_1_605' title='bbox 530 4915 654 4971; x_wconf 91' lang='lat' dir='ltr'><strong>quo</strong></span> <span class='ocrx_word' id='word_1_606' title='bbox 683 4899 902 4971; x_wconf 88' lang='lat' dir='ltr'><strong>laqueo</strong></span> <span class='ocrx_word' id='word_1_607' title='bbox 928 4898 1085 4972; x_wconf 90' lang='lat' dir='ltr'><strong>lapsi</strong></span> <span class='ocrx_word' id='word_1_608' title='bbox 1114 4903 1253 4956; x_wconf 90' lang='lat' dir='ltr'><strong>sunt</strong></span> <span class='ocrx_word' id='word_1_609' title='bbox 1275 4917 1287 4953; x_wconf 89' lang='lat'><strong>:</strong></span> <span class='ocrx_word' id='word_1_610' title='bbox 1315 4915 1350 4954; x_wconf 89' lang='lat' dir='ltr'><strong>a</strong></span> <span class='ocrx_word' id='word_1_611' title='bbox 1370 4915 1494 4972; x_wconf 90' lang='lat' dir='ltr'><strong>qua</strong></span> <span class='ocrx_word' id='word_1_612' title='bbox 1516 4898 1782 4957; x_wconf 86' lang='lat' dir='ltr'><strong>videlicet</strong></span> <span class='ocrx_word' id='word_1_613' title='bbox 1809 4898 1945 4956; x_wconf 88' lang='lat' dir='ltr'><strong>bea-</strong></span> 
     </span>
    </p>
   </div>
   <div class='ocr_carea' id='block_1_86' title="bbox 291 4987 1947 5063">
    <p class='ocr_par' dir='ltr' id='par_1_86' title="bbox 291 4987 1947 5063">
     <span class='ocr_line' id='line_1_86' title="bbox 291 4987 1947 5063; baseline 0.001 -19"><span class='ocrx_word' id='word_1_614' title='bbox 291 4987 565 5057; x_wconf 86' lang='lat' dir='ltr'><strong>titudine,</strong></span> <span class='ocrx_word' id='word_1_615' title='bbox 598 4988 676 5045; x_wconf 89' lang='lat' dir='ltr'><strong>ad</strong></span> <span class='ocrx_word' id='word_1_616' title='bbox 701 4993 996 5061; x_wconf 87' lang='lat' dir='ltr'><strong>quantam</strong></span> <span class='ocrx_word' id='word_1_617' title='bbox 1039 4988 1343 5045; x_wconf 89' lang='lat' dir='ltr'><strong>miseriam</strong></span> <span class='ocrx_word' id='word_1_618' title='bbox 1367 4988 1430 5045; x_wconf 94' lang='lat' dir='ltr'><strong>in</strong></span> <span class='ocrx_word' id='word_1_619' title='bbox 1478 4988 1672 5061; x_wconf 90' lang='lat' dir='ltr'><strong>primo</strong></span> <span class='ocrx_word' id='word_1_620' title='bbox 1703 4994 1947 5063; x_wconf 91' lang='lat' dir='ltr'><strong>parente</strong></span> 
     </span>
    </p>
   </div>
   <div class='ocr_carea' id='block_1_87' title="bbox 291 5075 1946 5150">
    <p class='ocr_par' dir='ltr' id='par_1_87' title="bbox 291 5075 1946 5150">
     <span class='ocr_line' id='line_1_87' title="bbox 291 5075 1946 5150; baseline -0.001 -16"><span class='ocrx_word' id='word_1_621' title='bbox 291 5075 653 5134; x_wconf 88' lang='lat' dir='ltr'><strong>ceciderunt.</strong></span> <span class='ocrx_word' id='word_1_622' title='bbox 702 5079 767 5134; x_wconf 87' lang='lat' dir='ltr'><strong>Et</strong></span> <span class='ocrx_word' id='word_1_623' title='bbox 815 5076 1039 5134; x_wconf 90' lang='lat' dir='ltr'><strong>idcirco</strong></span> <span class='ocrx_word' id='word_1_624' title='bbox 1080 5076 1214 5133; x_wconf 66' lang='lat' dir='ltr'><strong>vitae</strong></span> <span class='ocrx_word' id='word_1_625' title='bbox 1267 5075 1449 5148; x_wconf 89' lang='lat' dir='ltr'><strong>hujus</strong></span> <span class='ocrx_word' id='word_1_626' title='bbox 1492 5078 1946 5150; x_wconf 89' lang='lat' dir='ltr'><strong>prosperitatem</strong></span> 
     </span>
    </p>
   </div>
   <div class='ocr_carea' id='block_1_88' title="bbox 290 5165 1949 5239">
    <p class='ocr_par' dir='ltr' id='par_1_88' title="bbox 290 5165 1949 5239">
     <span class='ocr_line' id='line_1_88' title="bbox 290 5165 1949 5239; baseline 0 -17"><span class='ocrx_word' id='word_1_627' title='bbox 290 5166 446 5223; x_wconf 91' lang='lat' dir='ltr'><strong>sicut</strong></span> <span class='ocrx_word' id='word_1_628' title='bbox 489 5166 733 5223; x_wconf 89' lang='lat' dir='ltr'><strong>brevem</strong></span> <span class='ocrx_word' id='word_1_629' title='bbox 778 5170 835 5223; x_wconf 91' lang='lat' dir='ltr'><strong>et</strong></span> <span class='ocrx_word' id='word_1_630' title='bbox 885 5181 1137 5236; x_wconf 86' lang='lat' dir='ltr'><strong>egenam</strong></span> <span class='ocrx_word' id='word_1_631' title='bbox 1180 5165 1546 5239; x_wconf 88' lang='lat' dir='ltr'><strong>despiciunt:</strong></span> <span class='ocrx_word' id='word_1_632' title='bbox 1595 5172 1652 5223; x_wconf 90' lang='lat' dir='ltr'><strong>et</strong></span> <span class='ocrx_word' id='word_1_633' title='bbox 1686 5166 1820 5224; x_wconf 90' lang='lat' dir='ltr'><strong>licet</strong></span> <span class='ocrx_word' id='word_1_634' title='bbox 1874 5167 1949 5223; x_wconf 92' lang='lat' dir='ltr'><strong>de</strong></span> 
     </span>
    </p>
   </div>
   <div class='ocr_carea' id='block_1_89' title="bbox 292 5255 1949 5329">
    <p class='ocr_par' dir='ltr' id='par_1_89' title="bbox 292 5255 1949 5329">
     <span class='ocr_line' id='line_1_89' title="bbox 292 5255 1949 5329; baseline 0 -17"><span class='ocrx_word' id='word_1_635' title='bbox 292 5255 691 5329; x_wconf 71' lang='lat' dir='ltr'><strong>praesentibus</strong></span> <span class='ocrx_word' id='word_1_636' title='bbox 745 5256 1030 5313; x_wconf 67' lang='lat' dir='ltr'><strong>aerumnis</strong></span> <span class='ocrx_word' id='word_1_637' title='bbox 1084 5255 1346 5324; x_wconf 88' lang='lat' dir='ltr'><strong>doleant,</strong></span> <span class='ocrx_word' id='word_1_638' title='bbox 1393 5256 1686 5313; x_wconf 89' lang='lat' dir='ltr'><strong>intuentes</strong></span> <span class='ocrx_word' id='word_1_639' title='bbox 1750 5261 1949 5314; x_wconf 88' lang='lat' dir='ltr'><strong>tamen</strong></span> 
     </span>
    </p>
   </div>
   <div class='ocr_carea' id='block_1_90' title="bbox 292 5345 1954 5417">
    <p class='ocr_par' dir='ltr' id='par_1_90' title="bbox 292 5345 1954 5417">
     <span class='ocr_line' id='line_1_90' title="bbox 292 5345 1954 5417; baseline 0.002 -18"><span class='ocrx_word' id='word_1_640' title='bbox 292 5345 442 5417; x_wconf 88' lang='lat' dir='ltr'><strong>quid</strong></span> <span class='ocrx_word' id='word_1_641' title='bbox 493 5346 799 5402; x_wconf 86' lang='lat' dir='ltr'><strong>districtus</strong></span> <span class='ocrx_word' id='word_1_642' title='bbox 822 5346 1010 5417; x_wconf 80' lang='lat' dir='ltr'><strong>judex</strong></span> <span class='ocrx_word' id='word_1_643' title='bbox 1041 5346 1117 5402; x_wconf 91' lang='lat' dir='ltr'><strong>de</strong></span> <span class='ocrx_word' id='word_1_644' title='bbox 1154 5345 1350 5403; x_wconf 84' lang='lat' dir='ltr'><strong>futura</strong></span> <span class='ocrx_word' id='word_1_645' title='bbox 1383 5346 1658 5417; x_wconf 89' lang='lat' dir='ltr'><strong>gehenna</strong></span> <span class='ocrx_word' id='word_1_646' title='bbox 1686 5349 1954 5417; x_wconf 87' lang='lat' dir='ltr'><strong>peccato-</strong></span> 
     </span>
    </p>
   </div>
   <div class='ocr_carea' id='block_1_91' title="bbox 293 5434 1950 5508">
    <p class='ocr_par' dir='ltr' id='par_1_91' title="bbox 293 5434 1950 5508">
     <span class='ocr_line' id='line_1_91' title="bbox 293 5434 1950 5508; baseline 0.001 -19"><span class='ocrx_word' id='word_1_647' title='bbox 293 5434 463 5490; x_wconf 86' lang='lat' dir='ltr'><strong>ribus</strong></span> <span class='ocrx_word' id='word_1_648' title='bbox 497 5436 913 5505; x_wconf 89' lang='lat' dir='ltr'><strong>comminetur,</strong></span> <span class='ocrx_word' id='word_1_649' title='bbox 943 5437 1054 5493; x_wconf 88' lang='lat' dir='ltr'><strong>has</strong></span> <span class='ocrx_word' id='word_1_650' title='bbox 1103 5440 1266 5492; x_wconf 89' lang='lat' dir='ltr'><strong>tanto</strong></span> <span class='ocrx_word' id='word_1_651' title='bbox 1314 5435 1633 5508; x_wconf 86' lang='lat' dir='ltr'><strong>patientius</strong></span> <span class='ocrx_word' id='word_1_652' title='bbox 1678 5434 1950 5508; x_wconf 88' lang='lat' dir='ltr'><strong>tolerant,</strong></span> 
     </span>
    </p>
   </div>
   <div class='ocr_carea' id='block_1_92' title="bbox 294 5517 1958 5597">
    <p class='ocr_par' dir='ltr' id='par_1_92' title="bbox 294 5517 1958 5597">
     <span class='ocr_line' id='line_1_92' title="bbox 294 5517 1958 5597; baseline -0.001 -17"><span class='ocrx_word' id='word_1_653' title='bbox 294 5528 526 5597; x_wconf 88' lang='lat' dir='ltr'><strong>quanto</strong></span> <span class='ocrx_word' id='word_1_654' title='bbox 548 5529 686 5597; x_wconf 90' lang='lat' dir='ltr'><strong>post</strong></span> <span class='ocrx_word' id='word_1_655' title='bbox 714 5524 828 5582; x_wconf 89' lang='lat' dir='ltr'><strong>hoc</strong></span> <span class='ocrx_word' id='word_1_656' title='bbox 859 5517 1133 5581; x_wconf 69' lang='lat' dir='ltr'><strong>exsilium</strong></span> <span class='ocrx_word' id='word_1_657' title='bbox 1156 5528 1440 5582; x_wconf 70' lang='lat' dir='ltr'><strong>internum</strong></span> <span class='ocrx_word' id='word_1_658' title='bbox 1472 5523 1521 5579; x_wconf 85' lang='lat' dir='ltr'><strong>si</strong></span> <span class='ocrx_word' id='word_1_659' title='bbox 1546 5538 1958 5579; x_wconf 89' lang='lat' dir='ltr'><strong>murmurave-</strong></span> 
     </span>
    </p>
   </div>
   <div class='ocr_carea' id='block_1_93' title="bbox 292 5611 1953 5687">
    <p class='ocr_par' dir='ltr' id='par_1_93' title="bbox 292 5611 1953 5687">
     <span class='ocr_line' id='line_1_93' title="bbox 292 5611 1953 5687; baseline 0.001 -19"><span class='ocrx_word' id='word_1_660' title='bbox 292 5611 415 5669; x_wconf 83' lang='lat' dir='ltr'><strong>rint</strong></span> <span class='ocrx_word' id='word_1_661' title='bbox 443 5613 728 5687; x_wconf 82' lang='lat' dir='ltr'><strong>subsequi</strong></span> <span class='ocrx_word' id='word_1_662' title='bbox 759 5618 1015 5671; x_wconf 88' lang='lat' dir='ltr'><strong>mortem</strong></span> <span class='ocrx_word' id='word_1_663' title='bbox 1040 5619 1462 5686; x_wconf 84' lang='lat' dir='ltr'><strong>expavescunt.</strong></span> <span class='ocrx_word' id='word_1_664' title='bbox 1503 5615 1581 5670; x_wconf 90' lang='lat' dir='ltr'><strong>De</strong></span> <span class='ocrx_word' id='word_1_665' title='bbox 1609 5611 1785 5670; x_wconf 91' lang='lat' dir='ltr'><strong>bonis</strong></span> <span class='ocrx_word' id='word_1_666' title='bbox 1811 5628 1953 5669; x_wconf 91' lang='lat' dir='ltr'><strong>vero</strong></span> 
     </span>
    </p>
   </div>
   <div class='ocr_carea' id='block_1_94' title="bbox 2043 3032 3695 3110">
    <p class='ocr_par' dir='ltr' id='par_1_94' title="bbox 2043 3032 3695 3110">
     <span class='ocr_line' id='line_1_94' title="bbox 2043 3032 3695 3110; baseline 0.01 -27"><span class='ocrx_word' id='word_1_667' title='bbox 2043 3044 2225 3101; x_wconf 85' lang='lat' dir='ltr'><strong>pcena</strong></span> <span class='ocrx_word' id='word_1_668' title='bbox 2254 3032 2578 3102; x_wconf 89' lang='lat' dir='ltr'><strong>cognoscit,</strong></span> <span class='ocrx_word' id='word_1_669' title='bbox 2610 3049 2745 3106; x_wconf 69' lang='lat' dir='ltr'><strong>quas</strong></span> <span class='ocrx_word' id='word_1_670' title='bbox 2771 3049 2896 3091; x_wconf 95' lang='lat' dir='ltr'><strong>non</strong></span> <span class='ocrx_word' id='word_1_671' title='bbox 2924 3037 3411 3110; x_wconf 89' lang='lat' dir='ltr'><strong>resipiscentibus</strong></span> <span class='ocrx_word' id='word_1_672' title='bbox 3442 3043 3695 3099; x_wconf 89' lang='lat' dir='ltr'><strong>commi-</strong></span> 
     </span>
    </p>
   </div>
   <div class='ocr_carea' id='block_1_95' title="bbox 2043 3119 3698 3197">
    <p class='ocr_par' dir='ltr' id='par_1_95' title="bbox 2043 3119 3698 3197">
     <span class='ocr_line' id='line_1_95' title="bbox 2043 3119 3698 3197; baseline 0.009 -24"><span class='ocrx_word' id='word_1_673' title='bbox 2043 3122 2239 3186; x_wconf 90' lang='lat' dir='ltr'><strong>natur,</strong></span> <span class='ocrx_word' id='word_1_674' title='bbox 2274 3124 2330 3176; x_wconf 91' lang='lat' dir='ltr'><strong>et</strong></span> <span class='ocrx_word' id='word_1_675' title='bbox 2372 3119 2593 3177; x_wconf 88' lang='lat' dir='ltr'><strong>idcirco</strong></span> <span class='ocrx_word' id='word_1_676' title='bbox 2644 3122 2951 3196; x_wconf 89' lang='lat' dir='ltr'><strong>superbire</strong></span> <span class='ocrx_word' id='word_1_677' title='bbox 2995 3126 3124 3197; x_wconf 88' lang='lat' dir='ltr'><strong>jam</strong></span> <span class='ocrx_word' id='word_1_678' title='bbox 3162 3142 3288 3183; x_wconf 91' lang='lat' dir='ltr'><strong>non</strong></span> <span class='ocrx_word' id='word_1_679' title='bbox 3335 3128 3536 3197; x_wconf 83' lang='lat' dir='ltr'><strong>audet,</strong></span> <span class='ocrx_word' id='word_1_680' title='bbox 3586 3147 3698 3187; x_wconf 90' lang='lat' dir='ltr'><strong>nec</strong></span> 
     </span>
    </p>
   </div>
   <div class='ocr_carea' id='block_1_96' title="bbox 2044 3206 3697 3275">
    <p class='ocr_par' dir='ltr' id='par_1_96' title="bbox 2044 3206 3697 3275">
     <span class='ocr_line' id='line_1_96' title="bbox 2044 3206 3697 3275; baseline 0.008 -13"><span class='ocrx_word' id='word_1_681' title='bbox 2044 3206 2232 3263; x_wconf 89' lang='lat' dir='ltr'><strong>turbis</strong></span> <span class='ocrx_word' id='word_1_682' title='bbox 2264 3208 2593 3266; x_wconf 87' lang='lat' dir='ltr'><strong>carnalium</strong></span> <span class='ocrx_word' id='word_1_683' title='bbox 2628 3209 3066 3270; x_wconf 87' lang='lat' dir='ltr'><strong>desideriorum</strong></span> <span class='ocrx_word' id='word_1_684' title='bbox 3111 3230 3239 3271; x_wconf 90' lang='lat' dir='ltr'><strong>sese</strong></span> <span class='ocrx_word' id='word_1_685' title='bbox 3288 3218 3555 3274; x_wconf 91' lang='lat' dir='ltr'><strong>miscere.</strong></span> <span class='ocrx_word' id='word_1_686' title='bbox 3586 3220 3697 3275; x_wconf 86' lang='lat' dir='ltr'><strong>Job</strong></span> 
     </span>
    </p>
   </div>
   <div class='ocr_carea' id='block_1_97' title="bbox 2044 3299 3697 3379">
    <p class='ocr_par' dir='ltr' id='par_1_97' title="bbox 2044 3299 3697 3379">
     <span class='ocr_line' id='line_1_97' title="bbox 2044 3299 3697 3379; baseline 0.009 -28"><span class='ocrx_word' id='word_1_687' title='bbox 2044 3302 2287 3371; x_wconf 88' lang='lat' dir='ltr'><strong>propter</strong></span> <span class='ocrx_word' id='word_1_688' title='bbox 2302 3299 2613 3371; x_wconf 76' lang='lat' dir='ltr'><strong>praesentis</strong></span> <span class='ocrx_word' id='word_1_689' title='bbox 2630 3315 2824 3373; x_wconf 87' lang='lat' dir='ltr'><strong>angus</strong></span> <span class='ocrx_word' id='word_1_690' title='bbox 2833 3302 2923 3358; x_wconf 78' lang='lat' dir='ltr'><strong>tiae</strong></span> <span class='ocrx_word' id='word_1_691' title='bbox 2945 3304 3298 3377; x_wconf 90' lang='lat' dir='ltr'><strong>punctiones</strong></span> <span class='ocrx_word' id='word_1_692' title='bbox 3318 3305 3488 3364; x_wconf 89' lang='lat' dir='ltr'><strong>dicit:</strong></span> <span class='ocrx_word' id='word_1_693' title='bbox 3508 3308 3697 3379; x_wconf 87' lang='lat' dir='ltr'><strong>Sagit-</strong></span> 
     </span>
    </p>
   </div>
   <div class='ocr_carea' id='block_1_98' title="bbox 2045 3386 3699 3468">
    <p class='ocr_par' dir='ltr' id='par_1_98' title="bbox 2045 3386 3699 3468">
     <span class='ocr_line' id='line_1_98' title="bbox 2045 3386 3699 3468; baseline 0.008 -27"><span class='ocrx_word' id='word_1_694' title='bbox 2045 3390 2115 3442; x_wconf 74' lang='lat' dir='ltr'><strong>tae</strong></span> <span class='ocrx_word' id='word_1_695' title='bbox 2164 3386 2413 3467; x_wconf 76' lang='lat' dir='ltr'><strong>Domini</strong></span> <span class='ocrx_word' id='word_1_696' title='bbox 2441 3387 2503 3443; x_wconf 92' lang='lat' dir='ltr'><strong>in</strong></span> <span class='ocrx_word' id='word_1_697' title='bbox 2548 3404 2645 3445; x_wconf 92' lang='lat' dir='ltr'><strong>me</strong></span> <span class='ocrx_word' id='word_1_698' title='bbox 2697 3393 2854 3457; x_wconf 89' lang='lat' dir='ltr'><strong>sunt,</strong></span> <span class='ocrx_word' id='word_1_699' title='bbox 2895 3396 3139 3465; x_wconf 90' lang='lat' dir='ltr'><strong>propter</strong></span> <span class='ocrx_word' id='word_1_700' title='bbox 3184 3399 3499 3468; x_wconf 91' lang='lat' dir='ltr'><strong>sequentes</strong></span> <span class='ocrx_word' id='word_1_701' title='bbox 3556 3412 3699 3454; x_wconf 90' lang='lat' dir='ltr'><strong>vero</strong></span> 
     </span>
    </p>
   </div>
   <div class='ocr_carea' id='block_1_99' title="bbox 2047 3474 3699 3555">
    <p class='ocr_par' dir='ltr' id='par_1_99' title="bbox 2047 3474 3699 3555">
     <span class='ocr_line' id='line_1_99' title="bbox 2047 3474 3699 3555; baseline 0.008 -27"><span class='ocrx_word' id='word_1_702' title='bbox 2047 3474 2337 3531; x_wconf 85' lang='lat' dir='ltr'><strong>subinfert</strong></span> <span class='ocrx_word' id='word_1_703' title='bbox 2372 3492 2384 3529; x_wconf 90' lang='lat'>:</span> <span class='ocrx_word' id='word_1_704' title='bbox 2419 3477 2695 3534; x_wconf 78' lang='lat' dir='ltr'><strong>Terrores</strong></span> <span class='ocrx_word' id='word_1_705' title='bbox 2721 3480 2849 3549; x_wconf 86' lang='lat' dir='ltr'><strong>ejus</strong></span> <span class='ocrx_word' id='word_1_706' title='bbox 2880 3481 3147 3538; x_wconf 85' lang='lat' dir='ltr'><strong>militant</strong></span> <span class='ocrx_word' id='word_1_707' title='bbox 3192 3489 3406 3541; x_wconf 83' lang='lat' dir='ltr'><strong>contra</strong></span> <span class='ocrx_word' id='word_1_708' title='bbox 3446 3501 3539 3541; x_wconf 88' lang='lat' dir='ltr'><strong>me</strong></span> <span class='ocrx_word' id='word_1_709' title='bbox 3566 3485 3699 3555; x_wconf 87' lang='lat' dir='ltr'><strong>(Job</strong></span> 
     </span>
    </p>
   </div>
   <div class='ocr_carea' id='block_1_100' title="bbox 2046 3565 3701 3647">
    <p class='ocr_par' dir='ltr' id='par_1_100' title="bbox 2046 3565 3701 3647">
     <span class='ocr_line' id='line_1_100' title="bbox 2046 3565 3701 3647; baseline 0.009 -30"><span class='ocrx_word' id='word_1_710' title='bbox 2046 3581 2120 3633; x_wconf 72' lang='lat' dir='ltr'><strong>vr,</strong></span> <span class='ocrx_word' id='word_1_711' title='bbox 2154 3568 2227 3635; x_wconf 75' lang='grc'><strong>4).</strong></span> <span class='ocrx_word' id='word_1_712' title='bbox 2278 3565 2422 3622; x_wconf 84' lang='lat' dir='ltr'><strong>Hinc</strong></span> <span class='ocrx_word' id='word_1_713' title='bbox 2470 3566 2785 3624; x_wconf 87' lang='lat' dir='ltr'><strong>Psalmista</strong></span> <span class='ocrx_word' id='word_1_714' title='bbox 2815 3572 3057 3642; x_wconf 88' lang='lat' dir='ltr'><strong>propter</strong></span> <span class='ocrx_word' id='word_1_715' title='bbox 3087 3575 3407 3647; x_wconf 86' lang='lat' dir='ltr'><strong>utrumque</strong></span> <span class='ocrx_word' id='word_1_716' title='bbox 3439 3591 3452 3631; x_wconf 89' lang='lat'>:</span> <span class='ocrx_word' id='word_1_717' title='bbox 3485 3575 3557 3631; x_wconf 84' lang='lat' dir='ltr'><strong>In</strong></span> <span class='ocrx_word' id='word_1_718' title='bbox 3587 3591 3701 3647; x_wconf 88' lang='lat' dir='ltr'><strong>me,</strong></span> 
     </span>
    </p>
   </div>
   <div class='ocr_carea' id='block_1_101' title="bbox 2045 3654 3703 3727">
    <p class='ocr_par' dir='ltr' id='par_1_101' title="bbox 2045 3654 3703 3727">
     <span class='ocr_line' id='line_1_101' title="bbox 2045 3654 3703 3727; baseline 0.008 -18"><span class='ocrx_word' id='word_1_719' title='bbox 2045 3654 2257 3727; x_wconf 88' lang='lat' dir='ltr'><strong>inquit,</strong></span> <span class='ocrx_word' id='word_1_720' title='bbox 2293 3657 2668 3713; x_wconf 79' lang='lat' dir='ltr'><strong>transierunt</strong></span> <span class='ocrx_word' id='word_1_721' title='bbox 2698 3659 2807 3717; x_wconf 67' lang='grc' dir='ltr'><em>έναι</em></span> <span class='ocrx_word' id='word_1_722' title='bbox 2851 3666 2986 3726; x_wconf 52' lang='lat' dir='ltr'><strong>tuan</strong></span> <span class='ocrx_word' id='word_1_723' title='bbox 3035 3669 3088 3718; x_wconf 91' lang='lat' dir='ltr'><strong>et</strong></span> <span class='ocrx_word' id='word_1_724' title='bbox 3138 3668 3393 3720; x_wconf 80' lang='lat' dir='ltr'><strong>terrores</strong></span> <span class='ocrx_word' id='word_1_725' title='bbox 3443 3666 3533 3720; x_wconf 90' lang='lat' dir='ltr'><strong>tui</strong></span> <span class='ocrx_word' id='word_1_726' title='bbox 3569 3682 3703 3722; x_wconf 86' lang='lat' dir='ltr'><strong>con-</strong></span> 
     </span>
    </p>
   </div>
   <div class='ocr_carea' id='block_1_102' title="bbox 2049 3743 3701 3822">
    <p class='ocr_par' dir='ltr' id='par_1_102' title="bbox 2049 3743 3701 3822">
     <span class='ocr_line' id='line_1_102' title="bbox 2049 3743 3701 3822; baseline 0.006 -22"><span class='ocrx_word' id='word_1_727' title='bbox 2049 3743 2444 3802; x_wconf 81' lang='lat' dir='ltr'><strong>turbaverunt</strong></span> <span class='ocrx_word' id='word_1_728' title='bbox 2475 3762 2564 3802; x_wconf 87' lang='lat' dir='ltr'><strong>me</strong></span> <span class='ocrx_word' id='word_1_729' title='bbox 2602 3748 2793 3817; x_wconf 81' lang='lat' dir='ltr'><strong>(Psal.</strong></span> <span class='ocrx_word' id='word_1_730' title='bbox 2827 3765 3078 3819; x_wconf 76' lang='lat' dir='ltr'><strong>Lxxxvu,</strong></span> <span class='ocrx_word' id='word_1_731' title='bbox 3116 3752 3221 3822; x_wconf 78' lang='lat' dir='ltr'><strong>t7).</strong></span> <span class='ocrx_word' id='word_1_732' title='bbox 3266 3751 3437 3819; x_wconf 88' lang='lat' dir='ltr'><strong>Quod</strong></span> <span class='ocrx_word' id='word_1_733' title='bbox 3480 3753 3701 3810; x_wconf 89' lang='lat' dir='ltr'><strong>idcirco</strong></span> 
     </span>
    </p>
   </div>
   <div class='ocr_carea' id='block_1_103' title="bbox 2047 3831 3700 3913">
    <p class='ocr_par' dir='ltr' id='par_1_103' title="bbox 2047 3831 3700 3913">
     <span class='ocr_line' id='line_1_103' title="bbox 2047 3831 3700 3913; baseline 0.006 -25"><span class='ocrx_word' id='word_1_734' title='bbox 2047 3831 2282 3903; x_wconf 88' lang='lat' dir='ltr'><strong>dicitur,</strong></span> <span class='ocrx_word' id='word_1_735' title='bbox 2329 3833 2474 3905; x_wconf 89' lang='lat' dir='ltr'><strong>quia</strong></span> <span class='ocrx_word' id='word_1_736' title='bbox 2509 3834 2638 3905; x_wconf 89' lang='lat' dir='ltr'><strong>jam</strong></span> <span class='ocrx_word' id='word_1_737' title='bbox 2686 3834 2850 3891; x_wconf 85' lang='lat' dir='ltr'><strong>aliud</strong></span> <span class='ocrx_word' id='word_1_738' title='bbox 2880 3837 2955 3892; x_wconf 91' lang='lat' dir='ltr'><strong>de</strong></span> <span class='ocrx_word' id='word_1_739' title='bbox 3001 3837 3389 3896; x_wconf 86' lang='lat' dir='ltr'><strong>damnatione</strong></span> <span class='ocrx_word' id='word_1_740' title='bbox 3418 3841 3700 3913; x_wconf 89' lang='lat' dir='ltr'><strong>patimur,</strong></span> 
     </span>
    </p>
   </div>
   <div class='ocr_carea' id='block_1_104' title="bbox 2047 3918 3704 4001">
    <p class='ocr_par' dir='ltr' id='par_1_104' title="bbox 2047 3918 3704 4001">
     <span class='ocr_line' id='line_1_104' title="bbox 2047 3918 3704 4001; baseline 0.007 -27"><span class='ocrx_word' id='word_1_741' title='bbox 2047 3918 2107 3975; x_wconf 93' lang='lat' dir='ltr'><strong>id</strong></span> <span class='ocrx_word' id='word_1_742' title='bbox 2139 3923 2224 3976; x_wconf 88' lang='lat' dir='ltr'><strong>est</strong></span> <span class='ocrx_word' id='word_1_743' title='bbox 2252 3921 2372 3977; x_wconf 89' lang='lat' dir='ltr'><strong>iras</strong></span> <span class='ocrx_word' id='word_1_744' title='bbox 2418 3920 2687 3993; x_wconf 91' lang='lat' dir='ltr'><strong>quidem,</strong></span> <span class='ocrx_word' id='word_1_745' title='bbox 2722 3921 2828 3978; x_wconf 90' lang='lat' dir='ltr'><strong>sed</strong></span> <span class='ocrx_word' id='word_1_746' title='bbox 2877 3928 3077 3979; x_wconf 87' lang='lat' dir='ltr'><strong>tamen</strong></span> <span class='ocrx_word' id='word_1_747' title='bbox 3127 3930 3522 4000; x_wconf 91' lang='lat' dir='ltr'><strong>transeuntes,</strong></span> <span class='ocrx_word' id='word_1_748' title='bbox 3554 3944 3704 4001; x_wconf 90' lang='lat' dir='ltr'><strong>quo-</strong></span> 
     </span>
    </p>
   </div>
   <div class='ocr_carea' id='block_1_105' title="bbox 2047 4007 3703 4085">
    <p class='ocr_par' dir='ltr' id='par_1_105' title="bbox 2047 4007 3703 4085">
     <span class='ocr_line' id='line_1_105' title="bbox 2047 4007 3703 4085; baseline 0.005 -23"><span class='ocrx_word' id='word_1_749' title='bbox 2047 4007 2214 4063; x_wconf 89' lang='lat' dir='ltr'><strong>niam</strong></span> <span class='ocrx_word' id='word_1_750' title='bbox 2257 4007 2353 4063; x_wconf 92' lang='lat' dir='ltr'><strong>isti</strong></span> <span class='ocrx_word' id='word_1_751' title='bbox 2400 4007 2638 4065; x_wconf 91' lang='lat' dir='ltr'><strong>dolores</strong></span> <span class='ocrx_word' id='word_1_752' title='bbox 2669 4010 2783 4066; x_wconf 89' lang='lat' dir='ltr'><strong>cito</strong></span> <span class='ocrx_word' id='word_1_753' title='bbox 2831 4011 3138 4068; x_wconf 86' lang='lat' dir='ltr'><strong>ﬁniuntur.</strong></span> <span class='ocrx_word' id='word_1_754' title='bbox 3174 4013 3288 4069; x_wconf 92' lang='lat' dir='ltr'><strong>Sed</strong></span> <span class='ocrx_word' id='word_1_755' title='bbox 3316 4015 3432 4069; x_wconf 92' lang='lat' dir='ltr'><strong>hoc</strong></span> <span class='ocrx_word' id='word_1_756' title='bbox 3471 4015 3538 4071; x_wconf 83' lang='lat' dir='ltr'><strong>fit</strong></span> <span class='ocrx_word' id='word_1_757' title='bbox 3567 4030 3703 4085; x_wconf 89' lang='lat' dir='ltr'><strong>gra-</strong></span> 
     </span>
    </p>
   </div>
   <div class='ocr_carea' id='block_1_106' title="bbox 2050 4094 3706 4174">
    <p class='ocr_par' dir='ltr' id='par_1_106' title="bbox 2050 4094 3706 4174">
     <span class='ocr_line' id='line_1_106' title="bbox 2050 4094 3706 4174; baseline 0.006 -25"><span class='ocrx_word' id='word_1_758' title='bbox 2050 4096 2205 4165; x_wconf 89' lang='lat' dir='ltr'><strong>vius,</strong></span> <span class='ocrx_word' id='word_1_759' title='bbox 2256 4094 2418 4167; x_wconf 91' lang='lat' dir='ltr'><strong>quod</strong></span> <span class='ocrx_word' id='word_1_760' title='bbox 2460 4095 2612 4153; x_wconf 88' lang='lat' dir='ltr'><strong>inter</strong></span> <span class='ocrx_word' id='word_1_761' title='bbox 2661 4096 2898 4154; x_wconf 90' lang='lat' dir='ltr'><strong>dolores</strong></span> <span class='ocrx_word' id='word_1_762' title='bbox 2947 4099 3090 4156; x_wconf 86' lang='lat' dir='ltr'><strong>istos</strong></span> <span class='ocrx_word' id='word_1_763' title='bbox 3140 4105 3362 4157; x_wconf 73' lang='lat' dir='ltr'><strong>aeterna</strong></span> <span class='ocrx_word' id='word_1_764' title='bbox 3408 4102 3706 4174; x_wconf 90' lang='lat' dir='ltr'><strong>supplicia</strong></span> 
     </span>
    </p>
   </div>
   <div class='ocr_carea' id='block_1_107' title="bbox 2049 4184 3705 4258">
    <p class='ocr_par' dir='ltr' id='par_1_107' title="bbox 2049 4184 3705 4258">
     <span class='ocr_line' id='line_1_107' title="bbox 2049 4184 3705 4258; baseline 0.004 -20"><span class='ocrx_word' id='word_1_765' title='bbox 2049 4199 2186 4256; x_wconf 73' lang='lat' dir='ltr'><strong>quae</strong></span> <span class='ocrx_word' id='word_1_766' title='bbox 2232 4184 2654 4253; x_wconf 90' lang='lat' dir='ltr'><strong>comminatur,</strong></span> <span class='ocrx_word' id='word_1_767' title='bbox 2705 4202 2965 4258; x_wconf 88' lang='lat' dir='ltr'><strong>quorum</strong></span> <span class='ocrx_word' id='word_1_768' title='bbox 3021 4192 3273 4245; x_wconf 90' lang='lat' dir='ltr'><strong>terrores</strong></span> <span class='ocrx_word' id='word_1_769' title='bbox 3328 4189 3537 4247; x_wconf 90' lang='lat' dir='ltr'><strong>merito</strong></span> <span class='ocrx_word' id='word_1_770' title='bbox 3592 4205 3705 4246; x_wconf 91' lang='lat' dir='ltr'><strong>nos</strong></span> 
     </span>
    </p>
   </div>
   <div class='ocr_carea' id='block_1_108' title="bbox 2050 4272 3703 4353">
    <p class='ocr_par' dir='ltr' id='par_1_108' title="bbox 2050 4272 3703 4353">
     <span class='ocr_line' id='line_1_108' title="bbox 2050 4272 3703 4353; baseline 0.005 -25"><span class='ocrx_word' id='word_1_771' title='bbox 2050 4272 2431 4345; x_wconf 85' lang='lat' dir='ltr'><strong>conturbant,</strong></span> <span class='ocrx_word' id='word_1_772' title='bbox 2462 4273 2877 4332; x_wconf 86' lang='lat' dir='ltr'><strong>formidamus.</strong></span> <span class='ocrx_word' id='word_1_773' title='bbox 2912 4278 3100 4334; x_wconf 89' lang='lat' dir='ltr'><strong>Omne</strong></span> <span class='ocrx_word' id='word_1_774' title='bbox 3146 4278 3324 4350; x_wconf 91' lang='lat' dir='ltr'><strong>igitur</strong></span> <span class='ocrx_word' id='word_1_775' title='bbox 3375 4278 3540 4353; x_wconf 86' lang='lat' dir='ltr'><strong>quod</strong></span> <span class='ocrx_word' id='word_1_776' title='bbox 3571 4295 3703 4353; x_wconf 91' lang='lat' dir='ltr'><strong>per-</strong></span> 
     </span>
    </p>
   </div>
   <div class='ocr_carea' id='block_1_109' title="bbox 2050 4356 3707 4436">
    <p class='ocr_par' dir='ltr' id='par_1_109' title="bbox 2050 4356 3707 4436">
     <span class='ocr_line' id='line_1_109' title="bbox 2050 4356 3707 4436; baseline 0.005 -19"><span class='ocrx_word' id='word_1_777' title='bbox 2050 4362 2234 4419; x_wconf 87' lang='lat' dir='ltr'><strong>fectos</strong></span> <span class='ocrx_word' id='word_1_778' title='bbox 2278 4356 2576 4436; x_wconf 89' lang='lat' dir='ltr'><strong>quoslibet</strong></span> <span class='ocrx_word' id='word_1_779' title='bbox 2628 4365 2788 4421; x_wconf 91' lang='lat' dir='ltr'><strong>viros</strong></span> <span class='ocrx_word' id='word_1_780' title='bbox 2838 4364 3064 4435; x_wconf 80' lang='lat' dir='ltr'><strong>afﬂigit,</strong></span> <span class='ocrx_word' id='word_1_781' title='bbox 3094 4371 3259 4424; x_wconf 88' lang='lat' dir='ltr'><strong>tanto</strong></span> <span class='ocrx_word' id='word_1_782' title='bbox 3308 4368 3507 4424; x_wconf 91' lang='lat' dir='ltr'><strong>minus</strong></span> <span class='ocrx_word' id='word_1_783' title='bbox 3553 4368 3707 4425; x_wconf 87' lang='lat' dir='ltr'><strong>refu-</strong></span> 
     </span>
    </p>
   </div>
   <div class='ocr_carea' id='block_1_110' title="bbox 2052 4453 3704 4531">
    <p class='ocr_par' dir='ltr' id='par_1_110' title="bbox 2052 4453 3704 4531">
     <span class='ocr_line' id='line_1_110' title="bbox 2052 4453 3704 4531; baseline 0.004 -24"><span class='ocrx_word' id='word_1_784' title='bbox 2052 4453 2239 4525; x_wconf 88' lang='lat' dir='ltr'><strong>giunt,</strong></span> <span class='ocrx_word' id='word_1_785' title='bbox 2272 4458 2500 4527; x_wconf 88' lang='lat' dir='ltr'><strong>quanto</strong></span> <span class='ocrx_word' id='word_1_786' title='bbox 2547 4454 2606 4510; x_wconf 89' lang='lat' dir='ltr'><strong>id</strong></span> <span class='ocrx_word' id='word_1_787' title='bbox 2638 4454 2952 4528; x_wconf 88' lang='lat' dir='ltr'><strong>culparum</strong></span> <span class='ocrx_word' id='word_1_788' title='bbox 3000 4472 3248 4514; x_wconf 88' lang='lat' dir='ltr'><strong>suarum</strong></span> <span class='ocrx_word' id='word_1_789' title='bbox 3302 4458 3704 4531; x_wconf 84' lang='lat' dir='ltr'><strong>expiationem</strong></span> 
     </span>
    </p>
   </div>
   <div class='ocr_carea' id='block_1_111' title="bbox 2052 4542 3705 4620">
    <p class='ocr_par' dir='ltr' id='par_1_111' title="bbox 2052 4542 3705 4620">
     <span class='ocr_line' id='line_1_111' title="bbox 2052 4542 3705 4620; baseline 0.001 -19"><span class='ocrx_word' id='word_1_790' title='bbox 2052 4542 2319 4601; x_wconf 89' lang='lat' dir='ltr'><strong>credunt.</strong></span> <span class='ocrx_word' id='word_1_791' title='bbox 2353 4546 2419 4602; x_wconf 89' lang='lat' dir='ltr'><strong>Et</strong></span> <span class='ocrx_word' id='word_1_792' title='bbox 2448 4559 2627 4602; x_wconf 87' lang='lat' dir='ltr'><strong>omne</strong></span> <span class='ocrx_word' id='word_1_793' title='bbox 2668 4543 2834 4618; x_wconf 87' lang='lat' dir='ltr'><strong>quod</strong></span> <span class='ocrx_word' id='word_1_794' title='bbox 2865 4546 3143 4618; x_wconf 68' lang='lat' dir='ltr'><strong>praeterit,</strong></span> <span class='ocrx_word' id='word_1_795' title='bbox 3185 4546 3318 4604; x_wconf 90' lang='lat' dir='ltr'><strong>licet</strong></span> <span class='ocrx_word' id='word_1_796' title='bbox 3347 4562 3705 4620; x_wconf 90' lang='lat' dir='ltr'><strong>prosperum</strong></span> 
     </span>
    </p>
   </div>
   <div class='ocr_carea' id='block_1_112' title="bbox 2053 4633 3707 4708">
    <p class='ocr_par' dir='ltr' id='par_1_112' title="bbox 2053 4633 3707 4708">
     <span class='ocr_line' id='line_1_112' title="bbox 2053 4633 3707 4708; baseline 0.001 -20"><span class='ocrx_word' id='word_1_797' title='bbox 2053 4634 2144 4704; x_wconf 90' lang='lat' dir='ltr'><strong>sit,</strong></span> <span class='ocrx_word' id='word_1_798' title='bbox 2180 4639 2341 4692; x_wconf 88' lang='lat' dir='ltr'><strong>tanto</strong></span> <span class='ocrx_word' id='word_1_799' title='bbox 2374 4633 2649 4692; x_wconf 88' lang='lat' dir='ltr'><strong>sensibus</strong></span> <span class='ocrx_word' id='word_1_800' title='bbox 2681 4650 2890 4691; x_wconf 88' lang='lat' dir='ltr'><strong>eorum</strong></span> <span class='ocrx_word' id='word_1_801' title='bbox 2915 4634 3157 4703; x_wconf 88' lang='lat' dir='ltr'><strong>vilescit,</strong></span> <span class='ocrx_word' id='word_1_802' title='bbox 3191 4640 3418 4708; x_wconf 87' lang='lat' dir='ltr'><strong>quanto</strong></span> <span class='ocrx_word' id='word_1_803' title='bbox 3467 4637 3523 4692; x_wconf 91' lang='lat' dir='ltr'><strong>et</strong></span> <span class='ocrx_word' id='word_1_804' title='bbox 3551 4639 3707 4691; x_wconf 90' lang='lat' dir='ltr'><strong>tran-</strong></span> 
     </span>
    </p>
   </div>
   <div class='ocr_carea' id='block_1_113' title="bbox 2052 4720 3707 4796">
    <p class='ocr_par' dir='ltr' id='par_1_113' title="bbox 2052 4720 3707 4796">
     <span class='ocr_line' id='line_1_113' title="bbox 2052 4720 3707 4796; baseline 0.001 -19"><span class='ocrx_word' id='word_1_805' title='bbox 2052 4722 2321 4779; x_wconf 87' lang='lat' dir='ltr'><strong>sitorium</strong></span> <span class='ocrx_word' id='word_1_806' title='bbox 2352 4726 2457 4791; x_wconf 86' lang='lat' dir='ltr'><strong>est,</strong></span> <span class='ocrx_word' id='word_1_807' title='bbox 2489 4726 2545 4778; x_wconf 89' lang='lat' dir='ltr'><strong>et</strong></span> <span class='ocrx_word' id='word_1_808' title='bbox 2574 4722 2688 4796; x_wconf 90' lang='lat' dir='ltr'><strong>ipsi</strong></span> <span class='ocrx_word' id='word_1_809' title='bbox 2717 4721 2797 4779; x_wconf 90' lang='lat' dir='ltr'><strong>ad</strong></span> <span class='ocrx_word' id='word_1_810' title='bbox 2829 4720 2993 4778; x_wconf 90' lang='lat' dir='ltr'><strong>aliud</strong></span> <span class='ocrx_word' id='word_1_811' title='bbox 3024 4722 3293 4794; x_wconf 72' lang='lat' dir='ltr'><strong>tendlmt,</strong></span> <span class='ocrx_word' id='word_1_812' title='bbox 3325 4721 3492 4795; x_wconf 91' lang='lat' dir='ltr'><strong>quod</strong></span> <span class='ocrx_word' id='word_1_813' title='bbox 3522 4721 3707 4779; x_wconf 89' lang='lat' dir='ltr'><strong>semel</strong></span> 
     </span>
    </p>
   </div>
   <div class='ocr_carea' id='block_1_114' title="bbox 2054 4811 3708 4885">
    <p class='ocr_par' dir='ltr' id='par_1_114' title="bbox 2054 4811 3708 4885">
     <span class='ocr_line' id='line_1_114' title="bbox 2054 4811 3708 4885; baseline 0 -16"><span class='ocrx_word' id='word_1_814' title='bbox 2054 4812 2340 4885; x_wconf 82' lang='lat' dir='ltr'><strong>adeptum</strong></span> <span class='ocrx_word' id='word_1_815' title='bbox 2371 4826 2687 4884; x_wconf 87' lang='lat' dir='ltr'><strong>nunquam</strong></span> <span class='ocrx_word' id='word_1_816' title='bbox 2703 4811 3007 4869; x_wconf 90' lang='lat' dir='ltr'><strong>amittitur.</strong></span> <span class='ocrx_word' id='word_1_817' title='bbox 3036 4814 3197 4868; x_wconf 87' lang='lat' dir='ltr'><strong>Bona</strong></span> <span class='ocrx_word' id='word_1_818' title='bbox 3216 4812 3395 4882; x_wconf 88' lang='lat' dir='ltr'><strong>igitur</strong></span> <span class='ocrx_word' id='word_1_819' title='bbox 3416 4812 3515 4868; x_wconf 90' lang='lat' dir='ltr'><strong>hic</strong></span> <span class='ocrx_word' id='word_1_820' title='bbox 3543 4812 3708 4870; x_wconf 88' lang='lat' dir='ltr'><strong>obla-</strong></span> 
     </span>
    </p>
   </div>
   <div class='ocr_carea' id='block_1_115' title="bbox 2055 4897 3707 4972">
    <p class='ocr_par' dir='ltr' id='par_1_115' title="bbox 2055 4897 3707 4972">
     <span class='ocr_line' id='line_1_115' title="bbox 2055 4897 3707 4972; baseline 0.001 -16"><span class='ocrx_word' id='word_1_821' title='bbox 2055 4905 2133 4967; x_wconf 89' lang='lat' dir='ltr'><strong>ta,</strong></span> <span class='ocrx_word' id='word_1_822' title='bbox 2154 4915 2262 4955; x_wconf 89' lang='lat' dir='ltr'><strong>nec</strong></span> <span class='ocrx_word' id='word_1_823' title='bbox 2283 4915 2391 4972; x_wconf 90' lang='lat' dir='ltr'><strong>pro</strong></span> <span class='ocrx_word' id='word_1_824' title='bbox 2417 4913 2642 4969; x_wconf 90' lang='lat' dir='ltr'><strong>magno</strong></span> <span class='ocrx_word' id='word_1_825' title='bbox 2661 4897 3016 4971; x_wconf 88' lang='lat' dir='ltr'><strong>suscipiunt,</strong></span> <span class='ocrx_word' id='word_1_826' title='bbox 3040 4914 3149 4955; x_wconf 92' lang='lat' dir='ltr'><strong>nec</strong></span> <span class='ocrx_word' id='word_1_827' title='bbox 3168 4898 3331 4957; x_wconf 90' lang='lat' dir='ltr'><strong>illata</strong></span> <span class='ocrx_word' id='word_1_828' title='bbox 3348 4899 3512 4958; x_wconf 90' lang='lat' dir='ltr'><strong>mala</strong></span> <span class='ocrx_word' id='word_1_829' title='bbox 3530 4899 3707 4957; x_wconf 89' lang='lat' dir='ltr'><strong>valde</strong></span> 
     </span>
    </p>
   </div>
   <div class='ocr_carea' id='block_1_116' title="bbox 2056 4986 3710 5063">
    <p class='ocr_par' dir='ltr' id='par_1_116' title="bbox 2056 4986 3710 5063">
     <span class='ocr_line' id='line_1_116' title="bbox 2056 4986 3710 5063; baseline 0 -18"><span class='ocrx_word' id='word_1_830' title='bbox 2056 4989 2503 5063; x_wconf 89' lang='lat' dir='ltr'><strong>pertimescunt.</strong></span> <span class='ocrx_word' id='word_1_831' title='bbox 2531 4986 2619 5045; x_wconf 90' lang='lat' dir='ltr'><strong>Sic</strong></span> <span class='ocrx_word' id='word_1_832' title='bbox 2642 4991 2891 5045; x_wconf 88' lang='lat' dir='ltr'><strong>utuntur</strong></span> <span class='ocrx_word' id='word_1_833' title='bbox 2912 4988 3223 5062; x_wconf 88' lang='lat' dir='ltr'><strong>temporali</strong></span> <span class='ocrx_word' id='word_1_834' title='bbox 3240 4988 3533 5056; x_wconf 90' lang='lat' dir='ltr'><strong>subsidio,</strong></span> <span class='ocrx_word' id='word_1_835' title='bbox 3558 4989 3710 5046; x_wconf 90' lang='lat' dir='ltr'><strong>sicut</strong></span> 
     </span>
    </p>
   </div>
   <div class='ocr_carea' id='block_1_117' title="bbox 2056 5076 3703 5152">
    <p class='ocr_par' dir='ltr' id='par_1_117' title="bbox 2056 5076 3703 5152">
     <span class='ocr_line' id='line_1_117' title="bbox 2056 5076 3703 5152; baseline -0.002 -18"><span class='ocrx_word' id='word_1_836' title='bbox 2056 5077 2243 5134; x_wconf 89' lang='lat' dir='ltr'><strong>viator</strong></span> <span class='ocrx_word' id='word_1_837' title='bbox 2273 5076 2454 5133; x_wconf 89' lang='lat' dir='ltr'><strong>utitur</strong></span> <span class='ocrx_word' id='word_1_838' title='bbox 2483 5077 2585 5133; x_wconf 89' lang='lat' dir='ltr'><strong>aut</strong></span> <span class='ocrx_word' id='word_1_839' title='bbox 2604 5076 2840 5145; x_wconf 88' lang='lat' dir='ltr'><strong>umbra,</strong></span> <span class='ocrx_word' id='word_1_840' title='bbox 2862 5079 2966 5134; x_wconf 89' lang='lat' dir='ltr'><strong>aut</strong></span> <span class='ocrx_word' id='word_1_841' title='bbox 2990 5076 3172 5147; x_wconf 75' lang='lat' dir='ltr'><strong>lecto;</strong></span> <span class='ocrx_word' id='word_1_842' title='bbox 3196 5082 3415 5152; x_wconf 87' lang='lat' dir='ltr'><strong>pausat</strong></span> <span class='ocrx_word' id='word_1_843' title='bbox 3436 5093 3703 5151; x_wconf 90' lang='lat' dir='ltr'><strong>corpore,</strong></span> 
     </span>
    </p>
   </div>
   <div class='ocr_carea' id='block_1_118' title="bbox 2060 5164 3707 5225">
    <p class='ocr_par' dir='ltr' id='par_1_118' title="bbox 2060 5164 3707 5225">
     <span class='ocr_line' id='line_1_118' title="bbox 2060 5164 3707 5225; baseline -0.003 -2"><span class='ocrx_word' id='word_1_844' title='bbox 2060 5166 2163 5223; x_wconf 91' lang='lat' dir='ltr'><strong>sed</strong></span> <span class='ocrx_word' id='word_1_845' title='bbox 2186 5168 2385 5222; x_wconf 90' lang='lat' dir='ltr'><strong>mente</strong></span> <span class='ocrx_word' id='word_1_846' title='bbox 2415 5166 2493 5222; x_wconf 89' lang='lat' dir='ltr'><strong>ad</strong></span> <span class='ocrx_word' id='word_1_847' title='bbox 2525 5165 2690 5223; x_wconf 91' lang='lat' dir='ltr'><strong>aliud</strong></span> <span class='ocrx_word' id='word_1_848' title='bbox 2721 5166 2971 5224; x_wconf 89' lang='lat' dir='ltr'><strong>tendens</strong></span> <span class='ocrx_word' id='word_1_849' title='bbox 3001 5167 3276 5225; x_wconf 89' lang='lat' dir='ltr'><strong>recedere</strong></span> <span class='ocrx_word' id='word_1_850' title='bbox 3314 5168 3548 5224; x_wconf 85' lang='lat' dir='ltr'><strong>festinat</strong></span> <span class='ocrx_word' id='word_1_851' title='bbox 3576 5182 3589 5219; x_wconf 87' lang='lat'><strong>:</strong></span> <span class='ocrx_word' id='word_1_852' title='bbox 3623 5164 3707 5219; x_wconf 90' lang='lat' dir='ltr'><strong>sic</strong></span> 
     </span>
    </p>
   </div>
   <div class='ocr_carea' id='block_1_119' title="bbox 2060 5251 3707 5326">
    <p class='ocr_par' dir='ltr' id='par_1_119' title="bbox 2060 5251 3707 5326">
     <span class='ocr_line' id='line_1_119' title="bbox 2060 5251 3707 5326; baseline -0.004 -13"><span class='ocrx_word' id='word_1_853' title='bbox 2060 5260 2116 5313; x_wconf 91' lang='lat' dir='ltr'><strong>et</strong></span> <span class='ocrx_word' id='word_1_854' title='bbox 2162 5255 2219 5311; x_wconf 88' lang='lat' dir='ltr'><strong>hi</strong></span> <span class='ocrx_word' id='word_1_855' title='bbox 2265 5271 2546 5326; x_wconf 90' lang='lat' dir='ltr'><strong>gressum</strong></span> <span class='ocrx_word' id='word_1_856' title='bbox 2594 5255 2790 5313; x_wconf 90' lang='lat' dir='ltr'><strong>cordis</strong></span> <span class='ocrx_word' id='word_1_857' title='bbox 2823 5255 3005 5325; x_wconf 87' lang='lat' dir='ltr'><strong>ﬁgere</strong></span> <span class='ocrx_word' id='word_1_858' title='bbox 3044 5255 3106 5312; x_wconf 93' lang='lat' dir='ltr'><strong>in</strong></span> <span class='ocrx_word' id='word_1_859' title='bbox 3150 5254 3498 5313; x_wconf 89' lang='lat' dir='ltr'><strong>transitoriis</strong></span> <span class='ocrx_word' id='word_1_860' title='bbox 3548 5251 3707 5309; x_wconf 86' lang='lat' dir='ltr'><strong>refu-</strong></span> 
     </span>
    </p>
   </div>
   <div class='ocr_carea' id='block_1_120' title="bbox 2061 5343 3709 5414">
    <p class='ocr_par' dir='ltr' id='par_1_120' title="bbox 2061 5343 3709 5414">
     <span class='ocr_line' id='line_1_120' title="bbox 2061 5343 3709 5414; baseline -0.002 -15"><span class='ocrx_word' id='word_1_861' title='bbox 2061 5345 2250 5414; x_wconf 89' lang='lat' dir='ltr'><strong>giunt,</strong></span> <span class='ocrx_word' id='word_1_862' title='bbox 2273 5359 2348 5398; x_wconf 90' lang='lat' dir='ltr'><strong>ne</strong></span> <span class='ocrx_word' id='word_1_863' title='bbox 2379 5343 2769 5400; x_wconf 85' lang='lat' dir='ltr'><strong>delectatione</strong></span> <span class='ocrx_word' id='word_1_864' title='bbox 2808 5344 3040 5400; x_wconf 83' lang='lat' dir='ltr'><strong>itineris</strong></span> <span class='ocrx_word' id='word_1_865' title='bbox 3062 5345 3503 5414; x_wconf 81' lang='lat' dir='ltr'><strong>scquestrentur</strong></span> <span class='ocrx_word' id='word_1_866' title='bbox 3530 5356 3566 5397; x_wconf 89' lang='lat' dir='ltr'><strong>a</strong></span> <span class='ocrx_word' id='word_1_867' title='bbox 3592 5344 3709 5396; x_wconf 88' lang='lat' dir='ltr'><strong>sta-</strong></span> 
     </span>
    </p>
   </div>
   <div class='ocr_carea' id='block_1_121' title="bbox 2061 5428 3709 5504">
    <p class='ocr_par' dir='ltr' id='par_1_121' title="bbox 2061 5428 3709 5504">
     <span class='ocr_line' id='line_1_121' title="bbox 2061 5428 3709 5504; baseline -0.003 -14"><span class='ocrx_word' id='word_1_868' title='bbox 2061 5433 2221 5490; x_wconf 90' lang='lat' dir='ltr'><strong>tione</strong></span> <span class='ocrx_word' id='word_1_869' title='bbox 2247 5436 2482 5490; x_wconf 69' lang='lat' dir='ltr'><strong>eeternaa</strong></span> <span class='ocrx_word' id='word_1_870' title='bbox 2510 5432 2859 5492; x_wconf 88' lang='lat' dir='ltr'><strong>mansionis.</strong></span> <span class='ocrx_word' id='word_1_871' title='bbox 2886 5436 2951 5487; x_wconf 90' lang='lat' dir='ltr'><strong>ln</strong></span> <span class='ocrx_word' id='word_1_872' title='bbox 2980 5429 3236 5504; x_wconf 88' lang='lat' dir='ltr'><strong>propriis</strong></span> <span class='ocrx_word' id='word_1_873' title='bbox 3261 5428 3421 5485; x_wconf 90' lang='lat' dir='ltr'><strong>enim</strong></span> <span class='ocrx_word' id='word_1_874' title='bbox 3447 5430 3709 5501; x_wconf 88' lang='lat' dir='ltr'><strong>gaudere</strong></span> 
     </span>
    </p>
   </div>
   <div class='ocr_carea' id='block_1_122' title="bbox 2063 5517 3710 5591">
    <p class='ocr_par' dir='ltr' id='par_1_122' title="bbox 2063 5517 3710 5591">
     <span class='ocr_line' id='line_1_122' title="bbox 2063 5517 3710 5591; baseline -0.004 -10"><span class='ocrx_word' id='word_1_875' title='bbox 2063 5523 2429 5591; x_wconf 89' lang='lat' dir='ltr'><strong>desiderant,</strong></span> <span class='ocrx_word' id='word_1_876' title='bbox 2460 5525 2517 5579; x_wconf 91' lang='lat' dir='ltr'><strong>et</strong></span> <span class='ocrx_word' id='word_1_877' title='bbox 2563 5522 2785 5579; x_wconf 88' lang='lat' dir='ltr'><strong>idcirco</strong></span> <span class='ocrx_word' id='word_1_878' title='bbox 2814 5521 2875 5577; x_wconf 91' lang='lat' dir='ltr'><strong>in</strong></span> <span class='ocrx_word' id='word_1_879' title='bbox 2902 5519 3035 5575; x_wconf 92' lang='lat' dir='ltr'><strong>loco</strong></span> <span class='ocrx_word' id='word_1_880' title='bbox 3064 5517 3555 5591; x_wconf 87' lang='lat' dir='ltr'><strong>peregrinationis</strong></span> <span class='ocrx_word' id='word_1_881' title='bbox 3586 5535 3710 5576; x_wconf 80' lang='lat' dir='ltr'><strong>suae</strong></span> 
     </span>
    </p>
   </div>
   <div class='ocr_carea' id='block_1_123' title="bbox 2064 5607 3711 5683">
    <p class='ocr_par' dir='ltr' id='par_1_123' title="bbox 2064 5607 3711 5683">
     <span class='ocr_line' id='line_1_123' title="bbox 2064 5607 3711 5683; baseline -0.003 -13"><span class='ocrx_word' id='word_1_882' title='bbox 2064 5613 2264 5671; x_wconf 87' lang='lat' dir='ltr'><strong>felices</strong></span> <span class='ocrx_word' id='word_1_883' title='bbox 2285 5629 2415 5671; x_wconf 85' lang='lat' dir='ltr'><strong>esse</strong></span> <span class='ocrx_word' id='word_1_884' title='bbox 2439 5614 2735 5669; x_wconf 90' lang='lat' dir='ltr'><strong>recusant.</strong></span> <span class='ocrx_word' id='word_1_885' title='bbox 2787 5608 2931 5666; x_wconf 82' lang='lat' dir='ltr'><strong>Hinc</strong></span> <span class='ocrx_word' id='word_1_886' title='bbox 2960 5610 3049 5666; x_wconf 88' lang='lat' dir='ltr'><strong>est</strong></span> <span class='ocrx_word' id='word_1_887' title='bbox 3092 5607 3260 5683; x_wconf 90' lang='lat' dir='ltr'><strong>quod</strong></span> <span class='ocrx_word' id='word_1_888' title='bbox 3296 5608 3359 5667; x_wconf 91' lang='lat' dir='ltr'><strong>in</strong></span> <span class='ocrx_word' id='word_1_889' title='bbox 3386 5610 3711 5668; x_wconf 88' lang='lat' dir='ltr'><strong>electorum</strong></span> 
     </span>
    </p>
   </div>
  </div>
