4092 6158
447 130 550 184 547

1484 119 1539 176 8.
1582 114 1842 177 ODONIS
1879 108 2178 176 ABBATKS
2213 109 2716 173 CLUNIACENSIS
2765 109 2829 164 ll.

3765 112 3867 166 548

448 250 615 326 prole
660 249 922 313 Henoch,
953 246 1055 319 qui
1103 243 1401 302 dedicatio
1449 243 1890 316 interpretatur,
1925 235 2102 326 septi-
2131 234 2179 287 A
2215 237 2435 292 sanctae
2454 233 2724 290 Ecclesia:
2747 231 3142 290 aediﬁcatione
3163 234 3365 290 tamen
3397 235 3536 292 sunt
3574 232 3864 306 ponendi.

448 325 587 395 inus
617 337 901 402 nascitur,
931 335 1076 408 quia
1103 332 1376 390 videlicet
1405 329 1572 386 electi
1615 333 1753 402 post
1782 343 1883 384 sex
1921 325 2101 396 hujus

447 428 579 484 vitae
625 431 847 495 aetates,
896 425 958 481 in
1008 438 1333 497 supernam
1388 419 1752 480 Hierusalem
1811 421 2102 487 tanquam

445 517 677 594 lapides
705 515 824 572 vivi
850 513 1291 586 dedicabuntur
1344 510 1486 568 Cain
1512 525 1672 573 vero,
1705 512 1770 562 ut
1801 503 2105 594 supradic-

446 591 574 662 tum
601 607 708 672 est,
732 602 1199 676 primogenitum
1235 599 1471 654 Henoch
1496 595 1788 676 appellat:
1813 591 2103 668 quoniam

447 695 638 768 iniqui
671 712 732 749 se
763 694 825 750 in
853 689 1194 768 primordiis
1220 689 1392 762 quasi
1420 685 1881 748 dedicant,dum
1902 683 1962 738 in
1989 682 2104 738 hac

449 784 570 838 vita
587 782 853 838 radicem
881 779 1077 836 cordis
1102 779 1392 851 plantant.
1421 780 1568 832 Cum
1596 773 1882 831 Dominus
1904 771 2065 826 dicat
2088 787 2100 824 :

449 874 590 932 Cum
638 876 880 928 vocatus
918 870 1108 939 fueris
1139 869 1220 924 ad
1267 868 1530 937 nuptias,
1562 880 1636 920 ne
1675 862 2010 920 disc-ambas
2041 861 2103 916 in

443 963 643 1031 primo
677 961 803 1015 loco
835 959 996 1030 (Luc.
1029 973 1142 1026 inv,
1171 957 1242 1026 8).

520 1051 604 1104 XL
645 1051 742 1102 Est
791 1052 848 1102 et
901 1045 1064 1101 aliud
1127 1060 1315 1113 genus
1370 1043 1693 1105 bonorum,
1741 1040 1848 1095 sed
1903 1037 2105 1093 minus

447 1137 864 1212 perfectorum,
889 1134 993 1208 qui
1016 1137 1327 1206 penetrare
1355 1131 1639 1204 spiritalia
1665 1145 1790 1185 non
1815 1129 2100 1193 valentes,

447 1223 715 1297 quinque
767 1222 1046 1279 sensibus
1101 1223 1402 1295 corporeis
1455 1221 1892 1294 deprimuntur.
1945 1220 2105 1283 Quos

446 1311 718 1366 videlicet
745 1311 1012 1384 quinque
1039 1326 1247 1366 sensus
1275 1309 1419 1382 quia
1449 1309 1921 1368 Christianorum
1941 1322 2102 1362 exer-

448 1400 596 1455 citus
627 1400 778 1456 duce
803 1401 940 1454 Jesu
971 1399 1150 1454 debet
1193 1399 1252 1454 in
1285 1415 1502 1472 corpus
1541 1414 1719 1452 suum
1761 1395 2102 1468 reprimere,

445 1488 599 1544 bene
629 1491 808 1544 Josue
847 1489 1145 1558 designat,
1178 1489 1282 1561 qui
1313 1504 1484 1554 reges
1511 1487 1781 1558 quinque
1813 1485 1874 1540 iu
1899 1500 2104 1558 repro-

2212 326 2535 384 Discutiant
2564 341 2707 395 ergo
2733 342 2794 380 se
2825 325 3084 402 quisque
3113 323 3344 392 ﬁdeles,
3377 329 3435 382 et
3461 323 3510 380 si
3535 324 3868 398 repositum

2212 415 2434 488 aliquid
2465 415 2528 470 in
2573 416 2750 472 corde
2793 431 2901 470 suo
2929 414 3002 470 de
3033 413 3327 470 fructibus.
3379 413 3687 472 charitatis
3712 414 3870 478 inve-

2210 504 2424 574 nerint,
2459 508 2645 560 Deum
2676 504 2786 562 sibi
2811 503 3092 559 interesse
3120 519 3244 560 non
3269 502 3564 560 dubitent.

2283 595 2409 648 XLI.
2455 593 2603 658 Quia
2652 610 2792 650 vero
2840 609 2968 648 sese
3015 593 3252 649 occasio
3292 592 3570 668 praebuit,
3621 591 3740 650 hoc
3803 608 3872 650 ex

2210 681 2406 736 verbis
2441 680 2592 736 beati
2625 681 2939 749 Augustini
2973 681 3046 736 de
3092 681 3375 736 charitate
3426 679 3755 736 dicendum
3785 679 3872 736 vi-

2211 769 2386 826 detur
2419 787 2430 825 :
2469 771 2835 836 Divinarum,
2864 770 3074 843 inquit,
3104 771 3542 844 Scripturarum
3584 768 3876 848 multipli-

2212 877 2341 916 cem
2373 859 2810 916 abundantiam
2852 859 3326 936 latissimamque
3373 859 3710 920 doctrinam
3745 859 3877 918 sine

2215 949 2334 1006 ullo
2399 966 2597 1005 errore
2665 949 3123 1022 comprehendit
3175 955 3231 1006 et
3289 965 3415 1004 sme
3473 947 3594 1008 ullo
3663 948 3876 1007 labore

2213 1038 2493 1107 custodit,
2547 1039 2718 1110 cujus
2777 1057 2880 1096 cor
2929 1041 3178 1114 plenum
3231 1043 3317 1095 est
3360 1039 3668 1098 charitate.
3720 1041 3878 1106 Qua-

2212 1133 2456 1201 p;opter
2501 1129 2776 1202 quisquis
2802 1130 2925 1186 vult
2954 1146 3111 1186 novo
3142 1129 3432 1186 mandato
3460 1133 3628 1184 vetus
3657 1129 3880 1187 exstin-

2214 1232 2394 1287 guere
2419 1223 2757 1290 peccatum,
2791 1219 3096 1290 cupiditati
3121 1218 3482 1276 contrariam
3507 1222 3704 1279 teneat
3729 1218 3876 1278 cha-

2213 1307 2467 1378 ritatem,
2497 1309 2788 1384 quoniam
2820 1309 2913 1364 ille
2942 1313 3098 1364 tenet
3127 1313 3184 1365 et
3212 1307 3378 1382 quod
3403 1312 3588 1382 patet,
3619 1312 3676 1366 et
3706 1307 3875 1381 quod

2212 1394 2354 1452 latet
2377 1397 2438 1452 in
2463 1396 2680 1453 divinis
2713 1397 3116 1467 sermonibus,
3146 1397 3252 1470 qui
3282 1397 3633 1454 charitatem
3675 1401 3880 1454 servat

2213 1485 2274 1542 in
2318 1486 2610 1542 moribus.
2645 1487 3042 1560 Hieronymus
3097 1486 3160 1542 in
3193 1485 3444 1560 epistola
3502 1486 3582 1542 ad
3632 1485 3877 1544 Galatas

447 1578 752 1634 missionis
801 1584 956 1633 terra
995 1578 1230 1632 dudum
1276 1581 1595 1646 regnantes
1643 1575 1719 1630 ad
1753 1575 2102 1647 speluncam
2143 1589 2183 1652 Β
2212 1575 2406 1643 refert,
2451 1576 2618 1648 quod
2669 1581 2912 1632 sanctus
2965 1579 3224 1632 Joannes
3283 1575 3676 1646 evangelista,
3730 1591 3876 1633 cum

445 1669 603 1724 velut
633 1673 875 1724 antrum
905 1667 1171 1740 corporis
1202 1666 1496 1735 fugientes
1525 1664 1828 1720 interfecit.
1863 1661 1975 1719 Sed
1996 1661 2103 1718 im-

447 1757 696 1830 perfecti
738 1756 964 1830 quique
996 1755 1145 1812 dum
1176 1755 1397 1810 eisdem
1436 1754 1710 1809 sensibus
1741 1753 1938 1809 adhuc
1972 1769 2102 1807 suc-

450 1831 950 1913 cumbunt,‘tanto
982 1845 1182 1903 minus
1206 1848 1414 1902 amant
1437 1861 1576 1900 eum
1593 1843 1695 1918 qui
1721 1841 1856 1899 fecit
1875 1842 2100 1911 omnia,

448 1940 677 2009 quanto
710 1935 771 1990 in
816 1935 908 1990 his
953 1934 1214 2007 amplius
1242 1950 1379 2006 quae
1436 1934 1589 1989 facta
1621 1937 1759 1988 sunt
1781 1931 2099 2002 illigantur.

447 2025 653 2080 Aliena
683 2025 929 2098 quidem
960 2039 1084 2078 non
1117 2027 1414 2096 quaerunt,
1445 2022 1671 2078 illatam
1701 2021 1980 2091 injuriam
2009 2019 2105 2075 vel

447 2113 718 2170 nolentes
746 2116 1006 2186 portant.
1043 2111 1241 2168 Rebus
1273 2111 1531 2185 propriis
1565 2109 1824 2166 contenti
1855 2113 2018 2170 sunt.
2048 2112 2105 2164 et

447 2200 749 2257 humiliter
778 2201 1026 2267 vivunt;
1061 2200 1165 2255 sed
1211 2205 1413 2260 tamen
1453 2215 1659 2256 curam
1704 2197 1962 2276 propriae
1993 2197 2100 2254 do-

446 2306 583 2345 mus
613 2294 844 2362 gerunt,
874 2289 948 2344 de
973 2288 1110 2344 filiis
1141 2288 1421 2360 cogitant,
1455 2288 1657 2360 eisque
1696 2286 2103 2342 hiereditatem

449 2383 708 2436 servant.
758 2379 869 2445 Qui
913 2383 1114 2435 tamen
1165 2378 1315 2433 inter
1365 2394 1467 2434 eos
1519 2375 1884 2434 sollicitiores
1943 2379 2100 2442 sunt,

448 2468 634 2524 divini
657 2468 866 2540 judicii
896 2483 1214 2536 memores,
1239 2465 1711 2522 misericordiam
1735 2463 2102 2538 pauperibus

449 2558 846 2634 impendunt;
879 2563 936 2614 et
983 2557 1030 2612 si
1067 2555 1273 2612 omnia
1312 2555 1644 2628 relinquere
1679 2570 1802 2610 non
1827 2560 2098 2626 possunt,

448 2647 538 2702 vel
569 2663 642 2701 ex
670 2651 838 2722 parte
867 2662 990 2720 qua
1017 2644 1346 2718 praevalent
1387 2643 1804 2700 misericordes
1840 2643 2008 2707 ﬁunt,
2047 2646 2103 2698 et

447 2752 657 2792 curam
702 2735 900 2790 carnis
950 2750 1089 2790 cum
1138 2735 1353 2790 animae
1403 2750 1546 2789 cura
1596 2733 1950 2806 partiuntur.
1988 2732 2102 2789 Sed

446 2825 596 2898 quid
623 2825 696 2880 de
726 2824 810 2881 eis
839 2824 964 2891 erit,
989 2823 1036 2880 si
1063 2823 1262 2880 nullus
1286 2823 1364 2883 ad
1393 2839 1644 2894 regnum
1675 2821 1786 2878 nisi
1811 2821 1916 2896 qui
1941 2838 2102 2877 sum-

2207 1665 2338 1734 jam
2401 1681 2584 1722 senex
2631 1669 2804 1735 esset,
2849 1669 2907 1724 et
2957 1664 3394 1738 discipulorum
3449 1664 3738 1722 manibus
3797 1664 3878 1722 ad

2215 1753 2538 1810 Ecclesiam
2587 1754 2937 1824 deferretur,
2966 1754 3081 1810 hoc
3129 1754 3324 1810 solum
3363 1769 3600 1828 semper
3646 1753 3710 1816 in.
3759 1753 3880 1810 col-

2212 1843 2365 1904 lecta
2406 1845 2748 1918 proferebat
2781 1862 2794 1900 :
2832 1844 3035 1913 Filioli,
3063 1844 3286 1914 diligite
3335 1843 3710 1902 alterutrum.
3752 1843 3878 1904 Dis-

2214 1932 2395 2006 cipuli
2424 1950 2566 1990 vero
2586 1934 2846 2007 pertaesi,
2865 1934 3032 2007 quod
3061 1933 3275 1990 eadem
3306 1949 3542 2005 semper
3569 1933 3872 2006 audirent,

2212 2019 2490 2079 dixerunt
2520 2039 2533 2077 :
2567 2021 2855 2092 Magister,
2890 2037 3079 2094 quare
3125 2036 3362 2095 semper
3405 2021 3520 2078 hoc
3550 2020 3820 2099 loqueris
3847 2021 3876 2078 ?

2215 2110 2442 2174 Quibus
2511 2110 2822 2189 respondit
2883 2111 3131 2180 dignam
3185 2112 3413 2191 Joanne
3465 2110 3872 2172 sententiam:

2214 2199 2363 2267 Quia
2389 2203 2760 2272 praeceptum
2791 2198 3026 2256 Domini
3049 2202 3160 2269 est,
3187 2203 3244 2256 et
3273 2198 3324 2254 si
3367 2197 3568 2257 solum
3597 2198 3684 2259 ﬁt,
3713 2198 3880 2256 sufﬁ-

2213 2287 2290 2344 cit
2309 2287 2442 2344 hoc.
2479 2288 2800 2345 Sciendum
2829 2303 2972 2344 sane
3001 2287 3144 2362 quia
3165 2287 3314 2346 sicut
3341 2287 3560 2344 nostris
3589 2287 3876 2365 tempori-

2211 2376 2326 2432 bus
2357 2377 2562 2434 omnia
2579 2392 2732 2448 pene
2764 2393 2942 2434 suum
2969 2377 3242 2434 ordinem
3272 2376 3684 2450 perdiderunt,
3701 2376 3877 2449 pleri-

2211 2483 2330 2539 que
2363 2465 2650 2538 prodigas
2682 2482 2884 2522 rerum
2915 2482 3167 2522 suarum
3191 2481 3488 2544 expensas
3521 2465 3875 2524 charitatem

2210 2555 2551 2621 nominant,
2585 2572 2724 2610 cum
2777 2570 2870 2609 res
2913 2555 2992 2612 ad
3029 2555 3276 2612 inanem
3319 2554 3573 2626 gloriam
3623 2555 3874 2630 profuse

2211 2643 2532 2717 dispansae,
2585 2644 2871 2702 comestio
2915 2644 3012 2701 vel
3078 2643 3289 2705 effusio
3346 2643 3541 2718 magis
3598 2645 3871 2704 dicende:

2213 2738 2350 2790 sunt
2393 2750 2578 2806 quam
2627 2733 2906 2791 Charitas.
2955 2733 3244 2800 Qualibus
3293 2733 3455 2790 enim
3492 2750 3587 2792 res
3631 2733 3870 2808 disper-

2212 2822 2425 2878 tiendae
2476 2823 2592 2878 sint
2646 2821 2771 2894 ipse
2825 2823 3115 2880 Dominus
3159 2823 3354 2891 docet,
3406 2823 3512 2898 qui
3569 2823 3656 2886 ait
3686 2841 3699 2878 :
3727 2825 3874 2884 Noli

445 2915 561 2970 mis
632 2913 944 2972 virtutibus
1020 2912 1306 2986 przeditus
1380 2916 1466 2967 est
1523 2911 1868 2985 perveniet?
1921 2910 2102 2966 Adest
2138 2932 2180 2996 ς
2206 2903 2468 2970 invitare
2515 2929 2607 2970 eos
2650 2913 2756 2984 qui
2798 2918 2852 2974 te
2897 2914 3216 2970 reinvz'tcnl
3268 2913 3580 2986 (Lucuxnr,
3613 2914 3728 2985 l2).
3755 2913 3870 2971 Sed

446 3003 671 3082 quippe
693 3007 750 3059 et
777 3002 869 3064 his
897 3001 1229 3058 consolatio
1262 3016 1393 3056 sua.
1443 3004 1591 3057 Nam
1639 3016 1777 3056 cum
1808 2999 2117 3068 ferculum

442 3093 600 3164 regis
649 3092 984 3152 Salomonis
1032 3092 1093 3148 in
1139 3095 1283 3163 typo
1332 3089 1602 3148 Ecclesiae
1646 3088 2096 3155 describeretur,

443 3181 594 3238 inter
621 3181 787 3254 ligna
817 3181 1024 3238 Libani
1055 3187 1112 3240 et
1145 3180 1459 3238 columnas
1503 3185 1837 3250 argenteas,
1867 3182 1922 3234 et
1953 3178 2100 3232 inter

441 3269 889 3329 reclinatorium
937 3285 1189 3327 aureum
1236 3285 1676 3342 ascensumque
1725 3283 2100 3342 purpureum

443 3374 551 3431 per
578 3375 717 3431 quae
747 3358 1013 3416 videlicet
1043 3357 1486 3413 excellentiOres
1517 3357 1740 3430 quippe
1782 3357 1842 3414 in
1886 3355 2100 3410 eadem

443 3447 702 3510 Ecclesia
730 3447 1050 3506 militantes
1089 3445 1500 3516 designantur,
1532 3445 1804 3504 additum
1845 3451 1932 3502 est
1956 3445 2099 3518 quia

442 3535 643 3596 media
665 3535 951 3592 charitate
1001 3534 1326 3590 constravit
1361 3537 1604 3605 propter
1637 3533 1792 3589 ﬁlias
1827 3533 2095 3588 Hierusa-

441 3623 584 3680 lem.
615 3627 832 3680 Verum
861 3623 1006 3696 quia
1034 3623 1149 3678 hoc
1180 3638 1290 3696 pro
1319 3627 1529 3678 nostra
1578 3621 1921 3679 inﬁrmitate
1959 3621 2098 3677 dici-

443 3717 558 3782 tur,
593 3730 667 3770 ex
697 3714 812 3770 hoc
845 3718 1046 3785 aperte
1073 3711 1273 3779 claret,
1297 3711 1465 3784 quod
1494 3727 1617 3768 non
1646 3717 1892 3786 propter
1921 3711 2093 3780 ﬁlios,

443 3803 548 3859 sed
570 3807 814 3876 propter
841 3801 996 3860 ﬁlias
1017 3800 1380 3858 Hierusalem
1402 3800 1594 3856 inesse
1625 3801 1882 3858 eharitas
1904 3801 2098 3874 perhi-

439 3891 632 3950 betur.
665 3891 815 3966 Quid
843 3891 1005 3948 cnim
1035 3891 1199 3948 aliud
1229 3905 1336 3964 per
1365 3906 1577 3946 sexum
1607 3889 1958 3956 femineum,
1984 3889 2118 3945 nisi’

437 3981 753 4041 inﬁrmitas
814 3981 1110 4042 mentium
1173 3980 1515 4054 ﬁguratur?
1568 3980 1848 4054 Quisquis
1919 3980 2098 4050 igitur

438 4077 638 4130 mente
693 4072 971 4128 inﬁrmus
1035 4075 1142 4141 est,
1190 4070 1541 4128 charitatem
1599 4070 1840 4134 habeat,
1889 4070 2098 4139 diligat

436 4162 626 4218 Deum
657 4167 714 4218 et
741 4161 1086 4234 proximum
1114 4163 1412 4232 quantum
1439 4164 1652 4231 potest,
1683 4165 1739 4216 et
1766 4176 1903 4233 quas
1933 4159 2096 4216 bona

439 4255 578 4306 sunt
620 4249 796 4306 valde
839 4265 979 4306 cum
1027 4249 1312 4308 charitate
1343 4247 1539 4308 faciat,
1572 4247 1716 4322 quia
1763 4247 1898 4304 licet
1934 4252 2094 4304 exte-

436 4337 697 4396 rioribus
723 4337 1077 4412 implicetur,
1113 4342 1314 4396 tamen
1337 4335 1384 4391 si
1413 4335 1766 4392 charitatem
1795 4336 2092 4402 habuerit,

438 4426 521 4484 ad
566 4426 668 4483 Dei
715 4424 1006 4485 ferculum
1051 4424 1384 4497 pertinebit,
1420 4424 1572 4480 sicut
1616 4425 1932 4484 Psalmista
1969 4425 2090 4482 ait:

437 4515 759 4572 Benedixz‘t
785 4515 1058 4570 omnibus
1084 4515 1328 4584 pusillis
1357 4529 1492 4568 cum
1535 4516 1866 4585 majoribus
1904 4517 2089 4588 (Psal.

439 4624 593 4679 exui,
626 4607 733 4678 l3),
759 4605 1050 4680 quoniam
1088 4603 1194 4678 qui
1243 4603 1574 4678 imperfecti
1616 4609 1756 4662 sunt
1779 4610 1836 4662 et
1863 4607 2088 4678 pusilli,

438 4697 488 4754 si
514 4697 581 4753 in
607 4701 905 4771 quantum
937 4710 1298 4765 cognoscere
1328 4693 1530 4752 valent
1574 4694 1763 4750 Deum
1802 4710 1872 4750 ac
1897 4695 2092 4770 proxi-

437 4801 609 4842 mum
657 4785 933 4856 diligunt,
960 4783 1076 4858 ipsi
1121 4798 1366 4860 quoque
1417 4782 1554 4840 licet
1600 4782 1819 4840 minori
1844 4783 2000 4856 loco,
2028 4784 2089 4845 in

462 4968 858 4991 o—-—-‘

2211 3018 2420 3058 omnes
2464 3006 2706 3058 econtra
2754 3017 2892 3056 eum
2923 3003 3021 3060 vix
3071 3017 3288 3074 parum
3338 3001 3486 3075 quid
3510 3017 3633 3060 non
3668 3001 3868 3060 solum

2209 3091 2562 3161 vestimenti,
2607 3091 2714 3146 sed
2761 3091 2940 3146 etiam
2991 3091 3106 3147 cibi
3160 3107 3230 3147 ac
3281 3091 3482 3169 potius
3527 3091 3759 3149 Christo
3807 3092 3870 3148 in

2209 3197 2474 3254 paupere
2505 3180 2788 3248 tribuant,
2820 3180 3164 3254 potentibus
3197 3186 3399 3241 tamen
3419 3181 3598 3244 etiam
3619 3185 3869 3258 accepta

2210 3275 2424 3325 mutuo
2450 3270 2804 3342 dispensant
2832 3286 2844 3324 :
2874 3271 3043 3342 quod
3091 3270 3363 3328 videlicet
3406 3286 3530 3330 non
3559 3277 3648 3328 est
3671 3271 3868 3332 chari-

2209 3365 2326 3432 tas,
2361 3360 2468 3416 sed
2495 3360 2727 3418 effusio.
2758 3365 2907 3424 Nam
2931 3365 3088 3418 recte
3118 3361 3378 3418 charitas
3409 3361 3552 3418 solis
3591 3361 3869 3434 indigen-

2209 3449 2368 3506 tibus
2411 3453 2501 3504 est
2548 3449 2985 3523 expendenda;
3013 3453 3222 3508 etnon
3273 3449 3472 3506 solum
3501 3449 3736 3518 amicis,
3761 3451 3869 3510 sed

2209 3540 2388 3595 etiam
2416 3537 2673 3594 inimicis
2730 3537 3044 3596 beneﬁcia.
3078 3541 3256 3596 Porro
3307 3543 3510 3598 autem
3539 3538 3691 3596 sicut
3737 3539 3867 3596 haec

2208 3625 2326 3682 vita
2355 3624 2556 3682 media
2581 3630 2670 3680 est
2701 3625 2852 3681 inter
2907 3626 3147 3694 coelum,
3179 3643 3302 3702 quo
3333 3626 3444 3684 soli
3473 3627 3620 3684 boni
3649 3627 3867 3684 consis-

2208 3719 2359 3784 tunt,
2398 3719 2455 3771 et
2505 3714 2808 3772 infernum
2856 3731 2979 3788 quo
3033 3715 3145 3774 soli
3191 3715 3338 3774 mali
3393 3716 3736 3785 traduntur,
3783 3717 3865 3774 sic

2207 3804 2519 3876 utriusque
2561 3808 2746 3877 partis
2797 3804 2957 3862 cives
3001 3805 3404 3864 indifferenter
3443 3805 3645 3862 habet.
3700 3806 3866 3867 Unde

2207 3897 2460 3966 utraque
2489 3892 2790 3964 generatio
2826 3893 2922 3950 vel
2957 3893 3390 3966 temporalibus
3418 3892 3596 3952 bonis
3642 3895 3868 3969 pariter

2206 3981 2410 4049 utitur,
2439 3981 2535 4037 vel
2566 3981 2741 4037 malis
2791 3981 3010 4058 pariter
3048 3981 3348 4054 afﬂigitur,
3381 3982 3620 4040 diversa
3661 3988 3864 4052 tamen

2206 4071 2348 4141 ﬁde,
2395 4071 2632 4128 diversa
2681 4087 2808 4144 spe,
2851 4071 3090 4130 diverso
3134 4087 3360 4144 amore,
3409 4073 3601 4130 donec
3650 4073 3862 4134 ultimo

2198 4161 2430 4233 judicio
2451 4166 2822 4234 separentur,
2845 4165 2902 4218 et
2930 4162 3218 4236 percipiat
3240 4161 3626 4236 unusquique
3659 4179 3857 4230 suum,

2203 4250 2388 4306 ﬁnem
2419 4250 2512 4304 cui
2538 4249 2739 4306 nullus
2771 4253 2862 4306 est
2887 4247 3043 4306 ﬁnis.
3069 4251 3220 4318 Quia
3248 4250 3462 4308 seriem
3489 4266 3638 4307 vero
3653 4251 3860 4311 verbo-

2203 4338 2861 4413 rum‘qualitercunque
2904 4339 3202 4409 digestam
3247 4339 3324 4398 ad
3362 4340 3480 4397 hoe
3525 4355 3722 4414 usque
3763 4340 3857 4397 de-

2203 4427 2513 4498 duximus,
2557 4431 2624 4484 ut
2667 4428 2780 4486 has
2821 4428 3253 4499 generationes,
3284 4428 3420 4486 licet
3465 4428 3527 4486 in
3556 4428 3854 4503 prosperis

2203 4522 2259 4573 et
2289 4516 2555 4572 adversis
2587 4517 2986 4573 communiter
3033 4521 3451 4590 procurrentes
3481 4517 3848 4591 [percurren-

2201 4607 2331 4678 tes],
2381 4609 2584 4662 tamen
2623 4620 2732 4678 pro
2784 4604 3128 4662 diversitate
3184 4607 3534 4664 meritorum
3589 4605 3848 4664 diversos

2199 4696 2351 4754 ﬁnes
2393 4694 2616 4752 habere
2660 4693 3007 4764 dixerimus,
3035 4694 3260 4755 librum
3305 4695 3467 4758 hunc
3507 4695 3638 4753 istic
3681 4695 3846 4755 ﬁnia-

2199 4802 2356 4844 mus.

1673 5129 2015 5220 LIBER
2071 5129 2626 5219 SECUNDUS

1931 5367 2366 5394 wn”-

511 5494 640 5552 Dies
651 5496 956 5570 praestituti
963 5495 1093 5567 jam
1111 5495 1426 5563 ﬂuxerant;
1441 5498 1497 5550 et
1509 5493 1873 5566 gaudebam,
1887 5493 2095 5564 fateor,

435 5583 606 5662 quod
620 5584 738 5652 sub.
744 5586 1059 5650 occasione
1072 5585 1272 5654 brevis
1281 5584 1567 5659 temporis
1581 5588 1790 5644 vestrae
1797 5583 2086 5659 jussionis

2206 5493 2416 5551 munia
2441 5492 2657 5550 licebat
2681 5491 2965 5550 brevitate
3001 5491 3278 5550 concludi
3304 5510 3318 5559 ;
3350 5490 3844 5566 quandoquidem

2196 5583 2376 5642 stulto
2405 5598 2595 5658 genus
2623 5581 3048 5644 consolationis
3074 5585 3184 5654 est,
3223 5585 3289 5644 ut
3317 5582 3370 5640 si
3411 5586 3606 5642 tacere
3634 5581 3842 5654 nescit,
