4150 6128
195 24 298 82 549

1230 12 1742 83 COLLATIONUM
1781 11 1971 83 LIBRI
2008 20 2204 83 TRES.
2248 58 2316 70 —
2363 32 2490 93 LIB.
2536 32 2602 87 11.

3540 39 3645 92 550

189 142 282 198 vel
312 138 825 231 parumloquftur
846 155 858 194 ε
878 154 1022 199 cum
1042 145 1289 221 repente
1314 141 1501 231 solito
1518 136 1869 231 brumOSifﬂ'
1898 146 1949 204 A
1982 147 2170 205 radiis
2210 152 2425 223 privita
2456 153 2663 217 sterilis
2711 158 2816 223 est,
2850 157 2933 212 sic
2965 157 3215 231 subjecti
3246 157 3467 215 favoris
3510 159 3643 231 ejus

185 231 387 288 hiems
415 225 914 300 ingruit,illasque
934 231 1034 287 sui
1061 231 1330 288 dieculas
1350 231 1442 286 ita
1474 225 1867 301 inasperavit,

188 325 251 378 ut
280 318 421 393 plus
465 317 538 373 de
569 315 769 390 aprico
798 333 988 392 quam
1020 320 1094 376 de
1135 321 1339 376 itinere
1378 317 1569 373 nobis
1602 316 1867 385 cogitan-

184 409 337 465 dum
368 406 680 463 videretur.
713 405 869 461 Tum
898 423 1048 465 vero
1077 411 1263 484 patim
1292 405 1605 482 praedicta
1652 404 1868 461 hiemis

183 491 584 557 inclementia,
611 488 830 563 partim
855 496 1211 549 sanctorum
1257 492 1359 567 qui
1390 491 1710 548 instabant
1742 488 1867 544 die-

182 598 321 641 rum
352 577 697 645 reverentia,
717 576 987 635 domnus
1019 581 1181 639 abba
1198 581 1438 638 interim
1461 579 1570 636 iter
1590 582 1869 635 nostrum

179 671 469 727 remorari
498 666 812 723 concessit.
847 669 1044 725 Lectis
1075 675 1275 727 tamen
1306 685 1446 742 qua
1472 668 1603 740 jam
1635 669 1871 739 digesta

180 764 370 829 erant,
401 763 456 815 et
481 758 700 839 paucis
731 761 935 814 contra
969 776 1081 819 eos
1111 762 1215 833 qui
1243 775 1573 835 pravorum
1610 759 1868 816 deterio-

182 854 387 905 rantur
409 846 715 920 exemplo,
748 847 1027 919 repertis,
1052 849 1279 921 placuit
1308 848 1513 921 aliqua
1545 848 1749 905 adhuc
1776 864 1870 902 su-

181 936 434 1007 brogari.
470 938 698 992 Verum
728 950 840 1005 ego
868 950 1001 992 non
1026 938 1171 995 satis
1205 938 1533 1011 conﬁdam,
1553 937 1721 1012 quod
1754 937 1866 991 hoc

181 1026 383 1082 saltem
441 1024 663 1080 audire
717 1023 1070 1095 dignentur,
1118 1027 1343 1100 quippe
1390 1027 1712 1100 quoslibet,
1757 1041 1868 1081 nec

178 1118 449 1170 sanctum
540 1112 940 1182 Evangelium
1023 1119 1092 1170 ut
1156 1119 1502 1188 oportuerat
1568 1114 1864 1172 revereri:

176 1209 368 1260 tamen
402 1217 477 1257 ea
508 1217 622 1275 spe
648 1201 992 1273 jussionem
1053 1204 1394 1274 aggrediar,
1428 1210 1493 1260 ut
1537 1206 1598 1265 in
1646 1219 1865 1274 aggere

173 1290 680 1356 testimoniorum,
712 1305 835 1364 quo
867 1293 1128 1365 superbi
1155 1292 1261 1348 ﬁlii
1294 1294 1468 1366 juxta
1494 1296 1866 1368 praceptum

173 1381 345 1459 Moysi
390 1378 719 1461 lapidandi
746 1382 903 1445 sunt,
943 1380 1052 1436 vel
1103 1380 1380 1459 lapillum
1437 1399 1534 1438 me
1566 1382 1864 1452 gaudeam

166 1469 511 1543 jactavisse.

236 1565 272 1627 Ι,
303 1559 454 1617 Boni
484 1558 691 1629 igitur,
722 1561 784 1615 ut
838 1555 1427 1628 dixeramus,.nunc
1459 1559 1623 1615 mala
1665 1560 1869 1633 quali-

164 1653 256 1708 bet
284 1650 381 1707 vel
412 1650 588 1716 bona
621 1664 756 1705 cum
785 1645 970 1702 malis
1028 1648 1391 1705 hominibus
1422 1650 1701 1717 sentiunt,
1735 1650 1868 1705 licet

163 1743 224 1805 hi
266 1741 548 1815 asperius
579 1743 637 1803 et
690 1736 1075 1810 frequentius
1131 1739 1303 1795 mala
1332 1738 1660 1811 patiantur,
1692 1739 1867 1795 bonis

164 1847 305 1889 vero
356 1827 698 1889 restrictius
740 1827 1011 1885 utantur.
1049 1826 1160 1892 Qui
1224 1831 1433 1884 tamen
1482 1827 1567 1882 sic
1598 1832 1653 1882 et
1698 1844 1866 1900 pros-

165 1920 413 1999 peritate
445 1924 507 1976 et
546 1916 900 1983 adversitate
929 1917 1213 1984 utuntur,
1262 1921 1329 1974 ut
1356 1917 1420 1973 in
1474 1915 1657 1979 rebus
1702 1933 1868 1991 pros-

165 2011 330 2086 peris
378 2010 427 2066 si
477 2008 567 2065 eis
612 2002 966 2067 consolatio,
1026 2020 1102 2060 ne
1146 2006 1539 2087 frangantur!
1574 2006 1864 2075 adversis,

168 2107 230 2159 et
271 2117 331 2158 in
362 2100 547 2158 rebus
593 2094 861 2154 adversis
907 2093 1280 2163 exercitatio,
1316 2102 1379 2156 ut
1411 2111 1544 2151 non
1599 2112 1865 2153 corrum-

166 2197 397 2272 pantur
424 2185 755 2263 prosperis,
780 2181 909 2240 Mali
930 2198 1071 2245 vero
1103 2183 1182 2247 ad
1215 2186 1331 2241 hoc
1358 2184 1620 2259 cupiunt
1646 2184 1867 2251 habere

169 2296 457 2340 securam
486 2278 680 2335 vitam
739 2277 805 2329 ut
858 2272 1105 2346 perditis
1136 2273 1388 2333 sinceris
1443 2274 1743 2343 moribus,
1782 2291 1869 2330 re-

171 2377 345 2435 moto
362 2368 535 2431 omni
566 2362 982 2421 molestiarum
999 2363 1323 2434 asperitate
1341 2364 1638 2425 deﬂuant.
1666 2368 1866 2438 Neque

173 2462 341 2519 enim
399 2462 731 2539 propterea
780 2452 1030 2531 cupiunt
1073 2452 1301 2513 habere
1331 2470 1574 2531 pacem,
1618 2460 1675 2510 et
1703 2455 1868 2511 omni

175 2565 402 2623 genere
465 2546 788 2619 copiarum
838 2540 1175 2611 abundare,
1207 2548 1273 2605 ut
1324 2545 1420 2599 his
1480 2543 1658 2599 bonis
1714 2543 1867 2601 bene

176 2644 453 2709 utantur,
484 2637 604 2693 hoc
634 2635 724 2689 est
746 2629 1253 2701 honeste,sobrie,
1282 2636 1705 2705 temperanter,
1739 2634 1864 2706 pie;

176 2730 286 2786 sed
320 2732 388 2791 ut
435 2722 677 2781 inﬁnita
726 2718 981 2775 varietas
1012 2717 1392 2791 voluptatum
1451 2720 1679 2777 insanis
1718 2721 1866 2776 effu-

176 2817 464 2883 sionibus
493 2810 868 2887 exquiratur,
903 2807 1326 2880 secundisque,
1359 2809 1541 2869 rebus
1590 2826 1660 2865 ea
1705 2809 1868 2866 mala

175 2906 464 2967 oriantur
484 2902 548 2956 in
576 2897 874 2967 moribus,
906 2912 1042 2968 qua
1074 2897 1459 2959 saevientibus
1505 2898 1704 2970 priora
1755 2897 1869 2953 sint

174 2993 491 3054 hostibus,
517 2992 576 3047 et
624 2987 742 3042 hoc
777 2987 850 3045 sit
879 2986 1083 3058 quieta
1112 2984 1249 3056 vita,
1296 2990 1361 3043 ut
1387 2988 1582 3061 possit
1617 3002 1745 3042 esse
1778 3002 1867 3041 se-

178 3098 335 3145 cura
390 3075 685 3159 nequitia.
737 3074 1091 3145 Quicunque
1144 3078 1349 3131 autem
1407 3074 1648 3131 ditiores
1708 3078 1865 3142 sunt,

178 3171 437 3235 student
455 3181 700 3239 semper
725 3162 959 3219 divitias
984 3177 1225 3231 augere,
1252 3180 1389 3236 qua
1418 3167 1475 3218 et
1502 3162 1869 3237 quotidianis

179 3255 596 3317 effusionibus
648 3250 966 3317 sufﬁciant,
1000 3254 1056 3315 et
1113 3267 1221 3329 per
1271 3268 1424 3324 quas
1480 3251 1869 3323 pauperiores

181 3349 304 3406 sibi
335 3344 627 3414 subdant,
660 3357 815 3416 quos
859 3340 938 3396 ad
988 3338 1290 3396 clientelas
1335 3340 1427 3396 sui
1472 3339 1660 3403 fastus
1704 3340 1874 3395 obse-

180 3440 455 3515 quentes
502 3432 799 3488 habeant:
833 3429 1055 3502 quibus
1104 3428 1218 3502 ipsi
1248 3429 1637 3504 pauperiores
1687 3444 1872 3486 causa

182 3522 530 3583 saturitatis
559 3522 813 3585 libenter
844 3534 905 3574 se
938 3517 1226 3587 subdunt,
1247 3523 1303 3575 et
1329 3520 1444 3574 hos
1475 3519 1699 3593 quibus
1721 3534 1871 3591 pra-

170 3615 396 3673 valere
446 3628 570 3669 non
617 3612 892 3684 possunt,
944 3623 1053 3682 per
1098 3623 1328 3676 eorum,
1381 3598 1602 3683 quibus
1653 3608 1881 3673 8.9.1183-

172 3712 349 3772 rent,
384 3701 705 3760 audaciam
734 3699 1022 3755 violenter
1054 3699 1439 3771 opprimunt:
1464 3700 1603 3755 hinc
1631 3703 1878 3772 propter

180 3791 632 3877 hujuscemodi
661 3788 960 3857 satellites,
988 3792 1043 3845 et
1086 3803 1191 3843 eos
1228 3804 1491 3861 quorum
1536 3787 1871 3861 patrocinio

177 3890 469 3952 tuentur,
501 3880 787 3955 scriptum
818 3882 905 3935 est
934 3879 1009 3933 de
1049 3881 1303 3950 utroque
1348 3877 1509 3933 malo
1549 3876 1761 3933 divite:
1794 3878 1880 3931 De

181 3974 498 4033 lateribus
527 3972 654 4041 ejus
684 3984 721 4026 a
749 3969 930 4025 ruina
986 3966 1274 4035 dependet
1302 3966 1435 4035 (Job
1469 3981 1566 4035 xv,
1601 3966 1713 4035 27).
1746 3966 1877 4020 Jam

173 4082 337 4124 vero
358 4063 423 4118 in
444 4060 545 4117 tali
570 4058 841 4115 satellitio
873 4062 1081 4131 stupra
1100 4056 1349 4127 impune
1378 4053 1871 4127 multiplicantur,

180 4151 485 4213 convivia
512 4150 645 4205 lata
673 4147 1145 4221 frequentantur,
1180 4143 1525 4216 ubicunque
1554 4142 1792 4199 libuerit
1821 4146 1877 4198 et

177 4242 488 4322 potuerit,
537 4240 630 4296 die
675 4243 977 4312 noctuque
1024 4234 1271 4304 luditur,
1315 4233 1559 4299 bibitur,
1595 4232 1872 4302 vomitur,

182 4332 521 4398 diﬁluitur,
564 4328 827 4395 saltatur,
862 4341 1003 4383 cum
1047 4322 1338 4396 scriptum
1372 4322 1478 4378 sit:
1526 4323 1620 4378 Va
1651 4324 1742 4378 his
1772 4323 1879 4399 qui

181 4425 533 4483 morantur
560 4419 623 4475 in
649 4419 786 4475 vino
817 4417 1022 4485 (Prov.
1064 4428 1234 4479 xxm,
1267 4412 1376 4483 30).
1414 4413 1480 4466 Et
1510 4411 1655 4468 item
1684 4428 1696 4465 :
1730 4411 1876 4466 Noli

187 4529 325 4573 esse
356 4512 425 4566 in
469 4509 734 4565 convivio
784 4510 1130 4576 potatorum
1180 4502 1382 4570 (Prov.
1416 4516 1575 4568 mn,
1607 4500 1716 4571 20).
1762 4503 1827 4554 Et
1859 4516 1870 4553 :

197 4604 311 4665 Va
346 4600 441 4657 his
468 4599 573 4669 qui
590 4611 798 4654 carnes
821 4594 1143 4663 conferunt
1170 4590 1252 4647 ad
1281 4590 1628 4647 vescendum
1649 4588 1871 4660 (Ibid).

184 4696 269 4750 Et
298 4691 484 4747 item:
514 4689 756 4743 Ducunt
784 4686 847 4740 in
896 4683 1065 4738 bonis
1115 4680 1238 4736 dies
1267 4694 1404 4736 suos
1435 4679 1584 4750 (Job.
1614 4694 1728 4745 ιω,
1762 4681 1871 4741 13).

182 4779 446 4849 Quibus
500 4775 702 4848 utique
731 4769 1068 4829 timendum
1120 4768 1331 4839 fuerat,
1366 4771 1423 4823 et
1455 4767 1607 4823 inter
1654 4766 1875 4840 pocula

181 4866 601 4942 cogitandum
632 4866 746 4922 hoc
775 4861 944 4937 quod
973 4861 1089 4917 illic
1120 4859 1419 4932 sequitur:
1453 4859 1531 4914 Et
1562 4859 1624 4915 in
1652 4863 1876 4928 puncto

181 4962 289 5023 ad
304 4959 557 5030 uaferna
581 4955 945 5013 descendunt
964 4951 1185 5024 (Ibid).
1215 4948 1282 5005 Hi
1298 4947 1583 5003 nimirum
1604 4948 1666 5003 in
1693 4950 1879 5005 Evan-

179 5050 373 5126 gelia
401 5062 509 5120 per
532 5045 852 5102 ﬁculneam
879 5040 1294 5110 designantur,
1328 5036 1403 5092 de
1433 5052 1555 5109 qua
1586 5035 1874 5091 Dominus

179 5137 504 5216 quaritur
530 5134 762 5192 dicens:
800 5133 874 5190 Ut
902 5130 1049 5203 quid
1078 5128 1258 5185 etiam
1307 5132 1531 5183 terram
1575 5129 1826 5194 occupat
1853 5128 1880 5180 ?

179 5234 382 5313 (Luc.
415 5227 526 5299 xm)
580 5225 722 5300 quia
749 5224 825 5280 de
855 5220 1123 5297 quolibet
1146 5232 1426 5313 perverso
1455 5218 1694 5313 potente
1726 5230 1879 5288 pene

166 5303 343 5401 jam
381 5315 688 5389 requisitio
734 5316 853 5373 Deo
908 5326 1035 5369 non
1083 5312 1191 5376 est,
1226 5309 1551 5379 Postquam
1600 5303 1761 5401 enim
1818 5320 1880 5362 se

174 5393 481 5495 perdidit
494 5407 607 5461 hoc
624 5400 1019 5495 solummodo
1035 5398 1341 5495 quaeritur,
1361 5412 1468 5495 cur
1487 5399 1550 5495 et
1575 5393 1725 5450 alios
1743 5408 1879 5495 gra-

180 5482 315 5567 vet
342 5498 406 5555 in
435 5500 707 5565 mortem.
740 5493 901 5555 Sicut
926 5490 1089 5548 enim
1118 5492 1272 5555 terra
1321 5484 1438 5543 sub
1466 5484 1679 5547 arbore
1730 5482 1871 5541 solis

1982 240 2263 325 exemplo
2303 242 2568 317 depressi
2598 258 2632 299 a
2684 243 2909 301 lumine
2966 246 3228 305 veritatis
3283 251 3642 325 permanent

1982 324 2180 383 alieni.
2227 330 2391 386 Tales
2430 346 2571 386 vero
2617 331 2840 407 quique
2887 334 3046 404 justo
3101 336 3199 390 Dei
3257 324 3480 415 judicio
3530 336 3642 392 fre-

1981 421 2235 486 quenter
2262 418 2343 475 ita
2390 419 2763 489 deseruntur,
2799 425 2862 475 ut
2904 438 3184 494 perversa
3213 425 3494 497 qualibet
3532 440 3638 497 po-

1984 505 2172 561 tenter
2200 507 2439 580 faciant,
2464 513 2520 564 et
2575 514 2772 566 tamen
2806 509 2901 565 hic
2950 511 3190 568 feliciter
3219 514 3420 570 vivant
3448 534 3460 583 ;
3491 514 3643 570 sicut

1981 591 2057 647 de
2076 596 2342 667 quolibet
2366 614 2574 653 eorum
2612 599 2912 671 Scriptura
2928 599 3070 655 dicit
3093 618 3104 655 :
3129 602 3411 658 Cucurrit
3433 605 3642 659 adver-

1979 695 2079 735 sus
2128 685 2447 741 Dominum
2492 692 2683 741 erecto
2737 688 2891 742 collo
2944 689 3073 759 (Job
3104 706 3195 758 xv,
3242 692 3354 762 26),
3385 690 3545 746 idem
3577 691 3639 746 in

1980 770 2141 828 malo
2172 788 2350 849 opere
2379 774 2763 830 obstaculum
2780 775 2854 830 de
2873 775 3228 832 adversitate
3259 793 3383 832 non
3407 778 3635 837 habuit.

1981 861 2045 913 Et
2075 858 2255 916 item:
2296 862 2429 917 Vidi
2483 864 2731 919 stultum
2780 865 2960 932 ﬁrma
3002 866 3207 921 radice
3264 866 3397 939 (Job
3450 883 3504 933 v,
3564 867 3639 937 3),

1978 947 2153 1027 quasi
2182 948 2355 1005 ﬁrma
2385 950 2585 1006 radice
2616 950 2828 1006 stultus
2878 940 3177 1009 attollitur.
3224 942 3521 1019 Quoniam
3545 954 3641 1008 hic

1980 1036 2291 1109 temporali
2322 1038 2581 1094 felicitati
2627 1038 2883 1107 fulcitur,
2931 1045 2988 1096 et
3016 1041 3283 1098 adversis
3318 1058 3443 1097 non
3476 1041 3646 1097 elidi-

1977 1127 2094 1195 tur,
2127 1129 2334 1180 contra
2358 1125 2630 1181 infirmos
2661 1127 2843 1187 etiam
2871 1128 2998 1183 sine
3027 1129 3462 1202 repugnatione
3492 1146 3641 1202 pra-

1978 1210 2153 1278 valet,
2185 1212 2338 1267 bene
2380 1214 2698 1282 agentibus
2731 1230 2803 1269 ex
2859 1216 3208 1272 auctoritate
3263 1217 3638 1289 principatus

1980 1299 2071 1354 sui
2119 1302 2491 1370 contradicit,
2539 1303 2615 1358 ad
2664 1303 2899 1375 majora
2942 1305 3267 1360 commoda
3318 1322 3391 1361 ex
3448 1307 3638 1378 pejori

1981 1403 2219 1460 semper
2249 1389 2479 1444 actione
2506 1391 2844 1461 succrescit,
2877 1396 2933 1447 et
2962 1393 3121 1449 unde
3162 1394 3295 1450 vitae
3344 1395 3505 1450 viam
3535 1395 3640 1450 de-

1908 1502 1948 1554 Β
1979 1478 2137 1547 serit,
2166 1478 2302 1533 inde
2329 1478 2407 1533 ad
2430 1483 2664 1551 tempus
2696 1480 3049 1553 locupletior
3078 1482 3240 1538 vivit.

2050 1568 2117 1621 ΙΙ.
2151 1569 2270 1623 Mos
2301 1572 2388 1623 est
2426 1573 2627 1623 autem
2657 1585 2781 1624 non
2829 1570 3024 1626 solum
3074 1572 3397 1643 malorum,
3424 1589 3636 1629 verum

1978 1656 2158 1711 etiam
2210 1655 2531 1727 bonorum,
2565 1656 2671 1712 sed
2725 1662 2926 1713 tamen
2958 1658 3157 1714 minus
3196 1661 3638 1732 perfectorum;

1976 1748 2042 1800 ut
2066 1761 2274 1800 eorum
2305 1745 2549 1801 intentio
2580 1745 2673 1803 vel
2701 1763 2913 1802 sensus
2945 1748 3117 1819 juxta
3145 1749 3260 1803 hoc
3299 1750 3465 1823 quod
3494 1750 3642 1805 forte

1976 1834 2228 1891 viderint
2283 1835 2655 1891 informetur.
2702 1841 2851 1893 Nam
2891 1838 3029 1894 lata
3076 1838 3342 1894 videntes
3392 1840 3638 1900 hilares-

1977 1926 2138 1989 cunt,
2173 1939 2281 1996 pro
2312 1923 2576 1979 tristibus
2611 1925 3087 1981 constristantur.
3105 1927 3270 1981 Unde
3296 1926 3382 1999 ﬁt,
3408 1932 3472 1983 ut
3503 1945 3643 1984 cum

1975 2026 2300 2084 pravorum
2355 2011 2608 2082 gloriam
2650 2019 2922 2085 cernunt,
2971 2014 3184 2070 eadem
3238 2014 3426 2084 gloria
3456 2016 3646 2072 delec-

1978 2104 2174 2156 tentur
2213 2105 2269 2156 et
2318 2116 2614 2170 magnum
2656 2101 2888 2174 aliquid
2941 2103 3303 2160 astimantes
3354 2105 3415 2160 in
3462 2107 3641 2162 corde

1976 2191 2207 2256 nutent,
2236 2191 2293 2243 et
2352 2192 2415 2244 ut
2459 2187 2600 2243 talia
2642 2194 2943 2245 mereatur
2995 2194 3293 2263 exoptent.
3326 2192 3467 2247 Hinc
3508 2193 3642 2265 ipsa

1976 2277 2197 2332 Veritas
2224 2276 2399 2332 dicit:
2432 2278 2527 2333 Va
2552 2278 2776 2333 mundo
2807 2294 2843 2334 a
2874 2280 3177 2335 scandatis
3209 2280 3635 2350 (Matth.xvni,

1976 2369 2052 2429 '7).
2088 2366 2233 2420 Item
2264 2365 2608 2420 Psalmista:
2650 2368 2807 2423 Dum
2839 2368 3103 2437 superbit
3161 2369 3401 2440 impius,
3441 2371 3641 2426 incen-

1976 2453 2145 2508 ditur
2187 2468 2421 2525 pauper
2480 2454 2666 2524 (Psat.
2699 2471 2754 2522 Χ,
2786 2459 2864 2525 2).
2898 2458 2963 2511 Et
2991 2456 3102 2511 Job
3141 2472 3214 2510 ex
3271 2472 3417 2512 voce
3474 2458 3642 2532 plan-

1977 2542 2166 2613 gentis
2220 2543 2491 2598 Ecclesia
2536 2542 2711 2599 dicit:
2757 2544 2858 2601 Ad
2908 2545 3167 2601 nihilum
3221 2545 3453 2602 redacti
3500 2554 3639 2603 sunt

1976 2646 2173 2687 omnes
2207 2638 2377 2687 artus
2402 2632 2518 2687 mei
2540 2631 2673 2702 (Job
2706 2649 2819 2700 xw,
2854 2634 2929 2706 8).
2964 2633 3123 2689 Sicut
3154 2633 3314 2689 enim
3364 2651 3472 2707 per
3501 2653 3641 2693 ossa

1975 2721 2179 2787 fortes,
2246 2721 2329 2775 sic
2388 2737 2495 2793 per
2560 2726 2722 2776 artus
2777 2723 2997 2778 inﬁrmi
3056 2723 3281 2797 quique
3340 2724 3642 2795 designari

1978 2808 2185 2864 solent.
2220 2812 2395 2864 Artus
2434 2824 2577 2880 ergo
2610 2810 2882 2866 Ecclesia
2921 2811 2999 2867 ad
3055 2812 3310 2866 nihilum
3366 2813 3645 2883 redigun-

1978 2902 2091 2967 tur,
2123 2897 2415 2970 quoniam
2446 2912 2517 2952 ex
2547 2897 2875 2954 imitatione
2931 2916 3254 2971 pravorum
3289 2902 3350 2955 in
3389 2902 3504 2957 hoc
3538 2919 3642 2958 sa-

1978 2986 2114 3041 culo
2162 2986 2685 3051 succrescentium,
2740 2986 2963 3042 infirmi
3014 3002 3259 3059 quoque
3319 2987 3640 3042 deteriores

1977 3075 2156 3129 ﬁunt:
2195 3073 2457 3130 videntes
2490 3073 2828 3130 felicitatem
2887 3074 3185 3131 malorum
3216 3074 3380 3130 bona
3407 3080 3641 3148 tempo-

1978 3162 2127 3218 ralia
2154 3166 2463 3235 appetunt,
2490 3161 2638 3218 dum
2666 3164 2949 3236 prasenti
2975 3164 3367 3237 prosperitate
3397 3170 3639 3219 enerva-

1980 3251 2042 3321 ti,
2075 3252 2285 3313 Deum,
2308 3251 2415 3324 qui
2442 3267 2579 3307 vere
2609 3257 2715 3320 est,
2744 3251 3082 3308 desiderare
3104 3252 3434 3323 negligunt.
3470 3252 3644 3319 Quod

1982 3338 2255 3396 videlicet
2273 3340 2653 3397 historialiter
2669 3358 3018 3417 expressum
3047 3345 3153 3408 est,
3173 3342 3462 3415 quoniam
3484 3342 3643 3397 cives

1982 3427 2307 3501 Babylonis
2354 3429 2509 3485 ﬁlios
2559 3430 2893 3485 Jerusalem
2928 3431 3196 3503 captivos
3242 3431 3642 3497 abduxerunt,

1985 3522 2043 3574 et
2069 3518 2231 3584 item,
2263 3519 2555 3592 quoniam
2573 3521 2694 3589 ﬁlii
2709 3521 2836 3588 Dei,
2864 3520 2926 3575 id
2948 3525 3054 3588 est,
3078 3519 3181 3574 ﬁlii
3202 3521 3360 3590 Seth,
3384 3521 3646 3577 videntes

1983 3608 2145 3676 ﬁlias
2203 3607 2530 3674 hominum,
2560 3608 2623 3664 id
2678 3613 2765 3665 est
2816 3608 2968 3666 ﬁlias
3024 3608 3187 3677 Cain,
3216 3612 3649 3681 concupierunt

1987 3713 2085 3754 eas
2113 3696 2282 3768 (Gen.
2314 3715 2391 3765 vi,
2425 3703 2504 3762 2).
2536 3703 2683 3754 Nam
2713 3702 2769 3753 et
2792 3715 2953 3753 nunc
2979 3698 3076 3752 isti
3106 3699 3412 3755 exterioris
3442 3699 3646 3770 gloria

1988 3787 2182 3861 specie
2235 3787 2486 3861 decepti,
2543 3787 2721 3842 nimis
2774 3787 3050 3857 diligunt,
3107 3788 3271 3857 quod
3325 3790 3647 3861 pulchrum

1986 3878 2147 3932 foras
2198 3876 2470 3933 viderint.
2507 3878 2755 3932 Pulchra
2800 3880 3001 3931 autem
3047 3875 3281 3930 videtur
3333 3878 3645 3950 praesentis

1986 3966 2120 4021 vita
2160 3964 2367 4035 gloria,
2398 3982 2533 4039 qua
2563 3966 2625 4019 in
2673 3964 2944 4045 personis
2975 3979 3304 4035 pravorum
3353 3970 3646 4037 tanquam

1986 4054 2047 4108 in
2086 4052 2326 4108 ﬁliabus
2358 4054 2500 4110 Cain
2532 4069 2661 4108 sese
2706 4052 3085 4106 inﬁrmorum
3112 4052 3299 4107 oculis
3320 4052 3401 4109 ad
3431 4069 3649 4108 concu-

1986 4143 2343 4217 piscendum
2374 4147 2648 4199 ostentat.
2676 4141 2860 4213 Unde,
2895 4141 3046 4198 sicut
3076 4157 3261 4214 supra
3280 4142 3508 4199 dictum
3533 4147 3643 4213 est,

1986 4233 2139 4289 calix
2166 4248 2385 4288 aureus
2415 4232 2727 4305 apellatur.

2057 4322 2149 4375 Ill.
2186 4325 2246 4377 ln
2268 4321 2481 4378 eadem
2497 4325 2699 4379 autem
2723 4320 2910 4389 gloria
2925 4320 3187 4377 maxime
3206 4319 3425 4377 divitia
3445 4320 3649 4377 viden-

1987 4416 2081 4468 tur
2137 4411 2511 4485 appetenda.
2560 4412 2709 4477 Quia
2764 4408 3038 4466 videlicet
3090 4409 3361 4478 sanitate,
3396 4415 3453 4467 et
3504 4411 3642 4473 vita,

1985 4504 2041 4557 et
2067 4499 2179 4568 siti,
2229 4504 2285 4555 et
2334 4500 2515 4571 fame,
2566 4505 2621 4557 et
2651 4499 2863 4573 patria,
2893 4504 2950 4555 et
2980 4500 3358 4577 propinquis,
3418 4500 3649 4555 amicis-

1984 4605 2122 4662 que,
2168 4593 2225 4645 et
2253 4588 2536 4644 omnibus
2578 4588 2827 4644 omnino
2855 4605 2991 4661 qua
3031 4593 3172 4644 sunt
3201 4588 3647 4644 commodiores

1985 4694 2087 4735 eas
2110 4694 2241 4734 esse
2270 4678 2542 4751 pluribus
2570 4678 2767 4732 visum
2793 4682 2900 4731 est.
2928 4680 2995 4732 Et
3033 4676 3146 4733 ista
3178 4677 3473 4733 sententia
3517 4693 3641 4733 non

1985 4768 2181 4824 solum
2224 4772 2381 4823 terra
2409 4767 2683 4839 marique
2732 4770 3023 4837 servatur,
3056 4770 3123 4822 ut
3169 4768 3432 4822 Joannes
3464 4766 3645 4840 Chry-

1986 4861 2287 4913 sostomus
2319 4856 2417 4923 ait,
2452 4856 2556 4912 sed
2588 4870 2779 4929 usque
2811 4855 2891 4911 ad
2918 4855 3081 4930 ipsas
3127 4854 3321 4912 nubes
3379 4856 3649 4912 ascendit

1986 4962 2056 5002 ac
2104 4945 2317 5001 sidera.
2351 4946 2494 5010 Qua
2536 4943 2810 5000 videlicet
2839 4960 2963 5000 non
3017 4950 3140 5002 tam
3173 4944 3468 5002 sententia
3517 4946 3648 5016 jam

1987 5040 2091 5103 est,
2160 5050 2348 5108 quam
2412 5034 2682 5098 ﬂamma,
2752 5050 2889 5107 qua
2954 5037 3143 5091 totum
3199 5035 3385 5091 istum
3448 5036 3647 5090 vastat

1987 5125 2197 5182 orbem
2227 5129 2543 5183 terrarum.
2574 5126 2639 5180 Et
2667 5124 2770 5197 qui
2800 5125 3140 5196 exstinguat
3169 5124 3416 5205 quidem
3441 5120 3643 5176 nullus

1987 5219 2093 5285 est,
2126 5214 2232 5288 qui
2281 5230 2423 5271 vero
2483 5213 2818 5270 accendant
2856 5219 2913 5271 et
2961 5216 3156 5286 magis
3202 5211 3518 5281 magisque
3555 5207 3644 5262 in—

1985 5305 2318 5371 ﬂamment,
2359 5321 2589 5362 omnes.
2639 5308 2856 5361 Favent
2890 5310 3090 5361 autem
3128 5302 3266 5360 huic
3319 5297 3481 5355 malo
3519 5311 3642 5353 non

1990 5396 2185 5451 solum
2250 5394 2331 5450 illi
2396 5396 2501 5469 qui
2558 5394 2636 5451 ab
2702 5411 2772 5451 eo
2836 5394 2993 5465 capti
3060 5396 3225 5448 sunt:
3292 5387 3396 5444 sed
3445 5392 3502 5443 et
3540 5387 3645 5460 qui

1989 5484 2265 5552 nondum
2320 5483 2600 5543 videntur
2664 5484 2803 5541 illuc
2862 5481 3134 5552 ingressi.
3199 5482 3349 5535 Nam
3411 5481 3469 5534 et
3529 5474 3646 5549 ipsi
