4092 6158
584 157 683 209 δδι

1619 131 1673 186 S.
1717 128 1974 183 ODONIS
2019 120 2315 180 ABBATIS
2357 119 2857 175 CLUNIACENSIS
2898 117 2964 171 II.

3823 127 3906 201 ξω

582 275 813 335 divites,
839 269 1017 326 etiam
1051 265 1102 321 si
1125 266 1316 322 tetum
1345 258 1550 319 orbem
1597 251 1878 329 possibile
1910 254 2064 307 esset
2096 263 2235 335 pos-
2267 248 2314 300 A
2343 243 2508 299 ribus
2534 243 2664 313 ejus
2693 242 3031 309 insaniunt;
3058 238 3317 296 fructum
3338 240 3530 296 autem
3551 239 3607 293 in
3628 239 3709 295 his
3725 243 3909 302 nullum

583 359 760 418 sideri
789 375 826 414 a
856 353 1128 424 singulis,
1160 350 1360 407 adhuc
1405 349 1606 402 tamen
1645 343 1707 397 in
1760 335 2053 395 desiderio
2105 334 2233 405 ejus

582 448 873 508 arderent.
907 447 1205 516 Pauperes
1254 452 1394 494 vero
1446 435 1595 491 dum
1651 429 1901 503 cupiunt
1952 424 2234 480 divitibus

582 535 913 609 exaequari,
977 513 1377 589 insatiabilem
1444 518 1938 593 concupiscentiae
2005 513 2233 571 rabiem

580 601 909 702 patiuntur,
954 619 1280 685 insaniunt,
1304 620 1361 674 et
1420 612 1662 680 furiunt,
1696 614 1752 666 et
1796 606 1957 663 idem
1986 601 2234 661 morbus

582 692 849 772 diversos
897 692 1149 780 singulis
1182 707 1427 777 generat
1455 701 1795 770 languores.
1828 697 1893 751 Et
1939 692 2233 749 intentum

584 820 757 863 amor
786 800 1057 876 pecuniae
1096 810 1342 854 omnem
1371 791 1580 860 fatigat
1619 785 1907 846 animam,
1940 786 2005 839 ut
2040 796 2235 853 neque

562 906 569 913 ‘
585 869 1004 957 amicitiarum,
1021 901 1217 958 neque
1246 875 1727 956 propinquitatis,
1744 870 2045 930 interdum
2058 869 2236 926 etiam

583 997 695 1037 nec
725 956 1016 1049 conjugis,
1049 956 1153 1031 aut
1201 968 1391 1027 amori
1419 965 1676 1022 filiorum
1705 961 1806 1018 det
1833 960 2052 1016 locum.
2105 956 2238 1023 Qui-

584 1071 701 1128 bus
735 1045 1043 1126 aﬁ'ectibus
1090 1064 1240 1119 inter
1280 1055 1555 1115 homines
1603 1051 1748 1109 nihil
1778 1048 2105 1123 praefertur.
2138 1045 2238 1101 Hic

585 1175 757 1217 amor
798 1157 928 1228 ipso
957 1152 1130 1209 melle
1181 1147 1411 1205 dulcior
1449 1143 1716 1200 videtur:
1762 1143 1979 1196 etcum
2027 1134 2079 1190 ei
2134 1133 2240 1206 qui

489 1227 492 1230 i
585 1262 805 1306 manus
820 1222 928 1299 -illi
971 1238 1245 1297 dederint
1270 1233 1430 1290 mille
1469 1232 1673 1288 foveas
1715 1230 1904 1300 paret,
1949 1222 2239 1297 expetitur

586 1343 807 1401 tamen,
835 1339 891 1389 et
945 1328 1318 1387 desideratur
1347 1324 1426 1380 ab
1467 1319 1769 1384 omnibus,
1822 1330 1890 1370 ac
1937 1329 2043 1386 per
2071 1313 2241 1368 innu-

584 1440 784 1481 meros
833 1420 1069 1478 labores
1112 1419 1169 1471 et
1206 1428 1403 1469 mores
1441 1408 1714 1465 laetantur
1745 1420 1807 1459 se
1865 1402 1957 1457 vel
1993 1400 2072 1457 ad
2112 1400 2239 1469 ejus

578 1515 832 1586 januam
862 1505 1230 1582 quandoque
1286 1498 1641 1572 pertingere.
1676 1495 1741 1548 Et
1771 1491 1818 1546 si
1848 1490 1983 1563 quis
2018 1504 2120 1544 eos
2164 1486 2241 1542 ad

2343 330 2528 389 alium
2552 330 2872 402 reperiunt,
2904 327 3019 384 nisi
3046 326 3366 395 interitum,
3395 330 3450 383 et
3485 326 3796 401 perniciem,
3819 348 3913 404 pa;-

2340 436 2607 493 namque
2654 422 3028 492 perpetuam.
3063 419 3130 473 Et
3184 420 3383 473 tamen
3433 414 3633 471 eadem
3680 416 3836 487 gloria
3868 422 3914 477 in

2343 512 2689 580 contemptu
2746 506 2945 577 gloriae
3007 503 3265 561 caelestis
3327 520 3363 560 a
3401 501 3658 577 pluribus
3708 512 3914 571 amatur,

2344 603 2522 672 atque
2575 597 2641 653 fit
2693 592 3133 669 exspectabilis.
3181 591 3404 651 Idcirco
3455 591 3688 663 dignum
3738 601 3827 663 est,
3873 604 3918 653 ut

2342 686 2601 746 atrocius
2648 684 3030 757 judicentur;
3079 681 3304 757 quippe
3354 681 3456 753 qui
3508 684 3563 738 et
3591 679 3823 740 oblatam
3845 685 3919 740 Dei

2345 775 2596 846 gratiam
2643 771 2969 833 fastidiunt,
3050 775 3107 827 et
3155 768 3320 842 quod
3366 767 3587 824 malum
3645 784 3755 825 non
3797 771 3920 840 igne

2344 868 2478 920 rant
2523 863 2735 931 eligere
2788 859 3040 917 malunt.
3109 861 3297 914 Tanta
3335 870 3592 929 namque
3640 860 3719 913 est
3758 873 3922 915 eorum

2345 951 2449 1026 qui
2479 950 2783 1023 decipiunt
2835 948 3151 1016 stoliditas,
3183 951 3249 1003 ut
3275 947 3397 1002 non
3448 945 3633 1002 solum
3677 962 3766 1002 eos
3807 949 3922 1004 ratio

2347 1039 2511 1097 nulla
2550 1039 2628 1095 ab
2659 1039 2774 1094 hoc
2809 1035 3048 1094 interitu
3099 1039 3356 1097 revocet,
3387 1034 3492 1090 sed
3542 1050 3644 1090 nec
3689 1034 3927 1091 evidentia

2347 1128 2592 1203 quidem
2632 1126 3045 1184 indesinentur
3103 1122 3483 1198 pereuntium
3513 1122 3767 1195 exempla
3788 1123 3929 1180 deter-

2347 1222 2536 1276 reant.
2565 1217 2718 1283 Quin
2770 1216 2966 1290 potius
3020 1230 3159 1271 eum
3209 1212 3397 1269 sciant
3444 1212 3603 1284 quod
3652 1226 3833 1267 omnes
3852 1214 3930 1285 qui

2349 1308 2479 1378 ejus
2507 1304 2908 1363 umbraticam
2924 1300 3434 1377 pulchritudinem
3450 1299 3709 1371 diligunt,
3722 1315 3754 1356 a
3770 1299 3930 1356 mundi

2348 1392 2677 1468 primordio
2703 1392 2916 1449 eadem
2938 1390 3128 1463 gloria
3157 1389 3341 1459 fallat,
3371 1393 3569 1445 tamen
3592 1387 3735 1443 hanc
3762 1387 3932 1459 ample-

2351 1485 2477 1540 xari
2525 1481 2870 1555 inexplebili
2915 1478 3211 1537 desiderio
3244 1477 3540 1549 gestiunt;
3571 1493 3698 1550 quae
3722 1476 3933 1532 videlicet

584 1563 933 1669 Irneliora,vet
956 1563 1307 1661 ad1*egnum
1323 1585 1444 1655 Dei,
1468 1563 1634 1657 quod
1657 1582 1811 1637 intra
1827 1594 1937 1634 nos
1959 1582 2066 1645 est,
2085 1591 2245 1648 quae-
2277 1593 2320 1647 Β
2351 1572 2482 1628 illos
2511 1571 2593 1626 ita
2618 1569 2769 1627 falso
2790 1568 3115 1641 jactamine
3144 1566 3327 1637 illicit,
3372 1570 3653 1638 tanquam
3679 1563 3819 1619 foeda
3839 1579 3931 1619 me-

1383 1679 1388 1681 .
1546 1673 1577 1681 ..
1705 1671 1726 1681 -
1811 1669 1820 1679 -
1919 1672 1928 1681 .
2026 1670 2036 1681 .
2085 1666 2096 1675 α
2352 1660 2526 1681 ῌ-ι-.;..
2588 1676 2706 1681 ..μμ
2766 1657 3133 1681 ..ε,....-Αι.ς,.-ν.
3181 1671 3350 1681 -.πην-
3401 1653 3604 1681 innuat"
3634 1651 3931 1681 ηηὲιυηιληνη

583 1666 1244 1759 mendum—persuadere
1275 1673 1602 1739 tentaverit,
1635 1669 1955 1740 refugiunt,
1987 1670 2042 1723 et
2082 1666 2243 1721 insa-

586 1796 735 1837 num
757 1754 990 1850 putant,
1022 1775 1079 1827 et
1099 1767 1272 1842 quasi
1296 1760 1627 1839 phrenetici
1651 1758 1729 1816 ad
1753 1758 1870 1814 hoc
1889 1755 2058 1829 quod
2086 1754 2243 1810 insa-

586 1870 690 1925 nia
737 1843 1004 1936 suggerit
1032 1857 1226 1927 magis
1276 1870 1340 1910 se
1377 1850 1754 1908 submittunt.
1791 1848 2040 1901 Summa
2068 1843 2245 1913 igitur

588 1935 870 2015 aviditate
893 1948 1312 2022 amplexantur
1341 1941 1611 2009 umbras,
1634 1941 1691 1995 et
1721 1935 2018 2005 stringunt
2036 1938 2245 1989 ventos

589 2045 811 2103 similes
840 2021 1114 2098 videlicet
1166 2032 1370 2108 pueris
1400 2027 1771 2096 ludentibus,
1797 2024 1891 2081 vel
1920 2028 2075 2079 certe
2106 2021 2245 2078 stul-

588 2137 785 2194 tiores.
810 2131 893 2188 Illi
945 2128 1092 2185 forte
1131 2129 1393 2180 turmam
1414 2116 1768 2176 verberibus
1797 2114 2111 2184 agitantes,
2150 2109 2247 2168 vel

587 2219 917 2299 quemlibet
945 2216 1129 2275 alium
1172 2210 1384 2268 ludum
1405 2222 1533 2299 Aper
1584 2209 1822 2261 aetatem
1850 2199 2121 2271 fragilem
2149 2197 2248 2255 de-

587 2287 891 2376 lectantes,
916 2303 1089 2363 avelli
1117 2300 1195 2359 ab
1221 2315 1292 2357 eo
1322 2296 1555 2355 nolunt.
1590 2297 1662 2349 At
1690 2291 1784 2347 isti
1808 2292 1975 2363 tanto
2009 2287 2248 2343 inexcu-

590 2399 807 2459 sabiles
836 2375 994 2465 sunt,
1027 2394 1255 2467 quanto
1305 2386 1556 2443 scienter
1603 2382 1664 2437 in
1712 2375 2244 2467 nihili‘conﬁdunt,

590 2490 731 2547 etin
764 2501 936 2544 coeno
978 2464 1116 2553 ejus
1159 2483 1449 2547 tanquam
1480 2486 1617 2527 sues
1644 2465 1900 2525 volutari
1928 2464 2242 2531 delectant,

590 2576 943 2636 infelioiores
1006 2551 1211 2642 utique
1267 2569 1323 2622 et
1374 2559 1668 2633 turpiores
1718 2556 1831 2613 illis
1879 2551 2245 2611 animalibus

590 2682 726 2740 quae
750 2677 923 2721 οωηο
955 2660 1276 2716 vescuntur
1304 2651 1639 2709 existentes.

664 2755 749 2810 ιν.
782 2749 896 2809 Sed
938 2747 1168 2804 utinam
1222 2740 1375 2798 sicut
1429 2736 1684 2792 Phinees
1736 2732 1810 2788 de
1866 2729 2246 2788 anathemate

592 2844 788 2900 Achar
814 2838 1199 2912 imprecetur,
1231 2828 1342 2887 soli
1370 2826 1452 2885 illi
1494 2823 1879 2891 corruissent,
1907 2819 2012 2892 qui
2041 2832 2247 2875 secun-

591 2935 740 2991 dum
767 2909 1101 3005 principem
1149 2931 1517 2979 mammonae
1562 2913 1756 2970 vivere
1807 2909 2196 2966 decreverunt
2232 2922 2244 2960 :

591 3027 648 3080 et
675 2996 798 3079 non
824 2996 1003 3076 etiam
1036 3012 1141 3069 filii
1181 3008 1334 3067 lucis
1365 3004 1503 3064 huic
1551 2999 1771 3058 smculo
1802 2996 2251 3054 conformaren-

591 3117 685 3170 tur
706 3113 913 3168 contra
952 3099 1336 3178 Apostolum;
1365 3093 1490 3162 sed,
1514 3090 1681 3165 quod
1710 3086 1890 3178 nimis
1919 3083 2249 3141 dolendum

591 3206 700 3270 est,
726 3198 842 3274 ipsi
888 3174 1043 3252 ﬁlias
1100 3189 1264 3256 Cain,
1292 3184 1509 3274 relictis
1539 3179 1716 3238 bonis
1757 3174 2092 3240 celestibus,
2126 3189 2249 3231 am-

590 3262 769 3365 plecti
799 3285 1077 3358 gestiunt,
1108 3278 1171 3336 id
1217 3280 1306 3333 est
1351 3271 1608 3339 divitias,
1665 3265 1935 3334 delicias,
1976 3262 2250 3335 volupta-

592 3349 699 3447 tee,
750 3349 1134 3446 obsequelas,
1184 3369 1363 3439 atque
1410 3359 1686 3447 libidines
1736 3352 2081 3411 ulciscendi.
2138 3349 2251 3416 Qui

593 3443 824 3525 utinam
875 3443 969 3517 vel
1023 3457 1100 3515 ad
1138 3453 1239 3512 Dei
1283 3446 1814 3508 comminationem
1867 3443 2245 3498 terrerentur.

592 3556 688 3613 vel
715 3553 859 3627 quia
878 3554 1019 3606 tunc
1042 3543 1222 3603 dixit:
1256 3541 1393 3597 Non
1415 3532 1789 3609 permanebit
1811 3531 2060 3599 spiritus
2089 3542 2249 3584 meus

592 3648 655 3705 in
687 3617 1020 3701 hominibus
1039 3635 1166 3692 istis
1194 3631 1360 3704 (Gen.
1392 3644 1469 3699 v1,
1492 3626 1568 3697 3),
1598 3622 1690 3680 vel
1720 3620 1867 3694 quia
1893 3633 2056 3676 nunc
2079 3617 2247 3674 dicit:

590 3734 737 3794 Filii
755 3730 929 3803 regni
953 3727 1261 3783 mittentur
1282 3720 1344 3776 in
1377 3714 1647 3774 tenebras
1667 3710 1988 3769 exteriores
2007 3706 2250 3779 (Matth.

593 3838 730 3890 χχιι,
761 3795 867 3891 £33.
900 3819 966 3873 Et
991 3816 1320 3888 postquam
1347 3797 2082 3891 semelaudivimuszEgo
2103 3795 2255 3865 elegi

595 3881 1070 3970 eos'delmunito
1113 3881 1291 3971 (ιῗοαη
1345 3912 1443 3962 xv,
1476 3890 1725 3963 l9),non
1770 3886 2024 3945 domum
2070 3881 2254 3954 subji-

593 4000 751 4061 ciam
778 3991 1033 4072 principi
1062 3986 1308 4056 mundi;
1356 3982 1503 4057 quia
1559 3976 1846 4036 nimirum
1884 3988 2129 4031 necesse
2168 3974 2257 4028 est

591 4108 705 4149 nos
749 4061 902 4154 esse,
951 4061 1056 4141 aut
1081 4080 1144 4136 in
1185 4074 1417 4136 mundo
1451 4085 1633 4144 quem
1679 4069 1833 4123 Deus
1887 4079 1994 4138 per
2042 4061 2253 4117 Filium

592 4152 935 4238 reconciliat
978 4172 1109 4234 sibi,
1154 4171 1257 4225 aut
1307 4166 1367 4221 in
1412 4178 1483 4219 eo
1529 4160 1653 4233 qui,
1694 4157 1866 4229 juxta
1905 4152 2252 4227 apostolum

2290 2945 2331 2999 Ο

592 4271 920 4325 Joannem:
972 4262 1045 4316 In
1092 4257 1358 4350 maligno
1402 4250 1633 4350 positus
1684 4250 1768 4350 est
1810 4244 2021 4350 LJoan:
2052 4257 2109 4296 v.
2146 4240 2254 4310 19).
2291 4295 2335 4350 D

596 4361 667 4415 Ut
688 4356 851 4412 enim
894 4351 1292 4418 Hieronymus
1320 4341 1384 4396 in
1404 4335 1655 4412 epistola
1686 4332 1764 4390 ad
1810 4330 2097 4404 Ephesios
2118 4343 2255 4402 per-

595 4447 778 4508 hibet,
809 4456 956 4500 mox
981 4441 1048 4496 ut
1073 4434 1337 4507 aliquem
1360 4425 1665 4503 principes
1694 4420 2088 4508 tenebrarum
2120 4433 2260 4490 sup-

595 4534 890 4610 plantant,
916 4543 1025 4587 suo
1070 4520 1305 4581 mundo
1327 4517 1420 4575 cui
1452 4512 1868 4589 principantur
1909 4507 2255 4578 adnectunt.

595 4596 816 4683 l/iderit
843 4596 985 4692 ergo
1012 4614 1120 4691 qui
1142 4611 1277 4671 talis
1312 4612 1420 4674 est,
1452 4607 1750 4679 quantum
1782 4600 1899 4656 sint
1927 4596 2258 4655 novissima

596 4716 752 4773 illius
782 4686 992 4786 pejora
1031 4686 1353 4780 prioribus.
1389 4700 1537 4754 Nam
1568 4698 1628 4750 ut
1676 4689 1874 4748 verbis
1912 4686 2157 4745 Joannis
2183 4700 2257 4742 ex

564 4822 571 4831 ‘
597 4774 968 4878 supradicto
996 4774 1150 4853 libro
1175 4793 1436 4855 utamur,
1465 4797 1620 4858 pene
1646 4781 1772 4837 sine
1798 4777 1975 4835 venia
1994 4774 2257 4833 habendi

598 4866 739 4951 sunt
764 4888 961 4948 cuncti
988 4901 1143 4960 quos
1168 4880 1352 4952 hujus
1381 4872 1593 4932 mundi
1616 4869 1806 4942 gloria
1832 4866 2070 4940 decipit.
2107 4869 2255 4922 Cum

598 4983 760 5041 enim
787 4953 1030 5036 videant
1060 4970 1225 5047 apud
1252 4983 1388 5025 eam
1418 4963 1667 5022 cruenta
1695 4959 1922 5027 omnia,
1951 4953 2285 5030 periculis-_

596 5086 715 5145 que
739 5085 811 5127 ac
831 5044 1125 5125 mortibus
1149 5061 1207 5116 et
1229 5051 1569 5131 praseipitiis
1598 5049 1797 5123 plena,
1829 5061 1941 5102 nec
1973 5044 2021 5100 si
2054 5049 2254 5101 tamen

598 5136 722 5219 sum
767 5151 1075 5232 cupiditati
1125 5149 1361 5206 frenum
1408 5136 1773 5215 iinponunt,_
1807 5149 2066 5207 cumque
2120 5147 2283 5205 eam‘

597 5248 804 5326 stipari
844 5220 1116 5303 .cernant
1167 5232 1477 5295 sodalibus
1547 5225 1823 5303 pessimis
1876 5220 2253 5281 contumeliis

598 5310 755 5411 dico,
780 5330 1139 5411 opprobriis,
1160 5327 1367 5391 livore,
1399 5318 1629 5377 insidiis
1652 5310 2170 5371 criminationibus
2201 5310 2257 5364 et

596 5398 1318 5500 pernicibsissimiscuris,
1352 5414 1515 5468 metu
1540 5406 1672 5480 jugi
1702 5404 1908 5461 timore
1937 5398 2255 5472 frequenti,

597 5486 656 5574 et
682 5515 840 5572 mille
850 5511 979 5569 aliis
1005 5501 1358 5579 hujusmodi
1384 5495 1661 5557 infaustis
1685 5488 2081 5557 consortibus,
2094 5486 2257 5543 velut

599 5601 965 5676 sanguinum
988 5610 1215 5656 corona
1224 5585 1584 5650 circumdari
1605 5603 1619 5653 ;
1639 5580 1839 5659 adhuc
1866 5584 2071 5637 tamen
2090 5590 2256 5635 amo-

2352 1660 2550 1727 retrix,
2579 1676 2711 1731 quae
2764 1657 3138 1728 nigredinem
3179 1671 3356 1712 suam
3400 1653 3605 1710 fucatis
3632 1651 3933 1726 quibusdam

2354 1746 2653 1805 coloribus
2678 1744 2958 1812 occultat,
2986 1743 3351 1801 laseivorum
3380 1740 3583 1799 oculos
3612 1744 3807 1813 captat.
3824 1741 3933 1795 Cum

2353 1832 2531 1904 igitur
2558 1830 2799 1905 perfecti
2847 1828 2991 1886 boni
3042 1825 3218 1884 malis
3246 1825 3489 1884 admisti
3518 1828 3677 1881 sunt:
3708 1823 3777 1880 ita
3808 1823 3935 1894 juxta

2355 1920 2676 1978 Psalmistae
2703 1934 2936 1980 vocem,
2965 1916 3203 1974 discunt
3231 1930 3481 1989 operam
3513 1927 3727 1980 eorum,
3757 1916 3810 1967 ut
3827 1909 3932 1965 illud

2354 2008 2672 2084 impleatur
2700 2006 2867 2081 quod
2895 2006 3122 2063 dictum
3150 2009 3238 2062 est
3263 2020 3274 2060 :
3322 2005 3418 2061 Va:
3447 2002 3660 2059 mundo
3686 2016 3721 2058 a
3743 1998 3932 2056 scanda-

2359 2100 2429 2154 tis
2451 2098 2693 2171 (Matth.
2720 2111 2880 2165 xvni,
2913 2094 2988 2167 7).

2427 2187 2500 2243 V.
2523 2183 2805 2259 Quisquis
2837 2198 2977 2241 vero
2999 2197 3217 2240 sanum
3243 2181 3424 2255 sapit,
3458 2183 3680 2254 oportet
3706 2182 3761 2234 ut
3785 2191 3937 2250 pravo-

2354 2294 2489 2336 rum
2518 2275 2772 2347 gloriam
2800 2289 2873 2331 ex
2902 2273 3021 2330 ﬁne
3052 2271 3415 2339 consideret,
3442 2271 3546 2345 qui
3575 2267 3713 2325 sicut
3738 2268 3790 2325 in
3809 2270 3937 2323 Mora-

2354 2366 2502 2423 lium
2532 2365 2683 2421 libro
2726 2380 2785 2420 iv
2822 2362 3184 2436 disputatur,
3217 2377 3288 2419 eo
3319 2360 3583 2418 atrocius
3612 2358 3669 2416 in
3696 2355 3936 2414 tormentis

2355 2453 2710 2524 obruuntur,
2761 2466 2885 2525 quo
2930 2450 3106 2508 altius
3179 2449 3242 2507 in
3306 2452 3625 2523 peccatum
3681 2446 3936 2503 elevantur.

2356 2541 2594 2599 Transit
2629 2539 2796 2613 quod
2823 2538 3143 2609 extollitur,
3174 2542 3496 2612 permanet
3533 2534 3691 2610 quod
3715 2531 3938 2607 punitur;

2354 2632 2727 2690 honorantur
2774 2628 2836 2684 in
2864 2627 2980 2697 via,
3012 2627 3075 2685 in
3110 2626 3505 2700 perventione
3530 2622 3938 2683 damnabantur;

2355 2726 2413 2777 et
2461 2718 2635 2794 quasi
2688 2733 2794 2791 per
2851 2731 3095 2774 amoena
3122 2719 3298 2789 prata
3337 2715 3426 2773 ad
3495 2728 3769 2772 carcerem
3794 2721 3943 2783 perve-

2355 2812 2549 2878 niunt,
2571 2809 2720 2865 dum
2749 2807 2880 2866 vitae
2909 2806 3218 2880 prtesentis
3252 2822 3366 2880 per
3395 2821 3675 2880 prospera
3697 2802 3766 2860 ad
3800 2797 3943 2857 interi-

2357 2906 2487 2960 tum
2516 2899 2785 2958 tendunt.
2836 2900 2906 2955 Et
2933 2897 3181 2971 quidem
3209 2897 3361 2954 boni
3396 2913 3537 2954 cum
3562 2891 3827 2970 quoslibet
3849 2886 3941 2959 glo-

2358 2989 2550 3046 riosos
2581 2992 2685 3044 aut
2707 2988 2862 3043 mori
2906 2990 3011 3043 aut
3037 2984 3431 3043 dehonestari
3455 2981 3816 3058 conspiciunt,
3840 2975 3943 3050 quia

2358 3079 2627 3136 humana
2666 3074 2856 3147 gloria
2883 3074 3029 3132 nihil
3061 3075 3137 3133 sit
3166 3091 3305 3132 eum
3348 3074 3575 3147 gemitu
3621 3069 3770 3130 fateri
3804 3064 3941 3123 solent

2357 3169 2646 3225 dicentes:
2689 3166 2842 3221 Ecce
2887 3166 3031 3238 quia
3075 3164 3234 3222 nihil
3280 3172 3370 3223 est
3404 3166 3573 3223 homo
3623 3160 3739 3233 (Job
3766 3173 3859 3223 xvi,
3890 3153 3940 3223 8).

2356 3257 2525 3332 quod
2576 3254 2865 3312 nimirum
2910 3253 3129 3311 rectius
3179 3254 3384 3312 dicent
3445 3255 3496 3311 si
3538 3258 3670 3310 tunc
3709 3245 3940 3306 interitum

2359 3328 2676 3417 cujuslibet
2750 3341 3012 3416 potentis
3097 3342 3454 3413 cogitarent,
3541 3356 3670 3398 cum
3724 3351 3840 3393 eum
3902 3328 3941 3384 in

2359 3435 2504 3492 ﬂore
2541 3431 2950 3507 prosperitatis
2978 3431 3202 3489 vident.
3230 3435 3400 3490 Tunc
3451 3445 3703 3503 namque
3743 3419 3942 3482 conside-

2358 3522 2618 3581 randum
2658 3525 2747 3579 est
2790 3537 2914 3595 quo
2956 3535 3135 3577 cursu
3180 3520 3433 3579 felicitas
3487 3515 3802 3587 transvolet,
3845 3522 3943 3566 cum

2360 3615 2497 3670 ante
2518 3612 2819 3668 humanos
2837 3609 3043 3667 oculos
3064 3610 3240 3683 quasi
3260 3625 3626 3685 permanens
3645 3604 3818 3681 pollet.
3837 3602 3942 3656 Nam

2362 3700 2614 3774 gloriam
2642 3699 2915 3757 morituri
2944 3698 3091 3756 nihil
3112 3715 3239 3756 esse
3263 3701 3327 3756 in
3352 3701 3490 3775 ipsa
3505 3702 3632 3773 jam
3659 3697 3821 3753 morte
3844 3700 3942 3763 pen-

2362 3806 2496 3848 sare
2519 3789 2691 3864 pravi
2743 3787 2993 3862 quilibet
3019 3791 3306 3861 possunt:
3358 3793 3504 3846 tunc
3555 3786 3707 3845 enim
3739 3783 3781 3839 ei
3814 3778 3940 3835 etiam

2363 3881 2657 3951 derogant
2685 3878 2790 3952 qui
2817 3879 2975 3935 hanc
3006 3882 3062 3934 et
3086 3894 3277 3951 usque
3309 3879 3393 3936 ad
3421 3882 3671 3936 mortem
3699 3868 3943 3946 sequentes

2364 3974 2588 4028 amant.
2614 3972 2694 4025 De
2729 3968 2823 4024 his
2849 3972 3030 4041 atque
3060 3984 3272 4025 eorum
3298 3967 3698 4025 imitatoribus
3730 3959 3942 4031 scriptum

2364 4066 2454 4116 est
2509 4058 2621 4116 sub
2657 4061 2801 4132 typo
2853 4056 3071 4115 scilicet
3120 4056 3277 4113 illius
3324 4073 3527 4130 pravae
3578 4044 3941 4129 generationis:

2362 4150 2561 4220 Longe
2609 4150 2765 4216 fiant
2790 4146 2908 4216 ﬁlii
2954 4148 3081 4216 ejus
3107 4161 3143 4204 a
3186 4147 3407 4218 salute,
3441 4155 3497 4204 et
3531 4145 3875 4204 conterantur
3904 4132 3944 4220 in

2362 4217 2542 4309 ρονὶα
2571 4236 2703 4308 (Job
2724 4253 2778 4304 ν,
2804 4237 2881 4308 4).
2911 4238 3086 4301 P.0rta
3109 4238 3198 4291 est
3227 4217 3443 4293 ultima
3471 4235 3597 4292 dies
3622 4227 3823 4306 judicii,
3847 4217 3947 4309 quis

2365 4305 2473 4400 per
2524 4305 2720 4400 ipsam
2769 4305 3022 4381 intratur
3069 4323 3148 4381 ad
3187 4340 3470 4395 regnum.
3504 4305 3667 4382 Stulti
3709 4317 3859 4389 igitur
3885 4305 3949 4361 vel

2367 4433 2578 4474 eorum
2607 4414 2732 4488 ﬁlii,
2762 4413 2824 4471 id
2856 4419 2962 4483 est,
2996 4413 3348 4481 imitatores,
3394 4418 3532 4472 ante
3560 4415 3777 4487 portam
3801 4410 3949 4472 ευριπ·

2368 4506 2560 4573 biunt,
2589 4504 2693 4561 sed
2723 4504 2786 4559 in
2811 4507 2985 4576 porta
3038 4506 3443 4570 conterentur,
3475 4503 3618 4577 quia
3652 4512 3793 4556 nunc
3827 4500 3950 4565 pros-

2366 4600 2673 4670 perantur,
2705 4594 2811 4651 sed
2840 4593 2902 4649 in
2935 4593 3162 4665 judicio
3195 4593 3497 4650 ferientur.
3533 4590 3639 4659 Qui
3675 4586 3813 4645 enim
3851 4584 3951 4636 tunc

2365 4685 2562 4752 renuit
2625 4687 2812 4742 Deum
2866 4698 2971 4756 per
3037 4682 3418 4755 disciplinam
3486 4681 3700 4738 habere
3757 4674 3949 4747 patrem,

2367 4774 2597 4831 malens
2618 4788 2747 4829 esse
2766 4772 2927 4829 filius
2947 4772 3129 4844 hujus
3149 4772 3339 4843 regni,
3362 4777 3505 4828 tunc
3534 4786 3638 4844 per
3658 4756 3949 4836 adjutorillm

2365 4864 2589 4920 habere
2618 4877 2743 4919 non
2766 4861 3090 4917 merebitur
3103 4866 3460 4934 ereptorem,
3486 4860 3591 4917 sed
3607 4859 3665 4915 in
3690 4855 3838 4929 porta
3856 4855 3952 4901 con-

2365 4957 2599 5008 teretur.
2637 4952 2789 5008 Sane
2812 4949 3090 5024 quisquis
3114 4949 3209 5007 vel
3238 4950 3313 5007 de
3337 4955 3592 5022 utraque
3622 4935 3949 5024 generatione,

2364 5041 2456 5099 vel
2483 5041 2557 5097 de
2590 5019 2853 5114 utroque
2874 5019 3068 5112 gradu
3093 5041 3231 5097 vitae
3254 5040 3438 5112 hujus
3462 5019 3665 5096 amore
3685 5019 3949 5104 captuscsl;

2362 5127 2636 5213 partibus
2663 5130 2791 5200 ejus
2821 5128 3000 5199 favet,
3032 5133 3088 5187 et
3116 5127 3591 5185 dehortatorium
3620 5121 3843 5180 verbum
3864 5118 3948 5167 n0”

2362 5217 2614 5275 libenter
2636 5216 2953 5274 auscultat.

2434 5310 2523 5363 Vl.
2556 5306 2877 5364 Sciendum
2926 5321 3062 5361 vero
3093 5310 3185 5361 est
3212 5306 3375 5379 quod
3428 5304 3641 5361 eadem
3684 5304 3870 5368 genera
3892 5281 3950 5337 sic

2364 5396 2542 5453 mista
2561 5399 2720 5467 sunt,
2749 5399 2813 5451 ut
2827 5395 2888 5450 in
2903 5393 3270 5467 quibuslibet
3293 5392 3564 5449 ﬁdelium
3581 5384 3839 5464 gradibus
3856 5385 3951 5449 ΡΓ⁰¹

2365 5501 2599 5543 currere
2649 5483 2871 5558 pariter
2898 5482 3311 5542 inveniantur:
3368 5480 3659 5555 quoniam
3699 5471 3950 5548 ᾳιιοιιείῐυθ

2363 5554 2767 5632 νθηωδδιῖυω
2780 5570 3002 5644 judicis
3029 5571 3302 5643 agitetur,
3331 5554 3524 5643 grana
3553 5582 3688 5625 cum
3705 5554 3864 5639 paleis
3881 5559 3951 5605 ηε·
