4094 6156
254 73 355 124 553

251 206 417 245 cesse
447 195 538 246 est
567 189 626 246 in
658 206 798 248 arca
829 194 1136 266 praesentis
1181 192 1312 249 vitm
1367 193 1546 249 simul
1594 191 1898 249 contineri.

252 281 428 334 Porro
458 284 662 335 contra
692 296 795 335 eos
827 282 1044 338 abhinc
1073 282 1286 352 agitur,
1317 283 1420 355 qui
1457 281 1627 338 factis
1683 281 1904 336 saeculo

252 367 432 423 ﬁdem
467 375 770 424 servantes
793 371 1029 426 mentiri
1060 374 1178 427 Deo
1206 388 1312 444 per
1354 371 1628 428 habitum
1675 369 1906 441 religio-

251 458 344 512 nis
374 463 725 513 noscuntur.
761 459 817 515 Si
841 459 1019 529 igitur
1043 459 1259 516 infirmi
1291 460 1499 517 ﬁdeles
1531 461 1591 516 in
1635 460 1905 516 saeculari

251 544 463 600 habitu
493 561 820 618 pravorum
841 547 1276 604 deteriorantur
1300 549 1608 622 exemplis,
1664 565 1786 606 non
1817 553 1906 605 ut-

252 648 493 706 cunque
520 633 742 689 mirum
771 640 858 692 est
888 653 901 703 ;
934 637 1048 693 hoc
1079 638 1444 694 omnimodis
1481 637 1907 694 exsecrabilius

252 717 508 791 videtur,
560 723 609 778 si
664 723 965 794 religionis
1022 728 1412 798 professores,
1461 727 1707 800 quibus,
1737 730 1801 782 ut
1829 725 1910 782 ait

252 810 596 882 Apostolus,
627 813 886 883 Eloquia
910 815 1022 869 Dei
1050 815 1278 871 credita
1305 821 1446 872 sunt
1503 817 1686 886 (Rom.
1719 832 1807 884 ιιι,
1829 815 1905 885 2),

253 898 599 955 carnalibus
628 900 934 956 desideriis
993 904 1303 974 contigerit
1357 904 1641 971 ancillari,
1696 902 1908 959 relictis

253 987 592 1043 calestibus
620 990 864 1044 terrenis
884 991 1131 1063 inhiare,
1167 997 1509 1065 contempto
1549 997 1665 1049 Deo
1713 1008 1908 1048 mam-

252 1090 453 1130 mona;
482 1076 719 1132 servire.
751 1078 921 1143 Quod
953 1094 1138 1150 quam
1155 1080 1517 1137 exsecrabile
1539 1081 1611 1136 sit
1628 1080 1757 1153 ipsa
1778 1095 1911 1153 pro-

251 1163 476 1236 phetici
501 1165 798 1220 sermonis
827 1166 1082 1223 invectio
1112 1173 1317 1240 palam
1368 1169 1758 1235 demonstrat,
1787 1185 1911 1241 qua

252 1254 409 1308 Deus
438 1253 842 1309 comminatur
860 1254 1066 1311 dicens
1096 1257 1204 1312 :Si
1225 1259 1554 1327 fornicaris
1583 1266 1645 1313 tu
1695 1259 1906 1326 Israel,

250 1357 374 1398 non
403 1342 718 1414 delinquas
745 1350 809 1399 tu
838 1345 1048 1401 saltem
1072 1347 1236 1401 Juda
1263 1347 1413 1418 (Ose.
1451 1364 1528 1416 tv,
1552 1352 1659 1417 I5).
1697 1351 1908 1405 Decem

248 1445 515 1502 namque
545 1430 733 1486 tribus
752 1431 1012 1488 ﬁliorum
1036 1434 1211 1490 Israel
1227 1453 1264 1490 ει
1285 1435 1467 1491 domo
1485 1435 1690 1502 Davi],
1715 1451 1907 1508 quon-

1273 69 1770 127 COLLATIONUM
1811 63 1994 122 LIBRI
2031 65 2226 123 TRES.
2267 97 2337 106 -—
2379 67 2510 122 LIB.
2552 71 2618 123 ll.

3565 78 3672 131 554

2024 187 2317 262 supplicia
2343 187 2702 262 profundius
2726 195 2924 248 ruant.
2955 193 3119 251 Unde
3169 209 3416 252 necesse
3463 201 3553 254 est
3606 202 3674 254 ut

2019 275 2113 331 vel
2134 276 2303 346 istos,
2329 276 2426 333 vel
2453 276 2586 332 illos
2617 280 2756 334 tunc
2783 280 3230 339 consideremus
3251 284 3512 358 amplius
3562 285 3672 341 mi-

2019 365 2289 436 seriores,
2323 367 2614 439 quoniam
2642 382 2748 422 eos
2786 369 3190 441 conspicimus
3235 373 3298 429 in
3340 374 3519 448 culpa
3560 391 3673 432 sua

2018 453 2145 511 sine
2175 455 2413 526 ﬂagello
2439 455 2771 527 derelictos,
2803 461 2860 512 et
2887 465 3114 529 quanto
3142 467 3281 534 post
3297 463 3672 537 iniquitatem

2015 549 2466 615 prosperantur,
2500 549 2664 601 tanto
2717 544 3036 617 perditioni
3085 549 3499 621 proximiores.
3549 555 3672 610 Hoc

2016 630 2078 686 in
2100 631 2462 690 duodecima
2484 633 2798 690 Ezechielis
2818 634 3091 692 Homilia.

2091 721 2208 777 VII.
2241 726 2312 778 At
2336 721 2626 795 superiori
2650 722 2872 791 libello,
2899 739 3039 780 cum
3064 724 3140 782 de
3164 726 3437 784 violentis
3466 729 3670 803 loque-

2016 825 2238 877 remur,
2271 827 2411 866 cum
2441 811 2723 885 superbia
2742 817 2799 868 et
2817 812 3118 870 luxuriam
3177 820 3671 874 commemoravi-

2017 914 2174 965 mus,
2205 899 2280 956 de
2311 900 2540 957 malitia
2571 905 2850 958 tacentes.
2891 902 2958 958 Hi
3003 919 3146 975 ergo
3203 904 3307 977 qui
3356 909 3494 977 post
3539 922 3673 978 pro-

2016 986 2243 1044 fessam
2263 988 2612 1060 religionem
2629 989 2708 1046 ad
2735 991 3006 1048 carnales
3026 993 3323 1066 nequitias
3343 993 3672 1050 devolvun-

2017 1081 2131 1150 tur,
2159 1079 2355 1150 primo
2381 1096 2488 1153 per
2515 1081 2865 1154 superbiam
2914 1083 3249 1155 capiuntur.
3302 1089 3366 1141 ln
3422 1101 3566 1158 qua,
3607 1089 3675 1141 ut

2019 1165 2306 1238 scriptum
2329 1173 2420 1224 est
2451 1169 2652 1226 Omnis
2664 1171 2925 1240 perditio
2981 1173 3162 1228 sumit
3213 1173 3453 1229 initium
3499 1173 3669 1245 (Tob.

2021 1270 2101 1322 xv,
2126 1255 2238 1326 14),
2252 1273 2389 1328 quae
2416 1257 2500 1312 eis
2524 1259 2786 1315 maxime
2805 1275 2913 1332 per
2927 1260 3042 1317 hoc
3063 1260 3348 1334 subrepit,
3363 1262 3506 1334 quia
3525 1262 3674 1318 dum

2017 1343 2350 1400 redditibus
2384 1346 2676 1415 Ecclesiae,
2721 1348 2816 1404 vel
2867 1348 3137 1406 donariis
3188 1350 3457 1406 ﬁdelium
3509 1351 3677 1408 ditati

2019 1430 2444 1503 incrassantur,
2478 1436 2874 1505 recalcitrant,
2904 1443 2961 1493 et
2987 1439 3130 1511 quia
3159 1438 3219 1494 in
3241 1438 3445 1495 labore
3479 1440 3677 1498 homi-

251 1517 398 1573 dam
418 1517 497 1574 ad
524 1518 922 1576 idololatriam
949 1528 1359 1590 recesserunt;
1403 1530 1666 1580 attamen
1718 1523 1906 1583 tribus
1936 1529 1978 1583 B
2020 1536 2168 1577 num
2194 1538 2317 1578 non
2365 1528 2526 1593 sunt,
2574 1529 2850 1581 tenentur
2899 1526 3036 1582 ideo
3089 1527 3415 1599 superbia:
3459 1528 3677 1586 deinde

250 1607 432 1678 Juda,
465 1611 755 1681 tanquam
784 1609 846 1665 in
875 1610 1059 1667 domo
1090 1613 1277 1668 David
1301 1613 1651 1682 consistens,
1693 1613 1906 1670 divinae
2014 1609 2259 1683 plenam
2283 1627 2536 1668 manum
2565 1613 2855 1670 habentes
2895 1613 3103 1670 vitium
3154 1615 3312 1671 illius
3363 1616 3679 1689 purpurati

255 1695 554 1753 servitutis
583 1697 810 1754 cultum
862 1699 1087 1756 diutius
1143 1704 1470 1759 retentavit.
1531 1704 1641 1760 Per
1697 1702 1908 1760 decem
2015 1698 2214 1756 divitis
2241 1700 2572 1772 incurrunt,
2595 1701 2862 1777 quotidie
2893 1702 3166 1760 videlicet
3192 1703 3506 1776 splendide
3537 1721 3678 1779 epu-

253 1800 398 1854 ergo
425 1785 613 1841 tribus
638 1785 958 1844 multitudo
989 1789 1386 1858 saecularium,
1411 1806 1516 1863 per
1548 1808 1733 1849 unam
1768 1807 1908 1848 vero
2015 1788 2144 1857 lari,
2201 1795 2260 1846 et
2305 1791 2654 1848 cultioribus
2712 1792 2976 1850 vestibus
3032 1792 3348 1863 gestientes
3376 1794 3676 1868 pompari.

254 1887 544 1929 numerus
569 1873 1128 1944 ecclesiasticorum,
1161 1879 1266 1950 qui
1295 1877 1530 1934 brevior
1553 1886 1658 1942 est,
1715 1881 1909 1953 expri-

252 1963 460 2018 mitur.
495 1964 945 2028 Quantumlibet
995 1971 1196 2022 autem
1245 1967 1564 2024 saeculares
1621 1974 1912 2041 tanquam

254 2053 372 2108 illae
403 2053 611 2109 decem
663 2054 852 2110 tribus
904 2071 940 2111 a
997 2056 1215 2113 divinis
1239 2057 1474 2127 legibus
1515 2059 1910 2128 exhorbitent,

252 2141 512 2197 ministri
560 2147 761 2198 tamen
803 2143 1074 2200 Ecclesiae
1142 2150 1432 2218 tanquam
1497 2147 1689 2203 tribus
1762 2148 1915 2204 Iuda

252 2231 484 2287 Christo
504 2231 838 2289 debuerant
855 2233 1166 2290 inhaerere.
1199 2239 1468 2308 Namque
1483 2235 1559 2292 de
1574 2236 1688 2293 illis
1704 2237 1914 2294 decem

253 2319 552 2386 tribubus,
579 2320 758 2376 veluti
783 2321 858 2377 de
884 2322 976 2377 his
1008 2323 1110 2395 qui
1158 2340 1319 2380 nunc
1348 2325 1534 2381 verbo
1579 2341 1703 2381 non
1735 2341 1914 2400 opere

257 2408 441 2464 ﬁdem
468 2413 686 2477 tenent,
715 2415 806 2466 est
827 2410 925 2466 illa
953 2411 1050 2467 Dei
1081 2413 1463 2484 querimonia
1481 2414 1763 2471 dicentis:
1797 2417 1917 2472 Ad-

258 2500 561 2554 versatrix
593 2500 788 2556 Israel
817 2500 984 2568 abiit,
1018 2507 1071 2557 et
1120 2503 1430 2572 fornicata
1477 2509 1561 2561 est
1607 2505 1722 2560 sibi
1767 2505 1912 2576 (Jer.

257 2603 340 2654 ιιι,
376 2589 450 2659 8).
485 2590 552 2643 Et
581 2589 803 2659 statim,
830 2594 892 2644 ut
938 2589 1386 2660 ecclesiasticos,
1436 2593 1541 2665 qui
1587 2593 1917 2650 imitatione

260 2673 639 2730 saecularium
696 2674 1130 2732 deteriorantur
1160 2718 1174 2742 ,
1237 2679 1612 2751 exprimeret,
1666 2680 1920 2753 qualiter

260 2779 368 2836 per
393 2763 663 2836 exempla
695 2764 1093 2820 lsraelitarum
1143 2765 1362 2822 domus
1419 2767 1573 2824 Juda
1621 2768 1916 2839 ceciderit,

2017 1880 2165 1934 Tum
2186 1895 2431 1952 quoque
2457 1897 2580 1937 sum
2606 1881 2995 1955 professionis
3035 1881 3202 1938 obliti
3241 1881 3492 1941 luxurias
3547 1899 3678 1941 ma-

2020 1981 2135 2022 nus
2157 1968 2418 2025 tradunt.
2449 1970 2622 2042 Apud
2653 1987 2807 2043 quos
2832 1970 3060 2044 utique,
3085 1971 3258 2042 juxta
3279 1971 3427 2027 illud
3445 1972 3678 2041 comici,

2024 2055 2228 2112 Venus
2252 2056 2511 2130 frigeret,
2543 2059 2592 2114 si
2621 2061 2827 2116 Cerere
2851 2064 2908 2116 et
2932 2060 3168 2116 Baccho
3211 2075 3334 2116 non
3375 2059 3681 2118 abundas-

2026 2147 2134 2199 set.
2160 2145 2343 2216 Cujus
2371 2146 2561 2202 ruinas
2589 2146 3043 2203 descensionem
3070 2147 3206 2220 ipsa
3221 2165 3466 2222 quoque
3491 2165 3683 2205 mem-

2023 2231 2274 2290 brorum
2305 2234 2682 2293 demonstrat
2710 2235 2948 2309 positio,
2977 2253 3117 2293 cum
3147 2236 3421 2294 videlicet
3443 2253 3548 2294 cor
3574 2237 3686 2294 viri

2025 2321 2308 2394 superbia
2337 2327 2526 2380 tumet
2555 2325 2818 2398 spiritus,
2847 2324 3064 2381 deinde
3106 2330 3331 2395 venter,
3378 2331 3684 2399 postremo

2025 2409 2306 2480 genitalia
2335 2411 2724 2470 collocantur.
2779 2413 3071 2486 Superbia
3121 2418 3211 2470 est
3249 2413 3511 2487 spiritus,
3556 2415 3685 2472 reli-

2023 2513 2161 2570 quae
2190 2499 2328 2556 duae
2357 2501 2574 2558 carnis.
2622 2503 2762 2568 Quae
2812 2503 2946 2558 duae
2997 2506 3326 2576 postquam
3376 2504 3688 2560 hominem

2023 2586 2358 2658 illexerunt,
2393 2605 2464 2646 eo
2485 2590 2786 2646 difﬁcilius
2828 2591 3216 2664 deponuntur
3270 2608 3394 2665 quo
3451 2593 3688 2663 dulcius

2027 2681 2297 2734 utuntur.
2323 2681 2456 2734 tam
2484 2695 2626 2736 vero
2653 2680 2714 2735 hi
2739 2680 2883 2736 tales
2927 2685 3135 2737 contra
3181 2681 3536 2754 Apostolum
3591 2699 3685 2738 se-

2031 2766 2303 2822 cundum
2333 2783 2576 2824 carnem
2614 2769 2874 2824 viventes
2917 2769 2994 2825 de
3047 2786 3333 2842 corporea
3380 2770 3688 2827 nobilitate

261 2854 466 2910 subdit
487 2855 692 2911 dicens
721 2857 837 2912 :Et
866 2857 1011 2913 vidit
1039 2859 1511 2927 praevaricatrix
1564 2874 1734 2915 soror
1790 2860 1917 2929 ejus
1961 2879 2002 2934 ε
2035 2854 2400 2925 gloriantur:
2433 2857 2538 2930 qui
2569 2857 2617 2912 si
2645 2873 2754 2930 pro
2787 2861 2947 2914 certo
2977 2858 3075 2913 Dei
3099 2858 3253 2914 ﬁlios
3280 2875 3342 2914 se
3387 2875 3518 2916 esse
3567 2876 3690 2916 cre-

259 2945 444 3012 Juda,
473 2945 632 3015 quod
658 2945 958 3002 mcechata
988 2951 1136 3002 esset
1175 2946 1560 3005 adversatrix
1600 2949 1814 3014 Israel,
1862 2953 1918 3004 et

261 3034 425 3106 quod
452 3035 799 3091 dimisissem
825 3050 976 3100 eam,
1009 3041 1062 3092 et
1092 3036 1380 3094 dedissem
1407 3039 1462 3094 ei
1509 3039 1778 3094 libellum
1827 3052 1919 3094 re-

256 3121 437 3192 pudii
468 3139 480 3176 :
504 3137 624 3178 non
656 3123 854 3178 timuit
873 3135 896 3193 ,'
915 3123 1020 3179 sed
1039 3124 1210 3192 abiit,
1239 3130 1294 3181 et
1309 3124 1623 3194 fornicata
1639 3131 1725 3182 est
1743 3127 1920 3182 etiam

260 3213 398 3282 ipsa
428 3210 651 3282 (Ibid).
686 3213 826 3277 Quae
850 3211 1057 3268 omnia
1079 3228 1242 3268 nunc
1285 3212 1627 3286 implentur,
1678 3231 1818 3271 cum
1847 3214 1926 3271 ad

261 3298 657 3355 imitationem
716 3298 1048 3355 carnalium
1109 3299 1360 3356 ministri
1401 3301 1673 3358 Ecclesiae
1727 3301 1929 3359 devol-

262 3392 488 3444 vuntur
515 3405 530 3456 ;
553 3404 694 3444 cum
715 3387 983 3444 similiter
1003 3404 1107 3444 eos
1127 3388 1410 3462 superi-ia
1437 3389 1626 3461 erigit,
1678 3390 1928 3448 avaritia

262 3477 569 3547 tabefacit,
628 3477 903 3550 voluptas
952 3477 1180 3546 dilatat,
1226 3478 1458 3537 malitia
1509 3485 1810 3551 angustat,
1838 3480 1928 3537 ira

260 3567 628 3634 inﬂammat,
658 3565 962 3623 discordia
1011 3572 1269 3640 separat,
1320 3568 1546 3626 invidia
1605 3569 1924 3635 exulcerat,

260 3655 500 3714 luxuria
526 3655 852 3728 inquinans
879 3661 1073 3712 necat.
1105 3659 1174 3711 Et
1201 3656 1343 3712 item
1361 3657 1475 3731 ipsi
1496 3673 1605 3731 per
1628 3675 1783 3732 quos
1823 3675 1928 3714 sae-

264 3743 503 3800 culares
555 3743 773 3815 corrigi
813 3744 1168 3816 debuerant,
1223 3761 1327 3802 eos
1373 3746 1454 3803 ad
1515 3753 1928 3821 contemptum

264 3832 698 3890 mandatorum
727 3833 829 3889 Dei
849 3849 957 3907 per
985 3851 1100 3891 sua
1121 3835 1284 3892 mala
1307 3836 1584 3909 exempla
1623 3837 1925 3907 instigant.

266 3925 336 3979 Et
368 3938 508 3978 cum
529 3921 862 3980 debuerant
885 3922 1105 3994 lucere,
1136 3928 1202 3981 ut
1225 3924 1306 3980 ait
1332 3925 1675 3998 Apostolus,
1708 3926 1772 3981 in
1800 3942 1929 3981 me-

265 4011 374 4067 dio
396 4011 652 4067 nationis
679 4027 904 4085 pravae,
953 4017 1020 4068 ut
1073 4029 1178 4069 eos
1217 4012 1596 4086 resplendere
1649 4013 1929 4085 facerent,

267 4101 469 4170 magis
498 4100 737 4158 illorum
789 4101 1067 4175 exempla
1122 4107 1440 4176 sequentes
1492 4101 1928 4172 tenebrescunt,

2033 2944 2260 3012 derent,
2290 2959 2605 3018 nunquam
2631 2950 2770 3018 post
2797 2945 3034 3001 divinos
3061 2946 3288 3002 natales
3317 2947 3690 3003 nobilitatem

2034 3032 2474 3090 admirarentur
2501 3038 2801 3090 terrenam
2834 3052 2846 3090 :
2874 3039 2931 3091 et
2953 3051 3090 3090 cum
3123 3034 3413 3107 scriptum
3442 3034 3520 3091 sit
3547 3053 3560 3090 :
3596 3036 3691 3092 Ne

2034 3124 2313 3194 glorieris
2360 3123 2425 3178 in
2474 3124 2689 3180 vestitu
2741 3138 3004 3194 unquam
3055 3123 3270 3192 (Eccli.
3324 3139 3414 3192 x1,
3471 3123 3549 3196 4),
3597 3122 3693 3179 isti

2035 3210 2202 3285 quod
2232 3211 2460 3268 audent
2488 3211 2735 3268 faciunt.
2786 3216 2934 3269 Nam
2983 3228 3173 3284 genus
3229 3211 3475 3286 quidem
3522 3211 3695 3268 vesti-

2033 3301 2240 3371 menti,
2271 3301 2438 3374 quod
2457 3300 2728 3372 religioni
2753 3301 3098 3358 dedicatum
3120 3307 3229 3372 est,
3248 3301 3486 3374 penitus
3514 3317 3694 3375 prop-

2034 3394 2122 3446 ter
2175 3389 2511 3446 humanam
2565 3391 3092 3464 reprehensionem
3152 3390 3410 3462 abjicere
3457 3390 3696 3446 erubes-

2034 3482 2197 3549 cunt,
2238 3478 2467 3535 colores
2522 3483 2723 3535 tamen
2780 3484 2838 3536 et
2889 3479 3197 3535 mollitiem
3228 3477 3492 3535 studiose
3529 3494 3694 3552 quae-
3808 3487 3816 3496 '

2034 3571 2173 3623 runt
2200 3584 2213 3621 :
2245 3566 2530 3640 quamvis
2554 3567 2828 3624 nonnulli
2860 3568 3038 3624 etiam
3070 3567 3339 3635 abbates,
3365 3573 3429 3624 ut
3458 3572 3696 3641 apertas

2035 3656 2215 3712 etiam
2240 3656 2579 3712 inimicitias
2608 3657 2761 3713 inter
2787 3673 2849 3713 se
2874 3664 2932 3714 et
2947 3662 3217 3714 sanctam
3239 3657 3514 3728 regulam
3562 3673 3700 3730 pro-

2033 3747 2322 3800 testentur
2352 3745 2510 3816 (66⁷),
2541 3745 2946 3801 monasticum
2971 3746 3233 3811 schema,
3279 3744 3550 3800 videlicet
3601 3759 3700 3800 cu-

2036 3831 2280 3898 cullam,
2310 3832 2557 3888 induere
2583 3832 3008 3903 dedignantur.
3040 3835 3104 3888 Et
3128 3836 3283 3887 certe
3316 3831 3471 3888 sicut
3507 3833 3569 3887 in
3626 3832 3698 3887 li-

2035 3934 2147 3978 bro
2174 3921 2526 3978 Geronticon
2547 3921 2781 3989 dicitur,
2814 3922 3028 3976 eadem
3057 3920 3236 3976 datur
3261 3920 3454 3988 gratia
3476 3921 3540 3975 in
3568 3936 3698 3975 mo-

2040 4009 2290 4067 nachico
2320 4009 2552 4081 habitu,
2585 4025 2722 4082 qua!
2753 4013 2810 4066 et
2839 4010 2901 4064 in
2930 4008 3082 4065 albis
3105 4007 3413 4080 baptismi.
3448 4010 3516 4063 Et
3550 4007 3701 4064 sicut

2039 4098 2254 4156 beatus
2287 4098 2682 4170 Hieronymus
2711 4098 2772 4153 in
2803 4096 3054 4170 epistola
3081 4097 3158 4153 ad
3202 4095 3391 4152 tiliam
3418 4095 3699 4154 Mauricii

269 4195 340 4246 ut
360 4190 648 4263 scriptum
677 4195 766 4248 est
795 4209 808 4248 :
840 4192 981 4248 Erit
1001 4193 1154 4248 sicut
1196 4193 1460 4262 populus
1515 4194 1600 4249 sic
1654 4193 1930 4249 sacerdos
1959 4227 2006 4284 Β
2042 4187 2335 4284 perhibet,
2367 4186 2622 4284 grandis
2670 4186 2885 4284 divinae
2940 4185 3142 4284 gratiae
3197 4184 3562 4284 contumelia
3609 4188 3702 4284 est

270 4282 421 4351 (Isa.
451 4295 614 4349 xxiv,
645 4280 723 4352 2).
756 4279 872 4336 Sed
911 4279 1156 4336 solerter
1205 4281 1564 4338 intuendum
1616 4287 1723 4353 est,
1764 4280 1932 4354 quod

271 4385 349 4425 ex
376 4383 522 4425 voce
551 4369 652 4424 Dei
679 4369 896 4424 dicitur
923 4387 936 4426 :
964 4369 1118 4437 Quia
1147 4371 1231 4426 sic
1245 4370 1448 4427 dimisi
1466 4385 1595 4428 eam
1615 4386 1640 4442 ,°
1663 4376 1721 4427 et
1765 4370 1934 4444 quod

273 4456 538 4525 additur,
563 4457 775 4514 dediei
805 4458 1075 4514 libellum
1120 4459 1361 4529 repudii
1411 4459 1604 4531 (Deut.
1654 4475 1817 4525 xxxv,
1858 4460 1931 4531 3).

273 4551 428 4604 Nam
456 4546 553 4603 vel
579 4546 880 4620 quoslibet
910 4547 1248 4616 saeculares,
1281 4547 1461 4620 quasi
1484 4547 1784 4618 lsraelem,
1842 4548 1937 4604 vel

275 4652 702 4710 quoscumque
731 4636 792 4692 in
838 4637 1054 4693 habitu
1101 4637 1404 4708 religionis
1460 4638 1707 4711 positos,
1764 4638 1937 4710 quasi

276 4725 503 4782 Judam
534 4731 675 4781 tunc
697 4727 852 4780 Deus
873 4725 1132 4793 dimittit,
1165 4742 1306 4782 cum
1355 4742 1477 4796 eos,
1529 4731 1594 4783 ut
1647 4727 1938 4800 scriptum

279 4819 391 4886 est,
425 4814 763 4870 secundum
784 4813 1084 4871 desideria
1105 4815 1300 4870 cordis
1341 4831 1553 4872 eorum
1608 4815 1745 4872 sinit
1774 4831 1788 4871 :
1833 4814 1939 4872 sed

281 4919 424 4959 cum
453 4919 558 4960 eos
589 4903 873 4960 securitas
897 4908 1033 4976 post
1056 4903 1298 4976 culpam
1324 4905 1611 4978 sequitur,
1643 4921 1783 4961 cum
1812 4905 1943 4961 nul-

280 4992 341 5047 la
367 4991 685 5064 disciplina
713 4992 806 5048 vel
834 4992 1163 5066 increpatio
1192 4993 1272 5048 ad
1297 5009 1401 5050 cor
1449 5009 1628 5050 suum
1678 4997 1937 5057 revocat,

280 5079 466 5136 etiam
510 5079 782 5137 libellum
833 5081 1069 5155 repudii
1112 5081 1431 5154 accipiunt,
1489 5086 1556 5139 ut
1629 5086 1943 5156 tamquam

283 5168 507 5239 conjux
528 5168 801 5226 adultera
831 5185 868 5226 a
902 5168 1325 5242 conjunctione
1385 5169 1618 5226 Domini
1661 5186 1943 5242 separen-

286 5263 402 5326 tur,
453 5262 510 5313 ct
558 5257 724 5330 quod
779 5259 990 5315 volunt
1013 5259 1253 5331 faciant,
1284 5264 1585 5331 quatenus
1617 5259 1694 5313 ad
1724 5265 1946 5316 aeterna

357 5367 498 5437 (667)
536 5367 931 5423 Monasticum
977 5367 1236 5434 schema,
1300 5367 1569 5422 videlicet
1619 5368 1942 5423 cut-ullam.

289 5437 385 5493 Sic
415 5441 618 5494 Petrus
645 5438 1007 5494 Venerabilis
1033 5438 1138 5494 lib.
1171 5454 1231 5494 ιι.
1256 5438 1450 5505 Mirac,
1483 5455 1536 5494 c.
1583 5443 1674 5506 23,
1722 5437 1824 5492 ubi
1872 5439 1946 5495 de

289 5509 562 5565 Matthaao
617 5508 784 5566 Clun.
845 5509 1148 5567 monacho
1198 5509 1304 5582 qui
1353 5509 1463 5565 fuit
1505 5512 1563 5565 et
1592 5508 1948 5566 Albanensis

757 5601 998 5654 PAraOL.
1042 5599 1284 5653 CXXXIII

2042 4277 2337 4334 mundani
2362 4281 2419 4334 et
2446 4276 2748 4334 saecularis
2777 4277 3115 4332 ornamenti
3153 4274 3446 4348 praefatio,
3479 4279 3536 4330 et
3593 4273 3703 4330 cri-

2041 4384 2182 4424 men
2229 4381 2318 4424 est
2345 4371 2486 4440 post
2527 4365 2866 4423 chrismatis
2916 4364 3450 4422 sanctiﬁcationem
3501 4364 3701 4435 cujus-

2042 4472 2282 4530 cunque
2307 4456 2504 4530 specie
2533 4460 2779 4513 terrenar.
2811 4459 3093 4511 creaturae
3125 4457 3306 4527 caput
3335 4453 3428 4509 vel
3481 4468 3701 4525 corpus

2043 4545 2265 4617 ornari,
2292 4545 2459 4618 quod
2482 4545 2613 4616 jam
2643 4543 2867 4600 caelesti
2898 4542 3216 4615 splendore
3267 4540 3538 4610 refulget.
3601 4539 3702 4595 Ille

2043 4634 2210 4690 dives
2239 4650 2422 4705 quem
2451 4633 2530 4688 ad
2560 4647 2849 4702 magnam
2880 4629 3408 4702 exprobrationem
3439 4627 3704 4684 Christus

2043 4728 2325 4780 ornatum
2339 4737 2608 4795 purpura
2620 4725 2677 4776 et
2694 4720 2880 4792 bysso
2892 4722 3348 4790 commemorat,
3370 4731 3495 4773 non
3509 4715 3704 4786 legem

2047 4816 2152 4868 aut
2170 4812 2495 4884 prophetas
2525 4808 2817 4878 audierat,
2846 4813 2902 4864 et
2929 4813 3130 4864 tamen
3156 4807 3232 4863 de
3281 4805 3549 4880 appetitu
3603 4821 3706 4861 ve-

2047 4901 2227 4956 stium
2250 4899 2635 4971 vituperatur.
2666 4897 2791 4954 lstis
2817 4912 2959 4968 ergo
2988 4896 3137 4970 quid
3161 4895 3224 4952 in
3248 4894 3477 4968 judicio
3520 4894 3709 4951 dictu-

2047 5008 2152 5047 rus
2182 4994 2271 5046 est
2286 4989 2446 5046 idem
2477 4987 2764 5059 Christus,
2795 4987 3088 5061 quoniam
3113 4985 3296 5043 etiam
3321 4983 3602 5042 monachi
3623 4987 3708 5038 at-

2048 5095 2168 5152 que
2192 5075 2680 5134 sanctimoniaJes
2711 5075 2826 5132 hoc
2884 5078 3198 5150 appetunt,
3232 5073 3400 5148 quod
3451 5086 3576 5127 non
3607 5085 3706 5124 so-

2049 5167 2177 5222 lum
2203 5183 2240 5222 a
2266 5165 2452 5233 laicis,
2484 5181 2695 5222 verum
2717 5165 2896 5220 etiam
2947 5165 3026 5220 ab
3081 5178 3290 5217 eorum
3349 5155 3710 5227 coniugibus

2052 5256 2306 5329 apostoli
2325 5255 2642 5328 prohibent
2667 5258 2694 5312 ‘I
2727 5256 2888 5310 Unde
2918 5257 3121 5308 Petrus
3147 5268 3159 5304 :
3187 5252 3476 5317 Quarum,
3495 5245 3710 5318 inquit,

2053 5367 2393 5440 episcopus,
2414 5364 2676 5438 loquitur
2707 5382 2720 5418 :
2754 5385 2783 5415 α
2819 5367 2960 5424 Suo,
2999 5357 3207 5438 inquit,
3240 5371 3363 5437 quo
3390 5369 3709 5428 nunquam

2054 5455 2091 5495 a
2109 5437 2410 5494 monacho
2440 5440 2731 5502 caruerat,
2779 5432 2970 5488 cilicio
2997 5444 3190 5502 prius,
3220 5426 3439 5484 dehinc
3495 5442 3708 5483 mona-

2054 5470 2091 5495 α.
2109 5470 2410 5494 ωυυαυμυ
2440 5470 2532 5493 um
2549 5470 2640 5492 um
2652 5470 2731 5502 αι,
2779 5470 2970 5488 υιιινιν
2999 5470 3059 5502 ιιι
3075 5470 3190 5498 ..ι-υ,

2054 5509 2210 5566 chali
2237 5507 2471 5565 cuculla
2494 5507 2757 5563 vestitur.
2795 5527 2822 5554 ››

3436 5590 3500 5641 18
