  <div class='ocr_page' id='page_1' title='image "/cluster/home/n/w/nwhite01/storage/ocr_20150623/133/hvd.32044054759949/283.png"; bbox 0 0 4092 6158; ppageno 0'>
   <div class='ocr_carea' id='block_1_1' title="bbox 549 109 3878 206">
    <p class='ocr_par' dir='ltr' id='par_1_1' title="bbox 549 109 3878 206">
     <span class='ocr_line' id='line_1_1' title="bbox 549 109 3878 206; baseline 0.001 -10"><span class='ocrx_word' id='word_1_1' title='bbox 549 153 653 206; x_wconf 70' lang='grc' dir='ltr'><strong><em>δδδ</em></strong></span> <span class='ocrx_word' id='word_1_2' title='bbox 1018 109 1027 118; x_wconf 77' lang='grc'><em>’</em></span> <span class='ocrx_word' id='word_1_3' title='bbox 1597 139 1656 196; x_wconf 92' lang='lat' dir='ltr'><strong><em>s.</em></strong></span> <span class='ocrx_word' id='word_1_4' title='bbox 1695 137 1954 196; x_wconf 85' lang='lat' dir='ltr'><strong><em>ODONlS</em></strong></span> <span class='ocrx_word' id='word_1_5' title='bbox 1990 129 2284 193; x_wconf 69' lang='lat' dir='ltr'><strong><em>ABBATIS</em></strong></span> <span class='ocrx_word' id='word_1_6' title='bbox 2317 130 2818 194; x_wconf 70' lang='lat' dir='ltr'><strong><em>CLUNIACENSIS</em></strong></span> <span class='ocrx_word' id='word_1_7' title='bbox 2866 137 2912 192; x_wconf 87' lang='lat' dir='ltr'><strong><em>n</em></strong></span> <span class='ocrx_word' id='word_1_8' title='bbox 3800 139 3878 204; x_wconf 72' lang='lat' dir='ltr'><strong><em>ut</em></strong></span> 
     </span>
    </p>
   </div>
   <div class='ocr_carea' id='block_1_2' title="bbox 549 256 3871 334">
    <p class='ocr_par' dir='ltr' id='par_1_2' title="bbox 549 256 3871 334">
     <span class='ocr_line' id='line_1_2' title="bbox 549 256 3871 334; baseline -0.004 -6"><span class='ocrx_word' id='word_1_9' title='bbox 549 278 625 328; x_wconf 72' lang='lat' dir='ltr'><strong><em>sit</em></strong></span> <span class='ocrx_word' id='word_1_10' title='bbox 654 287 776 328; x_wconf 86' lang='lat' dir='ltr'><strong><em>non</em></strong></span> <span class='ocrx_word' id='word_1_11' title='bbox 803 269 1172 326; x_wconf 71' lang='lat' dir='ltr'><strong><em>extrinsecus</em></strong></span> <span class='ocrx_word' id='word_1_12' title='bbox 1215 264 1610 334; x_wconf 76' lang='lat' dir='ltr'><strong><em>capillatum,</em></strong></span> <span class='ocrx_word' id='word_1_13' title='bbox 1649 267 1758 320; x_wconf 84' lang='lat' dir='ltr'><strong><em>aut</em></strong></span> <span class='ocrx_word' id='word_1_14' title='bbox 1805 258 2198 319; x_wconf 78' lang='lat' dir='ltr'><strong><em>circumdatio</em></strong></span> <span class='ocrx_word' id='word_1_15' title='bbox 2227 259 2274 311; x_wconf 84' lang='grc' dir='ltr'><strong>Α</strong></span> <span class='ocrx_word' id='word_1_16' title='bbox 2310 257 2526 312; x_wconf 84' lang='lat' dir='ltr'><strong><em>vermis</em></strong></span> <span class='ocrx_word' id='word_1_17' title='bbox 2547 257 2991 316; x_wconf 75' lang='lat' dir='ltr'><strong><em>hcereditabunt</em></strong></span> <span class='ocrx_word' id='word_1_18' title='bbox 3026 257 3223 322; x_wconf 83' lang='lat' dir='ltr'><strong><em>illum,</em></strong></span> <span class='ocrx_word' id='word_1_19' title='bbox 3251 259 3306 311; x_wconf 91' lang='lat' dir='ltr'><strong><em>et</em></strong></span> <span class='ocrx_word' id='word_1_20' title='bbox 3333 256 3571 312; x_wconf 77' lang='lat' dir='ltr'><strong><em>tolletur</em></strong></span> <span class='ocrx_word' id='word_1_21' title='bbox 3592 259 3656 315; x_wconf 86' lang='lat' dir='ltr'><strong><em>de</em></strong></span> <span class='ocrx_word' id='word_1_22' title='bbox 3676 277 3871 320; x_wconf 75' lang='lat' dir='ltr'><strong><em>numero</em></strong></span> 
     </span>
    </p>
   </div>
   <div class='ocr_carea' id='block_1_3' title="bbox 549 346 3876 430">
    <p class='ocr_par' dir='ltr' id='par_1_3' title="bbox 549 346 3876 430">
     <span class='ocr_line' id='line_1_3' title="bbox 549 346 3876 430; baseline -0.002 -14"><span class='ocrx_word' id='word_1_23' title='bbox 549 361 710 430; x_wconf 86' lang='lat' dir='ltr'><strong><em>auri,</em></strong></span> <span class='ocrx_word' id='word_1_24' title='bbox 738 363 841 414; x_wconf 88' lang='lat' dir='ltr'><strong><em>aut</em></strong></span> <span class='ocrx_word' id='word_1_25' title='bbox 870 355 1208 412; x_wconf 74' lang='lat' dir='ltr'><strong><em>indumenti</em></strong></span> <span class='ocrx_word' id='word_1_26' title='bbox 1228 353 1708 410; x_wconf 80' lang='lat' dir='ltr'><strong><em>vestimentorum</em></strong></span> <span class='ocrx_word' id='word_1_27' title='bbox 1739 353 1937 408; x_wconf 76' lang='lat' dir='ltr'><strong><em>cattus</em></strong></span> <span class='ocrx_word' id='word_1_28' title='bbox 1967 349 2068 405; x_wconf 85' lang='lat' dir='ltr'><strong><em>sed</em></strong></span> <span class='ocrx_word' id='word_1_29' title='bbox 2099 347 2202 418; x_wconf 85' lang='lat' dir='ltr'><strong><em>qui</em></strong></span> <span class='ocrx_word' id='word_1_30' title='bbox 2310 347 2513 402; x_wconf 80' lang='lat' dir='ltr'><strong><em>animo</em></strong></span> <span class='ocrx_word' id='word_1_31' title='bbox 2557 349 2683 415; x_wconf 83' lang='lat' dir='ltr'><strong><em>ejus</em></strong></span> <span class='ocrx_word' id='word_1_32' title='bbox 2727 347 2932 417; x_wconf 83' lang='lat' dir='ltr'><strong><em>(Eccti.</em></strong></span> <span class='ocrx_word' id='word_1_33' title='bbox 2991 362 3108 415; x_wconf 74' lang='lat' dir='ltr'><strong><em>XIX,</em></strong></span> <span class='ocrx_word' id='word_1_34' title='bbox 3167 349 3242 412; x_wconf 89' lang='lat'><strong><em>3).</em></strong></span> <span class='ocrx_word' id='word_1_35' title='bbox 3294 346 3448 400; x_wconf 87' lang='lat' dir='ltr'><strong><em>Bona</em></strong></span> <span class='ocrx_word' id='word_1_36' title='bbox 3493 360 3622 402; x_wconf 88' lang='lat' dir='ltr'><strong><em>vero</em></strong></span> <span class='ocrx_word' id='word_1_37' title='bbox 3667 349 3876 409; x_wconf 68' lang='lat' dir='ltr'><strong><em>omlestie</em></strong></span> 
     </span>
    </p>
   </div>
   <div class='ocr_carea' id='block_1_4' title="bbox 547 433 3878 513">
    <p class='ocr_par' dir='ltr' id='par_1_4' title="bbox 547 433 3878 513">
     <span class='ocr_line' id='line_1_4' title="bbox 547 433 3878 513; baseline -0.002 -9"><span class='ocrx_word' id='word_1_38' title='bbox 547 449 866 506; x_wconf 80' lang='lat' dir='ltr'><strong><em>absconsus</em></strong></span> <span class='ocrx_word' id='word_1_39' title='bbox 922 446 1117 502; x_wconf 81' lang='lat' dir='ltr'><strong><em>cordis</em></strong></span> <span class='ocrx_word' id='word_1_40' title='bbox 1172 449 1258 501; x_wconf 81' lang='lat' dir='ltr'><strong><em>est</em></strong></span> <span class='ocrx_word' id='word_1_41' title='bbox 1307 444 1479 499; x_wconf 82' lang='lat' dir='ltr'><strong><em>homo</em></strong></span> <span class='ocrx_word' id='word_1_42' title='bbox 1529 442 1592 513; x_wconf 90' lang='lat' dir='ltr'><strong><em>(I</em></strong></span> <span class='ocrx_word' id='word_1_43' title='bbox 1627 443 1794 498; x_wconf 87' lang='lat' dir='ltr'><strong><em>Petr.</em></strong></span> <span class='ocrx_word' id='word_1_44' title='bbox 1831 457 1912 506; x_wconf 84' lang='lat' dir='ltr'><strong><em>ill,</em></strong></span> <span class='ocrx_word' id='word_1_45' title='bbox 1939 443 1993 504; x_wconf 86' lang='lat'><strong><em>3,</em></strong></span> <span class='ocrx_word' id='word_1_46' title='bbox 2024 436 2105 508; x_wconf 72' lang='grc'><strong><em>4.)</em></strong></span> <span class='ocrx_word' id='word_1_47' title='bbox 2136 437 2202 490; x_wconf 86' lang='lat' dir='ltr'><strong><em>Et</em></strong></span> <span class='ocrx_word' id='word_1_48' title='bbox 2311 435 2536 506; x_wconf 83' lang='lat' dir='ltr'><strong><em>sponsi,</em></strong></span> <span class='ocrx_word' id='word_1_49' title='bbox 2569 449 2706 507; x_wconf 68' lang='lat' dir='ltr'><strong><em>quae</em></strong></span> <span class='ocrx_word' id='word_1_50' title='bbox 2727 451 2838 508; x_wconf 92' lang='lat' dir='ltr'><strong><em>pro</em></strong></span> <span class='ocrx_word' id='word_1_51' title='bbox 2863 435 2956 490; x_wconf 86' lang='lat' dir='ltr'><strong><em>his</em></strong></span> <span class='ocrx_word' id='word_1_52' title='bbox 2987 433 3369 490; x_wconf 88' lang='lat' dir='ltr'><strong><em>emendicatis</em></strong></span> <span class='ocrx_word' id='word_1_53' title='bbox 3403 433 3660 505; x_wconf 89' lang='lat' dir='ltr'><strong><em>perdunt,</em></strong></span> <span class='ocrx_word' id='word_1_54' title='bbox 3701 443 3878 498; x_wconf 68' lang='lat' dir='ltr'><strong><em>aeterna</em></strong></span> 
     </span>
    </p>
   </div>
   <div class='ocr_carea' id='block_1_5' title="bbox 548 523 3882 598">
    <p class='ocr_par' dir='ltr' id='par_1_5' title="bbox 548 523 3882 598">
     <span class='ocr_line' id='line_1_5' title="bbox 548 523 3882 598; baseline -0.002 -5"><span class='ocrx_word' id='word_1_55' title='bbox 548 537 765 593; x_wconf 80' lang='lat' dir='ltr'><strong><em>Paulus</em></strong></span> <span class='ocrx_word' id='word_1_56' title='bbox 797 553 810 592; x_wconf 84' lang='lat'><strong>:</strong></span> <span class='ocrx_word' id='word_1_57' title='bbox 839 537 1120 592; x_wconf 72' lang='lat' dir='ltr'><strong><em>Mulieres</em></strong></span> <span class='ocrx_word' id='word_1_58' title='bbox 1145 533 1423 590; x_wconf 79' lang='lat' dir='ltr'><strong><em>similiter</em></strong></span> <span class='ocrx_word' id='word_1_59' title='bbox 1449 533 1512 587; x_wconf 85' lang='lat' dir='ltr'><strong><em>in</em></strong></span> <span class='ocrx_word' id='word_1_60' title='bbox 1540 532 1752 588; x_wconf 84' lang='lat' dir='ltr'><strong><em>habitu</em></strong></span> <span class='ocrx_word' id='word_1_61' title='bbox 1781 534 2016 596; x_wconf 85' lang='lat' dir='ltr'><strong><em>ornato,</em></strong></span> <span class='ocrx_word' id='word_1_62' title='bbox 2065 541 2200 582; x_wconf 81' lang='lat' dir='ltr'><strong><em>cum</em></strong></span> <span class='ocrx_word' id='word_1_63' title='bbox 2311 527 2469 594; x_wconf 87' lang='lat' dir='ltr'><strong><em>sunt,</em></strong></span> <span class='ocrx_word' id='word_1_64' title='bbox 2497 529 2558 580; x_wconf 88' lang='lat' dir='ltr'><strong><em>et</em></strong></span> <span class='ocrx_word' id='word_1_65' title='bbox 2583 525 2722 582; x_wconf 87' lang='lat' dir='ltr'><strong><em>talia</em></strong></span> <span class='ocrx_word' id='word_1_66' title='bbox 2751 529 2909 595; x_wconf 87' lang='lat' dir='ltr'><strong><em>sunt,</em></strong></span> <span class='ocrx_word' id='word_1_67' title='bbox 2943 530 3004 581; x_wconf 89' lang='lat' dir='ltr'><strong><em>ut</em></strong></span> <span class='ocrx_word' id='word_1_68' title='bbox 3033 525 3232 580; x_wconf 89' lang='lat' dir='ltr'><strong><em>adhuc</em></strong></span> <span class='ocrx_word' id='word_1_69' title='bbox 3259 539 3366 578; x_wconf 83' lang='lat' dir='ltr'><strong><em>nec</em></strong></span> <span class='ocrx_word' id='word_1_70' title='bbox 3395 523 3468 578; x_wconf 86' lang='lat' dir='ltr'><strong><em>ad</em></strong></span> <span class='ocrx_word' id='word_1_71' title='bbox 3495 525 3645 580; x_wconf 82' lang='lat' dir='ltr'>Pauli</span> <span class='ocrx_word' id='word_1_72' title='bbox 3683 527 3882 598; x_wconf 82' lang='lat' dir='ltr'><strong><em>quidem</em></strong></span> 
     </span>
    </p>
   </div>
   <div class='ocr_carea' id='block_1_6' title="bbox 546 611 3882 686">
    <p class='ocr_par' dir='ltr' id='par_1_6' title="bbox 546 611 3882 686">
     <span class='ocr_line' id='line_1_6' title="bbox 546 611 3882 686; baseline -0.002 -4"><span class='ocrx_word' id='word_1_73' title='bbox 546 626 906 682; x_wconf 75' lang='lat' dir='ltr'><strong><em>verecundia</em></strong></span> <span class='ocrx_word' id='word_1_74' title='bbox 935 629 990 680; x_wconf 93' lang='lat' dir='ltr'><strong><em>et</em></strong></span> <span class='ocrx_word' id='word_1_75' title='bbox 1035 624 1353 682; x_wconf 77' lang='lat' dir='ltr'><strong><em>sobrietate</em></strong></span> <span class='ocrx_word' id='word_1_76' title='bbox 1407 626 1712 683; x_wconf 74' lang='lat' dir='ltr'><strong><em>amantes,</em></strong></span> <span class='ocrx_word' id='word_1_77' title='bbox 1754 635 1876 676; x_wconf 85' lang='lat' dir='ltr'><strong><em>non</em></strong></span> <span class='ocrx_word' id='word_1_78' title='bbox 1921 619 1985 674; x_wconf 81' lang='lat' dir='ltr'><strong><em>in</em></strong></span> <span class='ocrx_word' id='word_1_79' title='bbox 2030 615 2200 672; x_wconf 82' lang='lat' dir='ltr'><strong><em>tortis</em></strong></span> <span class='ocrx_word' id='word_1_80' title='bbox 2310 612 2582 669; x_wconf 89' lang='lat' dir='ltr'><strong><em>auditum</em></strong></span> <span class='ocrx_word' id='word_1_81' title='bbox 2611 613 3008 686; x_wconf 78' lang='lat' dir='ltr'><strong><em>pervenerint,</em></strong></span> <span class='ocrx_word' id='word_1_82' title='bbox 3040 629 3151 668; x_wconf 89' lang='lat' dir='ltr'><strong><em>nec</em></strong></span> <span class='ocrx_word' id='word_1_83' title='bbox 3181 612 3257 670; x_wconf 86' lang='lat' dir='ltr'><strong><em>ad</em></strong></span> <span class='ocrx_word' id='word_1_84' title='bbox 3288 627 3388 668; x_wconf 89' lang='lat' dir='ltr'><strong><em>cor</em></strong></span> <span class='ocrx_word' id='word_1_85' title='bbox 3406 611 3530 682; x_wconf 87' lang='lat' dir='ltr'><strong><em>ejus</em></strong></span> <span class='ocrx_word' id='word_1_86' title='bbox 3549 615 3882 684; x_wconf 82' lang='lat' dir='ltr'><strong><em>ascenderiet.</em></strong></span> 
     </span>
    </p>
   </div>
   <div class='ocr_carea' id='block_1_7' title="bbox 546 699 3512 782">
    <p class='ocr_par' dir='ltr' id='par_1_7' title="bbox 546 699 3512 782">
     <span class='ocr_line' id='line_1_7' title="bbox 546 699 3512 782; baseline -0.005 -12"><span class='ocrx_word' id='word_1_87' title='bbox 546 715 832 782; x_wconf 77' lang='lat' dir='ltr'><strong><em>crinibus,</em></strong></span> <span class='ocrx_word' id='word_1_88' title='bbox 865 719 970 770; x_wconf 80' lang='lat' dir='ltr'><strong><em>aut</em></strong></span> <span class='ocrx_word' id='word_1_89' title='bbox 999 728 1171 780; x_wconf 87' lang='lat' dir='ltr'><strong><em>auro,</em></strong></span> <span class='ocrx_word' id='word_1_90' title='bbox 1203 715 1310 768; x_wconf 83' lang='lat' dir='ltr'><strong><em>aut</em></strong></span> <span class='ocrx_word' id='word_1_91' title='bbox 1330 711 1707 780; x_wconf 82' lang='lat' dir='ltr'><strong><em>margaritis,</em></strong></span> <span class='ocrx_word' id='word_1_92' title='bbox 1733 713 1840 764; x_wconf 81' lang='lat' dir='ltr'><strong><em>aut</em></strong></span> <span class='ocrx_word' id='word_1_93' title='bbox 1861 711 2020 764; x_wconf 80' lang='lat' dir='ltr'><strong><em>veste</em></strong></span> <span class='ocrx_word' id='word_1_94' title='bbox 2062 719 2199 774; x_wconf 80' lang='lat' dir='ltr'><strong><em>pre—</em></strong></span> <span class='ocrx_word' id='word_1_95' title='bbox 2269 707 2274 710; x_wconf 83' lang='grc'><em>’</em></span> <span class='ocrx_word' id='word_1_96' title='bbox 2310 703 2590 774; x_wconf 80' lang='lat' dir='ltr'><strong><em>quamvis</em></strong></span> <span class='ocrx_word' id='word_1_97' title='bbox 2615 703 2694 760; x_wconf 89' lang='lat' dir='ltr'><strong><em>ad</em></strong></span> <span class='ocrx_word' id='word_1_98' title='bbox 2724 703 3074 776; x_wconf 78' lang='lat' dir='ltr'><strong><em>paradisum</em></strong></span> <span class='ocrx_word' id='word_1_99' title='bbox 3100 706 3306 773; x_wconf 85' lang='lat' dir='ltr'><strong><em>raptus</em></strong></span> <span class='ocrx_word' id='word_1_100' title='bbox 3331 699 3512 757; x_wconf 88' lang='lat' dir='ltr'><strong><em>fuerit.</em></strong></span> 
     </span>
    </p>
   </div>
   <div class='ocr_carea' id='block_1_8' title="bbox 547 791 3889 874">
    <p class='ocr_par' dir='ltr' id='par_1_8' title="bbox 547 791 3889 874">
     <span class='ocr_line' id='line_1_8' title="bbox 547 791 3889 874; baseline -0.002 -16"><span class='ocrx_word' id='word_1_101' title='bbox 547 805 718 873; x_wconf 86' lang='lat' dir='ltr'><strong><em>tiosa,</em></strong></span> <span class='ocrx_word' id='word_1_102' title='bbox 748 803 852 860; x_wconf 85' lang='lat' dir='ltr'><strong><em>sed</em></strong></span> <span class='ocrx_word' id='word_1_103' title='bbox 869 803 1028 874; x_wconf 86' lang='lat' dir='ltr'><strong><em>quod</em></strong></span> <span class='ocrx_word' id='word_1_104' title='bbox 1057 802 1222 858; x_wconf 84' lang='lat' dir='ltr'><strong><em>decet</em></strong></span> <span class='ocrx_word' id='word_1_105' title='bbox 1267 801 1564 866; x_wconf 78' lang='lat' dir='ltr'><strong><em>mulieres,</em></strong></span> <span class='ocrx_word' id='word_1_106' title='bbox 1613 798 2020 868; x_wconf 81' lang='lat' dir='ltr'><strong><em>promittentes</em></strong></span> <span class='ocrx_word' id='word_1_107' title='bbox 2071 808 2200 850; x_wconf 86' lang='lat' dir='ltr'><strong><em>cas-</em></strong></span> <span class='ocrx_word' id='word_1_108' title='bbox 2381 795 2466 848; x_wconf 85' lang='lat' dir='ltr'><strong><em>1X.</em></strong></span> <span class='ocrx_word' id='word_1_109' title='bbox 2501 793 2726 849; x_wconf 84' lang='lat' dir='ltr'><strong><em>Etenim</em></strong></span> <span class='ocrx_word' id='word_1_110' title='bbox 2757 791 3264 865; x_wconf 90' lang='lat' dir='ltr'><strong><em>pulchritudinem</em></strong></span> <span class='ocrx_word' id='word_1_111' title='bbox 3307 791 3560 861; x_wconf 82' lang='lat' dir='ltr'><strong><em>corporis</em></strong></span> <span class='ocrx_word' id='word_1_112' title='bbox 3605 793 3756 848; x_wconf 82' lang='lat' dir='ltr'><strong><em>certis</em></strong></span> <span class='ocrx_word' id='word_1_113' title='bbox 3786 795 3889 865; x_wconf 83' lang='lat' dir='ltr'><strong><em>qui-</em></strong></span> 
     </span>
    </p>
   </div>
   <div class='ocr_carea' id='block_1_9' title="bbox 545 879 3894 960">
    <p class='ocr_par' dir='ltr' id='par_1_9' title="bbox 545 879 3894 960">
     <span class='ocr_line' id='line_1_9' title="bbox 545 879 3894 960; baseline -0.002 -12"><span class='ocrx_word' id='word_1_114' title='bbox 545 893 800 960; x_wconf 86' lang='lat' dir='ltr'><strong><em>titatem,</em></strong></span> <span class='ocrx_word' id='word_1_115' title='bbox 829 897 886 948; x_wconf 83' lang='lat' dir='ltr'><strong><em>et</em></strong></span> <span class='ocrx_word' id='word_1_116' title='bbox 931 891 1144 947; x_wconf 86' lang='lat' dir='ltr'><strong><em>bonam</em></strong></span> <span class='ocrx_word' id='word_1_117' title='bbox 1197 890 1702 946; x_wconf 78' lang='lat' dir='ltr'><strong><em>conversationem</em></strong></span> <span class='ocrx_word' id='word_1_118' title='bbox 1758 887 1816 952; x_wconf 53' lang='lat' dir='ltr'><strong><em>\I</em></strong></span> <span class='ocrx_word' id='word_1_119' title='bbox 1857 886 2006 941; x_wconf 86' lang='lat' dir='ltr'><strong><em>Tim.</em></strong></span> <span class='ocrx_word' id='word_1_120' title='bbox 2029 899 2089 953; x_wconf 81' lang='grc' dir='ltr'><strong><em>ιι,</em></strong></span> <span class='ocrx_word' id='word_1_121' title='bbox 2143 885 2198 949; x_wconf 80' lang='lat'><strong><em>9,</em></strong></span> <span class='ocrx_word' id='word_1_122' title='bbox 2309 879 2572 940; x_wconf 79' lang='lat' dir='ltr'><strong><em>busdam</em></strong></span> <span class='ocrx_word' id='word_1_123' title='bbox 2601 886 2659 938; x_wconf 90' lang='lat' dir='ltr'><strong><em>et</em></strong></span> <span class='ocrx_word' id='word_1_124' title='bbox 2687 880 3062 938; x_wconf 80' lang='lat' dir='ltr'><strong><em>naturalibus</em></strong></span> <span class='ocrx_word' id='word_1_125' title='bbox 3095 879 3360 936; x_wconf 78' lang='lat' dir='ltr'><strong><em>terminis</em></strong></span> <span class='ocrx_word' id='word_1_126' title='bbox 3389 882 3534 936; x_wconf 87' lang='lat' dir='ltr'><strong><em>Deus</em></strong></span> <span class='ocrx_word' id='word_1_127' title='bbox 3559 879 3775 948; x_wconf 78' lang='lat' dir='ltr'><strong><em>clausit;</em></strong></span> <span class='ocrx_word' id='word_1_128' title='bbox 3798 883 3894 941; x_wconf 83' lang='lat' dir='ltr'><strong><em>ani-</em></strong></span> 
     </span>
    </p>
   </div>
   <div class='ocr_carea' id='block_1_10' title="bbox 549 969 3894 1052">
    <p class='ocr_par' dir='ltr' id='par_1_10' title="bbox 549 969 3894 1052">
     <span class='ocr_line' id='line_1_10' title="bbox 549 969 3894 1052; baseline -0.001 -18"><span class='ocrx_word' id='word_1_129' title='bbox 549 979 656 1052; x_wconf 83' lang='lat' dir='ltr'><strong><em>lO).</em></strong></span> <span class='ocrx_word' id='word_1_130' title='bbox 2309 988 2426 1027; x_wconf 81' lang='lat' dir='ltr'><strong><em>mae</em></strong></span> <span class='ocrx_word' id='word_1_131' title='bbox 2455 977 2657 1028; x_wconf 88' lang='lat' dir='ltr'><strong><em>autem</em></strong></span> <span class='ocrx_word' id='word_1_132' title='bbox 2685 970 3192 1044; x_wconf 84' lang='lat' dir='ltr'><strong><em>pulchritudinem</em></strong></span> <span class='ocrx_word' id='word_1_133' title='bbox 3221 969 3470 1027; x_wconf 85' lang='lat' dir='ltr'><strong><em>liberam</em></strong></span> <span class='ocrx_word' id='word_1_134' title='bbox 3498 969 3640 1040; x_wconf 82' lang='lat' dir='ltr'><strong><em>fecit,</em></strong></span> <span class='ocrx_word' id='word_1_135' title='bbox 3681 976 3729 1028; x_wconf 90' lang='lat' dir='ltr'><strong><em>et</em></strong></span> <span class='ocrx_word' id='word_1_136' title='bbox 3764 973 3894 1030; x_wconf 81' lang='lat' dir='ltr'><strong><em>nulls</em></strong></span> 
     </span>
    </p>
   </div>
   <div class='ocr_carea' id='block_1_11' title="bbox 615 1060 3896 1134">
    <p class='ocr_par' dir='ltr' id='par_1_11' title="bbox 615 1060 3896 1134">
     <span class='ocr_line' id='line_1_11' title="bbox 615 1060 3896 1134; baseline -0.001 -14"><span class='ocrx_word' id='word_1_137' title='bbox 615 1067 760 1122; x_wconf 84' lang='lat' dir='ltr'><strong>V111.</strong></span> <span class='ocrx_word' id='word_1_138' title='bbox 819 1065 877 1122; x_wconf 89' lang='lat' dir='ltr'><strong><em>Si</em></strong></span> <span class='ocrx_word' id='word_1_139' title='bbox 923 1079 1064 1134; x_wconf 88' lang='lat' dir='ltr'><strong><em>ergo</em></strong></span> <span class='ocrx_word' id='word_1_140' title='bbox 1121 1065 1204 1120; x_wconf 89' lang='lat' dir='ltr'><strong><em>sic</em></strong></span> <span class='ocrx_word' id='word_1_141' title='bbox 1234 1079 1272 1120; x_wconf 88' lang='lat' dir='ltr'><strong><em>a</em></strong></span> <span class='ocrx_word' id='word_1_142' title='bbox 1298 1062 1634 1134; x_wconf 88' lang='lat' dir='ltr'><strong><em>conjugatis</em></strong></span> <span class='ocrx_word' id='word_1_143' title='bbox 1661 1060 1984 1130; x_wconf 81' lang='lat' dir='ltr'><strong><em>inhibetur,</em></strong></span> <span class='ocrx_word' id='word_1_144' title='bbox 2009 1073 2200 1132; x_wconf 85' lang='lat' dir='ltr'><strong><em>quan-</em></strong></span> <span class='ocrx_word' id='word_1_145' title='bbox 2311 1061 2424 1117; x_wconf 89' lang='lat' dir='ltr'><strong><em>sub</em></strong></span> <span class='ocrx_word' id='word_1_146' title='bbox 2467 1061 2820 1118; x_wconf 83' lang='lat' dir='ltr'><strong><em>necessitate</em></strong></span> <span class='ocrx_word' id='word_1_147' title='bbox 2875 1060 3186 1118; x_wconf 81' lang='lat' dir='ltr'><strong><em>conclusit.</em></strong></span> <span class='ocrx_word' id='word_1_148' title='bbox 3247 1063 3391 1116; x_wconf 84' lang='lat' dir='ltr'><strong><em>Nam</em></strong></span> <span class='ocrx_word' id='word_1_149' title='bbox 3447 1060 3548 1118; x_wconf 83' lang='lat' dir='ltr'><strong><em>etsi</em></strong></span> <span class='ocrx_word' id='word_1_150' title='bbox 3597 1060 3758 1116; x_wconf 85' lang='lat' dir='ltr'><strong><em>etiam</em></strong></span> <span class='ocrx_word' id='word_1_151' title='bbox 3797 1077 3896 1118; x_wconf 83' lang='lat' dir='ltr'><strong><em>oor-</em></strong></span> 
     </span>
    </p>
   </div>
   <div class='ocr_carea' id='block_1_12' title="bbox 541 1147 3896 1222">
    <p class='ocr_par' dir='ltr' id='par_1_12' title="bbox 541 1147 3896 1222">
     <span class='ocr_line' id='line_1_12' title="bbox 541 1147 3896 1222; baseline -0.002 -10"><span class='ocrx_word' id='word_1_152' title='bbox 541 1159 672 1212; x_wconf 84' lang='lat' dir='ltr'><strong><em>tum</em></strong></span> <span class='ocrx_word' id='word_1_153' title='bbox 723 1153 892 1211; x_wconf 85' lang='lat' dir='ltr'><strong><em>nefas</em></strong></span> <span class='ocrx_word' id='word_1_154' title='bbox 944 1157 1050 1218; x_wconf 89' lang='lat' dir='ltr'><strong><em>est,</em></strong></span> <span class='ocrx_word' id='word_1_155' title='bbox 1109 1153 1224 1208; x_wconf 90' lang='lat' dir='ltr'><strong><em>hoc</em></strong></span> <span class='ocrx_word' id='word_1_156' title='bbox 1261 1156 1366 1209; x_wconf 89' lang='lat' dir='ltr'><strong><em>aut</em></strong></span> <span class='ocrx_word' id='word_1_157' title='bbox 1403 1152 1590 1207; x_wconf 84' lang='lat' dir='ltr'><strong><em>sancti</em></strong></span> <span class='ocrx_word' id='word_1_158' title='bbox 1621 1149 1861 1207; x_wconf 88' lang='lat' dir='ltr'><strong><em>habitus</em></strong></span> <span class='ocrx_word' id='word_1_159' title='bbox 1892 1147 2065 1216; x_wconf 82' lang='lat' dir='ltr'><strong><em>viros,</em></strong></span> <span class='ocrx_word' id='word_1_160' title='bbox 2099 1149 2202 1204; x_wconf 86' lang='lat' dir='ltr'><strong><em>aut</em></strong></span> <span class='ocrx_word' id='word_1_161' title='bbox 2311 1148 2476 1220; x_wconf 89' lang='lat' dir='ltr'><strong><em>porei</em></strong></span> <span class='ocrx_word' id='word_1_162' title='bbox 2505 1149 2738 1206; x_wconf 86' lang='lat' dir='ltr'><strong><em>decoris</em></strong></span> <span class='ocrx_word' id='word_1_163' title='bbox 2764 1153 3120 1222; x_wconf 86' lang='lat' dir='ltr'><strong><em>potestatem</em></strong></span> <span class='ocrx_word' id='word_1_164' title='bbox 3151 1147 3436 1205; x_wconf 85' lang='lat' dir='ltr'><strong><em>Dominus</em></strong></span> <span class='ocrx_word' id='word_1_165' title='bbox 3485 1147 3543 1204; x_wconf 91' lang='lat' dir='ltr'><strong><em>in</em></strong></span> <span class='ocrx_word' id='word_1_166' title='bbox 3570 1153 3758 1205; x_wconf 87' lang='lat' dir='ltr'><strong><em>nostro</em></strong></span> <span class='ocrx_word' id='word_1_167' title='bbox 3792 1165 3896 1222; x_wconf 64' lang='lat' dir='ltr'><strong><em>per»</em></strong></span> 
     </span>
    </p>
   </div>
   <div class='ocr_carea' id='block_1_13' title="bbox 542 1234 3897 1314">
    <p class='ocr_par' dir='ltr' id='par_1_13' title="bbox 542 1234 3897 1314">
     <span class='ocr_line' id='line_1_13' title="bbox 542 1234 3897 1314; baseline -0.002 -13"><span class='ocrx_word' id='word_1_168' title='bbox 542 1243 1024 1301; x_wconf 87' lang='lat' dir='ltr'><strong><em>sanctimoniales</em></strong></span> <span class='ocrx_word' id='word_1_169' title='bbox 1054 1247 1338 1314; x_wconf 81' lang='lat' dir='ltr'><strong><em>appetere</em></strong></span> <span class='ocrx_word' id='word_1_170' title='bbox 1363 1243 1391 1298; x_wconf 74' lang='lat'><strong>7</strong></span> <span class='ocrx_word' id='word_1_171' title='bbox 1421 1243 1672 1298; x_wconf 83' lang='lat' dir='ltr'><strong><em>Sanctus</em></strong></span> <span class='ocrx_word' id='word_1_172' title='bbox 1733 1243 2064 1297; x_wconf 85' lang='lat' dir='ltr'><strong><em>Germanus</em></strong></span> <span class='ocrx_word' id='word_1_173' title='bbox 2119 1236 2200 1292; x_wconf 90' lang='lat' dir='ltr'><strong><em>ad</em></strong></span> <span class='ocrx_word' id='word_1_174' title='bbox 2257 1234 2284 1244; x_wconf 79' lang='grc'><strong>“</strong></span> <span class='ocrx_word' id='word_1_175' title='bbox 2309 1237 2570 1294; x_wconf 82' lang='lat' dir='ltr'><strong><em>misisset</em></strong></span> <span class='ocrx_word' id='word_1_176' title='bbox 2593 1237 2856 1308; x_wconf 89' lang='lat' dir='ltr'><strong><em>arbitrio,</em></strong></span> <span class='ocrx_word' id='word_1_177' title='bbox 2889 1237 3224 1294; x_wconf 87' lang='lat' dir='ltr'><strong><em>sollicitudo</em></strong></span> <span class='ocrx_word' id='word_1_178' title='bbox 3273 1236 3448 1293; x_wconf 87' lang='lat' dir='ltr'><strong><em>nobis</em></strong></span> <span class='ocrx_word' id='word_1_179' title='bbox 3489 1237 3792 1294; x_wconf 85' lang='lat' dir='ltr'><strong><em>immineret</em></strong></span> <span class='ocrx_word' id='word_1_180' title='bbox 3819 1253 3897 1294; x_wconf 85' lang='lat' dir='ltr'><strong><em>su-</em></strong></span> 
     </span>
    </p>
   </div>
   <div class='ocr_carea' id='block_1_14' title="bbox 542 1325 3899 1402">
    <p class='ocr_par' dir='ltr' id='par_1_14' title="bbox 542 1325 3899 1402">
     <span class='ocr_line' id='line_1_14' title="bbox 542 1325 3899 1402; baseline -0.002 -12"><span class='ocrx_word' id='word_1_181' title='bbox 542 1333 899 1390; x_wconf 86' lang='lat' dir='ltr'><strong><em>Genovefam</em></strong></span> <span class='ocrx_word' id='word_1_182' title='bbox 930 1332 1082 1388; x_wconf 87' lang='lat' dir='ltr'><strong><em>inter</em></strong></span> <span class='ocrx_word' id='word_1_183' title='bbox 1125 1331 1287 1388; x_wconf 87' lang='lat' dir='ltr'><strong><em>alia:</em></strong></span> <span class='ocrx_word' id='word_1_184' title='bbox 1352 1331 1432 1402; x_wconf 91' lang='lat' dir='ltr'><strong><em>Si,</em></strong></span> <span class='ocrx_word' id='word_1_185' title='bbox 1490 1329 1702 1402; x_wconf 87' lang='lat' dir='ltr'><strong><em>inquit,</em></strong></span> <span class='ocrx_word' id='word_1_186' title='bbox 1759 1329 1963 1385; x_wconf 64' lang='lat' dir='ltr'><strong><em>saeculi</em></strong></span> <span class='ocrx_word' id='word_1_187' title='bbox 2014 1328 2196 1398; x_wconf 90' lang='lat' dir='ltr'><strong><em>hujus</em></strong></span> <span class='ocrx_word' id='word_1_188' title='bbox 2309 1327 2558 1400; x_wconf 87' lang='lat' dir='ltr'><strong><em>perﬂua,</em></strong></span> <span class='ocrx_word' id='word_1_189' title='bbox 2592 1327 2858 1400; x_wconf 79' lang='lat' dir='ltr'><strong><em>atquein</em></strong></span> <span class='ocrx_word' id='word_1_190' title='bbox 2896 1327 2990 1383; x_wconf 89' lang='lat' dir='ltr'><strong><em>his</em></strong></span> <span class='ocrx_word' id='word_1_191' title='bbox 3012 1341 3150 1400; x_wconf 71' lang='lat' dir='ltr'><strong><em>quae</em></strong></span> <span class='ocrx_word' id='word_1_192' title='bbox 3196 1325 3345 1383; x_wconf 82' lang='lat' dir='ltr'><strong><em>nihil</em></strong></span> <span class='ocrx_word' id='word_1_193' title='bbox 3388 1326 3722 1399; x_wconf 82' lang='lat' dir='ltr'><strong><em>prodessent</em></strong></span> <span class='ocrx_word' id='word_1_194' title='bbox 3759 1343 3899 1384; x_wconf 81' lang='lat' dir='ltr'><strong><em>omne</em></strong></span> 
     </span>
    </p>
   </div>
   <div class='ocr_carea' id='block_1_15' title="bbox 537 1416 3900 1491">
    <p class='ocr_par' dir='ltr' id='par_1_15' title="bbox 537 1416 3900 1491">
     <span class='ocr_line' id='line_1_15' title="bbox 537 1416 3900 1491; baseline -0.001 -14"><span class='ocrx_word' id='word_1_195' title='bbox 537 1421 634 1478; x_wconf 84' lang='lat' dir='ltr'><strong><em>vel</em></strong></span> <span class='ocrx_word' id='word_1_196' title='bbox 663 1421 914 1491; x_wconf 83' lang='lat' dir='ltr'><strong><em>exiguus</em></strong></span> <span class='ocrx_word' id='word_1_197' title='bbox 943 1421 1125 1477; x_wconf 83' lang='lat' dir='ltr'><strong><em>decor</em></strong></span> <span class='ocrx_word' id='word_1_198' title='bbox 1145 1427 1312 1477; x_wconf 87' lang='lat' dir='ltr'><strong><em>tuam</em></strong></span> <span class='ocrx_word' id='word_1_199' title='bbox 1341 1419 1647 1491; x_wconf 83' lang='lat' dir='ltr'><strong><em>superavit</em></strong></span> <span class='ocrx_word' id='word_1_200' title='bbox 1689 1423 1972 1482; x_wconf 87' lang='lat' dir='ltr'><strong><em>mentem,</em></strong></span> <span class='ocrx_word' id='word_1_201' title='bbox 2029 1420 2198 1473; x_wconf 71' lang='lat' dir='ltr'><strong><em>mter-</em></strong></span> <span class='ocrx_word' id='word_1_202' title='bbox 2308 1417 2443 1473; x_wconf 62' lang='lat' dir='ltr'><strong><em>vitae</em></strong></span> <span class='ocrx_word' id='word_1_203' title='bbox 2473 1422 2691 1474; x_wconf 67' lang='lat' dir='ltr'><strong><em>nostris</em></strong></span> <span class='ocrx_word' id='word_1_204' title='bbox 2723 1422 2960 1489; x_wconf 86' lang='lat' dir='ltr'><strong><em>tempus</em></strong></span> <span class='ocrx_word' id='word_1_205' title='bbox 3006 1427 3464 1488; x_wconf 81' lang='lat' dir='ltr'><strong><em>occuparemus.</em></strong></span> <span class='ocrx_word' id='word_1_206' title='bbox 3488 1417 3565 1471; x_wconf 76' lang='lat' dir='ltr'><strong><em>Ex</em></strong></span> <span class='ocrx_word' id='word_1_207' title='bbox 3602 1428 3715 1488; x_wconf 87' lang='lat' dir='ltr'><strong><em>quo</em></strong></span> <span class='ocrx_word' id='word_1_208' title='bbox 3747 1416 3900 1472; x_wconf 82' lang='lat' dir='ltr'><strong><em>cultus</em></strong></span> 
     </span>
    </p>
   </div>
   <div class='ocr_carea' id='block_1_16' title="bbox 537 1503 3902 1576">
    <p class='ocr_par' dir='ltr' id='par_1_16' title="bbox 537 1503 3902 1576">
     <span class='ocr_line' id='line_1_16' title="bbox 537 1503 3902 1576; baseline -0.001 -10"><span class='ocrx_word' id='word_1_209' title='bbox 537 1510 630 1566; x_wconf 88' lang='lat' dir='ltr'><strong><em>nis</em></strong></span> <span class='ocrx_word' id='word_1_210' title='bbox 660 1514 720 1566; x_wconf 89' lang='lat' dir='ltr'><strong><em>et</em></strong></span> <span class='ocrx_word' id='word_1_211' title='bbox 747 1509 1090 1565; x_wconf 62' lang='lat' dir='ltr'><strong><em>caelestibus</em></strong></span> <span class='ocrx_word' id='word_1_212' title='bbox 1116 1508 1486 1566; x_wconf 84' lang='lat' dir='ltr'><strong><em>ornamentis</em></strong></span> <span class='ocrx_word' id='word_1_213' title='bbox 1533 1523 1564 1563; x_wconf 92' lang='lat' dir='ltr'><strong><em>c</em></strong></span> <span class='ocrx_word' id='word_1_214' title='bbox 1605 1507 1789 1564; x_wconf 88' lang='lat' dir='ltr'><strong><em>rebis.</em></strong></span> <span class='ocrx_word' id='word_1_215' title='bbox 1853 1507 1994 1562; x_wconf 87' lang='lat' dir='ltr'><strong><em>Hinc</em></strong></span> <span class='ocrx_word' id='word_1_216' title='bbox 2021 1505 2196 1562; x_wconf 90' lang='lat' dir='ltr'><strong><em>dom-</em></strong></span> <span class='ocrx_word' id='word_1_217' title='bbox 2309 1505 2528 1564; x_wconf 81' lang='lat' dir='ltr'><strong><em>animae</em></strong></span> <span class='ocrx_word' id='word_1_218' title='bbox 2558 1505 2895 1562; x_wconf 86' lang='lat' dir='ltr'><strong><em>necessario</em></strong></span> <span class='ocrx_word' id='word_1_219' title='bbox 2923 1504 3338 1574; x_wconf 89' lang='lat' dir='ltr'><strong><em>negligeretur.</em></strong></span> <span class='ocrx_word' id='word_1_220' title='bbox 3381 1503 3604 1576; x_wconf 86' lang='lat' dir='ltr'><strong><em>Quippe</em></strong></span> <span class='ocrx_word' id='word_1_221' title='bbox 3629 1505 3727 1576; x_wconf 85' lang='lat' dir='ltr'><strong><em>qui</em></strong></span> <span class='ocrx_word' id='word_1_222' title='bbox 3759 1506 3902 1562; x_wconf 76' lang='lat' dir='ltr'><strong><em>etiam</em></strong></span> 
     </span>
    </p>
   </div>
   <div class='ocr_carea' id='block_1_17' title="bbox 535 1591 3902 1670">
    <p class='ocr_par' dir='ltr' id='par_1_17' title="bbox 535 1591 3902 1670">
     <span class='ocr_line' id='line_1_17' title="bbox 535 1591 3902 1670; baseline -0.002 -15"><span class='ocrx_word' id='word_1_223' title='bbox 535 1613 652 1655; x_wconf 84' lang='lat' dir='ltr'><strong><em>nus</em></strong></span> <span class='ocrx_word' id='word_1_224' title='bbox 682 1597 964 1655; x_wconf 81' lang='lat' dir='ltr'><strong><em>Martinus</em></strong></span> <span class='ocrx_word' id='word_1_225' title='bbox 992 1597 1159 1653; x_wconf 85' lang='lat' dir='ltr'><strong><em>brevi</em></strong></span> <span class='ocrx_word' id='word_1_226' title='bbox 1188 1597 1458 1670; x_wconf 87' lang='lat' dir='ltr'><strong><em>quidem,</em></strong></span> <span class='ocrx_word' id='word_1_227' title='bbox 1490 1596 1596 1652; x_wconf 88' lang='lat' dir='ltr'><strong><em>sed</em></strong></span> <span class='ocrx_word' id='word_1_228' title='bbox 1650 1595 1859 1665; x_wconf 82' lang='lat' dir='ltr'><strong><em>magni</em></strong></span> <span class='ocrx_word' id='word_1_229' title='bbox 1913 1593 2197 1668; x_wconf 84' lang='lat' dir='ltr'><strong><em>ponderis</em></strong></span> <span class='ocrx_word' id='word_1_230' title='bbox 2229 1613 2268 1665; x_wconf 72' lang='grc' dir='ltr'><strong><em>η</em></strong></span> <span class='ocrx_word' id='word_1_231' title='bbox 2307 1609 2490 1663; x_wconf 84' lang='lat' dir='ltr'><strong><em>nunc,</em></strong></span> <span class='ocrx_word' id='word_1_232' title='bbox 2519 1593 2623 1649; x_wconf 89' lang='lat' dir='ltr'><strong><em>ubi</em></strong></span> <span class='ocrx_word' id='word_1_233' title='bbox 2650 1593 2817 1651; x_wconf 89' lang='lat' dir='ltr'><strong><em>nulla</em></strong></span> <span class='ocrx_word' id='word_1_234' title='bbox 2855 1593 3030 1650; x_wconf 89' lang='lat' dir='ltr'><strong><em>nobis</em></strong></span> <span class='ocrx_word' id='word_1_235' title='bbox 3057 1597 3322 1666; x_wconf 79' lang='lat' dir='ltr'><strong><em>potestas</em></strong></span> <span class='ocrx_word' id='word_1_236' title='bbox 3353 1598 3442 1649; x_wconf 86' lang='lat' dir='ltr'><strong><em>est</em></strong></span> <span class='ocrx_word' id='word_1_237' title='bbox 3483 1591 3800 1648; x_wconf 84' lang='lat' dir='ltr'><strong><em>conferendi</em></strong></span> <span class='ocrx_word' id='word_1_238' title='bbox 3822 1592 3902 1648; x_wconf 76' lang='lat' dir='ltr'><strong><em>sli~</em></strong></span> 
     </span>
    </p>
   </div>
   <div class='ocr_carea' id='block_1_18' title="bbox 536 1681 3906 1757">
    <p class='ocr_par' dir='ltr' id='par_1_18' title="bbox 536 1681 3906 1757">
     <span class='ocr_line' id='line_1_18' title="bbox 536 1681 3906 1757; baseline -0.002 -14"><span class='ocrx_word' id='word_1_239' title='bbox 536 1687 847 1755; x_wconf 84' lang='lat' dir='ltr'><strong><em>sententia,</em></strong></span> <span class='ocrx_word' id='word_1_240' title='bbox 885 1687 1148 1744; x_wconf 88' lang='lat' dir='ltr'><strong><em>mulieris</em></strong></span> <span class='ocrx_word' id='word_1_241' title='bbox 1174 1687 1552 1743; x_wconf 82' lang='lat' dir='ltr'><strong><em>honestatem</em></strong></span> <span class='ocrx_word' id='word_1_242' title='bbox 1573 1685 1926 1757; x_wconf 82' lang='lat' dir='ltr'><strong><em>complexus</em></strong></span> <span class='ocrx_word' id='word_1_243' title='bbox 1961 1701 1974 1740; x_wconf 90' lang='lat'>:</span> <span class='ocrx_word' id='word_1_244' title='bbox 2027 1685 2198 1740; x_wconf 87' lang='lat' dir='ltr'><strong><em>Sum-</em></strong></span> <span class='ocrx_word' id='word_1_245' title='bbox 2257 1687 2266 1691; x_wconf 85' lang='grc'><em>’</em></span> <span class='ocrx_word' id='word_1_246' title='bbox 2305 1683 2450 1756; x_wconf 87' lang='lat' dir='ltr'><strong><em>quid</em></strong></span> <span class='ocrx_word' id='word_1_247' title='bbox 2481 1683 2751 1756; x_wconf 88' lang='lat' dir='ltr'><strong><em>corporis</em></strong></span> <span class='ocrx_word' id='word_1_248' title='bbox 2778 1683 3000 1750; x_wconf 87' lang='lat' dir='ltr'><strong><em>decori,</em></strong></span> <span class='ocrx_word' id='word_1_249' title='bbox 3047 1684 3162 1739; x_wconf 86' lang='lat' dir='ltr'><strong><em>hoc</em></strong></span> <span class='ocrx_word' id='word_1_250' title='bbox 3200 1687 3405 1740; x_wconf 82' lang='lat' dir='ltr'><strong><em>tamen</em></strong></span> <span class='ocrx_word' id='word_1_251' title='bbox 3447 1681 3690 1753; x_wconf 84' lang='lat' dir='ltr'><strong><em>agimus,</em></strong></span> <span class='ocrx_word' id='word_1_252' title='bbox 3733 1687 3784 1738; x_wconf 90' lang='lat' dir='ltr'><strong><em>et</em></strong></span> <span class='ocrx_word' id='word_1_253' title='bbox 3819 1682 3906 1737; x_wconf 87' lang='lat' dir='ltr'><strong><em>hoc</em></strong></span> 
     </span>
    </p>
   </div>
   <div class='ocr_carea' id='block_1_19' title="bbox 535 1770 3905 1848">
    <p class='ocr_par' dir='ltr' id='par_1_19' title="bbox 535 1770 3905 1848">
     <span class='ocr_line' id='line_1_19' title="bbox 535 1770 3905 1848; baseline -0.002 -14"><span class='ocrx_word' id='word_1_254' title='bbox 535 1793 658 1847; x_wconf 84' lang='lat' dir='ltr'><strong><em>ma,</em></strong></span> <span class='ocrx_word' id='word_1_255' title='bbox 690 1775 902 1848; x_wconf 83' lang='lat' dir='ltr'><strong><em>inquit,</em></strong></span> <span class='ocrx_word' id='word_1_256' title='bbox 924 1777 1108 1834; x_wconf 86' lang='lat' dir='ltr'><strong><em>virtus</em></strong></span> <span class='ocrx_word' id='word_1_257' title='bbox 1165 1780 1251 1833; x_wconf 88' lang='lat' dir='ltr'><strong><em>est</em></strong></span> <span class='ocrx_word' id='word_1_258' title='bbox 1305 1773 1574 1830; x_wconf 87' lang='lat' dir='ltr'><strong><em>mulieris</em></strong></span> <span class='ocrx_word' id='word_1_259' title='bbox 1630 1773 1790 1830; x_wconf 85' lang='lat' dir='ltr'><strong><em>nolle</em></strong></span> <span class='ocrx_word' id='word_1_260' title='bbox 1839 1774 2044 1830; x_wconf 85' lang='lat' dir='ltr'><strong><em>videri.</em></strong></span> <span class='ocrx_word' id='word_1_261' title='bbox 2081 1776 2194 1846; x_wconf 85' lang='lat' dir='ltr'><strong><em>Cy-</em></strong></span> <span class='ocrx_word' id='word_1_262' title='bbox 2305 1772 2634 1840; x_wconf 83' lang='lat' dir='ltr'><strong><em>studemus,</em></strong></span> <span class='ocrx_word' id='word_1_263' title='bbox 2665 1779 2732 1828; x_wconf 88' lang='lat' dir='ltr'><strong><em>ut</em></strong></span> <span class='ocrx_word' id='word_1_264' title='bbox 2760 1773 3026 1844; x_wconf 79' lang='lat' dir='ltr'><strong><em>speciem</em></strong></span> <span class='ocrx_word' id='word_1_265' title='bbox 3057 1771 3325 1844; x_wconf 85' lang='lat' dir='ltr'><strong><em>corporis</em></strong></span> <span class='ocrx_word' id='word_1_266' title='bbox 3345 1771 3698 1828; x_wconf 84' lang='lat' dir='ltr'><strong><em>omnimodis</em></strong></span> <span class='ocrx_word' id='word_1_267' title='bbox 3718 1770 3905 1827; x_wconf 79' lang='lat' dir='ltr'><strong><em>excole-</em></strong></span> 
     </span>
    </p>
   </div>
   <div class='ocr_carea' id='block_1_20' title="bbox 534 1860 3908 1939">
    <p class='ocr_par' dir='ltr' id='par_1_20' title="bbox 534 1860 3908 1939">
     <span class='ocr_line' id='line_1_20' title="bbox 534 1860 3908 1939; baseline -0.002 -16"><span class='ocrx_word' id='word_1_268' title='bbox 534 1866 783 1939; x_wconf 84' lang='lat' dir='ltr'><strong><em>prianus</em></strong></span> <span class='ocrx_word' id='word_1_269' title='bbox 811 1865 1130 1938; x_wconf 87' lang='lat' dir='ltr'><strong><em>episcopus</em></strong></span> <span class='ocrx_word' id='word_1_270' title='bbox 1161 1864 1236 1920; x_wconf 89' lang='lat' dir='ltr'><strong><em>de</em></strong></span> <span class='ocrx_word' id='word_1_271' title='bbox 1269 1863 1596 1934; x_wconf 84' lang='lat' dir='ltr'><strong><em>virginibus</em></strong></span> <span class='ocrx_word' id='word_1_272' title='bbox 1624 1862 1710 1920; x_wconf 89' lang='lat' dir='ltr'><strong><em>sic</em></strong></span> <span class='ocrx_word' id='word_1_273' title='bbox 1737 1863 1860 1919; x_wconf 89' lang='lat' dir='ltr'><strong><em>ait:</em></strong></span> <span class='ocrx_word' id='word_1_274' title='bbox 1890 1863 2085 1919; x_wconf 88' lang='lat' dir='ltr'><strong><em>Serico</em></strong></span> <span class='ocrx_word' id='word_1_275' title='bbox 2137 1865 2196 1920; x_wconf 86' lang='lat' dir='ltr'><strong><em>et</em></strong></span> <span class='ocrx_word' id='word_1_276' title='bbox 2303 1877 2461 1930; x_wconf 84' lang='lat' dir='ltr'><strong><em>mus,</em></strong></span> <span class='ocrx_word' id='word_1_277' title='bbox 2492 1861 2640 1918; x_wconf 89' lang='lat' dir='ltr'><strong><em>dum</em></strong></span> <span class='ocrx_word' id='word_1_278' title='bbox 2676 1862 2948 1919; x_wconf 88' lang='lat' dir='ltr'><strong><em>colorum</em></strong></span> <span class='ocrx_word' id='word_1_279' title='bbox 2991 1861 3166 1933; x_wconf 77' lang='lat' dir='ltr'><strong><em>fucis,</em></strong></span> <span class='ocrx_word' id='word_1_280' title='bbox 3221 1861 3316 1917; x_wconf 87' lang='lat' dir='ltr'><strong><em>vel</em></strong></span> <span class='ocrx_word' id='word_1_281' title='bbox 3357 1861 3782 1934; x_wconf 83' lang='lat' dir='ltr'><strong><em>compositione,</em></strong></span> <span class='ocrx_word' id='word_1_282' title='bbox 3827 1860 3908 1917; x_wconf 82' lang='lat' dir='ltr'><strong><em>cri-</em></strong></span> 
     </span>
    </p>
   </div>
   <div class='ocr_carea' id='block_1_21' title="bbox 533 1949 3905 2027">
    <p class='ocr_par' dir='ltr' id='par_1_21' title="bbox 533 1949 3905 2027">
     <span class='ocr_line' id='line_1_21' title="bbox 533 1949 3905 2027; baseline -0.002 -17"><span class='ocrx_word' id='word_1_283' title='bbox 533 1969 805 2027; x_wconf 82' lang='lat' dir='ltr'><strong><em>purpura</em></strong></span> <span class='ocrx_word' id='word_1_284' title='bbox 833 1953 1055 2010; x_wconf 67' lang='lat' dir='ltr'><strong><em>indutae</em></strong></span> <span class='ocrx_word' id='word_1_285' title='bbox 1084 1952 1382 2010; x_wconf 84' lang='lat' dir='ltr'><strong><em>Christum</em></strong></span> <span class='ocrx_word' id='word_1_286' title='bbox 1415 1951 1665 2008; x_wconf 86' lang='lat' dir='ltr'><strong><em>induere</em></strong></span> <span class='ocrx_word' id='word_1_287' title='bbox 1715 1967 1841 2008; x_wconf 83' lang='lat' dir='ltr'><strong><em>non</em></strong></span> <span class='ocrx_word' id='word_1_288' title='bbox 1890 1955 2190 2023; x_wconf 87' lang='lat' dir='ltr'><strong><em>possunt;</em></strong></span> <span class='ocrx_word' id='word_1_289' title='bbox 2303 1950 2473 2008; x_wconf 89' lang='lat' dir='ltr'><strong><em>nium</em></strong></span> <span class='ocrx_word' id='word_1_290' title='bbox 2503 1950 2600 2007; x_wconf 89' lang='lat' dir='ltr'><strong><em>vel</em></strong></span> <span class='ocrx_word' id='word_1_291' title='bbox 2623 1950 2940 2007; x_wconf 86' lang='lat' dir='ltr'><strong><em>oculorum</em></strong></span> <span class='ocrx_word' id='word_1_292' title='bbox 2980 1955 3178 2008; x_wconf 88' lang='lat' dir='ltr'><strong><em>rotatu</em></strong></span> <span class='ocrx_word' id='word_1_293' title='bbox 3221 1950 3336 2018; x_wconf 87' lang='lat' dir='ltr'><strong><em>vel,</em></strong></span> <span class='ocrx_word' id='word_1_294' title='bbox 3367 1949 3638 2006; x_wconf 77' lang='lat' dir='ltr'><strong><em>varietate</em></strong></span> <span class='ocrx_word' id='word_1_295' title='bbox 3679 1951 3905 2018; x_wconf 83' lang='lat' dir='ltr'><strong><em>vestium,</em></strong></span> 
     </span>
    </p>
   </div>
   <div class='ocr_carea' id='block_1_22' title="bbox 536 2038 3907 2114">
    <p class='ocr_par' dir='ltr' id='par_1_22' title="bbox 536 2038 3907 2114">
     <span class='ocr_line' id='line_1_22' title="bbox 536 2038 3907 2114; baseline -0.002 -14"><span class='ocrx_word' id='word_1_296' title='bbox 536 2058 686 2101; x_wconf 86' lang='lat' dir='ltr'><strong><em>auro</em></strong></span> <span class='ocrx_word' id='word_1_297' title='bbox 714 2047 772 2099; x_wconf 89' lang='lat' dir='ltr'><strong><em>et</em></strong></span> <span class='ocrx_word' id='word_1_298' title='bbox 798 2043 1156 2112; x_wconf 79' lang='lat' dir='ltr'><strong><em>margaritis,</em></strong></span> <span class='ocrx_word' id='word_1_299' title='bbox 1202 2047 1260 2100; x_wconf 88' lang='lat' dir='ltr'><strong><em>et</em></strong></span> <span class='ocrx_word' id='word_1_300' title='bbox 1315 2041 1664 2098; x_wconf 86' lang='lat' dir='ltr'><strong><em>monillibus</em></strong></span> <span class='ocrx_word' id='word_1_301' title='bbox 1708 2041 2037 2108; x_wconf 62' lang='lat' dir='ltr'><strong><em>adornatae,</em></strong></span> <span class='ocrx_word' id='word_1_302' title='bbox 2096 2056 2194 2097; x_wconf 84' lang='lat' dir='ltr'><strong><em>or-</em></strong></span> <span class='ocrx_word' id='word_1_303' title='bbox 2303 2040 2674 2114; x_wconf 83' lang='lat' dir='ltr'><strong><em>diversisque</em></strong></span> <span class='ocrx_word' id='word_1_304' title='bbox 2699 2040 2828 2097; x_wconf 85' lang='lat' dir='ltr'><strong><em>aliis</em></strong></span> <span class='ocrx_word' id='word_1_305' title='bbox 2856 2044 2915 2096; x_wconf 90' lang='lat' dir='ltr'><strong><em>et</em></strong></span> <span class='ocrx_word' id='word_1_306' title='bbox 2941 2039 3249 2112; x_wconf 83' lang='lat' dir='ltr'><strong><em>exquisitis</em></strong></span> <span class='ocrx_word' id='word_1_307' title='bbox 3287 2039 3558 2096; x_wconf 83' lang='lat' dir='ltr'><strong><em>conferre</em></strong></span> <span class='ocrx_word' id='word_1_308' title='bbox 3599 2038 3823 2112; x_wconf 79' lang='lat' dir='ltr'><strong><em>aliquid,</em></strong></span> <span class='ocrx_word' id='word_1_309' title='bbox 3860 2043 3907 2092; x_wconf 89' lang='lat' dir='ltr'><strong><em>ut</em></strong></span> 
     </span>
    </p>
   </div>
   <div class='ocr_carea' id='block_1_23' title="bbox 537 2127 3904 2202">
    <p class='ocr_par' dir='ltr' id='par_1_23' title="bbox 537 2127 3904 2202">
     <span class='ocr_line' id='line_1_23' title="bbox 537 2127 3904 2202; baseline -0.001 -16"><span class='ocrx_word' id='word_1_310' title='bbox 537 2135 821 2186; x_wconf 86' lang='lat' dir='ltr'><strong><em>namenta</em></strong></span> <span class='ocrx_word' id='word_1_311' title='bbox 846 2129 1044 2186; x_wconf 84' lang='lat' dir='ltr'><strong><em>cordis</em></strong></span> <span class='ocrx_word' id='word_1_312' title='bbox 1070 2133 1127 2185; x_wconf 89' lang='lat' dir='ltr'><strong><em>et</em></strong></span> <span class='ocrx_word' id='word_1_313' title='bbox 1157 2128 1426 2200; x_wconf 88' lang='lat' dir='ltr'><strong><em>corporis</em></strong></span> <span class='ocrx_word' id='word_1_314' title='bbox 1459 2127 1864 2201; x_wconf 87' lang='lat' dir='ltr'><strong><em>perdiderunt.</em></strong></span> <span class='ocrx_word' id='word_1_315' title='bbox 1916 2127 2089 2194; x_wconf 85' lang='lat' dir='ltr'><strong><em>Quod</em></strong></span> <span class='ocrx_word' id='word_1_316' title='bbox 2146 2128 2195 2182; x_wconf 87' lang='lat' dir='ltr'><strong><em>si</em></strong></span> <span class='ocrx_word' id='word_1_317' title='bbox 2303 2129 2446 2198; x_wconf 80' lang='lat' dir='ltr'><strong><em>dixi,</em></strong></span> <span class='ocrx_word' id='word_1_318' title='bbox 2478 2129 2680 2186; x_wconf 88' lang='lat' dir='ltr'><strong><em>decori</em></strong></span> <span class='ocrx_word' id='word_1_319' title='bbox 2706 2129 2974 2202; x_wconf 87' lang='lat' dir='ltr'><strong><em>corporis</em></strong></span> <span class='ocrx_word' id='word_1_320' title='bbox 3004 2131 3325 2202; x_wconf 86' lang='lat' dir='ltr'><strong><em>cupimus;</em></strong></span> <span class='ocrx_word' id='word_1_321' title='bbox 3362 2129 3472 2186; x_wconf 87' lang='lat' dir='ltr'><strong><em>sed</em></strong></span> <span class='ocrx_word' id='word_1_322' title='bbox 3497 2133 3714 2201; x_wconf 88' lang='lat' dir='ltr'><strong><em>quanto</em></strong></span> <span class='ocrx_word' id='word_1_323' title='bbox 3754 2128 3904 2198; x_wconf 76' lang='lat' dir='ltr'><strong><em>magis</em></strong></span> 
     </span>
    </p>
   </div>
   <div class='ocr_carea' id='block_1_24' title="bbox 517 2217 3904 2301">
    <p class='ocr_par' dir='ltr' id='par_1_24' title="bbox 517 2217 3904 2301">
     <span class='ocr_line' id='line_1_24' title="bbox 517 2217 3904 2301; baseline -0.001 -27"><span class='ocrx_word' id='word_1_324' title='bbox 517 2222 763 2301; x_wconf 29' lang='lat' dir='ltr'><strong><em>.Petrus,</em></strong></span> <span class='ocrx_word' id='word_1_325' title='bbox 783 2217 996 2290; x_wconf 86' lang='lat' dir='ltr'><strong><em>inquit,</em></strong></span> <span class='ocrx_word' id='word_1_326' title='bbox 1022 2217 1304 2274; x_wconf 85' lang='lat' dir='ltr'><strong><em>mulieres</em></strong></span> <span class='ocrx_word' id='word_1_327' title='bbox 1331 2217 1621 2274; x_wconf 87' lang='lat' dir='ltr'><strong><em>admonet</em></strong></span> <span class='ocrx_word' id='word_1_328' title='bbox 1643 2217 2029 2283; x_wconf 88' lang='lat' dir='ltr'><strong><em>coercendas,</em></strong></span> <span class='ocrx_word' id='word_1_329' title='bbox 2061 2233 2194 2289; x_wconf 78' lang='lat' dir='ltr'><strong><em>quae</em></strong></span> <span class='ocrx_word' id='word_1_330' title='bbox 2305 2218 2702 2276; x_wconf 84' lang='lat' dir='ltr'><strong><em>conveniebat</em></strong></span> <span class='ocrx_word' id='word_1_331' title='bbox 2728 2219 2925 2287; x_wconf 87' lang='lat' dir='ltr'><strong><em>nobis,</em></strong></span> <span class='ocrx_word' id='word_1_332' title='bbox 2957 2221 3021 2274; x_wconf 87' lang='lat' dir='ltr'><strong><em>ut</em></strong></span> <span class='ocrx_word' id='word_1_333' title='bbox 3069 2218 3148 2274; x_wconf 90' lang='lat' dir='ltr'><strong><em>ad</em></strong></span> <span class='ocrx_word' id='word_1_334' title='bbox 3183 2217 3417 2275; x_wconf 88' lang='lat' dir='ltr'><strong><em>cultum</em></strong></span> <span class='ocrx_word' id='word_1_335' title='bbox 3464 2217 3670 2275; x_wconf 69' lang='lat' dir='ltr'><strong><em>anime</em></strong></span> <span class='ocrx_word' id='word_1_336' title='bbox 3706 2229 3904 2289; x_wconf 68' lang='lat' dir='ltr'><strong><em>operam</em></strong></span> 
     </span>
    </p>
   </div>
   <div class='ocr_carea' id='block_1_25' title="bbox 537 2305 3908 2380">
    <p class='ocr_par' dir='ltr' id='par_1_25' title="bbox 537 2305 3908 2380">
     <span class='ocr_line' id='line_1_25' title="bbox 537 2305 3908 2380; baseline -0.002 -15"><span class='ocrx_word' id='word_1_337' title='bbox 537 2323 822 2366; x_wconf 79' lang='lat' dir='ltr'><strong><em>excusare</em></strong></span> <span class='ocrx_word' id='word_1_338' title='bbox 853 2307 1082 2364; x_wconf 86' lang='lat' dir='ltr'><strong><em>soleant</em></strong></span> <span class='ocrx_word' id='word_1_339' title='bbox 1105 2307 1297 2364; x_wconf 88' lang='lat' dir='ltr'><strong><em>cultus</em></strong></span> <span class='ocrx_word' id='word_1_340' title='bbox 1329 2323 1474 2364; x_wconf 85' lang='lat' dir='ltr'><strong><em>suos</em></strong></span> <span class='ocrx_word' id='word_1_341' title='bbox 1499 2323 1606 2379; x_wconf 86' lang='lat' dir='ltr'><strong><em>per</em></strong></span> <span class='ocrx_word' id='word_1_342' title='bbox 1628 2306 1877 2364; x_wconf 86' lang='lat' dir='ltr'><strong><em>maritos</em></strong></span> <span class='ocrx_word' id='word_1_343' title='bbox 1917 2323 1930 2360; x_wconf 89' lang='lat'><strong>:</strong></span> <span class='ocrx_word' id='word_1_344' title='bbox 1963 2310 2194 2378; x_wconf 85' lang='lat' dir='ltr'><strong><em>quanto</em></strong></span> <span class='ocrx_word' id='word_1_345' title='bbox 2304 2307 2633 2364; x_wconf 81' lang='lat' dir='ltr'><strong><em>daremus?</em></strong></span> <span class='ocrx_word' id='word_1_346' title='bbox 2662 2311 2814 2365; x_wconf 79' lang='lat' dir='ltr'><strong><em>Nam</em></strong></span> <span class='ocrx_word' id='word_1_347' title='bbox 2857 2323 3150 2380; x_wconf 86' lang='lat' dir='ltr'><strong><em>corporea</em></strong></span> <span class='ocrx_word' id='word_1_348' title='bbox 3187 2307 3569 2379; x_wconf 81' lang='lat' dir='ltr'><strong><em>pulchritudo</em></strong></span> <span class='ocrx_word' id='word_1_349' title='bbox 3594 2307 3650 2363; x_wconf 88' lang='lat' dir='ltr'><strong><em>in</em></strong></span> <span class='ocrx_word' id='word_1_350' title='bbox 3675 2305 3806 2378; x_wconf 88' lang='lat' dir='ltr'><strong><em>pelle</em></strong></span> <span class='ocrx_word' id='word_1_351' title='bbox 3842 2319 3908 2359; x_wconf 88' lang='lat' dir='ltr'><strong><em>so.</em></strong></span> 
     </span>
    </p>
   </div>
   <div class='ocr_carea' id='block_1_26' title="bbox 537 2394 3906 2467">
    <p class='ocr_par' dir='ltr' id='par_1_26' title="bbox 537 2394 3906 2467">
     <span class='ocr_line' id='line_1_26' title="bbox 537 2394 3906 2467; baseline -0.002 -12"><span class='ocrx_word' id='word_1_352' title='bbox 537 2397 736 2467; x_wconf 81' lang='lat' dir='ltr'><strong><em>magis</em></strong></span> <span class='ocrx_word' id='word_1_353' title='bbox 765 2397 826 2465; x_wconf 77' lang='lat' dir='ltr'><strong><em>id</em></strong></span> <span class='ocrx_word' id='word_1_354' title='bbox 858 2397 1174 2452; x_wconf 86' lang='lat' dir='ltr'><strong><em>observare</em></strong></span> <span class='ocrx_word' id='word_1_355' title='bbox 1197 2396 1492 2466; x_wconf 79' lang='lat' dir='ltr'><strong><em>virginem</em></strong></span> <span class='ocrx_word' id='word_1_356' title='bbox 1522 2396 1614 2452; x_wconf 86' lang='lat' dir='ltr'><strong><em>fas</em></strong></span> <span class='ocrx_word' id='word_1_357' title='bbox 1633 2401 1722 2452; x_wconf 88' lang='lat' dir='ltr'><strong><em>est</em></strong></span> <span class='ocrx_word' id='word_1_358' title='bbox 1771 2395 1868 2452; x_wconf 89' lang='lat' dir='ltr'><strong><em>cui</em></strong></span> <span class='ocrx_word' id='word_1_359' title='bbox 1895 2395 2061 2451; x_wconf 89' lang='lat' dir='ltr'><strong><em>nulla</em></strong></span> <span class='ocrx_word' id='word_1_360' title='bbox 2105 2411 2198 2452; x_wconf 89' lang='lat' dir='ltr'><strong><em>or—</em></strong></span> <span class='ocrx_word' id='word_1_361' title='bbox 2303 2395 2618 2454; x_wconf 85' lang='lat' dir='ltr'><strong><em>lummodo</em></strong></span> <span class='ocrx_word' id='word_1_362' title='bbox 2649 2401 2900 2454; x_wconf 81' lang='lat' dir='ltr'><strong><em>constat.</em></strong></span> <span class='ocrx_word' id='word_1_363' title='bbox 2934 2401 3081 2453; x_wconf 85' lang='lat' dir='ltr'><strong><em>Nam</em></strong></span> <span class='ocrx_word' id='word_1_364' title='bbox 3113 2397 3162 2452; x_wconf 87' lang='lat' dir='ltr'><strong><em>si</em></strong></span> <span class='ocrx_word' id='word_1_365' title='bbox 3205 2397 3480 2454; x_wconf 86' lang='lat' dir='ltr'><strong><em>viderent</em></strong></span> <span class='ocrx_word' id='word_1_366' title='bbox 3532 2396 3782 2453; x_wconf 74' lang='lat' dir='ltr'><strong><em>homines</em></strong></span> <span class='ocrx_word' id='word_1_367' title='bbox 3820 2394 3906 2450; x_wconf 84' lang='lat' dir='ltr'><strong><em>hoc</em></strong></span> 
     </span>
    </p>
   </div>
   <div class='ocr_carea' id='block_1_27' title="bbox 539 2483 3910 2556">
    <p class='ocr_par' dir='ltr' id='par_1_27' title="bbox 539 2483 3910 2556">
     <span class='ocr_line' id='line_1_27' title="bbox 539 2483 3910 2556; baseline -0.002 -13"><span class='ocrx_word' id='word_1_368' title='bbox 539 2491 717 2543; x_wconf 87' lang='lat' dir='ltr'><strong><em>natus</em></strong></span> <span class='ocrx_word' id='word_1_369' title='bbox 738 2485 832 2541; x_wconf 85' lang='lat' dir='ltr'><strong><em>sui</em></strong></span> <span class='ocrx_word' id='word_1_370' title='bbox 857 2484 1142 2556; x_wconf 88' lang='lat' dir='ltr'><strong><em>competit</em></strong></span> <span class='ocrx_word' id='word_1_371' title='bbox 1165 2485 1362 2554; x_wconf 87' lang='lat' dir='ltr'><strong><em>venia,</em></strong></span> <span class='ocrx_word' id='word_1_372' title='bbox 1387 2499 1498 2540; x_wconf 89' lang='lat' dir='ltr'><strong><em>nec</em></strong></span> <span class='ocrx_word' id='word_1_373' title='bbox 1553 2484 1810 2542; x_wconf 83' lang='lat' dir='ltr'><strong><em>derivari</em></strong></span> <span class='ocrx_word' id='word_1_374' title='bbox 1863 2483 1925 2540; x_wconf 89' lang='lat' dir='ltr'><strong><em>in</em></strong></span> <span class='ocrx_word' id='word_1_375' title='bbox 1983 2483 2198 2540; x_wconf 87' lang='lat' dir='ltr'><strong><em>alteru-</em></strong></span> <span class='ocrx_word' id='word_1_376' title='bbox 2305 2483 2471 2554; x_wconf 89' lang='lat' dir='ltr'><strong><em>quod</em></strong></span> <span class='ocrx_word' id='word_1_377' title='bbox 2497 2483 2710 2540; x_wconf 86' lang='lat' dir='ltr'><strong><em>subtus</em></strong></span> <span class='ocrx_word' id='word_1_378' title='bbox 2743 2484 2961 2556; x_wconf 84' lang='lat' dir='ltr'><strong><em>pellem</em></strong></span> <span class='ocrx_word' id='word_1_379' title='bbox 2986 2489 3095 2551; x_wconf 80' lang='lat' dir='ltr'><strong><em>est,</em></strong></span> <span class='ocrx_word' id='word_1_380' title='bbox 3125 2485 3278 2542; x_wconf 87' lang='lat' dir='ltr'><strong><em>sicut</em></strong></span> <span class='ocrx_word' id='word_1_381' title='bbox 3306 2483 3517 2556; x_wconf 86' lang='lat' dir='ltr'><strong><em>lynces</em></strong></span> <span class='ocrx_word' id='word_1_382' title='bbox 3542 2485 3604 2540; x_wconf 86' lang='lat' dir='ltr'><strong><em>in</em></strong></span> <span class='ocrx_word' id='word_1_383' title='bbox 3629 2483 3804 2540; x_wconf 80' lang='lat' dir='ltr'><strong><em>Hostia</em></strong></span> <span class='ocrx_word' id='word_1_384' title='bbox 3821 2495 3910 2537; x_wconf 80' lang='lat' dir='ltr'><strong><em>cer-</em></strong></span> 
     </span>
    </p>
   </div>
   <div class='ocr_carea' id='block_1_28' title="bbox 536 2569 3913 2644">
    <p class='ocr_par' dir='ltr' id='par_1_28' title="bbox 536 2569 3913 2644">
     <span class='ocr_line' id='line_1_28' title="bbox 536 2569 3913 2644; baseline -0.001 -16"><span class='ocrx_word' id='word_1_385' title='bbox 536 2577 702 2628; x_wconf 73' lang='lat' dir='ltr'><strong><em>trum</em></strong></span> <span class='ocrx_word' id='word_1_386' title='bbox 731 2572 921 2644; x_wconf 86' lang='lat' dir='ltr'><strong><em>possit</em></strong></span> <span class='ocrx_word' id='word_1_387' title='bbox 945 2570 1331 2629; x_wconf 85' lang='lat' dir='ltr'><strong><em>mendacium</em></strong></span> <span class='ocrx_word' id='word_1_388' title='bbox 1357 2569 1566 2642; x_wconf 81' lang='lat' dir='ltr'><strong><em>culpae,</em></strong></span> <span class='ocrx_word' id='word_1_389' title='bbox 1601 2571 1706 2627; x_wconf 89' lang='lat' dir='ltr'><strong><em>sed</em></strong></span> <span class='ocrx_word' id='word_1_390' title='bbox 1752 2571 1880 2628; x_wconf 86' lang='lat' dir='ltr'><strong><em>sola</em></strong></span> <span class='ocrx_word' id='word_1_391' title='bbox 1930 2571 2064 2644; x_wconf 86' lang='lat' dir='ltr'><strong><em>ipsa</em></strong></span> <span class='ocrx_word' id='word_1_392' title='bbox 2111 2587 2198 2628; x_wconf 86' lang='lat' dir='ltr'><strong><em>re-</em></strong></span> <span class='ocrx_word' id='word_1_393' title='bbox 2308 2585 2449 2626; x_wconf 88' lang='lat' dir='ltr'><strong><em>nere</em></strong></span> <span class='ocrx_word' id='word_1_394' title='bbox 2479 2571 2760 2630; x_wconf 85' lang='lat' dir='ltr'><strong><em>interiora</em></strong></span> <span class='ocrx_word' id='word_1_395' title='bbox 2803 2573 3091 2641; x_wconf 81' lang='lat' dir='ltr'><strong><em>feruntur,</em></strong></span> <span class='ocrx_word' id='word_1_396' title='bbox 3144 2573 3433 2630; x_wconf 82' lang='lat' dir='ltr'><strong><em>mulieres</em></strong></span> <span class='ocrx_word' id='word_1_397' title='bbox 3469 2572 3662 2630; x_wconf 85' lang='lat' dir='ltr'><strong><em>videre</em></strong></span> <span class='ocrx_word' id='word_1_398' title='bbox 3710 2585 3913 2628; x_wconf 81' lang='lat' dir='ltr'><strong><em>nausea-</em></strong></span> 
     </span>
    </p>
   </div>
   <div class='ocr_carea' id='block_1_29' title="bbox 541 2658 3911 2734">
    <p class='ocr_par' dir='ltr' id='par_1_29' title="bbox 541 2658 3911 2734">
     <span class='ocr_line' id='line_1_29' title="bbox 541 2658 3911 2734; baseline -0.001 -16"><span class='ocrx_word' id='word_1_399' title='bbox 541 2664 787 2718; x_wconf 77' lang='lat' dir='ltr'><strong><em>maneat</em></strong></span> <span class='ocrx_word' id='word_1_400' title='bbox 814 2659 876 2716; x_wconf 89' lang='lat' dir='ltr'><strong><em>in</em></strong></span> <span class='ocrx_word' id='word_1_401' title='bbox 906 2674 1156 2730; x_wconf 88' lang='lat' dir='ltr'><strong><em>corpore</em></strong></span> <span class='ocrx_word' id='word_1_402' title='bbox 1186 2662 1214 2714; x_wconf 74' lang='lat'><strong><em>7</em></strong></span> <span class='ocrx_word' id='word_1_403' title='bbox 1237 2658 1352 2717; x_wconf 85' lang='lat' dir='ltr'><strong><em>Sed</em></strong></span> <span class='ocrx_word' id='word_1_404' title='bbox 1377 2675 1512 2731; x_wconf 82' lang='lat' dir='ltr'><strong><em>quae</em></strong></span> <span class='ocrx_word' id='word_1_405' title='bbox 1541 2659 1840 2731; x_wconf 86' lang='lat' dir='ltr'><strong><em>ejusmodi</em></strong></span> <span class='ocrx_word' id='word_1_406' title='bbox 1868 2666 2026 2728; x_wconf 83' lang='lat' dir='ltr'><strong><em>sunt,</em></strong></span> <span class='ocrx_word' id='word_1_407' title='bbox 2075 2673 2199 2718; x_wconf 84' lang='lat' dir='ltr'><strong><em>non</em></strong></span> <span class='ocrx_word' id='word_1_408' title='bbox 2307 2665 2460 2718; x_wconf 86' lang='lat' dir='ltr'><strong><em>rent.</em></strong></span> <span class='ocrx_word' id='word_1_409' title='bbox 2489 2665 2600 2718; x_wconf 86' lang='lat' dir='ltr'><strong><em>iste</em></strong></span> <span class='ocrx_word' id='word_1_410' title='bbox 2634 2661 2816 2720; x_wconf 89' lang='lat' dir='ltr'><strong><em>decor</em></strong></span> <span class='ocrx_word' id='word_1_411' title='bbox 2844 2662 2908 2718; x_wconf 86' lang='lat' dir='ltr'><strong><em>in</em></strong></span> <span class='ocrx_word' id='word_1_412' title='bbox 2936 2661 3236 2734; x_wconf 83' lang='lat' dir='ltr'><strong><em>ﬂegmate,</em></strong></span> <span class='ocrx_word' id='word_1_413' title='bbox 3290 2667 3349 2719; x_wconf 90' lang='lat' dir='ltr'><strong><em>et</em></strong></span> <span class='ocrx_word' id='word_1_414' title='bbox 3401 2664 3699 2732; x_wconf 84' lang='lat' dir='ltr'><strong><em>sanguine,</em></strong></span> <span class='ocrx_word' id='word_1_415' title='bbox 3745 2666 3794 2717; x_wconf 90' lang='lat' dir='ltr'><strong><em>et</em></strong></span> <span class='ocrx_word' id='word_1_416' title='bbox 3828 2661 3911 2716; x_wconf 80' lang='lat' dir='ltr'><strong><em>lm-</em></strong></span> 
     </span>
    </p>
   </div>
   <div class='ocr_carea' id='block_1_30' title="bbox 543 2747 4033 2826">
    <p class='ocr_par' dir='ltr' id='par_1_30' title="bbox 543 2747 4033 2826">
     <span class='ocr_line' id='line_1_30' title="bbox 543 2747 4033 2826; baseline -0.001 -21"><span class='ocrx_word' id='word_1_417' title='bbox 543 2752 818 2806; x_wconf 82' lang='lat' dir='ltr'><strong><em>sanctam</em></strong></span> <span class='ocrx_word' id='word_1_418' title='bbox 845 2747 1011 2804; x_wconf 83' lang='lat' dir='ltr'><strong><em>illam</em></strong></span> <span class='ocrx_word' id='word_1_419' title='bbox 1066 2763 1279 2804; x_wconf 84' lang='lat' dir='ltr'><strong><em>vocem</em></strong></span> <span class='ocrx_word' id='word_1_420' title='bbox 1334 2747 1496 2805; x_wconf 89' lang='lat' dir='ltr'><strong><em>beati</em></strong></span> <span class='ocrx_word' id='word_1_421' title='bbox 1550 2748 1833 2822; x_wconf 86' lang='lat' dir='ltr'><strong><em>Cypriani</em></strong></span> <span class='ocrx_word' id='word_1_422' title='bbox 1883 2749 2196 2823; x_wconf 83' lang='lat' dir='ltr'><strong><em>recipiunt,</em></strong></span> <span class='ocrx_word' id='word_1_423' title='bbox 2309 2764 2500 2817; x_wconf 85' lang='lat' dir='ltr'><strong><em>more,</em></strong></span> <span class='ocrx_word' id='word_1_424' title='bbox 2532 2766 2602 2806; x_wconf 88' lang='lat' dir='ltr'><strong><em>ac</em></strong></span> <span class='ocrx_word' id='word_1_425' title='bbox 2631 2749 2786 2822; x_wconf 84' lang='lat' dir='ltr'><strong><em>felle,</em></strong></span> <span class='ocrx_word' id='word_1_426' title='bbox 2817 2751 3108 2808; x_wconf 86' lang='lat' dir='ltr'><strong><em>consistit.</em></strong></span> <span class='ocrx_word' id='word_1_427' title='bbox 3155 2752 3214 2808; x_wconf 90' lang='lat' dir='ltr'><strong><em>Si</em></strong></span> <span class='ocrx_word' id='word_1_428' title='bbox 3249 2751 3396 2824; x_wconf 76' lang='lat' dir='ltr'><strong><em>quis</em></strong></span> <span class='ocrx_word' id='word_1_429' title='bbox 3439 2753 3598 2808; x_wconf 85' lang='lat' dir='ltr'><strong><em>enim</em></strong></span> <span class='ocrx_word' id='word_1_430' title='bbox 3638 2749 3914 2808; x_wconf 81' lang='lat' dir='ltr'><strong><em>considerat</em></strong></span> <span class='ocrx_word' id='word_1_431' title='bbox 4031 2805 4033 2826; x_wconf 36' lang='grc' dir='ltr'><strong>ε</strong></span> 
     </span>
    </p>
   </div>
   <div class='ocr_carea' id='block_1_31' title="bbox 543 2833 4033 2928">
    <p class='ocr_par' dir='ltr' id='par_1_31' title="bbox 543 2833 4033 2928">
     <span class='ocr_line' id='line_1_31' title="bbox 543 2833 4033 2928; baseline -0 -33"><span class='ocrx_word' id='word_1_432' title='bbox 543 2837 692 2912; x_wconf 87' lang='lat' dir='ltr'><strong><em>quin</em></strong></span> <span class='ocrx_word' id='word_1_433' title='bbox 721 2837 921 2910; x_wconf 88' lang='lat' dir='ltr'><strong><em>potius</em></strong></span> <span class='ocrx_word' id='word_1_434' title='bbox 949 2836 1176 2928; x_wconf 79' lang='lat' dir='ltr'><strong><em>irritam</em></strong></span> <span class='ocrx_word' id='word_1_435' title='bbox 1205 2836 1432 2894; x_wconf 86' lang='lat' dir='ltr'><strong><em>faciunt</em></strong></span> <span class='ocrx_word' id='word_1_436' title='bbox 1458 2837 1642 2895; x_wconf 84' lang='lat' dir='ltr'><strong><em>ﬁdem</em></strong></span> <span class='ocrx_word' id='word_1_437' title='bbox 1671 2839 1904 2910; x_wconf 83' lang='lat' dir='ltr'><strong><em>Christi,</em></strong></span> <span class='ocrx_word' id='word_1_438' title='bbox 1937 2843 1994 2896; x_wconf 91' lang='lat' dir='ltr'><strong><em>et</em></strong></span> <span class='ocrx_word' id='word_1_439' title='bbox 2046 2856 2204 2898; x_wconf 88' lang='lat' dir='ltr'><strong><em>scor-</em></strong></span> <span class='ocrx_word' id='word_1_440' title='bbox 2311 2853 2447 2908; x_wconf 75' lang='lat' dir='ltr'><strong><em>quae</em></strong></span> <span class='ocrx_word' id='word_1_441' title='bbox 2476 2837 2632 2895; x_wconf 88' lang='lat' dir='ltr'><strong><em>intra</em></strong></span> <span class='ocrx_word' id='word_1_442' title='bbox 2653 2853 2854 2907; x_wconf 86' lang='lat' dir='ltr'><strong><em>nares,</em></strong></span> <span class='ocrx_word' id='word_1_443' title='bbox 2885 2845 2943 2898; x_wconf 90' lang='lat' dir='ltr'><strong><em>et</em></strong></span> <span class='ocrx_word' id='word_1_444' title='bbox 2963 2855 3099 2911; x_wconf 71' lang='lat' dir='ltr'><strong><em>quae</em></strong></span> <span class='ocrx_word' id='word_1_445' title='bbox 3129 2839 3286 2897; x_wconf 83' lang='lat' dir='ltr'><strong><em>intra</em></strong></span> <span class='ocrx_word' id='word_1_446' title='bbox 3315 2839 3546 2906; x_wconf 76' lang='lat' dir='ltr'><strong><em>fauces,</em></strong></span> <span class='ocrx_word' id='word_1_447' title='bbox 3575 2844 3630 2896; x_wconf 88' lang='lat' dir='ltr'><strong><em>et</em></strong></span> <span class='ocrx_word' id='word_1_448' title='bbox 3653 2855 3774 2912; x_wconf 70' lang='lat' dir='ltr'><strong><em>quis</em></strong></span> <span class='ocrx_word' id='word_1_449' title='bbox 3793 2839 3914 2894; x_wconf 79' lang='lat' dir='ltr'><strong><em>intra</em></strong></span> 
     </span>
    </p>
   </div>
   <div class='ocr_carea' id='block_1_32' title="bbox 493 2925 3912 3016">
    <p class='ocr_par' dir='ltr' id='par_1_32' title="bbox 493 2925 3912 3016">
     <span class='ocr_line' id='line_1_32' title="bbox 493 2925 3912 3016; baseline -0.001 -31"><span class='ocrx_word' id='word_1_450' title='bbox 493 2950 496 2954; x_wconf 66' lang='grc'><strong>’</strong></span> <span class='ocrx_word' id='word_1_451' title='bbox 545 2931 804 2985; x_wconf 79' lang='lat' dir='ltr'><strong><em>tutorum</em></strong></span> <span class='ocrx_word' id='word_1_452' title='bbox 832 2925 1021 2983; x_wconf 88' lang='lat' dir='ltr'><strong><em>oculis</em></strong></span> <span class='ocrx_word' id='word_1_453' title='bbox 1043 2941 1109 3016; x_wconf 84' lang='lat' dir='ltr'><strong><em>se</em></strong></span> <span class='ocrx_word' id='word_1_454' title='bbox 1138 2927 1332 2996; x_wconf 87' lang='lat' dir='ltr'><strong><em>magis</em></strong></span> <span class='ocrx_word' id='word_1_455' title='bbox 1357 2932 1625 2982; x_wconf 84' lang='lat' dir='ltr'><strong><em>comunt.</em></strong></span> <span class='ocrx_word' id='word_1_456' title='bbox 1661 2927 1768 2993; x_wconf 87' lang='lat' dir='ltr'><strong><em>Qui</em></strong></span> <span class='ocrx_word' id='word_1_457' title='bbox 1796 2928 2020 2986; x_wconf 85' lang='lat' dir='ltr'><strong><em>scilicet</em></strong></span> <span class='ocrx_word' id='word_1_458' title='bbox 2047 2945 2204 2986; x_wconf 87' lang='lat' dir='ltr'><strong><em>seor-</em></strong></span> <span class='ocrx_word' id='word_1_459' title='bbox 2231 2962 2272 3016; x_wconf 64' lang='grc' dir='ltr'><strong><em>ε</em></strong></span> <span class='ocrx_word' id='word_1_460' title='bbox 2311 2931 2581 2988; x_wconf 80' lang='lat' dir='ltr'><strong><em>ventrem</em></strong></span> <span class='ocrx_word' id='word_1_461' title='bbox 2645 2927 2893 2997; x_wconf 80' lang='lat' dir='ltr'><strong><em>lateant,</em></strong></span> <span class='ocrx_word' id='word_1_462' title='bbox 2949 2929 3158 2986; x_wconf 80' lang='lat' dir='ltr'><strong><em>sordes</em></strong></span> <span class='ocrx_word' id='word_1_463' title='bbox 3217 2928 3434 3002; x_wconf 73' lang='lat' dir='ltr'><strong><em>utique</em></strong></span> <span class='ocrx_word' id='word_1_464' title='bbox 3485 2929 3737 3003; x_wconf 81' lang='lat' dir='ltr'><strong><em>reperiet.</em></strong></span> <span class='ocrx_word' id='word_1_465' title='bbox 3792 2931 3845 2984; x_wconf 82' lang='lat' dir='ltr'><strong><em>Et</em></strong></span> <span class='ocrx_word' id='word_1_466' title='bbox 3878 2925 3912 2981; x_wconf 80' lang='lat' dir='ltr'><strong><em>si</em></strong></span> 
     </span>
    </p>
   </div>
   <div class='ocr_carea' id='block_1_33' title="bbox 545 3015 3914 3094">
    <p class='ocr_par' dir='ltr' id='par_1_33' title="bbox 545 3015 3914 3094">
     <span class='ocr_line' id='line_1_33' title="bbox 545 3015 3914 3094; baseline -0.001 -18"><span class='ocrx_word' id='word_1_467' title='bbox 545 3021 785 3085; x_wconf 78' lang='lat' dir='ltr'><strong><em>tutores,</em></strong></span> <span class='ocrx_word' id='word_1_468' title='bbox 835 3022 898 3074; x_wconf 91' lang='lat' dir='ltr'><strong><em>ut</em></strong></span> <span class='ocrx_word' id='word_1_469' title='bbox 951 3016 1033 3074; x_wconf 85' lang='lat' dir='ltr'><strong><em>ait</em></strong></span> <span class='ocrx_word' id='word_1_470' title='bbox 1079 3015 1293 3072; x_wconf 88' lang='lat' dir='ltr'><strong><em>beatus</em></strong></span> <span class='ocrx_word' id='word_1_471' title='bbox 1339 3016 1734 3094; x_wconf 79' lang='lat' dir='ltr'><strong><em>Hieronymus</em></strong></span> <span class='ocrx_word' id='word_1_472' title='bbox 1762 3017 1826 3074; x_wconf 84' lang='lat' dir='ltr'><strong><em>in</em></strong></span> <span class='ocrx_word' id='word_1_473' title='bbox 1845 3017 2097 3090; x_wconf 85' lang='lat' dir='ltr'><strong><em>epistola</em></strong></span> <span class='ocrx_word' id='word_1_474' title='bbox 2121 3020 2202 3076; x_wconf 83' lang='lat' dir='ltr'><strong><em>ad</em></strong></span> <span class='ocrx_word' id='word_1_475' title='bbox 2310 3033 2422 3074; x_wconf 86' lang='lat' dir='ltr'><strong><em>nec</em></strong></span> <span class='ocrx_word' id='word_1_476' title='bbox 2446 3017 2723 3074; x_wconf 79' lang='lat' dir='ltr'><strong><em>extremis</em></strong></span> <span class='ocrx_word' id='word_1_477' title='bbox 2747 3017 2948 3088; x_wconf 85' lang='lat' dir='ltr'><strong><em>digitis</em></strong></span> <span class='ocrx_word' id='word_1_478' title='bbox 2975 3019 3199 3089; x_wconf 81' lang='lat' dir='ltr'><strong><em>ﬂegma</em></strong></span> <span class='ocrx_word' id='word_1_479' title='bbox 3227 3019 3319 3075; x_wconf 88' lang='lat' dir='ltr'><strong><em>vel</em></strong></span> <span class='ocrx_word' id='word_1_480' title='bbox 3350 3025 3580 3078; x_wconf 83' lang='lat' dir='ltr'><strong><em>stercus</em></strong></span> <span class='ocrx_word' id='word_1_481' title='bbox 3605 3024 3818 3090; x_wconf 83' lang='lat' dir='ltr'><strong><em>tangere</em></strong></span> <span class='ocrx_word' id='word_1_482' title='bbox 3838 3031 3914 3090; x_wconf 80' lang='lat' dir='ltr'><strong><em>pe-</em></strong></span> 
     </span>
    </p>
   </div>
   <div class='ocr_carea' id='block_1_34' title="bbox 546 3085 4034 3180">
    <p class='ocr_par' dir='ltr' id='par_1_34' title="bbox 546 3085 4034 3180">
     <span class='ocr_line' id='line_1_34' title="bbox 546 3085 4034 3180; baseline -0.001 -16"><span class='ocrx_word' id='word_1_483' title='bbox 546 3111 802 3166; x_wconf 85' lang='lat' dir='ltr'><strong><em>matrem</em></strong></span> <span class='ocrx_word' id='word_1_484' title='bbox 830 3111 889 3163; x_wconf 90' lang='lat' dir='ltr'><strong><em>et</em></strong></span> <span class='ocrx_word' id='word_1_485' title='bbox 914 3104 1122 3172; x_wconf 81' lang='lat' dir='ltr'><strong><em>ﬁliam,</em></strong></span> <span class='ocrx_word' id='word_1_486' title='bbox 1153 3106 1402 3177; x_wconf 86' lang='lat' dir='ltr'><strong><em>quando</em></strong></span> <span class='ocrx_word' id='word_1_487' title='bbox 1453 3085 1678 3163; x_wconf 82' lang='lat' dir='ltr'><strong><em>audent</em></strong></span> <span class='ocrx_word' id='word_1_488' title='bbox 1723 3085 1940 3164; x_wconf 78' lang='lat' dir='ltr'><strong><em>uxores</em></strong></span> <span class='ocrx_word' id='word_1_489' title='bbox 1992 3107 2202 3166; x_wconf 85' lang='lat' dir='ltr'><strong><em>Christi</em></strong></span> <span class='ocrx_word' id='word_1_490' title='bbox 2313 3105 2514 3174; x_wconf 84' lang='lat' dir='ltr'><strong><em>timur,</em></strong></span> <span class='ocrx_word' id='word_1_491' title='bbox 2545 3085 2860 3178; x_wconf 78' lang='lat' dir='ltr'><strong><em>quomodo</em></strong></span> <span class='ocrx_word' id='word_1_492' title='bbox 2883 3085 3090 3180; x_wconf 75' lang='lat' dir='ltr'><strong><em>ipsum</em></strong></span> <span class='ocrx_word' id='word_1_493' title='bbox 3138 3109 3420 3166; x_wconf 86' lang='lat' dir='ltr'><strong><em>stercoris</em></strong></span> <span class='ocrx_word' id='word_1_494' title='bbox 3466 3085 3914 3179; x_wconf 43' lang='lat' dir='ltr'><strong><em>secwm&#39;ample-</em></strong></span> <span class='ocrx_word' id='word_1_495' title='bbox 4028 3085 4034 3142; x_wconf 45' lang='lat'><strong><em>‘3</em></strong></span> 
     </span>
    </p>
   </div>
   <div class='ocr_carea' id='block_1_35' title="bbox 546 3192 3915 3270">
    <p class='ocr_par' dir='ltr' id='par_1_35' title="bbox 546 3192 3915 3270">
     <span class='ocr_line' id='line_1_35' title="bbox 546 3192 3915 3270; baseline -0.001 -18"><span class='ocrx_word' id='word_1_496' title='bbox 546 3211 804 3268; x_wconf 81' lang='lat' dir='ltr'><strong><em>sponsas</em></strong></span> <span class='ocrx_word' id='word_1_497' title='bbox 833 3192 1202 3267; x_wconf 82' lang='lat' dir='ltr'><strong><em>frequentius</em></strong></span> <span class='ocrx_word' id='word_1_498' title='bbox 1231 3197 1574 3266; x_wconf 85' lang='lat' dir='ltr'><strong><em>respectant</em></strong></span> <span class='ocrx_word' id='word_1_499' title='bbox 1603 3193 1999 3270; x_wconf 41' lang='lat' dir='ltr'><strong><em>:lloquuntur</em></strong></span> <span class='ocrx_word' id='word_1_500' title='bbox 2051 3195 2204 3254; x_wconf 87' lang='lat' dir='ltr'><strong><em>nuti-</em></strong></span> <span class='ocrx_word' id='word_1_501' title='bbox 2313 3195 2390 3254; x_wconf 85' lang='lat' dir='ltr'><strong><em>oti</em></strong></span> <span class='ocrx_word' id='word_1_502' title='bbox 2437 3195 2856 3252; x_wconf 84' lang='lat' dir='ltr'><strong><em>desideramus</em></strong></span> <span class='ocrx_word' id='word_1_503' title='bbox 2877 3197 2906 3252; x_wconf 79' lang='lat'><strong><em>?</em></strong></span> <span class='ocrx_word' id='word_1_504' title='bbox 2959 3198 3180 3252; x_wconf 87' lang='lat' dir='ltr'><strong><em>Auctor</em></strong></span> <span class='ocrx_word' id='word_1_505' title='bbox 3215 3197 3450 3270; x_wconf 85' lang='lat' dir='ltr'><strong><em>quippe</em></strong></span> <span class='ocrx_word' id='word_1_506' title='bbox 3491 3203 3814 3255; x_wconf 80' lang='lat' dir='ltr'><strong><em>naturarum</em></strong></span> <span class='ocrx_word' id='word_1_507' title='bbox 3836 3198 3915 3250; x_wconf 88' lang='lat' dir='ltr'><strong><em>Do-</em></strong></span> 
     </span>
    </p>
   </div>
   <div class='ocr_carea' id='block_1_36' title="bbox 545 3281 3912 3355">
    <p class='ocr_par' dir='ltr' id='par_1_36' title="bbox 545 3281 3912 3355">
     <span class='ocr_line' id='line_1_36' title="bbox 545 3281 3912 3355; baseline 0.001 -13"><span class='ocrx_word' id='word_1_508' title='bbox 545 3283 685 3352; x_wconf 78' lang='lat' dir='ltr'><strong><em>bus,</em></strong></span> <span class='ocrx_word' id='word_1_509' title='bbox 717 3289 774 3339; x_wconf 87' lang='lat' dir='ltr'><strong><em>et</em></strong></span> <span class='ocrx_word' id='word_1_510' title='bbox 797 3283 963 3354; x_wconf 90' lang='lat' dir='ltr'><strong><em>quod</em></strong></span> <span class='ocrx_word' id='word_1_511' title='bbox 993 3282 1193 3340; x_wconf 90' lang='lat' dir='ltr'><strong><em>minus</em></strong></span> <span class='ocrx_word' id='word_1_512' title='bbox 1220 3281 1356 3339; x_wconf 85' lang='lat' dir='ltr'><strong><em>licet</em></strong></span> <span class='ocrx_word' id='word_1_513' title='bbox 1393 3281 1701 3339; x_wconf 83' lang='lat' dir='ltr'><strong><em>ardentius</em></strong></span> <span class='ocrx_word' id='word_1_514' title='bbox 1758 3282 2058 3341; x_wconf 80' lang='lat' dir='ltr'><strong><em>affectant.</em></strong></span> <span class='ocrx_word' id='word_1_515' title='bbox 2115 3285 2206 3341; x_wconf 79' lang='lat' dir='ltr'><strong><em>Mi-</em></strong></span> <span class='ocrx_word' id='word_1_516' title='bbox 2313 3284 2517 3342; x_wconf 86' lang='lat' dir='ltr'><strong><em>minus</em></strong></span> <span class='ocrx_word' id='word_1_517' title='bbox 2564 3283 2700 3342; x_wconf 89' lang='lat' dir='ltr'><strong><em>licet</em></strong></span> <span class='ocrx_word' id='word_1_518' title='bbox 2728 3284 2918 3342; x_wconf 84' lang='lat' dir='ltr'><strong><em>multa</em></strong></span> <span class='ocrx_word' id='word_1_519' title='bbox 2944 3285 3232 3355; x_wconf 84' lang='lat' dir='ltr'><strong><em>dignitate</em></strong></span> <span class='ocrx_word' id='word_1_520' title='bbox 3268 3287 3582 3344; x_wconf 83' lang='lat' dir='ltr'><strong><em>hominem</em></strong></span> <span class='ocrx_word' id='word_1_521' title='bbox 3623 3283 3912 3346; x_wconf 68' lang='lat' dir='ltr'><strong><em>condiderit.</em></strong></span> 
     </span>
    </p>
   </div>
   <div class='ocr_carea' id='block_1_37' title="bbox 549 3370 3914 3449">
    <p class='ocr_par' dir='ltr' id='par_1_37' title="bbox 549 3370 3914 3449">
     <span class='ocr_line' id='line_1_37' title="bbox 549 3370 3914 3449; baseline -0.001 -21"><span class='ocrx_word' id='word_1_522' title='bbox 549 3387 688 3442; x_wconf 86' lang='lat' dir='ltr'><strong><em>nus,</em></strong></span> <span class='ocrx_word' id='word_1_523' title='bbox 719 3371 933 3443; x_wconf 86' lang='lat' dir='ltr'><strong><em>inquit,</em></strong></span> <span class='ocrx_word' id='word_1_524' title='bbox 965 3371 1120 3441; x_wconf 90' lang='lat' dir='ltr'><strong><em>licet,</em></strong></span> <span class='ocrx_word' id='word_1_525' title='bbox 1145 3370 1291 3443; x_wconf 88' lang='lat' dir='ltr'><strong><em>quia</em></strong></span> <span class='ocrx_word' id='word_1_526' title='bbox 1309 3375 1540 3444; x_wconf 84' lang='lat' dir='ltr'><strong><em>quanto</em></strong></span> <span class='ocrx_word' id='word_1_527' title='bbox 1567 3371 1975 3432; x_wconf 85' lang='lat' dir='ltr'><strong><em>detestabilius</em></strong></span> <span class='ocrx_word' id='word_1_528' title='bbox 2002 3379 2094 3430; x_wconf 89' lang='lat' dir='ltr'><strong><em>est</em></strong></span> <span class='ocrx_word' id='word_1_529' title='bbox 2110 3374 2205 3430; x_wconf 91' lang='lat' dir='ltr'><strong><em>in-</em></strong></span> <span class='ocrx_word' id='word_1_530' title='bbox 2315 3375 2518 3428; x_wconf 84' lang='lat' dir='ltr'><strong><em>tamen</em></strong></span> <span class='ocrx_word' id='word_1_531' title='bbox 2547 3373 2608 3428; x_wconf 85' lang='lat' dir='ltr'><strong><em>in</em></strong></span> <span class='ocrx_word' id='word_1_532' title='bbox 2635 3373 2750 3432; x_wconf 79' lang='lat' dir='ltr'><strong><em>hac</em></strong></span> <span class='ocrx_word' id='word_1_533' title='bbox 2776 3374 3144 3448; x_wconf 82' lang='lat' dir='ltr'><strong><em>corruptibili</em></strong></span> <span class='ocrx_word' id='word_1_534' title='bbox 3172 3375 3294 3433; x_wconf 84' lang='lat' dir='ltr'><strong><em>vita</em></strong></span> <span class='ocrx_word' id='word_1_535' title='bbox 3334 3376 3517 3448; x_wconf 81' lang='lat' dir='ltr'><strong><em>plura</em></strong></span> <span class='ocrx_word' id='word_1_536' title='bbox 3547 3393 3652 3434; x_wconf 86' lang='lat' dir='ltr'><strong><em>nos</em></strong></span> <span class='ocrx_word' id='word_1_537' title='bbox 3677 3375 3785 3449; x_wconf 84' lang='lat' dir='ltr'><strong><em>pati</em></strong></span> <span class='ocrx_word' id='word_1_538' title='bbox 3819 3386 3914 3446; x_wconf 83' lang='lat' dir='ltr'><strong><em>per-</em></strong></span> 
     </span>
    </p>
   </div>
   <div class='ocr_carea' id='block_1_38' title="bbox 549 3459 3912 3536">
    <p class='ocr_par' dir='ltr' id='par_1_38' title="bbox 549 3459 3912 3536">
     <span class='ocr_line' id='line_1_38' title="bbox 549 3459 3912 3536; baseline 0 -19"><span class='ocrx_word' id='word_1_539' title='bbox 549 3460 808 3530; x_wconf 79' lang='lat' dir='ltr'><strong><em>fringere</em></strong></span> <span class='ocrx_word' id='word_1_540' title='bbox 841 3464 1288 3516; x_wconf 86' lang='lat' dir='ltr'><strong><em>sacrosanctam</em></strong></span> <span class='ocrx_word' id='word_1_541' title='bbox 1333 3474 1522 3532; x_wconf 85' lang='lat' dir='ltr'><strong><em>quam</em></strong></span> <span class='ocrx_word' id='word_1_542' title='bbox 1578 3461 1874 3532; x_wconf 86' lang='lat' dir='ltr'><strong><em>plebeiam</em></strong></span> <span class='ocrx_word' id='word_1_543' title='bbox 1927 3463 2202 3532; x_wconf 86' lang='lat' dir='ltr'><strong><em>domum,</em></strong></span> <span class='ocrx_word' id='word_1_544' title='bbox 2313 3461 2514 3529; x_wconf 79' lang='lat' dir='ltr'><strong><em>mittit,</em></strong></span> <span class='ocrx_word' id='word_1_545' title='bbox 2541 3477 2649 3534; x_wconf 85' lang='lat' dir='ltr'><strong><em>per</em></strong></span> <span class='ocrx_word' id='word_1_546' title='bbox 2677 3479 2816 3535; x_wconf 64' lang='lat' dir='ltr'><strong><em>quae</em></strong></span> <span class='ocrx_word' id='word_1_547' title='bbox 2865 3464 3212 3536; x_wconf 83' lang='lat' dir='ltr'><strong><em>superbiam</em></strong></span> <span class='ocrx_word' id='word_1_548' title='bbox 3250 3467 3456 3524; x_wconf 81' lang='lat' dir='ltr'><strong><em>cumis</em></strong></span> <span class='ocrx_word' id='word_1_549' title='bbox 3497 3465 3772 3524; x_wconf 85' lang='lat' dir='ltr'><strong><em>retundat.</em></strong></span> <span class='ocrx_word' id='word_1_550' title='bbox 3807 3459 3912 3518; x_wconf 83' lang='lat' dir='ltr'><strong><em>inde</em></strong></span> 
     </span>
    </p>
   </div>
   <div class='ocr_carea' id='block_1_39' title="bbox 552 3548 3914 3630">
    <p class='ocr_par' dir='ltr' id='par_1_39' title="bbox 552 3548 3914 3630">
     <span class='ocr_line' id='line_1_39' title="bbox 552 3548 3914 3630; baseline 0.001 -24"><span class='ocrx_word' id='word_1_551' title='bbox 552 3553 717 3606; x_wconf 88' lang='lat' dir='ltr'><strong><em>tanto</em></strong></span> <span class='ocrx_word' id='word_1_552' title='bbox 737 3548 1040 3606; x_wconf 80' lang='lat' dir='ltr'><strong><em>scelestius</em></strong></span> <span class='ocrx_word' id='word_1_553' title='bbox 1066 3552 1159 3604; x_wconf 89' lang='lat' dir='ltr'><strong><em>est</em></strong></span> <span class='ocrx_word' id='word_1_554' title='bbox 1184 3563 1474 3620; x_wconf 86' lang='lat' dir='ltr'><strong><em>sponsam</em></strong></span> <span class='ocrx_word' id='word_1_555' title='bbox 1505 3549 1716 3606; x_wconf 84' lang='lat' dir='ltr'><strong><em>Christi</em></strong></span> <span class='ocrx_word' id='word_1_556' title='bbox 1741 3565 1927 3622; x_wconf 84' lang='lat' dir='ltr'><strong><em>quem</em></strong></span> <span class='ocrx_word' id='word_1_557' title='bbox 1953 3567 2204 3608; x_wconf 80' lang='lat' dir='ltr'><strong><em>uxorem</em></strong></span> <span class='ocrx_word' id='word_1_558' title='bbox 2311 3555 2404 3606; x_wconf 85' lang='lat' dir='ltr'><strong><em>est</em></strong></span> <span class='ocrx_word' id='word_1_559' title='bbox 2430 3551 2595 3624; x_wconf 83' lang='lat' dir='ltr'><strong><em>quod</em></strong></span> <span class='ocrx_word' id='word_1_560' title='bbox 2622 3553 2779 3624; x_wconf 87' lang='lat' dir='ltr'><strong><em>pilus</em></strong></span> <span class='ocrx_word' id='word_1_561' title='bbox 2807 3553 3072 3612; x_wconf 82' lang='lat' dir='ltr'><strong><em>hominis</em></strong></span> <span class='ocrx_word' id='word_1_562' title='bbox 3099 3554 3163 3611; x_wconf 90' lang='lat' dir='ltr'><strong><em>in</em></strong></span> <span class='ocrx_word' id='word_1_563' title='bbox 3189 3555 3330 3612; x_wconf 85' lang='lat' dir='ltr'><strong><em>cibo</em></strong></span> <span class='ocrx_word' id='word_1_564' title='bbox 3373 3557 3476 3614; x_wconf 83' lang='lat' dir='ltr'><strong><em>vel</em></strong></span> <span class='ocrx_word' id='word_1_565' title='bbox 3523 3561 3662 3630; x_wconf 89' lang='lat' dir='ltr'><strong><em>potu</em></strong></span> <span class='ocrx_word' id='word_1_566' title='bbox 3701 3556 3914 3626; x_wconf 57' lang='lat' dir='ltr'><strong><em>repertus</em></strong></span> 
     </span>
    </p>
   </div>
   <div class='ocr_carea' id='block_1_40' title="bbox 551 3637 3910 3716">
    <p class='ocr_par' dir='ltr' id='par_1_40' title="bbox 551 3637 3910 3716">
     <span class='ocr_line' id='line_1_40' title="bbox 551 3637 3910 3716; baseline 0.003 -22"><span class='ocrx_word' id='word_1_567' title='bbox 551 3637 810 3712; x_wconf 79' lang='lat' dir='ltr'><strong><em>proximi</em></strong></span> <span class='ocrx_word' id='word_1_568' title='bbox 841 3637 1081 3694; x_wconf 89' lang='lat' dir='ltr'><strong><em>violare.</em></strong></span> <span class='ocrx_word' id='word_1_569' title='bbox 1111 3638 1277 3694; x_wconf 89' lang='lat' dir='ltr'><strong><em>Certe</em></strong></span> <span class='ocrx_word' id='word_1_570' title='bbox 1304 3654 1441 3694; x_wconf 88' lang='lat' dir='ltr'><strong><em>cum</em></strong></span> <span class='ocrx_word' id='word_1_571' title='bbox 1475 3653 1597 3694; x_wconf 84' lang='lat' dir='ltr'><strong><em>una</em></strong></span> <span class='ocrx_word' id='word_1_572' title='bbox 1624 3654 1698 3695; x_wconf 84' lang='lat' dir='ltr'><strong><em>ex</em></strong></span> <span class='ocrx_word' id='word_1_573' title='bbox 1747 3639 1988 3697; x_wconf 88' lang='lat' dir='ltr'><strong><em>duabus</em></strong></span> <span class='ocrx_word' id='word_1_574' title='bbox 2044 3657 2208 3699; x_wconf 84' lang='lat' dir='ltr'><strong><em>soro-</em></strong></span> <span class='ocrx_word' id='word_1_575' title='bbox 2313 3638 2510 3708; x_wconf 79' lang='lat' dir='ltr'><strong><em>magie</em></strong></span> <span class='ocrx_word' id='word_1_576' title='bbox 2538 3640 2870 3710; x_wconf 72' lang='lat' dir='ltr'><strong><em>fastiditur;</em></strong></span> <span class='ocrx_word' id='word_1_577' title='bbox 2899 3648 2956 3700; x_wconf 88' lang='lat' dir='ltr'><strong><em>et</em></strong></span> <span class='ocrx_word' id='word_1_578' title='bbox 2974 3643 3204 3716; x_wconf 84' lang='lat' dir='ltr'><strong><em>pulices</em></strong></span> <span class='ocrx_word' id='word_1_579' title='bbox 3225 3645 3302 3700; x_wconf 88' lang='lat' dir='ltr'><strong><em>de</em></strong></span> <span class='ocrx_word' id='word_1_580' title='bbox 3317 3645 3567 3716; x_wconf 83' lang='lat' dir='ltr'><strong><em>pulvere</em></strong></span> <span class='ocrx_word' id='word_1_581' title='bbox 3587 3645 3910 3713; x_wconf 63' lang='lat' dir='ltr'><strong><em>surgentes.</em></strong></span> 
     </span>
    </p>
   </div>
   <div class='ocr_carea' id='block_1_41' title="bbox 547 3725 3914 3806">
    <p class='ocr_par' dir='ltr' id='par_1_41' title="bbox 547 3725 3914 3806">
     <span class='ocr_line' id='line_1_41' title="bbox 547 3725 3914 3806; baseline 0.001 -22"><span class='ocrx_word' id='word_1_582' title='bbox 547 3727 717 3784; x_wconf 86' lang='lat' dir='ltr'><strong><em>ribus</em></strong></span> <span class='ocrx_word' id='word_1_583' title='bbox 744 3726 870 3784; x_wconf 85' lang='lat' dir='ltr'><strong><em>viro</em></strong></span> <span class='ocrx_word' id='word_1_584' title='bbox 897 3725 1304 3798; x_wconf 85' lang='lat' dir='ltr'><strong><em>conjungitur,</em></strong></span> <span class='ocrx_word' id='word_1_585' title='bbox 1333 3731 1394 3782; x_wconf 84' lang='lat' dir='ltr'><strong><em>et</em></strong></span> <span class='ocrx_word' id='word_1_586' title='bbox 1443 3726 1524 3782; x_wconf 90' lang='lat' dir='ltr'><strong><em>illi</em></strong></span> <span class='ocrx_word' id='word_1_587' title='bbox 1576 3727 1762 3786; x_wconf 87' lang='lat' dir='ltr'><strong><em>ﬁdem</em></strong></span> <span class='ocrx_word' id='word_1_588' title='bbox 1811 3733 2046 3800; x_wconf 86' lang='lat' dir='ltr'><strong><em>servat;</em></strong></span> <span class='ocrx_word' id='word_1_589' title='bbox 2097 3747 2207 3788; x_wconf 89' lang='lat' dir='ltr'><strong><em>cur</em></strong></span> <span class='ocrx_word' id='word_1_590' title='bbox 2313 3727 2516 3784; x_wconf 86' lang='lat' dir='ltr'><strong><em>minus</em></strong></span> <span class='ocrx_word' id='word_1_591' title='bbox 2555 3745 2748 3801; x_wconf 82' lang='lat' dir='ltr'><strong><em>quam</em></strong></span> <span class='ocrx_word' id='word_1_592' title='bbox 2767 3730 3100 3802; x_wconf 74' lang='lat' dir='ltr'><strong><em>pediculos,</em></strong></span> <span class='ocrx_word' id='word_1_593' title='bbox 3131 3733 3237 3806; x_wconf 85' lang='lat' dir='ltr'><strong><em>qui</em></strong></span> <span class='ocrx_word' id='word_1_594' title='bbox 3281 3748 3358 3790; x_wconf 80' lang='lat' dir='ltr'><strong><em>ex</em></strong></span> <span class='ocrx_word' id='word_1_595' title='bbox 3407 3735 3660 3792; x_wconf 85' lang='lat' dir='ltr'><strong><em>humore</em></strong></span> <span class='ocrx_word' id='word_1_596' title='bbox 3702 3727 3914 3804; x_wconf 71' lang='lat' dir='ltr'><strong><em>corporis</em></strong></span> 
     </span>
    </p>
   </div>
   <div class='ocr_carea' id='block_1_42' title="bbox 547 3816 3947 3894">
    <p class='ocr_par' dir='ltr' id='par_1_42' title="bbox 547 3816 3947 3894">
     <span class='ocr_line' id='line_1_42' title="bbox 547 3816 3947 3894; baseline -0 -21"><span class='ocrx_word' id='word_1_597' title='bbox 547 3816 753 3884; x_wconf 85' lang='lat' dir='ltr'><strong><em>altera,</em></strong></span> <span class='ocrx_word' id='word_1_598' title='bbox 785 3833 922 3890; x_wconf 67' lang='lat' dir='ltr'><strong><em>quae</em></strong></span> <span class='ocrx_word' id='word_1_599' title='bbox 953 3817 1182 3874; x_wconf 84' lang='lat' dir='ltr'><strong><em>Christo</em></strong></span> <span class='ocrx_word' id='word_1_600' title='bbox 1203 3817 1624 3889; x_wconf 86' lang='lat' dir='ltr'><strong><em>desponsatur,</em></strong></span> <span class='ocrx_word' id='word_1_601' title='bbox 1673 3819 1956 3876; x_wconf 81' lang='lat' dir='ltr'><strong><em>eamdem</em></strong></span> <span class='ocrx_word' id='word_1_602' title='bbox 2009 3820 2063 3877; x_wconf 88' lang='lat' dir='ltr'><strong><em>ei</em></strong></span> <span class='ocrx_word' id='word_1_603' title='bbox 2115 3837 2205 3878; x_wconf 87' lang='lat' dir='ltr'><strong><em>re-</em></strong></span> <span class='ocrx_word' id='word_1_604' title='bbox 2311 3817 2499 3876; x_wconf 87' lang='lat' dir='ltr'><strong><em>nostri</em></strong></span> <span class='ocrx_word' id='word_1_605' title='bbox 2524 3819 2841 3890; x_wconf 86' lang='lat' dir='ltr'><strong><em>prodeunt,</em></strong></span> <span class='ocrx_word' id='word_1_606' title='bbox 2873 3837 3057 3894; x_wconf 81' lang='lat' dir='ltr'><strong><em>super</em></strong></span> <span class='ocrx_word' id='word_1_607' title='bbox 3097 3837 3210 3879; x_wconf 83' lang='lat' dir='ltr'><strong><em>nos</em></strong></span> <span class='ocrx_word' id='word_1_608' title='bbox 3232 3822 3424 3880; x_wconf 81' lang='lat' dir='ltr'><strong><em>videri</em></strong></span> <span class='ocrx_word' id='word_1_609' title='bbox 3453 3825 3837 3882; x_wconf 65' lang='lat' dir='ltr'><strong><em>abhorrentes.</em></strong></span> <span class='ocrx_word' id='word_1_610' title='bbox 3866 3817 3947 3886; x_wconf 50' lang='lat' dir='ltr'><strong><em>Ut,</em></strong></span> 
     </span>
    </p>
   </div>
   <div class='ocr_carea' id='block_1_43' title="bbox 544 3904 3914 3986">
    <p class='ocr_par' dir='ltr' id='par_1_43' title="bbox 544 3904 3914 3986">
     <span class='ocr_line' id='line_1_43' title="bbox 544 3904 3914 3986; baseline 0.001 -26"><span class='ocrx_word' id='word_1_611' title='bbox 544 3905 877 3962; x_wconf 74' lang='lat' dir='ltr'><strong><em>versutiam</em></strong></span> <span class='ocrx_word' id='word_1_612' title='bbox 931 3920 1057 3961; x_wconf 91' lang='lat' dir='ltr'><strong><em>non</em></strong></span> <span class='ocrx_word' id='word_1_613' title='bbox 1106 3905 1368 3962; x_wconf 89' lang='lat' dir='ltr'><strong><em>custodit</em></strong></span> <span class='ocrx_word' id='word_1_614' title='bbox 1421 3905 1448 3960; x_wconf 86' lang='lat'><strong>?</strong></span> <span class='ocrx_word' id='word_1_615' title='bbox 1498 3907 1716 3964; x_wconf 85' lang='lat' dir='ltr'><strong><em>Verum</em></strong></span> <span class='ocrx_word' id='word_1_616' title='bbox 1762 3911 1828 3964; x_wconf 89' lang='lat' dir='ltr'><strong><em>ut</em></strong></span> <span class='ocrx_word' id='word_1_617' title='bbox 1879 3907 1944 3964; x_wconf 88' lang='lat' dir='ltr'><strong><em>in</em></strong></span> <span class='ocrx_word' id='word_1_618' title='bbox 1986 3908 2202 3966; x_wconf 87' lang='lat' dir='ltr'><strong><em>eadem</em></strong></span> <span class='ocrx_word' id='word_1_619' title='bbox 2313 3911 2515 3964; x_wconf 82' lang='lat' dir='ltr'><strong><em>autem</em></strong></span> <span class='ocrx_word' id='word_1_620' title='bbox 2543 3907 2888 3967; x_wconf 72' lang='lat' dir='ltr'><strong><em>noverimus</em></strong></span> <span class='ocrx_word' id='word_1_621' title='bbox 2911 3909 3082 3982; x_wconf 85' lang='lat' dir='ltr'><strong><em>quod</em></strong></span> <span class='ocrx_word' id='word_1_622' title='bbox 3108 3910 3244 3983; x_wconf 77' lang='lat' dir='ltr'><strong><em>ipsa</em></strong></span> <span class='ocrx_word' id='word_1_623' title='bbox 3269 3913 3710 3986; x_wconf 78' lang='lat' dir='ltr'><strong><em>qualiscunque</em></strong></span> <span class='ocrx_word' id='word_1_624' title='bbox 3731 3911 3798 3966; x_wconf 86' lang='lat' dir='ltr'><strong><em>sit</em></strong></span> <span class='ocrx_word' id='word_1_625' title='bbox 3820 3904 3914 3980; x_wconf 60' lang='lat' dir='ltr'><strong><em>put</em></strong></span> 
     </span>
    </p>
   </div>
   <div class='ocr_carea' id='block_1_44' title="bbox 543 3993 3914 4074">
    <p class='ocr_par' dir='ltr' id='par_1_44' title="bbox 543 3993 3914 4074">
     <span class='ocr_line' id='line_1_44' title="bbox 543 3993 3914 4074; baseline 0.001 -24"><span class='ocrx_word' id='word_1_626' title='bbox 543 3993 797 4067; x_wconf 87' lang='lat' dir='ltr'><strong><em>epistola</em></strong></span> <span class='ocrx_word' id='word_1_627' title='bbox 827 3993 1097 4067; x_wconf 75' lang='lat' dir='ltr'><strong><em>sequitur</em></strong></span> <span class='ocrx_word' id='word_1_628' title='bbox 1127 4012 1141 4050; x_wconf 91' lang='lat'><strong>:</strong></span> <span class='ocrx_word' id='word_1_629' title='bbox 1173 3995 1304 4050; x_wconf 81' lang='lat' dir='ltr'><strong><em>istae</em></strong></span> <span class='ocrx_word' id='word_1_630' title='bbox 1331 3993 1598 4052; x_wconf 86' lang='lat' dir='ltr'><strong><em>nitidulis</em></strong></span> <span class='ocrx_word' id='word_1_631' title='bbox 1650 3995 2008 4065; x_wconf 79' lang='lat' dir='ltr'><strong><em>vestiuntur,</em></strong></span> <span class='ocrx_word' id='word_1_632' title='bbox 2056 3997 2204 4055; x_wconf 86' lang='lat' dir='ltr'><strong><em>obli-</em></strong></span> <span class='ocrx_word' id='word_1_633' title='bbox 2311 3995 2586 4054; x_wconf 86' lang='lat' dir='ltr'><strong><em>chritudo</em></strong></span> <span class='ocrx_word' id='word_1_634' title='bbox 2619 3998 2910 4070; x_wconf 84' lang='lat' dir='ltr'><strong><em>corporis,</em></strong></span> <span class='ocrx_word' id='word_1_635' title='bbox 2960 4015 3084 4057; x_wconf 88' lang='lat' dir='ltr'><strong><em>non</em></strong></span> <span class='ocrx_word' id='word_1_636' title='bbox 3123 4000 3198 4056; x_wconf 87' lang='lat' dir='ltr'><strong><em>de</em></strong></span> <span class='ocrx_word' id='word_1_637' title='bbox 3246 4017 3452 4074; x_wconf 74' lang='lat' dir='ltr'><strong><em>carne,</em></strong></span> <span class='ocrx_word' id='word_1_638' title='bbox 3501 4003 3610 4059; x_wconf 83' lang='lat' dir='ltr'><strong><em>sed</em></strong></span> <span class='ocrx_word' id='word_1_639' title='bbox 3649 4001 3718 4057; x_wconf 90' lang='lat' dir='ltr'><strong><em>de</em></strong></span> <span class='ocrx_word' id='word_1_640' title='bbox 3757 3996 3914 4055; x_wconf 71' lang='lat' dir='ltr'><strong><em>anima</em></strong></span> 
     </span>
    </p>
   </div>
   <div class='ocr_carea' id='block_1_45' title="bbox 541 4081 3915 4161">
    <p class='ocr_par' dir='ltr' id='par_1_45' title="bbox 541 4081 3915 4161">
     <span class='ocr_line' id='line_1_45' title="bbox 541 4081 3915 4161; baseline -0 -21"><span class='ocrx_word' id='word_1_641' title='bbox 541 4087 613 4140; x_wconf 74' lang='lat' dir='ltr'><strong><em>tae</em></strong></span> <span class='ocrx_word' id='word_1_642' title='bbox 671 4082 838 4156; x_wconf 84' lang='lat' dir='ltr'><strong><em>quod</em></strong></span> <span class='ocrx_word' id='word_1_643' title='bbox 892 4083 1159 4140; x_wconf 88' lang='lat' dir='ltr'><strong><em>Christus</em></strong></span> <span class='ocrx_word' id='word_1_644' title='bbox 1195 4081 1260 4141; x_wconf 79' lang='lat' dir='ltr'><strong><em>in</em></strong></span> <span class='ocrx_word' id='word_1_645' title='bbox 1288 4083 1576 4140; x_wconf 84' lang='lat' dir='ltr'><strong><em>Zacharia</em></strong></span> <span class='ocrx_word' id='word_1_646' title='bbox 1630 4084 1888 4142; x_wconf 84' lang='lat' dir='ltr'><strong><em>sordidis</em></strong></span> <span class='ocrx_word' id='word_1_647' title='bbox 1934 4085 2201 4144; x_wconf 86' lang='lat' dir='ltr'><strong><em>vestibus</em></strong></span> <span class='ocrx_word' id='word_1_648' title='bbox 2309 4090 2422 4154; x_wconf 84' lang='lat' dir='ltr'><strong><em>est,</em></strong></span> <span class='ocrx_word' id='word_1_649' title='bbox 2453 4099 2777 4160; x_wconf 81' lang='lat' dir='ltr'><strong><em>pensemus</em></strong></span> <span class='ocrx_word' id='word_1_650' title='bbox 2805 4104 2994 4161; x_wconf 68' lang='lat' dir='ltr'><strong><em>quam</em></strong></span> <span class='ocrx_word' id='word_1_651' title='bbox 3022 4089 3371 4153; x_wconf 75' lang='lat' dir='ltr'><strong><em>delectabile</em></strong></span> <span class='ocrx_word' id='word_1_652' title='bbox 3397 4093 3474 4150; x_wconf 85' lang='lat' dir='ltr'><strong><em>sit</em></strong></span> <span class='ocrx_word' id='word_1_653' title='bbox 3497 4093 3746 4150; x_wconf 79' lang='lat' dir='ltr'><strong><em>cadaver</em></strong></span> <span class='ocrx_word' id='word_1_654' title='bbox 3763 4083 3915 4145; x_wconf 84' lang='lat' dir='ltr'><strong><em>homi-</em></strong></span> 
     </span>
    </p>
   </div>
   <div class='ocr_carea' id='block_1_46' title="bbox 538 4171 3915 4251">
    <p class='ocr_par' dir='ltr' id='par_1_46' title="bbox 538 4171 3915 4251">
     <span class='ocr_line' id='line_1_46' title="bbox 538 4171 3915 4251; baseline 0.002 -24"><span class='ocrx_word' id='word_1_655' title='bbox 538 4171 771 4242; x_wconf 85' lang='lat' dir='ltr'><strong><em>legatur</em></strong></span> <span class='ocrx_word' id='word_1_656' title='bbox 823 4171 1088 4228; x_wconf 89' lang='lat' dir='ltr'><strong><em>indutus.</em></strong></span> <span class='ocrx_word' id='word_1_657' title='bbox 1143 4171 1452 4244; x_wconf 85' lang='lat' dir='ltr'><strong><em>Siquidem</em></strong></span> <span class='ocrx_word' id='word_1_658' title='bbox 1511 4172 1640 4230; x_wconf 77' lang='lat' dir='ltr'><strong><em>istis</em></strong></span> <span class='ocrx_word' id='word_1_659' title='bbox 1709 4175 1969 4246; x_wconf 81' lang='lat' dir='ltr'><strong><em>pulchra</em></strong></span> <span class='ocrx_word' id='word_1_660' title='bbox 2019 4175 2197 4232; x_wconf 88' lang='lat' dir='ltr'><strong><em>vestis</em></strong></span> <span class='ocrx_word' id='word_1_661' title='bbox 2309 4175 2424 4246; x_wconf 85' lang='lat' dir='ltr'><strong><em>nis,</em></strong></span> <span class='ocrx_word' id='word_1_662' title='bbox 2453 4176 2599 4249; x_wconf 84' lang='lat' dir='ltr'><strong><em>quin</em></strong></span> <span class='ocrx_word' id='word_1_663' title='bbox 2629 4177 2832 4250; x_wconf 81' lang='lat' dir='ltr'><strong><em>potius</em></strong></span> <span class='ocrx_word' id='word_1_664' title='bbox 2857 4185 3156 4251; x_wconf 85' lang='lat' dir='ltr'><strong><em>quantum</em></strong></span> <span class='ocrx_word' id='word_1_665' title='bbox 3179 4181 3498 4240; x_wconf 81' lang='lat' dir='ltr'><strong><em>horrorem</em></strong></span> <span class='ocrx_word' id='word_1_666' title='bbox 3541 4181 3848 4240; x_wconf 78' lang='lat' dir='ltr'><strong><em>videntibus</em></strong></span> <span class='ocrx_word' id='word_1_667' title='bbox 3869 4189 3915 4229; x_wconf 83' lang='lat' dir='ltr'><strong><em>se</em></strong></span> 
     </span>
    </p>
   </div>
   <div class='ocr_carea' id='block_1_47' title="bbox 540 4261 3914 4364">
    <p class='ocr_par' dir='ltr' id='par_1_47' title="bbox 540 4261 3914 4364">
     <span class='ocr_line' id='line_1_47' title="bbox 540 4261 3914 4364; baseline 0.002 -48"><span class='ocrx_word' id='word_1_668' title='bbox 540 4262 758 4364; x_wconf 69' lang='lat' dir='ltr'><strong><em>animae</em></strong></span> <span class='ocrx_word' id='word_1_669' title='bbox 785 4261 1143 4318; x_wconf 81' lang='lat' dir='ltr'><strong><em>lasciviean</em></strong></span> <span class='ocrx_word' id='word_1_670' title='bbox 1174 4261 1466 4361; x_wconf 81' lang='lat' dir='ltr'><strong><em>indicium</em></strong></span> <span class='ocrx_word' id='word_1_671' title='bbox 1489 4268 1629 4364; x_wconf 43' lang='lat' dir='ltr'><strong><em>est‘:</em></strong></span> <span class='ocrx_word' id='word_1_672' title='bbox 1662 4275 1772 4336; x_wconf 86' lang='lat' dir='ltr'><strong><em>per</em></strong></span> <span class='ocrx_word' id='word_1_673' title='bbox 1829 4268 2050 4322; x_wconf 88' lang='lat' dir='ltr'><strong><em>terram</em></strong></span> <span class='ocrx_word' id='word_1_674' title='bbox 2081 4270 2195 4324; x_wconf 87' lang='lat' dir='ltr'><strong><em>tra-</em></strong></span> <span class='ocrx_word' id='word_1_675' title='bbox 2220 4310 2270 4364; x_wconf 60' lang='grc' dir='ltr'><strong><em>Β</em></strong></span> <span class='ocrx_word' id='word_1_676' title='bbox 2307 4264 2576 4323; x_wconf 84' lang='lat' dir='ltr'><strong><em>incutiat.</em></strong></span> <span class='ocrx_word' id='word_1_677' title='bbox 2635 4266 2852 4325; x_wconf 77' lang='lat' dir='ltr'><strong><em>Anima</em></strong></span> <span class='ocrx_word' id='word_1_678' title='bbox 2903 4268 3132 4342; x_wconf 82' lang='lat' dir='ltr'><strong><em>quippe</em></strong></span> <span class='ocrx_word' id='word_1_679' title='bbox 3184 4270 3596 4343; x_wconf 78' lang='lat' dir='ltr'><strong><em>pulcherrima</em></strong></span> <span class='ocrx_word' id='word_1_680' title='bbox 3638 4267 3914 4364; x_wconf 58' lang='lat' dir='ltr'><strong><em>recedente:</em></strong></span> 
     </span>
    </p>
   </div>
   <div class='ocr_carea' id='block_1_48' title="bbox 539 4348 3916 4429">
    <p class='ocr_par' dir='ltr' id='par_1_48' title="bbox 539 4348 3916 4429">
     <span class='ocr_line' id='line_1_48' title="bbox 539 4348 3916 4429; baseline 0.001 -23"><span class='ocrx_word' id='word_1_681' title='bbox 539 4350 701 4406; x_wconf 85' lang='lat' dir='ltr'><strong><em>hitur</em></strong></span> <span class='ocrx_word' id='word_1_682' title='bbox 757 4354 822 4406; x_wconf 89' lang='lat' dir='ltr'><strong><em>ut</em></strong></span> <span class='ocrx_word' id='word_1_683' title='bbox 878 4353 1108 4407; x_wconf 86' lang='lat' dir='ltr'><strong><em>statura</em></strong></span> <span class='ocrx_word' id='word_1_684' title='bbox 1155 4351 1460 4423; x_wconf 84' lang='lat' dir='ltr'><strong><em>procerior</em></strong></span> <span class='ocrx_word' id='word_1_685' title='bbox 1524 4351 1815 4421; x_wconf 85' lang='lat' dir='ltr'><strong><em>videatur,</em></strong></span> <span class='ocrx_word' id='word_1_686' title='bbox 1871 4353 1948 4411; x_wconf 87' lang='lat' dir='ltr'><strong><em>de</em></strong></span> <span class='ocrx_word' id='word_1_687' title='bbox 1991 4355 2196 4412; x_wconf 82' lang='lat' dir='ltr'><strong><em>indus-</em></strong></span> <span class='ocrx_word' id='word_1_688' title='bbox 2220 4348 2268 4364; x_wconf 73' lang='lat'><em>&quot;</em></span> <span class='ocrx_word' id='word_1_689' title='bbox 2307 4353 2690 4426; x_wconf 85' lang='lat' dir='ltr'><strong><em>pulchritudo</em></strong></span> <span class='ocrx_word' id='word_1_690' title='bbox 2717 4369 2906 4429; x_wconf 85' lang='lat' dir='ltr'><strong><em>quam</em></strong></span> <span class='ocrx_word' id='word_1_691' title='bbox 2931 4359 3100 4415; x_wconf 86' lang='lat' dir='ltr'><strong><em>carni</em></strong></span> <span class='ocrx_word' id='word_1_692' title='bbox 3129 4358 3380 4416; x_wconf 81' lang='lat' dir='ltr'><strong><em>dederat</em></strong></span> <span class='ocrx_word' id='word_1_693' title='bbox 3415 4365 3546 4418; x_wconf 82' lang='lat' dir='ltr'><strong><em>tota</em></strong></span> <span class='ocrx_word' id='word_1_694' title='bbox 3565 4359 3789 4418; x_wconf 83' lang='lat' dir='ltr'><strong><em>recedit.</em></strong></span> <span class='ocrx_word' id='word_1_695' title='bbox 3830 4348 3916 4408; x_wconf 84' lang='lat' dir='ltr'><strong><em>Sed</em></strong></span> 
     </span>
    </p>
   </div>
   <div class='ocr_carea' id='block_1_49' title="bbox 483 4437 3916 4523">
    <p class='ocr_par' dir='ltr' id='par_1_49' title="bbox 483 4437 3916 4523">
     <span class='ocr_line' id='line_1_49' title="bbox 483 4437 3916 4523; baseline 0.003 -30"><span class='ocrx_word' id='word_1_696' title='bbox 483 4452 492 4458; x_wconf 94' lang='grc'>·</span> <span class='ocrx_word' id='word_1_697' title='bbox 537 4438 648 4494; x_wconf 82' lang='lat' dir='ltr'><strong><em>tria</em></strong></span> <span class='ocrx_word' id='word_1_698' title='bbox 671 4437 982 4507; x_wconf 83' lang='lat' dir='ltr'><strong><em>dissuitur,</em></strong></span> <span class='ocrx_word' id='word_1_699' title='bbox 1011 4443 1075 4494; x_wconf 90' lang='lat' dir='ltr'><strong><em>ut</em></strong></span> <span class='ocrx_word' id='word_1_700' title='bbox 1103 4438 1331 4512; x_wconf 85' lang='lat' dir='ltr'><strong><em>aliquid</em></strong></span> <span class='ocrx_word' id='word_1_701' title='bbox 1359 4446 1650 4513; x_wconf 82' lang='lat' dir='ltr'><strong><em>appareat</em></strong></span> <span class='ocrx_word' id='word_1_702' title='bbox 1676 4443 1842 4515; x_wconf 88' lang='lat' dir='ltr'><strong><em>quod</em></strong></span> <span class='ocrx_word' id='word_1_703' title='bbox 1859 4449 2041 4500; x_wconf 84' lang='lat' dir='ltr'><strong><em>amet.</em></strong></span> <span class='ocrx_word' id='word_1_704' title='bbox 2071 4445 2198 4502; x_wconf 85' lang='lat' dir='ltr'><strong><em>Cal-</em></strong></span> <span class='ocrx_word' id='word_1_705' title='bbox 2305 4441 2400 4500; x_wconf 83' lang='lat' dir='ltr'><strong><em>isti</em></strong></span> <span class='ocrx_word' id='word_1_706' title='bbox 2429 4443 2522 4500; x_wconf 90' lang='lat' dir='ltr'><strong><em>vel</em></strong></span> <span class='ocrx_word' id='word_1_707' title='bbox 2544 4443 2656 4502; x_wconf 88' lang='lat' dir='ltr'><strong><em>iste</em></strong></span> <span class='ocrx_word' id='word_1_708' title='bbox 2684 4445 2790 4518; x_wconf 87' lang='lat' dir='ltr'><strong><em>qui</em></strong></span> <span class='ocrx_word' id='word_1_709' title='bbox 2814 4447 3043 4504; x_wconf 82' lang='lat' dir='ltr'><strong><em>auctori</em></strong></span> <span class='ocrx_word' id='word_1_710' title='bbox 3073 4449 3462 4520; x_wconf 76' lang='lat' dir='ltr'><strong><em>turpitudinis</em></strong></span> <span class='ocrx_word' id='word_1_711' title='bbox 3484 4467 3548 4507; x_wconf 85' lang='lat' dir='ltr'><strong><em>se</em></strong></span> <span class='ocrx_word' id='word_1_712' title='bbox 3569 4439 3916 4523; x_wconf 58' lang='grc' dir='ltr'><strong><em>θηρᾷ-δίει)άο</em></strong></span> 
     </span>
    </p>
   </div>
   <div class='ocr_carea' id='block_1_50' title="bbox 529 4527 3918 4610">
    <p class='ocr_par' dir='ltr' id='par_1_50' title="bbox 529 4527 3918 4610">
     <span class='ocr_line' id='line_1_50' title="bbox 529 4527 3918 4610; baseline 0.003 -28"><span class='ocrx_word' id='word_1_713' title='bbox 529 4527 622 4584; x_wconf 89' lang='lat' dir='ltr'><strong><em>cei</em></strong></span> <span class='ocrx_word' id='word_1_714' title='bbox 652 4527 848 4597; x_wconf 85' lang='lat' dir='ltr'><strong><em>nigelli</em></strong></span> <span class='ocrx_word' id='word_1_715' title='bbox 881 4533 938 4584; x_wconf 91' lang='lat' dir='ltr'><strong><em>et</em></strong></span> <span class='ocrx_word' id='word_1_716' title='bbox 962 4529 1218 4584; x_wconf 76' lang='lat' dir='ltr'><strong><em>nitentes</em></strong></span> <span class='ocrx_word' id='word_1_717' title='bbox 1250 4529 1504 4587; x_wconf 83' lang='lat' dir='ltr'><strong><em>stridore</em></strong></span> <span class='ocrx_word' id='word_1_718' title='bbox 1533 4547 1644 4588; x_wconf 84' lang='lat' dir='ltr'><strong><em>suo</em></strong></span> <span class='ocrx_word' id='word_1_719' title='bbox 1683 4533 1892 4589; x_wconf 88' lang='lat' dir='ltr'><strong><em>oculos</em></strong></span> <span class='ocrx_word' id='word_1_720' title='bbox 1937 4534 2196 4592; x_wconf 79' lang='lat' dir='ltr'><strong><em>lascivos</em></strong></span> <span class='ocrx_word' id='word_1_721' title='bbox 2305 4532 2686 4605; x_wconf 81' lang='lat' dir='ltr'><strong><em>submittunt,</em></strong></span> <span class='ocrx_word' id='word_1_722' title='bbox 2731 4535 2880 4592; x_wconf 85' lang='lat' dir='ltr'><strong><em>nihil</em></strong></span> <span class='ocrx_word' id='word_1_723' title='bbox 2919 4538 3258 4594; x_wconf 82' lang='lat' dir='ltr'><strong><em>secundum</em></strong></span> <span class='ocrx_word' id='word_1_724' title='bbox 3303 4539 3655 4610; x_wconf 81' lang='lat' dir='ltr'><strong><em>religionem</em></strong></span> <span class='ocrx_word' id='word_1_725' title='bbox 3699 4533 3820 4593; x_wconf 79' lang='lat' dir='ltr'><strong><em>ﬁdei</em></strong></span> <span class='ocrx_word' id='word_1_726' title='bbox 3853 4529 3918 4586; x_wconf 79' lang='lat' dir='ltr'><strong><em>ni-</em></strong></span> 
     </span>
    </p>
   </div>
   <div class='ocr_carea' id='block_1_51' title="bbox 529 4610 3915 4696">
    <p class='ocr_par' dir='ltr' id='par_1_51' title="bbox 529 4610 3915 4696">
     <span class='ocr_line' id='line_1_51' title="bbox 529 4610 3915 4696; baseline 0.004 -29"><span class='ocrx_word' id='word_1_727' title='bbox 529 4610 590 4667; x_wconf 86' lang='lat' dir='ltr'><strong><em>in</em></strong></span> <span class='ocrx_word' id='word_1_728' title='bbox 621 4629 810 4670; x_wconf 66' lang='lat' dir='ltr'><strong><em>saevos</em></strong></span> <span class='ocrx_word' id='word_1_729' title='bbox 836 4613 1096 4670; x_wconf 77' lang='lat' dir='ltr'><strong><em>excitant</em></strong></span> <span class='ocrx_word' id='word_1_730' title='bbox 1124 4613 1442 4686; x_wconf 87' lang='lat' dir='ltr'><strong><em>appetitus.</em></strong></span> <span class='ocrx_word' id='word_1_731' title='bbox 1486 4615 1701 4688; x_wconf 27' lang='lat' dir='ltr'><strong><em>Capilli,</em></strong></span> <span class='ocrx_word' id='word_1_732' title='bbox 1748 4633 1964 4689; x_wconf 86' lang='lat' dir='ltr'><strong><em>parum</em></strong></span> <span class='ocrx_word' id='word_1_733' title='bbox 2008 4618 2194 4676; x_wconf 87' lang='lat' dir='ltr'><strong><em>deﬂu-</em></strong></span> <span class='ocrx_word' id='word_1_734' title='bbox 2302 4621 2509 4696; x_wconf 85' lang='lat' dir='ltr'><strong><em>hilque</em></strong></span> <span class='ocrx_word' id='word_1_735' title='bbox 2539 4624 2877 4682; x_wconf 84' lang='lat' dir='ltr'><strong><em>secundum</em></strong></span> <span class='ocrx_word' id='word_1_736' title='bbox 2899 4626 3148 4683; x_wconf 79' lang='lat' dir='ltr'><strong><em>rationis</em></strong></span> <span class='ocrx_word' id='word_1_737' title='bbox 3189 4628 3568 4686; x_wconf 79' lang='lat' dir='ltr'><strong><em>honestatem</em></strong></span> <span class='ocrx_word' id='word_1_738' title='bbox 3601 4621 3915 4685; x_wconf 68' lang='lat' dir='ltr'><strong><em>discernunt.</em></strong></span> 
     </span>
    </p>
   </div>
   <div class='ocr_carea' id='block_1_52' title="bbox 527 4701 3916 4790">
    <p class='ocr_par' dir='ltr' id='par_1_52' title="bbox 527 4701 3916 4790">
     <span class='ocr_line' id='line_1_52' title="bbox 527 4701 3916 4790; baseline 0.004 -34"><span class='ocrx_word' id='word_1_739' title='bbox 527 4706 656 4770; x_wconf 85' lang='lat' dir='ltr'><strong><em>unt,</em></strong></span> <span class='ocrx_word' id='word_1_740' title='bbox 683 4705 741 4757; x_wconf 88' lang='lat' dir='ltr'><strong><em>et</em></strong></span> <span class='ocrx_word' id='word_1_741' title='bbox 782 4701 1227 4772; x_wconf 76' lang='lat' dir='ltr'><strong><em>recolligantur.</em></strong></span> <span class='ocrx_word' id='word_1_742' title='bbox 1259 4702 1489 4760; x_wconf 86' lang='lat' dir='ltr'><strong><em>Collum</em></strong></span> <span class='ocrx_word' id='word_1_743' title='bbox 1543 4708 1606 4762; x_wconf 85' lang='lat' dir='ltr'><strong><em>et</em></strong></span> <span class='ocrx_word' id='word_1_744' title='bbox 1641 4711 1845 4776; x_wconf 89' lang='lat' dir='ltr'><strong><em>guttur</em></strong></span> <span class='ocrx_word' id='word_1_745' title='bbox 1895 4706 2192 4764; x_wconf 85' lang='lat' dir='ltr'><strong><em>deﬂuente</em></strong></span> <span class='ocrx_word' id='word_1_746' title='bbox 2302 4714 2362 4768; x_wconf 86' lang='lat' dir='ltr'><strong><em>et</em></strong></span> <span class='ocrx_word' id='word_1_747' title='bbox 2385 4710 2610 4768; x_wconf 89' lang='lat' dir='ltr'><strong><em>idcirco</em></strong></span> <span class='ocrx_word' id='word_1_748' title='bbox 2637 4711 2768 4772; x_wconf 78' lang='lat' dir='ltr'><strong><em>sola</em></strong></span> <span class='ocrx_word' id='word_1_749' title='bbox 2795 4729 2932 4786; x_wconf 68' lang='lat' dir='ltr'><strong><em>quin</em></strong></span> <span class='ocrx_word' id='word_1_750' title='bbox 2961 4715 3158 4771; x_wconf 85' lang='lat' dir='ltr'><strong><em>carnis</em></strong></span> <span class='ocrx_word' id='word_1_751' title='bbox 3205 4721 3349 4773; x_wconf 79' lang='lat' dir='ltr'><strong><em>sunt</em></strong></span> <span class='ocrx_word' id='word_1_752' title='bbox 3376 4717 3639 4790; x_wconf 87' lang='lat' dir='ltr'><strong><em>sapiunt,</em></strong></span> <span class='ocrx_word' id='word_1_753' title='bbox 3675 4728 3787 4772; x_wconf 89' lang='lat' dir='ltr'><strong><em>non</em></strong></span> <span class='ocrx_word' id='word_1_754' title='bbox 3811 4721 3916 4782; x_wconf 61' lang='lat' dir='ltr'><strong><em>qua?</em></strong></span> 
     </span>
    </p>
   </div>
   <div class='ocr_carea' id='block_1_53' title="bbox 525 4790 2694 4874">
    <p class='ocr_par' dir='ltr' id='par_1_53' title="bbox 525 4790 2694 4874">
     <span class='ocr_line' id='line_1_53' title="bbox 525 4790 2694 4874; baseline 0.006 -31"><span class='ocrx_word' id='word_1_755' title='bbox 525 4790 770 4860; x_wconf 79' lang='lat' dir='ltr'><strong><em>palliolo</em></strong></span> <span class='ocrx_word' id='word_1_756' title='bbox 813 4807 958 4850; x_wconf 84' lang='lat' dir='ltr'><strong><em>casu</em></strong></span> <span class='ocrx_word' id='word_1_757' title='bbox 1005 4791 1290 4859; x_wconf 85' lang='lat' dir='ltr'><strong><em>nudatur,</em></strong></span> <span class='ocrx_word' id='word_1_758' title='bbox 1345 4796 1403 4848; x_wconf 85' lang='lat' dir='ltr'><strong><em>et</em></strong></span> <span class='ocrx_word' id='word_1_759' title='bbox 1451 4793 1628 4868; x_wconf 85' lang='lat' dir='ltr'><strong><em>quasi</em></strong></span> <span class='ocrx_word' id='word_1_760' title='bbox 1681 4793 1868 4852; x_wconf 84' lang='lat' dir='ltr'><strong><em>videri</em></strong></span> <span class='ocrx_word' id='word_1_761' title='bbox 1894 4795 2194 4854; x_wconf 86' lang='lat' dir='ltr'><strong><em>noluerint</em></strong></span> <span class='ocrx_word' id='word_1_762' title='bbox 2301 4800 2544 4874; x_wconf 82' lang='lat' dir='ltr'><strong><em>spiritus</em></strong></span> <span class='ocrx_word' id='word_1_763' title='bbox 2575 4802 2694 4858; x_wconf 85' lang='lat' dir='ltr'><strong><em>Dei.</em></strong></span> 
     </span>
    </p>
   </div>
   <div class='ocr_carea' id='block_1_54' title="bbox 523 4879 3917 4968">
    <p class='ocr_par' dir='ltr' id='par_1_54' title="bbox 523 4879 3917 4968">
     <span class='ocr_line' id='line_1_54' title="bbox 523 4879 3917 4968; baseline 0.006 -35"><span class='ocrx_word' id='word_1_764' title='bbox 523 4879 758 4968; x_wconf 80' lang='lat' dir='ltr'><strong><em>operire</em></strong></span> <span class='ocrx_word' id='word_1_765' title='bbox 787 4880 1086 4938; x_wconf 81' lang='lat' dir='ltr'><strong><em>festinant.</em></strong></span> <span class='ocrx_word' id='word_1_766' title='bbox 1121 4881 1258 4938; x_wconf 69' lang='lat' dir='ltr'><strong><em>Haec</em></strong></span> <span class='ocrx_word' id='word_1_767' title='bbox 1288 4881 1710 4955; x_wconf 83' lang='lat' dir='ltr'><strong><em>Hieronymus.</em></strong></span> <span class='ocrx_word' id='word_1_768' title='bbox 1745 4884 1924 4942; x_wconf 82' lang='lat' dir='ltr'><strong><em>Plura</em></strong></span> <span class='ocrx_word' id='word_1_769' title='bbox 1971 4885 2190 4944; x_wconf 83' lang='lat' dir='ltr'><strong><em>referre</em></strong></span> <span class='ocrx_word' id='word_1_770' title='bbox 2369 4893 2432 4946; x_wconf 84' lang='grc' dir='ltr'><strong><em>Χ.</em></strong></span> <span class='ocrx_word' id='word_1_771' title='bbox 2463 4892 2810 4963; x_wconf 75' lang='lat' dir='ltr'><strong><em>Antequam</em></strong></span> <span class='ocrx_word' id='word_1_772' title='bbox 2833 4891 2984 4949; x_wconf 84' lang='lat' dir='ltr'><strong><em>ﬁdes</em></strong></span> <span class='ocrx_word' id='word_1_773' title='bbox 3009 4895 3217 4951; x_wconf 81' lang='lat' dir='ltr'><strong><em>Christi</em></strong></span> <span class='ocrx_word' id='word_1_774' title='bbox 3245 4895 3622 4968; x_wconf 83' lang='lat' dir='ltr'><strong><em>claresceret,</em></strong></span> <span class='ocrx_word' id='word_1_775' title='bbox 3641 4900 3917 4965; x_wconf 68' lang='lat' dir='ltr'><strong><em>antequam</em></strong></span> 
     </span>
    </p>
   </div>
   <div class='ocr_carea' id='block_1_55' title="bbox 521 4967 3916 5056">
    <p class='ocr_par' dir='ltr' id='par_1_55' title="bbox 521 4967 3916 5056">
     <span class='ocr_line' id='line_1_55' title="bbox 521 4967 3916 5056; baseline 0.005 -33"><span class='ocrx_word' id='word_1_776' title='bbox 521 4967 726 5040; x_wconf 82' lang='lat' dir='ltr'><strong><em>pudet.</em></strong></span> <span class='ocrx_word' id='word_1_777' title='bbox 760 4969 876 5026; x_wconf 87' lang='lat' dir='ltr'><strong><em>Sed</em></strong></span> <span class='ocrx_word' id='word_1_778' title='bbox 903 4970 966 5026; x_wconf 89' lang='lat' dir='ltr'><strong><em>in</em></strong></span> <span class='ocrx_word' id='word_1_779' title='bbox 994 4971 1088 5028; x_wconf 88' lang='lat' dir='ltr'><strong><em>his</em></strong></span> <span class='ocrx_word' id='word_1_780' title='bbox 1116 4970 1400 5030; x_wconf 86' lang='lat' dir='ltr'><strong><em>omnibus</em></strong></span> <span class='ocrx_word' id='word_1_781' title='bbox 1429 4977 1488 5030; x_wconf 81' lang='lat' dir='ltr'><strong><em>et</em></strong></span> <span class='ocrx_word' id='word_1_782' title='bbox 1507 4973 1609 5044; x_wconf 82' lang='lat' dir='ltr'><strong><em>huj</em></strong></span> <span class='ocrx_word' id='word_1_783' title='bbox 1620 4974 1878 5042; x_wconf 86' lang='lat' dir='ltr'><strong><em>usmodi,</em></strong></span> <span class='ocrx_word' id='word_1_784' title='bbox 1911 4991 2035 5034; x_wconf 88' lang='lat' dir='ltr'><strong><em>non</em></strong></span> <span class='ocrx_word' id='word_1_785' title='bbox 2095 4993 2188 5034; x_wconf 87' lang='lat' dir='ltr'><strong><em>se-</em></strong></span> <span class='ocrx_word' id='word_1_786' title='bbox 2298 4977 2568 5035; x_wconf 83' lang='lat' dir='ltr'><strong><em>mundus</em></strong></span> <span class='ocrx_word' id='word_1_787' title='bbox 2595 4978 2846 5038; x_wconf 87' lang='lat' dir='ltr'><strong><em>alteram</em></strong></span> <span class='ocrx_word' id='word_1_788' title='bbox 2870 4981 3058 5040; x_wconf 80' lang='lat' dir='ltr'><strong><em>vitam</em></strong></span> <span class='ocrx_word' id='word_1_789' title='bbox 3079 4984 3272 5056; x_wconf 84' lang='lat' dir='ltr'><strong><em>sciret,</em></strong></span> <span class='ocrx_word' id='word_1_790' title='bbox 3302 4985 3408 5042; x_wconf 88' lang='lat' dir='ltr'><strong><em>ubi</em></strong></span> <span class='ocrx_word' id='word_1_791' title='bbox 3430 4986 3528 5042; x_wconf 87' lang='lat' dir='ltr'><strong><em>vel</em></strong></span> <span class='ocrx_word' id='word_1_792' title='bbox 3555 4967 3828 5042; x_wconf 64' lang='lat' dir='ltr'><strong><em>internum</em></strong></span> <span class='ocrx_word' id='word_1_793' title='bbox 3850 4991 3916 5032; x_wconf 73' lang='lat' dir='ltr'><strong><em>re-</em></strong></span> 
     </span>
    </p>
   </div>
   <div class='ocr_carea' id='block_1_56' title="bbox 517 5056 3916 5148">
    <p class='ocr_par' dir='ltr' id='par_1_56' title="bbox 517 5056 3916 5148">
     <span class='ocr_line' id='line_1_56' title="bbox 517 5056 3916 5148; baseline 0.007 -37"><span class='ocrx_word' id='word_1_794' title='bbox 517 5056 680 5148; x_wconf 83' lang='lat' dir='ltr'><strong><em>cund</em></strong></span> <span class='ocrx_word' id='word_1_795' title='bbox 691 5073 792 5113; x_wconf 87' lang='lat' dir='ltr'><strong><em>um</em></strong></span> <span class='ocrx_word' id='word_1_796' title='bbox 1036 5057 1304 5129; x_wconf 87' lang='lat' dir='ltr'><strong><em>virginis,</em></strong></span> <span class='ocrx_word' id='word_1_797' title='bbox 1325 5059 1434 5116; x_wconf 89' lang='lat' dir='ltr'><strong><em>sed</em></strong></span> <span class='ocrx_word' id='word_1_798' title='bbox 1451 5061 1790 5119; x_wconf 87' lang='lat' dir='ltr'><strong><em>secundum</em></strong></span> <span class='ocrx_word' id='word_1_799' title='bbox 1807 5067 2069 5122; x_wconf 86' lang='lat' dir='ltr'><strong><em>veterem</em></strong></span> <span class='ocrx_word' id='word_1_800' title='bbox 2087 5066 2190 5122; x_wconf 86' lang='lat' dir='ltr'><strong><em>ho-</em></strong></span> <span class='ocrx_word' id='word_1_801' title='bbox 2297 5082 2488 5137; x_wconf 85' lang='lat' dir='ltr'><strong><em>gnum</em></strong></span> <span class='ocrx_word' id='word_1_802' title='bbox 2515 5084 2626 5142; x_wconf 90' lang='lat' dir='ltr'><strong><em>pro</em></strong></span> <span class='ocrx_word' id='word_1_803' title='bbox 2673 5069 2873 5142; x_wconf 81' lang='lat' dir='ltr'><strong><em>bonis,</em></strong></span> <span class='ocrx_word' id='word_1_804' title='bbox 2919 5072 3016 5129; x_wconf 87' lang='lat' dir='ltr'><strong><em>vel</em></strong></span> <span class='ocrx_word' id='word_1_805' title='bbox 3050 5077 3273 5132; x_wconf 69' lang='lat' dir='ltr'><strong><em>mterne</em></strong></span> <span class='ocrx_word' id='word_1_806' title='bbox 3315 5077 3596 5145; x_wconf 83' lang='lat' dir='ltr'><strong><em>gehenna</em></strong></span> <span class='ocrx_word' id='word_1_807' title='bbox 3629 5089 3738 5148; x_wconf 82' lang='lat' dir='ltr'><strong><em>pro</em></strong></span> <span class='ocrx_word' id='word_1_808' title='bbox 3779 5065 3916 5126; x_wconf 70' lang='lat' dir='ltr'><strong><em>malis</em></strong></span> 
     </span>
    </p>
   </div>
   <div class='ocr_carea' id='block_1_57' title="bbox 519 5145 3912 5229">
    <p class='ocr_par' dir='ltr' id='par_1_57' title="bbox 519 5145 3912 5229">
     <span class='ocr_line' id='line_1_57' title="bbox 519 5145 3912 5229; baseline 0.004 -27"><span class='ocrx_word' id='word_1_809' title='bbox 519 5145 746 5204; x_wconf 80' lang='lat' dir='ltr'><strong><em>minem</em></strong></span> <span class='ocrx_word' id='word_1_810' title='bbox 777 5147 1112 5205; x_wconf 85' lang='lat' dir='ltr'><strong><em>ambulant.</em></strong></span> <span class='ocrx_word' id='word_1_811' title='bbox 1146 5151 1316 5216; x_wconf 82' lang='lat' dir='ltr'><strong><em>Nam,</em></strong></span> <span class='ocrx_word' id='word_1_812' title='bbox 1341 5153 1409 5206; x_wconf 91' lang='lat' dir='ltr'><strong><em>ut</em></strong></span> <span class='ocrx_word' id='word_1_813' title='bbox 1429 5149 1514 5206; x_wconf 87' lang='lat' dir='ltr'><strong><em>ait</em></strong></span> <span class='ocrx_word' id='word_1_814' title='bbox 1533 5150 1671 5219; x_wconf 75' lang='lat' dir='ltr'><strong><em>Job,</em></strong></span> <span class='ocrx_word' id='word_1_815' title='bbox 1685 5153 1884 5210; x_wconf 87' lang='lat' dir='ltr'><strong><em>omnis</em></strong></span> <span class='ocrx_word' id='word_1_816' title='bbox 1908 5155 2182 5226; x_wconf 87' lang='lat' dir='ltr'><strong><em>istorum,</em></strong></span> <span class='ocrx_word' id='word_1_817' title='bbox 2294 5155 2596 5229; x_wconf 86' lang='lat' dir='ltr'><strong><em>recipitur,</em></strong></span> <span class='ocrx_word' id='word_1_818' title='bbox 2651 5173 2774 5214; x_wconf 87' lang='lat' dir='ltr'><strong><em>non</em></strong></span> <span class='ocrx_word' id='word_1_819' title='bbox 2823 5159 3000 5216; x_wconf 79' lang='lat' dir='ltr'><strong><em>valde</em></strong></span> <span class='ocrx_word' id='word_1_820' title='bbox 3047 5161 3271 5218; x_wconf 89' lang='lat' dir='ltr'><strong><em>mirum</em></strong></span> <span class='ocrx_word' id='word_1_821' title='bbox 3309 5168 3436 5220; x_wconf 87' lang='lat' dir='ltr'><strong><em>erat</em></strong></span> <span class='ocrx_word' id='word_1_822' title='bbox 3483 5164 3533 5220; x_wconf 86' lang='lat' dir='ltr'><strong><em>si</em></strong></span> <span class='ocrx_word' id='word_1_823' title='bbox 3573 5145 3648 5219; x_wconf 36' lang='lat' dir='ltr'><strong><em>se—</em></strong></span> <span class='ocrx_word' id='word_1_824' title='bbox 3675 5154 3912 5218; x_wconf 73' lang='lat' dir='ltr'><strong><em>mortales</em></strong></span> 
     </span>
    </p>
   </div>
   <div class='ocr_carea' id='block_1_58' title="bbox 514 5236 3914 5310">
    <p class='ocr_par' dir='ltr' id='par_1_58' title="bbox 514 5236 3914 5310">
     <span class='ocr_line' id='line_1_58' title="bbox 514 5236 3914 5310; baseline 0.004 -18"><span class='ocrx_word' id='word_1_825' title='bbox 514 5236 612 5292; x_wconf 79' lang='lat' dir='ltr'><strong><em>vel</em></strong></span> <span class='ocrx_word' id='word_1_826' title='bbox 639 5237 892 5293; x_wconf 84' lang='lat' dir='ltr'><strong><em>istarum</em></strong></span> <span class='ocrx_word' id='word_1_827' title='bbox 908 5236 1186 5304; x_wconf 82' lang='lat' dir='ltr'><strong><em>dulcedo,</em></strong></span> <span class='ocrx_word' id='word_1_828' title='bbox 1210 5239 1448 5295; x_wconf 89' lang='lat' dir='ltr'><strong><em>vermis.</em></strong></span> <span class='ocrx_word' id='word_1_829' title='bbox 1484 5239 1641 5297; x_wconf 85' lang='lat' dir='ltr'><strong><em>Licet</em></strong></span> <span class='ocrx_word' id='word_1_830' title='bbox 1657 5241 1820 5298; x_wconf 87' lang='lat' dir='ltr'><strong><em>enim</em></strong></span> <span class='ocrx_word' id='word_1_831' title='bbox 1852 5243 1916 5299; x_wconf 88' lang='lat' dir='ltr'><strong><em>in</em></strong></span> <span class='ocrx_word' id='word_1_832' title='bbox 1934 5243 2052 5300; x_wconf 86' lang='lat' dir='ltr'><strong><em>hac</em></strong></span> <span class='ocrx_word' id='word_1_833' title='bbox 2067 5243 2186 5302; x_wconf 87' lang='lat' dir='ltr'><strong><em>vita</em></strong></span> <span class='ocrx_word' id='word_1_834' title='bbox 2290 5246 2708 5305; x_wconf 82' lang='lat' dir='ltr'><strong><em>mundialibus</em></strong></span> <span class='ocrx_word' id='word_1_835' title='bbox 2729 5249 3024 5307; x_wconf 84' lang='lat' dir='ltr'><strong><em>illecebris</em></strong></span> <span class='ocrx_word' id='word_1_836' title='bbox 3045 5251 3527 5310; x_wconf 78' lang='lat' dir='ltr'><strong><em>substernebant.</em></strong></span> <span class='ocrx_word' id='word_1_837' title='bbox 3543 5255 3620 5310; x_wconf 84' lang='lat' dir='ltr'><strong><em>At</em></strong></span> <span class='ocrx_word' id='word_1_838' title='bbox 3637 5265 3788 5308; x_wconf 85' lang='lat' dir='ltr'><strong><em>nunc</em></strong></span> <span class='ocrx_word' id='word_1_839' title='bbox 3804 5258 3914 5302; x_wconf 78' lang='lat' dir='ltr'><strong><em>cum</em></strong></span> 
     </span>
    </p>
   </div>
   <div class='ocr_carea' id='block_1_59' title="bbox 515 5325 3913 5413">
    <p class='ocr_par' dir='ltr' id='par_1_59' title="bbox 515 5325 3913 5413">
     <span class='ocr_line' id='line_1_59' title="bbox 515 5325 3913 5413; baseline 0.005 -32"><span class='ocrx_word' id='word_1_840' title='bbox 515 5325 822 5413; x_wconf 76' lang='lat' dir='ltr'><strong><em>superﬂuo</em></strong></span> <span class='ocrx_word' id='word_1_841' title='bbox 839 5327 1002 5384; x_wconf 86' lang='lat' dir='ltr'><strong><em>cultu</em></strong></span> <span class='ocrx_word' id='word_1_842' title='bbox 1022 5343 1270 5386; x_wconf 80' lang='lat' dir='ltr'><strong><em>carnem</em></strong></span> <span class='ocrx_word' id='word_1_843' title='bbox 1291 5329 1493 5386; x_wconf 82' lang='lat' dir='ltr'><strong><em>ornari</em></strong></span> <span class='ocrx_word' id='word_1_844' title='bbox 1508 5331 1788 5403; x_wconf 86' lang='lat' dir='ltr'><strong><em>gestiant,</em></strong></span> <span class='ocrx_word' id='word_1_845' title='bbox 1810 5331 1960 5389; x_wconf 86' lang='lat' dir='ltr'><strong><em>illud</em></strong></span> <span class='ocrx_word' id='word_1_846' title='bbox 1980 5338 2182 5391; x_wconf 87' lang='lat' dir='ltr'><strong><em>tamen</em></strong></span> <span class='ocrx_word' id='word_1_847' title='bbox 2291 5351 2416 5392; x_wconf 88' lang='lat' dir='ltr'><strong><em>non</em></strong></span> <span class='ocrx_word' id='word_1_848' title='bbox 2445 5337 2642 5394; x_wconf 89' lang='lat' dir='ltr'><strong><em>solum</em></strong></span> <span class='ocrx_word' id='word_1_849' title='bbox 2670 5355 2778 5411; x_wconf 89' lang='lat' dir='ltr'><strong><em>per</em></strong></span> <span class='ocrx_word' id='word_1_850' title='bbox 2807 5355 3020 5398; x_wconf 88' lang='lat' dir='ltr'><strong><em>omnes</em></strong></span> <span class='ocrx_word' id='word_1_851' title='bbox 3065 5349 3306 5400; x_wconf 78' lang='lat' dir='ltr'><strong><em>sanctos</em></strong></span> <span class='ocrx_word' id='word_1_852' title='bbox 3343 5344 3421 5400; x_wconf 85' lang='lat' dir='ltr'><strong><em>ab</em></strong></span> <span class='ocrx_word' id='word_1_853' title='bbox 3470 5343 3696 5413; x_wconf 80' lang='lat' dir='ltr'><strong><em>origine</em></strong></span> <span class='ocrx_word' id='word_1_854' title='bbox 3741 5331 3913 5394; x_wconf 72' lang='lat' dir='ltr'><strong><em>mundi</em></strong></span> 
     </span>
    </p>
   </div>
   <div class='ocr_carea' id='block_1_60' title="bbox 508 5411 3915 5505">
    <p class='ocr_par' dir='ltr' id='par_1_60' title="bbox 508 5411 3915 5505">
     <span class='ocr_line' id='line_1_60' title="bbox 508 5411 3915 5505; baseline 0.004 -38"><span class='ocrx_word' id='word_1_855' title='bbox 508 5411 645 5505; x_wconf 85' lang='lat' dir='ltr'><strong><em>libri</em></strong></span> <span class='ocrx_word' id='word_1_856' title='bbox 678 5415 1064 5505; x_wconf 72' lang='lat' dir='ltr'><strong><em>Ecclesiastici</em></strong></span> <span class='ocrx_word' id='word_1_857' title='bbox 1085 5421 1286 5489; x_wconf 87' lang='lat' dir='ltr'><strong><em>restat,</em></strong></span> <span class='ocrx_word' id='word_1_858' title='bbox 1313 5417 1458 5491; x_wconf 87' lang='lat' dir='ltr'><strong><em>quia</em></strong></span> <span class='ocrx_word' id='word_1_859' title='bbox 1481 5421 1765 5478; x_wconf 84' lang='lat' dir='ltr'><strong><em>vestietur</em></strong></span> <span class='ocrx_word' id='word_1_860' title='bbox 1781 5424 2004 5491; x_wconf 72' lang='lat' dir='ltr'><strong><em>pannis</em></strong></span> <span class='ocrx_word' id='word_1_861' title='bbox 2048 5424 2182 5480; x_wconf 89' lang='lat' dir='ltr'><strong><em>dor—</em></strong></span> <span class='ocrx_word' id='word_1_862' title='bbox 2291 5425 2592 5498; x_wconf 69' lang='lat' dir='ltr'><strong><em>praelatos,</em></strong></span> <span class='ocrx_word' id='word_1_863' title='bbox 2624 5428 2729 5484; x_wconf 88' lang='lat' dir='ltr'><strong><em>sed</em></strong></span> <span class='ocrx_word' id='word_1_864' title='bbox 2755 5429 2936 5488; x_wconf 84' lang='lat' dir='ltr'><strong><em>etiam</em></strong></span> <span class='ocrx_word' id='word_1_865' title='bbox 2947 5446 3054 5502; x_wconf 89' lang='lat' dir='ltr'><strong><em>per</em></strong></span> <span class='ocrx_word' id='word_1_866' title='bbox 3069 5447 3132 5488; x_wconf 83' lang='lat' dir='ltr'><strong><em>se</em></strong></span> <span class='ocrx_word' id='word_1_867' title='bbox 3153 5432 3354 5505; x_wconf 88' lang='lat' dir='ltr'><strong><em>ipsum</em></strong></span> <span class='ocrx_word' id='word_1_868' title='bbox 3371 5432 3472 5490; x_wconf 87' lang='lat' dir='ltr'><strong><em>Dei</em></strong></span> <span class='ocrx_word' id='word_1_869' title='bbox 3495 5411 3667 5490; x_wconf 83' lang='lat' dir='ltr'><strong><em>Filius</em></strong></span> <span class='ocrx_word' id='word_1_870' title='bbox 3691 5430 3762 5486; x_wconf 88' lang='lat' dir='ltr'><strong><em>de</em></strong></span> <span class='ocrx_word' id='word_1_871' title='bbox 3774 5422 3915 5493; x_wconf 80' lang='lat' dir='ltr'><strong><em>virgi-</em></strong></span> 
     </span>
    </p>
   </div>
   <div class='ocr_carea' id='block_1_61' title="bbox 507 5503 3916 5593">
    <p class='ocr_par' dir='ltr' id='par_1_61' title="bbox 507 5503 3916 5593">
     <span class='ocr_line' id='line_1_61' title="bbox 507 5503 3916 5593; baseline 0.007 -37"><span class='ocrx_word' id='word_1_872' title='bbox 507 5503 1270 5593; x_wconf 63' lang='lat' dir='ltr'><strong><em>mitatiotProv.xx11l,2i).</em></strong></span> <span class='ocrx_word' id='word_1_873' title='bbox 1296 5508 1364 5562; x_wconf 84' lang='lat' dir='ltr'><strong><em>Et</em></strong></span> <span class='ocrx_word' id='word_1_874' title='bbox 1385 5507 1750 5566; x_wconf 87' lang='lat' dir='ltr'><strong><em>utineodem</em></strong></span> <span class='ocrx_word' id='word_1_875' title='bbox 1771 5509 1915 5566; x_wconf 83' lang='lat' dir='ltr'><strong><em>item</em></strong></span> <span class='ocrx_word' id='word_1_876' title='bbox 1930 5509 2175 5570; x_wconf 73' lang='lat' dir='ltr'><strong><em>dicitur:</em></strong></span> <span class='ocrx_word' id='word_1_877' title='bbox 2289 5527 2366 5570; x_wconf 88' lang='lat' dir='ltr'><strong><em>ne</em></strong></span> <span class='ocrx_word' id='word_1_878' title='bbox 2410 5519 2590 5572; x_wconf 84' lang='lat' dir='ltr'><strong><em>natus</em></strong></span> <span class='ocrx_word' id='word_1_879' title='bbox 2629 5515 2708 5572; x_wconf 90' lang='lat' dir='ltr'><strong><em>ab</em></strong></span> <span class='ocrx_word' id='word_1_880' title='bbox 2739 5516 2968 5574; x_wconf 87' lang='lat' dir='ltr'><strong><em>eisdem</em></strong></span> <span class='ocrx_word' id='word_1_881' title='bbox 3003 5503 3297 5577; x_wconf 72' lang='lat' dir='ltr'><strong><em>illecebris</em></strong></span> <span class='ocrx_word' id='word_1_882' title='bbox 3312 5507 3916 5593; x_wconf 55' lang='lat' dir='ltr'><strong><em>noscompescamtld</em></strong></span> 
     </span>
    </p>
   </div>
   <div class='ocr_carea' id='block_1_62' title="bbox 507 5587 3914 5684">
    <p class='ocr_par' dir='ltr' id='par_1_62' title="bbox 507 5587 3914 5684">
     <span class='ocr_line' id='line_1_62' title="bbox 507 5587 3914 5684; baseline 0.008 -43"><span class='ocrx_word' id='word_1_883' title='bbox 507 5587 622 5654; x_wconf 82' lang='lat' dir='ltr'><strong><em>Qui</em></strong></span> <span class='ocrx_word' id='word_1_884' title='bbox 649 5604 710 5645; x_wconf 86' lang='lat' dir='ltr'><strong><em>se</em></strong></span> <span class='ocrx_word' id='word_1_885' title='bbox 729 5592 944 5661; x_wconf 81' lang='lat' dir='ltr'><strong><em>jungit</em></strong></span> <span class='ocrx_word' id='word_1_886' title='bbox 971 5593 1324 5661; x_wconf 80' lang='lat' dir='ltr'><strong><em>fornicariis</em></strong></span> <span class='ocrx_word' id='word_1_887' title='bbox 1377 5596 1494 5650; x_wconf 84' lang='lat' dir='ltr'><strong><em>erit</em></strong></span> <span class='ocrx_word' id='word_1_888' title='bbox 1519 5609 1801 5666; x_wconf 76' lang='lat' dir='ltr'><strong><em>nequam,</em></strong></span> <span class='ocrx_word' id='word_1_889' title='bbox 1823 5599 2089 5668; x_wconf 73' lang='lat' dir='ltr'><strong><em>putredo</em></strong></span> <span class='ocrx_word' id='word_1_890' title='bbox 2115 5606 2176 5657; x_wconf 91' lang='lat' dir='ltr'><strong><em>et</em></strong></span> <span class='ocrx_word' id='word_1_891' title='bbox 2289 5602 2558 5660; x_wconf 74' lang='lat' dir='ltr'><strong><em>cmleetes</em></strong></span> <span class='ocrx_word' id='word_1_892' title='bbox 2581 5603 2826 5662; x_wconf 79' lang='lat' dir='ltr'><strong><em>delicias</em></strong></span> <span class='ocrx_word' id='word_1_893' title='bbox 2843 5609 3152 5682; x_wconf 84' lang='lat' dir='ltr'><strong><em>tantopere</em></strong></span> <span class='ocrx_word' id='word_1_894' title='bbox 3176 5609 3552 5684; x_wconf 68' lang='lat' dir='ltr'><strong><em>appetentius</em></strong></span> <span class='ocrx_word' id='word_1_895' title='bbox 3576 5587 3914 5683; x_wconf 57' lang='lat' dir='ltr'><strong><em>persuadeat,</em></strong></span> 
     </span>
    </p>
   </div>
  </div>
