4094 6156
175 113 262 167 557

170 231 309 288 mira
338 233 447 299 est,
480 230 575 286 vel
600 230 798 302 potius
827 233 1046 288 misera
1084 233 1210 288 haec
1239 237 1442 288 nostra
1493 233 1815 302 dementia,

170 324 227 376 ut
252 318 547 389 eligamus
587 319 972 376 emendicatis
1017 325 1075 376 et
1121 321 1324 390 egenis
1367 320 1693 392 pruritibus
1737 319 1818 374 ad

168 407 466 464 modicum
489 407 676 463 laetari
701 415 1098 474 momentum,
1121 411 1314 478 magis
1336 426 1523 482 quam
1546 410 1606 464 in
1627 407 1818 464 omni-

169 495 343 552 moda
384 495 573 564 gloria
595 495 808 551 sociari
839 499 1056 553 sanctis
1077 499 1137 554 in
1171 504 1480 554 internum.
1515 498 1627 555 Sed
1671 496 1818 564 quid

167 586 306 640 ﬁet?
334 585 537 657 utique
564 585 728 657 quod
748 586 934 642 Judex
966 587 1093 660 ipse
1132 589 1536 644 comminatur
1559 587 1767 642 dicens
1799 604 1814 641 :

170 676 278 742 Qui
301 680 689 730 contemnunt
718 691 826 744 me,
859 682 1035 732 erunt
1063 678 1349 748 ignobiles
1374 679 1430 745 (Ι
1448 679 1590 747 Reg.
1616 692 1679 739 ιι,
1703 677 1817 746 30).

170 767 229 819 Et
248 763 388 819 item
413 781 426 819 :
460 765 822 833 Despexistis
850 781 1022 822 omne
1050 768 1362 822 consilium
1394 783 1608 832 meum,
1639 771 1694 822 et
1727 781 1822 820 vo-

168 854 313 918 cavi,
367 859 423 908 et
454 855 754 908 renuistis.
809 856 938 925 Ego
985 871 1214 926 quoque
1243 858 1305 911 in
1337 857 1582 911 interitu
1630 861 1822 911 vestro

169 942 384 998 ridebo.
409 942 557 998 Cum
588 944 836 998 irruerit
869 946 1181 1014 repentina
1219 947 1556 1009 calamitas,
1580 944 1822 1015 quando

169 1033 388 1088 venerit
423 1047 602 1100 super
634 1047 733 1087 vos
764 1033 1074 1089 tribulatio
1106 1040 1158 1089 et
1187 1037 1490 1104 angustia.
1529 1036 1690 1089 Tunc
1729 1035 1821 1088 in-

168 1121 460 1176 vocabant
503 1136 616 1189 me,
649 1127 701 1176 et
729 1137 848 1176 non
880 1123 1222 1189 exaudiam,
1275 1139 1339 1179 eo
1383 1123 1540 1194 quod
1586 1111 1823 1178 eainsam

167 1209 486 1264 habuerint
535 1210 918 1278 disciplinam
969 1213 1168 1282 (Prov.
1226 1228 1266 1279 ι,
1317 1213 1521 1282 25-29).
1575 1210 1708 1275 Sed,
1759 1213 1826 1264 ut

165 1298 305 1354 item
337 1298 620 1372 scriptum
649 1303 761 1368 est,
794 1299 924 1355 sola
967 1301 1202 1356 vexatio
1249 1300 1609 1356 intellectum
1659 1298 1826 1354 dabit

164 1386 418 1455 auditui,
449 1386 592 1458 quia
612 1387 887 1442 videlicet
917 1393 1130 1445 cuncta
1146 1405 1282 1460 qua:
1307 1388 1541 1444 nuncin
1567 1389 1824 1458 Scriptu-

165 1475 243 1530 ris
272 1476 538 1542 audient,
572 1493 708 1548 qua:
757 1477 935 1548 quasi
975 1493 1100 1532 non
1156 1477 1506 1546 intelligant,
1555 1480 1822 1530 contem-

1215 109 1707 167 COLLATIONUM
1741 107 1922 164 LIBRI
1958 109 2152 166 TBES.
2193 139 2264 154 —-
2301 111 2432 170 LIB.
2474 114 2538 170 Ιῐ.

3470 116 3576 174 558

1924 233 2285 290 tenebuntur
2327 241 2482 292 certe
2528 235 2748 309 pocula
2790 236 2989 310 plena,
3033 239 3191 295 sicut
3235 235 3298 294 in
3346 244 3577 311 Apoca-

1925 321 2081 394 lypsi
2105 323 2336 393 legitur,
2366 325 2850 382 fornicationum.
2884 329 3026 383 Item
3063 329 3174 384 Job
3205 329 3287 384 ait
3319 345 3331 383 :
3377 329 3444 386 Si
3483 329 3579 384 de-

1926 417 2157 480 ceptum
2185 420 2268 468 est
2301 427 2403 469 cor
2440 429 2632 470 meum
2663 430 2843 484 super
2870 418 3177 472 mulierem
3221 419 3372 488 (Job.
3425 431 3578 480 mu,

1926 505 2004 566 9).
2037 501 2145 566 Qui
2173 507 2236 557 ut
2262 503 2742 572 magnitudinem
2785 504 2930 558 tanti
2979 504 3261 560 facinoris
3305 507 3584 562 ostende~

1926 593 2031 655 ret,
2067 590 2410 661 subjunxit:
2441 594 2634 658 Quam
2664 593 2824 648 enim
2850 598 3085 665 partem
3108 595 3356 650 haberet
3395 596 3456 651 in
3488 610 3584 651 me

1929 681 2083 733 Deus
2113 679 2371 753 desuper
2391 681 2418 735 ?
2450 685 2515 738 Et
2539 683 2671 738 illos
2717 681 2965 754 quidem
2996 682 3124 737 sola
3176 683 3266 737 vis
3298 685 3587 741 naturalis

1926 767 2074 836 legis
2105 769 2436 826 coercebat.
2471 775 2544 826 At
2572 786 2684 825 nos
2716 771 2916 826 multis
2942 775 3000 826 et
3043 771 3255 827 validis
3294 773 3584 828 conditio-

1929 855 2107 911 nibus
2147 857 2490 927 ligaremur,
2526 861 2577 914 si
2601 860 2849 915 omnino
2894 860 3150 915 infrenes
3203 875 3323 915 non
3373 858 3588 916 fuisse—

1929 961 2084 1000 mus.
2112 950 2255 1002 Nam
2283 954 2345 1003 ut
2373 949 2447 1003 de
2471 949 2673 1004 multis
2708 962 2904 1020 pauca
2952 952 3371 1022 perstringam,
3425 949 3588 1005 Chri-

1930 1039 2054 1090 stus
2075 1037 2201 1106 jam
2227 1037 2300 1091 de
2332 1038 2564 1106 Virgine
2595 1043 2771 1093 natus
2817 1042 2923 1107 est,
2955 1038 3232 1094 exhibeat
3262 1036 3376 1094 sibi
3404 1051 3588 1110 spon—

1933 1141 2064 1180 sam
2087 1141 2208 1180 non
2241 1126 2563 1183 habentem
2608 1127 2910 1182 maculam
2941 1133 3045 1182 aut
3070 1141 3306 1197 rugam,
3336 1127 3442 1183 sed
3469 1127 3589 1184 vir-

1933 1213 2154 1282 ginem,
2182 1220 2247 1270 ut
2270 1216 2350 1270 ait
2376 1217 2714 1288 Apostolus,
2746 1223 2802 1272 et
2828 1221 3076 1272 castam.
3121 1220 3249 1272 Jam
3276 1216 3492 1273 levavit
3521 1218 3595 1272 si-

1934 1317 2121 1371 gnum
2153 1305 2344 1360 crucis
2377 1306 2436 1359 in
2463 1305 2831 1372 nationibus,
2863 1311 2920 1361 et
2943 1311 3303 1379 protestetur
3332 1305 3539 1362 (licens
3574 1322 3590 1362 :

1934 1391 2050 1457 Qui
2072 1408 2189 1447 non
2225 1395 2460 1461 bajulat
2483 1409 2715 1450 crucem
2745 1408 2914 1450 suam
2945 1396 3204 1466 quotidie
3232 1410 3350 1450 non
3395 1402 3478 1452 est
3503 1408 3596 1452 me

1934 1481 2151 1550 dignus
2195 1483 2359 1540 (Luc.
2395 1498 2512 1548 xw,
2548 1485 2660 1553 27).
2713 1488 2962 1538 Crucem
3009 1498 3148 1538 vero
3194 1484 3444 1553 bajulat,
3491 1484 3596 1556 qui

162 1569 336 1634 nunt,
367 1565 560 1620 donec
581 1581 688 1637 per
711 1570 1002 1621 tormenta
1024 1565 1218 1637 puniri
1241 1565 1548 1638 incipiant,
1573 1568 1715 1619 tunc
1743 1563 1819 1618 ad
1853 1591 1898 1646 Β
1935 1570 2113 1624 corde
2141 1575 2199 1625 et
2227 1585 2476 1642 corpore
2507 1575 2709 1625 castus
2738 1571 2936 1626 carnis
2969 1586 3176 1626 curam
3201 1572 3260 1626 in
3283 1571 3594 1628 desideriis

164 1653 522 1710 memoriam
553 1655 858 1723 reducent,
892 1658 1032 1710 tunc
1065 1671 1234 1710 mens
1261 1671 1473 1710 eorum
1511 1658 1821 1718 exaestuat,

161 1747 309 1798 tunc
328 1742 710 1798 infructuosam
733 1743 1092 1814 paenitentiae
1108 1744 1350 1812 ignibus
1375 1760 1439 1798 se
1464 1742 1824 1798 inﬂammat.

164 1831 302 1902 Qui,
323 1836 385 1888 ut
404 1832 693 1903 scriptum
731 1837 838 1900 est,
871 1834 1122 1893 utinam,
1167 1832 1316 1886 dum
1342 1831 1498 1896 licet,
1538 1831 1829 1899 intellige-

159 1928 323 1991 rent,
353 1937 426 1977 ac
456 1923 776 1976 novissima
815 1922 1198 1990 providerent.
1243 1922 1438 1991 (Deut.
1493 1936 1668 1985 xxxii,
1712 1923 1827 1986 29).

158 2010 448 2082 Alioquin
478 2009 592 2065 tale
623 2015 711 2064 est
736 2027 804 2064 ac
837 2009 884 2063 si
918 2009 1094 2065 alicui
1121 2013 1495 2082 proponatur
1517 2013 1717 2063 utrum
1738 2023 1834 2062 ve-

155 2099 251 2162 lit,
287 2115 394 2170 per
419 2098 661 2153 brevem
692 2097 959 2170 quidem,
993 2099 1095 2152 sed
1128 2103 1432 2170 petrosam
1479 2097 1640 2152 viam
1689 2111 1832 2168 pau-

157 2187 362 2242 lulum
392 2186 688 2256 incedere,
718 2191 774 2241 et
793 2186 874 2242 ita
893 2187 1044 2242 inter
1069 2187 1263 2256 regios
1286 2202 1503 2258 pueros
1525 2187 1603 2242 ad
1633 2184 1832 2255 regale

157 2276 501 2349 prandium
531 2276 888 2331 intromitti?
920 2292 999 2332 an
1029 2277 1222 2347 magis
1259 2276 1397 2331 velit
1425 2292 1563 2331 cum
1613 2275 1832 2330 scurris

157 2372 221 2421 et
249 2365 622 2420 damnatitiis
653 2380 758 2436 per
801 2365 1081 2420 ﬂoridum
1107 2370 1348 2437 pratum
1394 2364 1660 2420 ludendo
1699 2380 1830 2436 per-

161 2470 334 2526 gere,
361 2459 417 2509 et
443 2454 521 2509 ad
544 2455 725 2508 tinem
772 2455 922 2526 prati
949 2460 1202 2509 mortem
1254 2454 1498 2510 subire?
1546 2454 1640 2509 Ille
1690 2469 1832 2508 vero

160 2560 294 2599 non
329 2542 535 2608 ﬁnem,
578 2542 683 2597 sed
731 2542 1075 2614 qualitatem
1096 2543 1319 2598 itineris
1359 2543 1629 2612 cogitans
1658 2541 1835 2612 eligat

159 2633 372 2702 magis
393 2648 637 2688 suavem
658 2631 842 2701 viam,
857 2648 963 2704 per
988 2648 1170 2704 quam
1192 2633 1362 2688 citius
1386 2632 1586 2687 veniat
1605 2632 1684 2688 ad
1703 2633 1836 2687 hor.

161 2721 437 2777 rendam
459 2720 722 2776 exitium.
767 2721 862 2776 Isti
885 2736 1027 2776 sane
1057 2721 1350 2776 nonnulla
1379 2721 1542 2776 bona
1589 2721 1832 2787 faciunt,

158 2828 234 2868 ac
258 2809 576 2866 interdum
603 2809 798 2864 vivere
829 2809 1163 2864 secundum
1195 2810 1571 2882 disciplinam
1620 2825 1837 2882 propo-

1935 1673 2325 1731 nequaquam
2357 1659 2512 1714 facit.
2548 1658 2863 1724 Quomodo
2893 1659 3073 1728 igitur
3098 1674 3339 1714 crucem
3367 1659 3600 1730 bajulat

1935 1746 2039 1817 qui
2065 1763 2310 1802 carnem
2349 1763 2524 1802 suam
2571 1763 2608 1802 a
2656 1746 3154 1818 concupiscentiis
3199 1761 3321 1801 non
3368 1747 3599 1802 cruciﬁ‘

1935 1835 2017 1904 git
2038 1836 2064 1889 ?
2094 1835 2417 1906 Apostolus
2439 1835 2601 1890 enim
2632 1835 2887 1891 cultores
2913 1835 3152 1902 ventris,
3187 1850 3310 1890 non
3351 1835 3598 1907 portito-

1937 1939 2048 1990 res,
2081 1925 2183 1978 sed
2213 1924 2488 1980 inimicos
2514 1925 2789 1995 ejusdem
2820 1924 3012 1979 crucis
3042 1923 3324 1996 appellat.
3358 1927 3474 1980 Nos
3497 1939 3603 1996 pa—

1935 2018 2132 2067 rentes
2161 2014 2368 2081 nostri,
2401 2013 2552 2068 sicut
2569 2013 2872 2069 Abraham
2895 2013 3110 2068 obtulit
3137 2017 3322 2080 Isaac,
3347 2018 3402 2069 et
3429 2018 3603 2071 Anna

1941 2101 2300 2171 Samuelem,
2326 2104 2444 2156 Deo
2466 2103 2526 2156 in
2549 2102 2911 2158 sacriﬁcium
2932 2101 3294 2158 obtulerunt.
3319 2106 3436 2157 Nos
3457 2107 3603 2158 tem-

1937 2189 2106 2262 plum
2159 2190 2255 2244 Dei
2293 2189 2460 2262 quod
2497 2205 2626 2245 esse
2672 2189 2785 2262 ipsi
2811 2189 3132 2245 debuimus
3179 2190 3493 2256 violantes,
3548 2195 3607 2246 et

1940 2279 2308 2335 oblationem
2322 2279 2371 2349 ej
2383 2295 2452 2333 us
2472 2277 2987 2334 commaculantes
3003 2277 3163 2333 idem
3181 2279 3604 2350 nosmetipsos,

1940 2369 2000 2424 in
2031 2368 2393 2423 fermentum
2437 2367 2708 2423 conversi
2751 2383 2980 2422 sumus.
3032 2371 3302 2424 Naaman
3334 2369 3518 2440 Syrus
3543 2368 3607 2422 in

1940 2461 2168 2512 tantam
2195 2456 2408 2511 habuit
2434 2456 2824 2512 reverentiam
2872 2455 3074 2510 locum
3118 2456 3177 2510 in
3210 2471 3333 2527 quo
3377 2469 3606 2511 nomen

1940 2546 2040 2602 Dei
2067 2545 2478 2614 invocabatur,
2509 2552 2574 2602 ut
2600 2546 2674 2601 de
2697 2545 2876 2600 Israel
2906 2551 3126 2600 terram
3157 2560 3296 2600 cum
3323 2545 3608 2601 but-doni-

1942 2635 2056 2691 bus
2086 2637 2368 2706 portaret.
2398 2638 2513 2689 Nos
2544 2633 2604 2688 in
2634 2634 2796 2689 atriis
2826 2633 3089 2689 ecclesias
3109 2633 3524 2703 consistentes,
3547 2634 3608 2689 in

1947 2729 2165 2779 terram
2195 2729 2561 2788 sanctorum,
2590 2723 2762 2794 juxta
2805 2722 2972 2794 quod
3020 2722 3314 2794 propheta
3361 2722 3608 2794 plangit,

1950 2813 2158 2885 iniqua
2185 2813 2447 2883 gerimus
2478 2829 2490 2866 :
2528 2815 2599 2867 In
2633 2808 2796 2868 terra
2823 2816 3188 2878 sanctorum,
3237 2811 3448 2883 inquit,
3493 2813 3610 2867 ini-

157 2905 352 2970 nunt,
367 2899 470 2954 sed
489 2898 812 2969 semperad
829 2903 1121 2953 consueta
1139 2898 1838 2970 nialareplicantur.Esse
1876 2941 1916 2996 Ο
1952 2920 2069 2973 qua
2100 2906 2276 2973 gessit
2305 2904 2448 2971 (Isa.
2480 2917 2634 2970 xxv1,
2669 2903 2780 2970 10).
2803 2900 2919 2956 Sed
2957 2899 3223 2972 sequitur
3254 2915 3269 2955 :
3323 2901 3466 2956 Ideo
3488 2915 3611 2956 non

155 2991 407 3063 quippe
427 2988 682 3044 humiles
706 2987 929 3057 volunt,
951 2988 1058 3043 sed
1074 2989 1199 3043 sine
1222 2989 1534 3061 despectu;
1558 3004 1687 3043 esse
1704 3003 1840 3042 con-
1881 2987 1916 2996 “
1954 2993 2171 3048 videbit
2216 2994 2475 3062 gloriam
2516 2991 2760 3045 Domini
2799 2989 3019 3060 (Ibid.).
3062 2991 3182 3043 Vox
3211 2989 3290 3044 ad
3321 2992 3566 3060 Moysen
3594 3006 3608 3044 :

158 3080 309 3135 tanti
353 3077 672 3150 prosperis,
702 3077 807 3131 sed
830 3077 958 3132 sine
982 3077 1329 3133 necessitate
1356 3095 1368 3145 ;
1393 3094 1522 3133 esse
1539 3078 1704 3143 casti,
1735 3075 1843 3130 sed

159 3171 294 3226 sine
327 3166 741 3223 maceratione
763 3167 1029 3237 corporis
1055 3185 1067 3232 ;
1097 3183 1228 3222 esse
1254 3167 1564 3240 patientes,
1592 3167 1696 3222 sed
1720 3167 1844 3220 sine

155 3257 595 3323 contumeliis;
628 3255 883 3328 adipisci
915 3255 1158 3311 virtutes
1184 3262 1480 3329 quierunt,
1507 3257 1614 3312 sed
1636 3269 1844 3311 conse-

162 3350 273 3420 qui
325 3362 463 3403 non
484 3349 761 3418 possunt,
794 3344 936 3416 quia
983 3344 1221 3400 labores
1268 3361 1477 3400 earum
1525 3343 1844 3413 refugiunt.

169 3438 348 3494 Unde
371 3437 530 3491 bene
544 3434 830 3505 scriptum
852 3437 969 3488 est:
986 3436 1285 3490 Involuta:
1295 3441 1432 3488 sunt
1447 3436 1669 3489 semitae
1688 3447 1849 3502 gres-

163 3544 352 3583 suum
379 3540 586 3582 eorum
606 3523 751 3594 (Job.
779 3539 855 3589 v1,
883 3523 969 3592 18)
994 3565 1007 3589 ,
1041 3523 1184 3595 quia
1213 3523 1497 3578 virtutum
1527 3522 1724 3577 studia
1747 3525 1851 3576 aut

163 3633 299 3674 non
318 3633 405 3689 ap
412 3617 640 3686 1.etunt,
665 3615 768 3668 aut
789 3611 836 3666 si
852 3612 1245 3684 appetierunt,
1271 3612 1437 3667 fracti
1459 3612 1518 3666 in
1541 3628 1655 3667 suo
1675 3627 1850 3667 cona-

166 3707 370 3776 mine,
401 3719 528 3758 non
554 3717 626 3757 ea
647 3705 1114 3772 consequuntur.
1141 3700 1284 3755 Hinc
1310 3701 1453 3756 item
1478 3718 1490 3755 :
1539 3701 1631 3756 Vw
1644 3715 1853 3769 pecca-

167 3799 299 3853 tori
316 3793 700 3865 ingredienti
724 3789 957 3845 duabus
987 3791 1130 3845 viis!
1164 3791 1368 3855 (Eccli.
1394 3806 1452 3855 ιι,
1485 3792 1592 3860 14).

242 3889 342 3942 Χι.
415 3882 585 3940 Nulla
643 3881 739 3935 lex
796 3879 939 3934 olim
997 3884 1211 3951 praeter
1262 3879 1596 3934 naturalem
1651 3883 1856 3950 stupra

168 3973 539 4039 cohibebat,
568 3976 626 4026 et
649 3975 852 4026 tamen
878 3975 1044 4026 tanto
1090 3968 1289 4024 studio
1336 3967 1742 4036 resecabatur,
1797 3969 1860 4019 ut

163 4083 282 4122 rex
317 4061 676 4121 Abimelech
715 4060 983 4116 diceret:
1029 4061 1276 4114 Poterat
1323 4058 1543 4128 aliquis
1587 4057 1746 4111 coire
1788 4054 1861 4108 de

166 4157 421 4228 populo
475 4168 609 4209 cum
657 4165 847 4206 uxore
895 4155 1019 4211 tua,
1073 4155 1128 4204 et
1183 4148 1494 4203 induceres
1529 4160 1710 4214 super
1755 4159 1860 4198 nos

167 4245 434 4317 grande
459 4246 767 4312 peccatum
798 4239 967 4310 (Gen.
996 4255 1148 4304 xxvi,
1181 4242 1290 4305 10).
1323 4240 1387 4292 Et
1411 4237 1690 4302 Thamur,
1723 4249 1860 4307 ᾳυω

169 4337 252 4391 de
311 4333 483 4390 Juda
529 4334 904 4402 conceperat,
954 4327 1218 4384 ﬂammis
1249 4326 1595 4398 adjudicata
1639 4329 1744 4391 est,
1791 4339 1862 4378 eo

169 4424 362 4497 quod
427 4421 489 4475 in
541 4419 826 4474 viduitate
875 4417 1176 4474 mmchata
1222 4416 1539 4471 videretur.
1598 4411 1866 4468 Lucretia

171 4527 452 4586 quoque
482 4509 713 4579 gentilis
740 4511 940 4562 Romae
970 4511 1268 4572 matrona,
1304 4520 1442 4559 cum
1489 4507 1643 4558 esset
1671 4518 1707 4556 a
1734 4503 1868 4556 Tar-

171 4601 397 4675 quinii
454 4599 576 4653 tilio
634 4598 923 4652 violenter
977 4611 1286 4668 oppressa,
1345 4599 1562 4666 patruo
1621 4607 1730 4646 suo
1799 4606 1870 4645 ac

173 4693 322 4747 viro
355 4689 599 4745 facinus
627 4687 704 4742 ad
740 4687 853 4742 hoc
881 4685 1178 4758 patefecit,
1208 4689 1275 4740 ut
1307 4688 1708 4755 stupratorem
1737 4695 1871 4754 per-

175 4782 643 4854 sequerentur;
702 4793 884 4849 porro
941 4776 1072 4847 ipsa
1129 4775 1542 4830 confusionem
1605 4787 1727 4827 non
1775 4786 1874 4825 su-

178 4873 462 4930 stinens,
495 4867 756 4940 seipsam
812 4866 1116 4922 interfecit.
1161 4868 1246 4935 Et,
1283 4870 1346 4919 ut
1388 4864 1466 4920 ad
1501 4869 1738 4919 sanctos
1775 4876 1873 4916 ve-

177 4963 478 5025 niamUS,
519 4957 636 5012 Job
682 4957 810 5011 sine
858 4955 1034 5025 legali
1091 4959 1391 5028 praecepto
1440 4953 1591 5008 inter
1634 4950 1880 5022 gentiles

177 5051 448 5120 degens
478 5048 560 5103 ait
586 5065 598 5102 :
638 5048 843 5116 Pepigi
866 5047 1068 5114 fwdus
1099 5059 1231 5099 cum
1253 5044 1442 5099 oculis
1472 5044 1630 5108 meis,
1651 5057 1726 5097 ne
1753 5042 1882 5111 qui-

178 5143 338 5199 dem
379 5140 711 5208 cogitarem
739 5136 811 5190 de
842 5138 1074 5205 virgine
1103 5134 1258 5203 (Job.
1289 5144 1452 5204 xxxt,
1507 5133 1577 5202 1).
1629 5134 1755 5186 Non
1787 5146 1882 5186 so-

180 5232 330 5287 lum
371 5226 675 5283 subaudis
702 5225 778 5280 de
826 5223 1066 5280 alterius
1097 5223 1373 5294 conjuge,
1408 5219 1656 5291 gentiles
1684 5220 1885 5291 itaque

182 5321 282 5377 sic
333 5316 532 5374 etiam
563 5316 688 5370 sine
733 5314 884 5383 lege.
936 5318 1005 5367 At
1061 5312 1186 5367 ista:
1241 5311 1469 5368 Christo
1510 5309 1888 5381 desponsatas

184 5413 378 5476 sunt,
419 5405 642 5477 quibus
673 5407 730 5458 et
754 5402 862 5457 viri
890 5402 967 5458 ad
997 5401 1279 5471 injuriam
1305 5399 1512 5472 sponsi
1557 5397 1888 5452 irretracta-

183 5498 423 5556 biliter
453 5509 514 5548 se
545 5493 838 5554 inserunt,
873 5496 928 5546 et
966 5490 1110 5562 ipsa
1160 5489 1242 5543 eis
1272 5487 1652 5560 impudenter
1701 5502 1762 5540 se
1812 5486 1895 5540 in-

182 5587 468 5659 gerunt.
498 5585 544 5639 0
573 5580 782 5655 quales
819 5580 947 5636 ista:
977 5578 1294 5652 lampades
1326 5577 1573 5633 obviam
1623 5589 1848 5648 sponso
1877 5575 1890 5629 l

1893 4290 1936 4348 D

1952 3085 2162 3144 Locus,
2197 3082 2296 3146 ait,
2326 3083 2389 3136 in
2415 3095 2531 3152 quo
2567 3087 2631 3135 tu
2661 3085 2805 3148 stas,
2839 3085 3006 3135 terra
3051 3083 3261 3134 sancta
3287 3085 3368 3133 est
3399 3078 3611 3148 (Exod.

1950 3189 2031 3238 ιιι,
2063 3174 2134 3241 5).
2169 3170 2279 3236 Qui
2318 3170 2497 3225 etiam
2553 3183 2675 3224 non
2722 3172 2810 3223 est
2856 3183 3041 3223 ausus
3067 3166 3360 3238 respicere
3408 3171 3616 3222 contra

1953 3262 2176 3332 ignem,
2204 3264 2262 3314 et
2288 3275 2424 3314 ecce
2453 3258 2590 3331 plus
2614 3262 2703 3313 est
2724 3256 2785 3313 in
2815 3257 3019 3324 altare,
3051 3256 3130 3311 ad
3161 3254 3329 3329 quod
3359 3270 3474 3312 nos
3499 3255 3614 3311 im-

1955 3367 2104 3424 pure
2159 3353 2215 3404 et
2267 3348 2655 3403 irreverenter
2703 3346 3070 3402 accedimus.
3125 3348 3272 3401 Nam
3320 3345 3477 3415 ignis
3519 3343 3616 3401 ille

1955 3454 2078 3494 non
2108 3442 2234 3492 erat
2265 3439 2440 3502 Deus,
2476 3436 2578 3492 sed
2619 3441 2914 3503 creatura,
2941 3450 3014 3490 ex
3066 3449 3188 3506 qua
3233 3449 3347 3490 vox
3391 3432 3491 3489 Dei
3533 3449 3620 3488 re-

1956 3531 2231 3592 sonaret;
2264 3525 2361 3580 hic
2388 3540 2533 3580 vero
2565 3539 2784 3596 corpus
2811 3523 3024 3579 Christi
3053 3527 3164 3592 est,
3199 3522 3259 3578 in
3288 3537 3413 3594 quo
3447 3521 3620 3578 habi-

1957 3621 2042 3672 tat
2092 3613 2291 3670 omnis
2345 3613 2656 3686 plenitudo
2703 3612 3043 3668 divinitatis.
3096 3615 3310 3667 Verum
3354 3611 3500 3683 quia
3546 3610 3622 3667 de

1961 3704 2114 3760 sacri
2144 3703 2258 3759 loci
2307 3701 2635 3758 reverentia
2665 3715 2794 3756 sese
2837 3701 3077 3756 occasio
3125 3700 3370 3772 praebet,
3424 3699 3624 3754 dicen-

1962 3795 2111 3849 dum
2141 3791 2376 3847 videtur
2397 3791 2544 3864 quid
2571 3796 2707 3846 ante
2733 3791 2848 3844 hos
2888 3804 3082 3844 annos
3131 3789 3190 3842 in
3240 3787 3628 3844 Carrilocensi

1963 3880 2326 3938 monasterio
2353 3879 2617 3934 contierit.
2648 3877 2905 3943 Quidam
2926 3891 3141 3930 vassus
3160 3876 3404 3931 nomine
3427 3875 3628 3930 Riche»

1963 3973 2089 4027 rius
2117 3970 2198 4024 ibi
2226 3973 2390 4022 metu
2420 3967 2799 4022 inimicorum
2831 3963 3199 4033 confugerat,
3233 3963 3338 4034 qui
3365 3963 3426 4017 in
3456 3962 3626 4027 cella,

1967 4075 2104 4132 quae
2130 4056 2395 4113 ecclesiae
2426 4055 2709 4121 adhaeret,
2741 4057 2915 4108 nocte
2945 4051 3251 4106 dormiens
3301 4066 3439 4106 cum
3490 4063 3634 4105 uxo-

1967 4165 2096 4205 rem
2125 4162 2299 4202 suam
2327 4158 2688 4214 cognoscere
2719 4141 2910 4207 vellet,
2937 4141 3018 4196 ita
3045 4140 3195 4196 sicut
3223 4139 3388 4196 canis
3435 4139 3631 4195 eidem

1971 4236 2227 4306 inhaesit,
2261 4241 2323 4291 ut
2373 4233 2720 4290 nullatenus
2750 4231 2830 4288 ab
2883 4246 2952 4286 ea
2982 4229 3182 4285 divelli
3210 4233 3434 4302 posset.
3486 4231 3635 4285 Cum

1975 4328 2154 4396 igitur
2184 4342 2245 4380 se
2275 4325 2356 4380 ita
2398 4322 2584 4379 teneri
2626 4320 2926 4386 sensisset,
2979 4319 3388 4388 succlamavit,
3434 4332 3642 4374 rumor

1978 4417 2209 4472 subitus
2234 4412 2547 4485 increpuit.
2570 4413 2967 4467 Accurrerunt
2981 4424 3211 4465 omnes.
3233 4409 3315 4464 Illi
3332 4414 3456 4464 tam
3479 4411 3643 4463 metu

1977 4521 2163 4579 quam
2194 4502 2556 4560 verecundia
2586 4501 2970 4556 vehementer
2999 4498 3235 4554 confusi
3266 4502 3424 4553 sunt.
3449 4500 3646 4553 Mona-

1981 4596 2127 4650 chos
2158 4591 2360 4648 vocari
2390 4591 2600 4656 fecere,
2629 4592 2858 4660 quanta
2886 4591 3210 4659 potuerunt
3232 4600 3484 4640 munera
3511 4584 3646 4639 loco

1984 4687 2191 4737 sancto
2221 4680 2537 4736 dederunt.
2570 4681 2718 4733 Cum
2761 4675 2868 4730 diu
2903 4679 3058 4729 esset
3086 4689 3124 4728 a
3167 4671 3483 4728 monachis
3512 4685 3647 4727 ora-

1983 4776 2137 4840 tum,
2160 4769 2273 4825 sibi
2310 4767 2522 4823 redditi
2549 4770 2706 4820 sunt.
2740 4762 2949 4819 Filium
2998 4763 3152 4833 ejus,
3202 4766 3259 4816 et
3297 4761 3506 4817 fratres
3537 4775 3651 4830 ego

1986 4860 2160 4926 novi;
2193 4859 2272 4914 ab
2300 4857 2392 4912 his
2423 4855 2526 4928 qui
2553 4853 2949 4910 interfuerunt
2967 4852 3081 4906 hoc
3109 4851 3331 4906 audivi.
3365 4851 3527 4906 Sicut
3552 4865 3655 4906 au-

1991 4956 2107 5005 tem
2144 4948 2274 5020 ipsa
2303 4963 2396 5001 res
2429 4946 2655 5009 edocet,
2711 4941 3060 5014 complexus
3107 4941 3461 5012 conjugum,
3513 4938 3658 5012 quia

1991 5040 2184 5096 licitus
2215 5042 2360 5103 erat,
2391 5033 2800 5107 temporaliter
2837 5033 3086 5105 punitus
3135 5035 3225 5088 est
3265 5031 3346 5087 ob
3393 5030 3657 5086 illicitam

1994 5130 2150 5186 illius
2177 5128 2330 5184 sacri
2358 5126 2470 5182 loci
2503 5121 3058 5197 praesumptionem,
3091 5121 3197 5177 ubi
3227 5119 3562 5190 gerebatur.
3585 5119 3661 5171 At

1995 5233 2138 5275 vero
2168 5218 2530 5273 incestorum
2562 5215 2623 5268 in
2647 5211 2866 5268 sanctis
2884 5211 3030 5266 locis
3047 5213 3316 5282 patratus
3343 5206 3424 5261 ob
3453 5205 3569 5259 hoc
3597 5203 3660 5259 in

1997 5307 2276 5382 praesenti
2301 5305 2547 5361 minime
2576 5302 2933 5376 plerumque
2960 5299 3251 5372 plectitur,
3269 5294 3413 5366 quia
3428 5296 3663 5350 tantum

1999 5402 2109 5463 est,
2140 5401 2204 5452 ut
2224 5410 2347 5451 non
2363 5391 2721 5455 transitoria,
2740 5388 2845 5444 sed
2867 5392 3088 5443 aeterna
3116 5383 3338 5440 ultione
3378 5382 3536 5439 feriri
3565 5382 3667 5438 de-

2001 5486 2160 5542 beat.
2187 5489 2438 5540 Econtra
2464 5497 2609 5537 vero
2628 5482 2924 5550 quantum
2957 5471 3170 5528 sacrati
3198 5470 3312 5526 loci
3335 5469 3667 5527 reverentia

2004 5575 2216 5647 prosit,
2247 5575 2362 5630 hoc
2393 5571 2534 5628 satis
2561 5567 2722 5624 valet
2751 5561 3026 5636 exemplo
3057 5559 3377 5634 pervideri.
3408 5559 3668 5626 Quidam
