4150 6128
547 128 650 180 559

1603 119 1661 174 S.
1703 117 1964 174 ODONIS
2002 117 2294 173 ABBATIS
2333 119 2836 178 CLUNIACENSIS
2875 121 2939 176 Il.

3872 129 3966 181 560

545 264 644 304 rex
673 243 1227 315 Longobardorum,
1259 243 1408 299 sicut
1429 242 1490 298 in
1519 240 1791 311 ejus-dem
1817 240 2008 308 gentis
2027 239 2209 295 histo-
2240 243 2288 296 Α
2323 239 2442 296 loci
2471 243 2562 297 sui
2613 243 2978 299 desertorem
3007 241 3329 316 appellant,
3363 259 3502 299 cum
3551 249 3750 299 tamen
3795 245 3839 301 si
3867 262 3970 319 pro

545 337 633 392 ria
665 335 894 402 legitur,
925 333 984 388 in
1017 332 1356 388 cwmeterio
1385 330 1704 402 cujusdam
1735 328 1996 384 ecclesias
2021 328 2212 382 sancti

543 424 788 480 Joannis
825 421 1056 495 sepeliri
1091 438 1152 478 se
1182 420 1335 487 fecit,
1365 418 1678 475 hEBl‘etiCllS
1711 422 1912 473 tamen
1943 433 2213 490 perseve-

543 515 714 570 ravit.
750 513 933 584 Cujus
959 512 1258 568 tumulum
1287 509 1538 583 quidam
1583 507 1676 564 fur
1718 506 2064 576 eﬂ‘ringens,
2115 521 2212 562 or-

542 607 830 659 namenta
885 617 1026 658 cum
1086 600 1327 673 quibus,
1381 603 1448 655 ut
1497 614 1624 660 rex,
1673 597 1940 669 sepultus
1995 595 2208 664 fuerat,

543 691 874 765 asportavit
901 707 914 746 :
944 689 1138 746 eidem
1169 705 1310 746 vero
1337 691 1578 744 sanctus
1609 688 1868 742 Joannes
1899 701 2006 758 per
2031 684 2210 740 visio-

544 797 686 838 nem
717 779 910 834 dixit:
946 781 1060 836 Cur
1103 795 1288 833 ausus
1336 792 1398 831 es
1439 791 1658 846 corpus
1709 774 1898 846 ipsius
1945 772 2208 830 hominis

545 870 890 938 contingere
914 871 940 924 ?
970 869 1142 924 fuerit
1171 867 1303 922 licet
1331 881 1454 922 non
1483 870 1638 920 recte
1686 863 1955 934 credens,
2006 868 2208 918 tamen

543 960 694 1016 mihi
725 975 786 1014 se
817 956 1280 1014 commendavit.
1323 955 1474 1020 Quia
1493 969 1638 1024 ergo
1668 955 1783 1010 hoc
1823 954 2016 1010 facere
2061 969 2209 1025 prse-

547 1048 881 1122 sumpsisti,
908 1061 1224 1118 nunquam
1249 1043 1312 1099 in
1340 1059 1540 1100 meam
1571 1043 1882 1099 basilicam
1925 1042 2208 1113 deinceps

545 1139 884 1210 ingressum
921 1134 1193 1192 habebis.
1220 1132 1390 1199 Quod
1421 1132 1500 1188 ita
1529 1132 1754 1188 factum
1785 1137 1902 1188 est:
1939 1131 2206 1198 Quoties‘

545 1242 785 1299 cunque
835 1224 994 1280 enim
1043 1223 1326 1280 voluisset
1373 1222 1532 1278 beati
1580 1222 1831 1278 Joannis
1880 1220 2208 1277 oratorium

546 1315 800 1384 ingredi,
832 1313 1030 1370 statim
1083 1311 1242 1368 velut
1272 1327 1308 1368 a
1356 1310 1728 1366 validissimo
1770 1309 1962 1384 pugili
2009 1313 2212 1380 guttur

548 1407 602 1464 ei
627 1405 914 1472 feriretur,
943 1403 1026 1458 sic
1069 1403 1267 1458 subito
1319 1407 1474 1457 retro
1525 1401 1738 1456 ruebat
1783 1400 2098 1474 impulsus.
2155 1399 2212 1455 Si

548 1511 690 1566 ergo
737 1491 1066 1550 reverentia
1107 1490 1294 1547 sancti
1343 1489 1458 1546 loci
1485 1495 1695 1546 contra
1737 1489 2086 1544 violatorem
2128 1504 2212 1544 se-

2325 331 2642 402 temporali
2673 333 2900 388 honore
2929 333 3196 406 quolibet
3219 333 3608 406 adipiscendo
3645 335 3854 406 quovis
3885 337 3969 392 di-

2327 419 2570 475 scedere
2599 419 2870 488 voluerit,
2903 421 3106 477 favent
3132 437 3362 490 omnes,
3397 426 3454 476 et
3483 421 3970 494 adhortationem,

2321 507 2416 563 vel
2444 507 2624 563 etiam
2656 525 2978 565 munerum
3009 509 3374 566 adminicula
3413 509 3719 582 praebent;
3761 515 3816 566 et
3855 527 3972 568 non

2319 596 2708 666 desertorem,
2764 598 2870 654 sed
2899 615 3022 654 sure
3071 598 3388 654 humilitati
3431 599 3800 672 provisorem
3843 616 3974 656 cen-

2321 689 2474 741 sent.
2511 688 2576 742 Et
2619 689 2774 743 certe
2817 687 2984 743 locus
3027 687 3295 742 ﬁdelium
3351 687 3667 760 paradisus
3723 692 3830 754 est,
3887 689 3974 745 vel

2317 775 2572 847 quilibet
2601 776 2772 844 alius,
2801 778 2968 850 quod
2998 777 3182 833 tutius
3213 778 3332 846 via,
3365 795 3486 850 qua
3525 778 3602 833 ad
3633 777 3976 850 paradisum

2317 863 2564 934 reditur,
2593 865 2773 921 teneri
2813 869 3026 938 potest.
3057 867 3245 932 Quem
3295 865 3494 921 locum
3541 867 3709 922 toties
3763 865 3976 922 deseri-

2319 969 2478 1020 mus,
2511 955 2743 1026 quoties
2779 969 3122 1027 peccamus.
3178 957 3256 1010 De
3283 953 3385 1010 illa
3415 954 3752 1010 desertione
3803 969 3978 1010 nemo

2319 1041 2642 1112 quaeritur;
2677 1042 2787 1098 ista
2831 1059 2972 1098 vero
3021 1043 3100 1098 ob
3147 1042 3208 1098 id
3261 1043 3602 1114 opponitur,
3633 1041 3782 1114 quia
3837 1042 3978 1098 dum

2317 1129 2640 1202 praesentia
2666 1129 2992 1202 corporalis
3021 1130 3080 1185 in
3117 1129 3217 1185 illo
3245 1130 3348 1185 tali
3377 1129 3656 1201 diligitur,
3685 1135 3976 1202 quantum

2319 1219 2450 1290 ejus
2479 1219 2685 1274 anima
2709 1219 3019 1292 peccando
3069 1218 3344 1291 supernis
3383 1218 3570 1274 oculis
3617 1218 3976 1287 absentetur,

2319 1307 2568 1364 omnino
2597 1323 2722 1364 non
2749 1313 3010 1364 curatur.
3047 1311 3162 1363 Nec
3191 1307 3408 1362 mirum
3439 1307 3486 1362 si
3517 1307 3784 1379 Egyptii
3835 1307 3980 1363 ﬁlios

2321 1395 2504 1450 Israel
2527 1412 2604 1452 ne
2637 1399 2754 1452 Deo
2786 1396 3004 1452 servire
3027 1395 3262 1468 possint
3279 1395 3634 1468 impediunt.
3659 1398 3816 1452 Sane
3831 1401 3982 1468 post-

2320 1502 2508 1558 quam
2567 1485 2910 1542 communis
2967 1486 3278 1555 Dominus,
3328 1485 3420 1540 cui
3465 1501 3714 1558 prorsus
3763 1485 3980 1559 ubique

547 1584 740 1658 pulcri
765 1582 924 1638 illius
949 1580 1208 1636 haeretici
1240 1583 1480 1636 sanctus
1519 1582 1778 1635 Joannes
1821 1578 1900 1634 ita
1941 1578 2212 1650 indigna-
2245 1595 2288 1650 Β
2323 1573 2589 1640 servitur,
2619 1573 2950 1630 Pharisaeos
2981 1573 3306 1646 redarguit,
3335 1589 3406 1629 eo
3435 1573 3602 1646 quod
3631 1589 3744 1630 nec
3777 1574 3980 1647 ipsiin-

551 1681 644 1730 tus
671 1677 780 1743 est,
813 1677 1110 1744 quantum
1135 1674 1312 1742 putas
1351 1673 1408 1724 et
1436 1672 1592 1726 Deus
1626 1673 1683 1724 et
1707 1667 1895 1724 sancti
1919 1668 2048 1739 ejus
2093 1668 2210 1724 ira-

551 1766 798 1818 scuntur
828 1760 1122 1816 adversus
1152 1759 1482 1830 quemdam
1512 1759 1618 1830 qui
1661 1761 1868 1812 sancta
1895 1756 2030 1812 loca
2057 1773 2212 1829 quo-

549 1853 693 1908 libet
741 1850 924 1906 modo
959 1847 1406 1905 commaculat?
1461 1850 1637 1902 Totus
1686 1845 1953 1901 mundus
2003 1850 2214 1902 sancta

553 1940 874 2012 Scriptura,
902 1951 1040 2010 quae
1067 1952 1181 1992 nos
1223 1951 1470 2008 peccare
1513 1933 1812 2007 prohibet,
1861 1933 2208 1990 illustratur.

551 2031 736 2086 Totus
761 2027 860 2082 Dei
875 2025 1148 2092 testibus,
1178 2024 1282 2096 qui
1305 2023 1462 2080 hanc
1481 2023 1970 2090 observaverunt,
1997 2023 2212 2095 plenus

550 2123 640 2175 est
670 2135 682 2172 :
717 2117 792 2172 de
813 2114 1056 2188 quibus,
1077 2118 1140 2169 ut
1161 2129 1346 2186 supra
1375 2111 1609 2182 dicitur,
1647 2111 1729 2168 ait
1756 2111 1870 2168 Job
1904 2129 1916 2166 :
1967 2113 2211 2168 Instau-

549 2223 652 2264 ras
673 2211 843 2262 testes
869 2210 999 2261 tuos
1026 2209 1238 2260 contra
1267 2217 1359 2258 me
1388 2202 1541 2272 (Job.
1577 2217 1632 2268 χ,
1669 2201 1778 2272 t7).
1813 2200 2038 2258 Scilicet
2067 2201 2213 2273 quia

549 2301 634 2354 tot
679 2295 742 2350 in
782 2291 1010 2366 judicio
1065 2290 1473 2348 testimonium
1529 2295 1738 2346 contra
1791 2305 1906 2345 nos
1955 2289 2210 2359 dabunt,

549 2389 698 2458 quot
725 2384 920 2454 legem
947 2381 1068 2448 Dei,
1091 2397 1280 2452 quam
1295 2395 1408 2436 nos
1431 2379 1898 2442 contemnimus,
1919 2378 2046 2434 sine
2067 2393 2213 2450 prae-

549 2473 706 2548 cepti
757 2472 938 2527 etiam
983 2469 1400 2525 constrictione
1447 2471 1853 2523 servaverunt.
1901 2466 2082 2537 Igitur
2131 2470 2214 2522 tot

548 2579 750 2619 causae
781 2561 1012 2615 frenare
1041 2573 1155 2613 nos
1193 2555 1548 2624 debuerant,
1597 2555 1869 2612 videlicet
1915 2559 1972 2612 et
2011 2556 2208 2611 foedus

547 2648 854 2708 imitandae
885 2645 1187 2713 castitatis,
1213 2645 1380 2718 quod
1404 2661 1544 2700 cum
1587 2645 1708 2700 suis
1737 2644 2026 2701 militibus
2051 2645 2210 2700 filius

547 2739 788 2810 virginis
818 2742 1108 2809 tanquam
1135 2735 1260 2790 dux
1291 2739 1348 2790 et
1371 2735 1629 2806 prazvius
1661 2733 1809 2799 iniit,
1841 2737 1898 2790 et
1947 2733 2209 2790 conditio

545 2826 858 2904 portandas
883 2825 1094 2894 crucis,
1125 2828 1183 2880 et
1211 2824 1598 2894 consecratio,
1631 2839 1754 2896 qua
1781 2824 1872 2880 vel
1911 2841 1946 2880 a
1989 2839 2206 2896 paren-

545 2919 728 2989 tibus,
759 2914 854 2972 vel
883 2931 920 2970 a
943 2913 1120 2969 nobis
1153 2914 1272 2968 Deo
1301 2911 1625 2980 initiamur,
1669 2915 1723 2968 et
1749 2911 2044 2985 professio
2075 2929 2208 2968 san-
2239 2943 2281 2997 ο

544 3008 620 3064 cti
651 3003 960 3079 propositi,
1005 3002 1106 3058 sed
1160 3006 1218 3057 et
1261 3001 1533 3056 locorum
1579 3001 1907 3057 reverentia
1951 3005 2206 3057 sacrato-

541 3111 700 3160 rum,
731 3097 788 3150 et
811 3091 1084 3148 vicinitas
1117 3093 1296 3146 tanta!
1327 3089 1680 3160 majestatis,
1729 3105 1866 3162 quas
1913 3089 1974 3144 in
2007 3089 2207 3146 altaris

541 3181 830 3256 mysterio
857 3177 1210 3240 continetur,
1245 3192 1356 3232 nec
1380 3192 1504 3232 non
1537 3181 1594 3232 et
1635 3177 2073 3248 Scripturarum
2106 3193 2208 3233 au-

541 3272 782 3329 ctoritas
807 3267 1172 3336 divinarum,
1201 3269 1382 3336 atque
1413 3269 1716 3320 tantorum
1746 3269 1802 3320 et
1829 3270 1966 3322 ante
2009 3265 2206 3336 legem

540 3361 598 3412 et
627 3361 764 3428 post
787 3355 984 3424 legem
1013 3352 1292 3426 exempla
1321 3357 1688 3410 sanctorum.

611 3447 722 3501 Xll.
749 3447 992 3500 Constat
1014 3446 1216 3498 autem
1238 3441 1418 3498 etiam
1439 3457 1600 3496 nunc
1617 3445 1752 3513 post
1777 3441 2206 3514 redemptionis

541 3533 796 3604 gratiam
815 3531 916 3588 illa
938 3529 1248 3600 sententia,
1267 3545 1390 3602 qua
1409 3527 1645 3598 dicitur,
1667 3529 1810 3601 quia
1836 3531 2024 3586 omnis
2063 3546 2204 3588 caro

531 3638 735 3692 prona
765 3625 852 3678 est
877 3619 958 3677 ad
986 3619 1214 3676 malum
1245 3619 1614 3689 (Levitazvu,
1639 3619 1743 3690 14).
1775 3619 1932 3674 Licet
1955 3620 2116 3676 enim
2142 3619 2206 3674 fi-

539 3706 656 3764 lius
681 3709 924 3780 virginis
952 3708 1030 3765 ad
1057 3709 1170 3764 hoc
1187 3707 1556 3780 apparuerit,
1586 3711 1646 3764 ut
1661 3723 1847 3780 opera
1861 3707 2084 3764 diaboli
2107 3707 2205 3763 de-

541 3803 807 3864 strueret,
845 3803 900 3854 et
945 3797 1276 3868 libidinem,
1327 3813 1512 3870 quam
1542 3797 1882 3870 patriarcha
1909 3797 2114 3866 Jacob,
2143 3796 2208 3852 ﬁ-

537 3887 685 3944 lium
711 3887 1026 3960 plangens,
1051 3887 1237 3942 feram
1271 3885 1594 3959 pessimam
1621 3889 1811 3954 vocat,
1841 3903 1879 3943 a
1907 3885 2030 3942 suis
2063 3885 2205 3942 dile-

540 3977 804 4034 ctoribus
825 3976 1228 4054 truncaverit:
1263 3975 1416 4032 adeo
1455 3979 1658 4032 tamen
1687 3975 1886 4031 adhuc
1934 3975 1995 4032 in
2041 3975 2204 4032 silvis

539 4071 882 4124 nostrarum
931 4065 1362 4138 cogitationum
1409 4063 1624 4122 eadem
1676 4065 1868 4122 bestia
1925 4066 2094 4122 saevit
2147 4069 2206 4122 et

539 4156 752 4224 fremit,
785 4161 850 4211 ut
879 4155 976 4210 vix
1005 4154 1266 4228 reperias
1295 4154 1401 4226 qui
1431 4153 1816 4225 naufragium
1839 4154 2088 4227 pudoris
2119 4159 2206 4212 tu-

539 4251 635 4302 tus
659 4243 896 4300 evadat.
928 4247 999 4298 At
1027 4259 1168 4298 vero
1199 4259 1338 4298 cum
1367 4243 1496 4314 ipse
1519 4243 1676 4298 ﬁlius
1699 4243 1941 4313 virginis
1967 4243 2206 4316 respicit

541 4339 761 4390 terram
785 4331 982 4390 cordis
1006 4331 1211 4398 nostri,
1245 4335 1301 4388 et
1327 4330 1469 4387 facit
1495 4347 1630 4388 eam
1661 4337 1931 4402 tremere,
1955 4337 2012 4388 et
2039 4332 2200 4405 dicit,

541 4423 746 4480 ﬂuctui
799 4421 1229 4492 cogitationum
1283 4419 1616 4478 carnalium
1662 4426 1952 4494 tanquam
2000 4423 2199 4480 mari:

539 4513 676 4568 Huc
693 4527 876 4583 usque
894 4511 1200 4581 procedes,
1235 4511 1332 4568 hic
1373 4511 1718 4581 confringes
1766 4517 2054 4569 tumentes
2093 4515 2205 4581 ﬂu-

540 4607 670 4658 ctus
697 4607 826 4658 tuos
859 4601 1007 4672 (Job.
1039 4615 1274 4672 xxxviii,
1302 4600 1386 4670 ll)
1413 4616 1426 4654 :
1460 4599 2048 4672 resipiscitquisquis
2079 4601 2204 4658 illu-

539 4691 756 4750 minari
785 4691 1083 4762 meruerit,
1117 4694 1172 4746 et
1209 4695 1494 4745 aeternam
1525 4691 1888 4760 gehennam,
1925 4705 2112 4760 quam
2139 4690 2200 4746 in

539 4781 760 4850 agonio
781 4779 1206 4850 [matrimonio]
1239 4777 1562 4849 voluptatis
1589 4782 1918 4849 cemparat,
1957 4778 2202 4834 sollicite

539 4868 960 4924 contremiscit.
989 4867 1102 4924 Sed
1123 4867 1172 4922 si
1200 4865 1662 4922 consideraverit
1692 4866 1858 4939 quod
1879 4867 2202 4939 Apostolus

543 4955 994 5012 fornicationem
1014 4956 1186 5027 jubet
1211 4955 1432 5026 fugere,
1467 4961 1523 5012 ct
1569 4955 1732 5027 quod
1779 4957 1950 5010 Jesus
1998 4956 2076 5011 ab
2105 4972 2200 5026 co,

539 5061 724 5118 quem
766 5051 1100 5112 sanavcrat,
1152 5061 1270 5100 uon
1309 5043 1496 5118 possit
1523 5045 1584 5100 in
1619 5044 1794 5100 turba
1837 5045 2100 5116 reperiri,
2146 5050 2204 5100 et

539 5135 706 5208 quod
721 5139 1040 5192 sanaturus
1071 5133 1260 5190 alium
1287 5134 1363 5189 de
1393 5133 1569 5190 turba
1595 5150 1870 5190 seorsum
1899 5133 2061 5188 hunc
2091 5150 2198 5206 ap-

537 5223 938 5297 prehenderit,
956 5227 1012 5280 et
1032 5222 1112 5279 ob
1141 5221 1256 5278 hoc
1295 5239 1332 5279 a
1379 5221 1556 5278 turba
1599 5223 1877 5278 vitiorum
1908 5225 1965 5278 et
2007 5222 2200 5295 pessi-

539 5315 652 5368 mis
692 5313 1110 5385 complicilms.
1147 5316 1432 5382 tanquam
1481 5327 1516 5364 a
1563 5311 1824 5366 Sodoma
1864 5328 1998 5364 cum
2055 5311 2196 5365 Loth

537 5402 855 5474 profugere
877 5403 1144 5468 VUlllt'J'll,
1179 5400 1560 5466 etaliorsum,
1588 5416 1709 5470 quo
1743 5401 1888 5452 lm-tc
1929 5401 2196 5470 peccanti

535 5492 778 5548 libertas
807 5491 1186 5564 aliquatenus
1217 5487 1561 5554 refrenetur,
1597 5487 1873 5544 secedere
1906 5487 2149 5544 voluerit
2179 5506 2192 5543 :

535 5595 682 5637 mox
707 5595 915 5636 omnes
953 5578 1128 5649 quasi
1151 5574 1380 5654 diaboli
1431 5575 1707 5632 satellites
1753 5575 2188 5648 contradicunt,

2321 1667 2493 1730 trent,
2523 1678 2634 1718 nec
2664 1661 2816 1718 alios
2852 1663 3072 1718 intrare
3103 1663 3338 1718 sinant:
3373 1661 3588 1718 saltem
3631 1663 3750 1719 hac
3803 1663 3980 1720 incre-

2319 1751 2558 1824 patione
2587 1752 2824 1808 coerciti
2851 1769 2994 1808 suas
3015 1751 3516 1808 contradictiones
3535 1751 3876 1809 debuerant
3899 1753 3980 1808 isti

2319 1841 2638 1907 refrenare,
2671 1845 2728 1898 et
2755 1840 2850 1898 vel
2879 1841 3184 1915 Egyptios
3215 1841 3452 1908 imitari,
3481 1841 3587 1914 qui
3615 1841 3838 1898 divinas
3875 1843 3978 1898 for-

2320 1929 2562 1985 midinis
2617 1941 2843 2002 pavore
2881 1930 3178 1998 concussi,
3211 1945 3334 1986 non
3381 1929 3580 1986 solum
3629 1931 3981 1987 dimiserunt

2321 2019 2519 2088 Israel,
2551 2019 2658 2076 sed
2707 2019 2886 2076 etiam
2939 2025 3298 2076 ornamenta
3345 2022 3770 2093 praestiterunt.
3821 2021 3978 2086 Quod

2319 2107 2566 2180 quidem
2597 2113 2651 2164 et
2681 2109 2775 2164 isti
2805 2109 3214 2166 dehortatores
3244 2109 3436 2165 ficere
3471 2109 3682 2178 solent,
3699 2109 3820 2166 illis
3843 2111 3979 2166 dun-

2321 2199 2486 2254 taxat
2533 2197 2638 2270 qui
2667 2213 2778 2270 pro
2826 2197 3030 2271 aliquo
3083 2199 3398 2272 temporali
3446 2199 3778 2256 commodo
3808 2199 3978 2255 disce-

2321 2285 2490 2356 dunt,
2522 2302 2696 2359 quos,
2729 2291 2794 2342 ut
2823 2303 3012 2360 supra
3047 2288 3272 2344 dictum
3323 2293 3428 2354 est,
3481 2305 3604 2344 non
3657 2289 3975 2345 desertores

2321 2381 2555 2448 putant,
2573 2375 2679 2432 sed
2693 2392 2818 2432 sua;
2841 2376 3048 2432 salutis
3065 2377 3422 2449 provisores.
3443 2378 3746 2450 Scriptum
3769 2377 3974 2450 quippe

2323 2469 2412 2520 est
2443 2483 2456 2520 :
2503 2466 2610 2520 Vos
2641 2467 2746 2536 qui
2767 2468 2828 2520 in
2857 2468 3081 2522 Austro
3109 2467 3391 2522 habitatis
3437 2469 3744 2523 occurrite
3771 2467 3976 2522 sitienti

2324 2570 2456 2610 cum
2486 2554 2742 2624 panibus
2769 2555 2909 2625 (Isa.
2943 2572 3066 2622 xm,
3105 2557 3212 2626 14).
3245 2561 3325 2610 Ac
3355 2554 3403 2610 si
3425 2555 3748 2620 diceretur,
3773 2571 3870 2612 eos
3885 2555 3974 2627 qui

2319 2643 2622 2699 charitatis
2651 2643 2866 2700 ardore
2891 2645 3144 2712 fervetis,
3173 2645 3244 2712 ci,
3273 2645 3378 2718 qui
3407 2645 3742 2700 Dominum
3771 2645 3974 2700 fontem

2317 2731 2522 2787 vivum
2575 2749 2842 2804 quaerere
2881 2733 3104 2800 nititur,
3133 2733 3500 2804 adjutorium
3545 2733 3830 2805 praebete.
3878 2733 3972 2788 Ve-

2318 2837 2452 2876 rum
2483 2821 2530 2876 si
2559 2821 2741 2878 Jacob
2773 2821 2852 2878 ad
2881 2827 3110 2894 patrem
3141 2822 3330 2878 redire
3357 2825 3608 2895 cupiens
3637 2823 3968 2880 obstinatio-

2319 2925 2457 2964 nem
2486 2909 2694 2966 Laban
2725 2909 2982 2966 reditum
3027 2911 3156 2981 ejus
3205 2911 3494 2984 impedire
3539 2912 3840 2968 molientis
3885 2912 3970 2966 de-

2317 2999 2649 3070 prehendit,
2695 3003 2930 3072 oportet
2959 3005 3020 3054 ut
3049 3001 3207 3055 hanc
3257 2999 3530 3056 clanculo
3579 3001 3838 3072 fugiens,
3887 2999 3966 3055 vel

2315 3087 2585 3142 humano
2615 3087 2866 3143 consilio
2891 3088 3222 3144 frustretur.
3256 3089 3378 3144 Hoc
3409 3093 3500 3145 est
3537 3090 3705 3146 enim
3731 3089 3966 3163 pruden-

2317 3181 2438 3231 tem
2464 3192 2592 3232 esse
2623 3177 2776 3232 sicut
2805 3183 3165 3249 serpentem,
3211 3177 3314 3250 qui
3345 3177 3574 3233 vulneri
3618 3183 3802 3252 caput
3851 3195 3962 3234 ma-

2315 3265 2474 3320 xime
2505 3265 2778 3336 subjicit;
2807 3265 2856 3320 si
2884 3271 2938 3320 te
2960 3281 3030 3321 eo
3062 3265 3390 3332 subducas,
3421 3266 3524 3322 ubi
3555 3273 3762 3340 caput,
3817 3265 3960 3340 quod

2316 3354 2579 3410 Christus
2605 3359 2713 3424 est,
2747 3370 3106 3410 conservare
3136 3355 3351 3427 possis.
3384 3357 3432 3410 A
3470 3357 3608 3412 dom
3631 3359 3807 3414 :sticis
3840 3357 3956 3422 tuis,

2315 3441 2526 3515 inquit,
2557 3457 2698 3499 cave
2733 3443 2938 3512 (Eccli.
2997 3459 3168 3510 χχχιι,
3210 3445 3321 3514 26).
3385 3443 3442 3500 Si
3473 3460 3620 3514 ergo
3681 3445 3954 3502 dixerint:

2315 3534 2692 3588 necessarius
2721 3547 2783 3587 es
2833 3531 3230 3588 confratribus
3277 3533 3368 3588 vel
3415 3535 3780 3608 propinquis
3815 3535 3954 3592 tuis:

2314 3621 2743 3694 respondebis:
2775 3624 3004 3678 Bonum
3031 3625 3120 3678 est
3149 3622 3387 3678 visitare
3431 3623 3728 3696 pupillos,
3775 3625 3854 3680 ita
3891 3629 3958 3678 ta-

2315 3726 2456 3766 men
2481 3715 2540 3764 ut
2561 3710 3020 3766 immaculatum
3051 3717 3104 3766 te
3137 3711 3439 3768 custodias
3469 3712 3548 3767 ab
3579 3714 3700 3769 hoc
3744 3711 3954 3768 saeculo.

2315 3801 2382 3854 Et
2410 3799 2730 3872 Apostolus
2759 3803 2964 3855 Jesum
2994 3799 3162 3872 sequi
3187 3800 3416 3870 jussus,
3449 3815 3560 3856 nec
3611 3807 3842 3875 patrem
3883 3815 3954 3854 se-

2313 3889 2482 3961 peliri
2513 3889 2871 3961 permittitur
2899 3889 3166 3962 quidem.
3195 3893 3258 3945 ln
3285 3889 3440 3946 libro
3493 3893 3756 3964 septimo
3801 3889 3956 3948 Colla-

2313 3977 2546 4034 tionum
2573 3979 2792 4050 Joseph
2819 3978 3066 4034 cremita
3093 3977 3464 4035 sutﬁcientur
3501 3980 3783 4036 edisserit
3815 3975 3954 4052 quod

2313 4066 2407 4122 ille
2437 4066 2624 4122 ﬁdem
2653 4083 2776 4122 suae
2805 4067 3194 4140 professionis
3235 4067 3452 4124 reetius
3501 4075 3723 4132 servat,
3769 4068 3864 4142 qui
3905 4081 3956 4120 se

2314 4157 2390 4212 ad
2422 4173 2562 4212 eum
2591 4157 2792 4212 locum
2819 4157 3152 4228 contulerit,
3176 4173 3298 4230 quo
3325 4159 3658 4215 Doruinicae
3681 4157 3818 4214 ﬁdei
3833 4173 3956 4231 prae-

2313 4251 2484 4320 cepta
2511 4245 2748 4319 plenius
2776 4246 3104 4319 adimplere
3133 4247 3408 4319 potuerit.
3445 4250 3510 4304 Et
3547 4263 3760 4304 revera
3801 4243 3954 4320 quale

2314 4340 2487 4405 esset,
2519 4335 2568 4390 si
2592 4335 2730 4408 quis
2761 4335 3145 4405 naufragium
3171 4335 3612 4406 dehortaretur,
3645 4353 3722 4393 ne
3765 4335 3850 4392 vel
3883 4339 3952 4388 ta-

2311 4424 2522 4481 bulam
2551 4425 2854 4498 arriperet,
2913 4425 3002 4480 vel
3034 4426 3083 4481 si
3111 4441 3352 4482 ramum
3379 4429 3767 4496 truncaverit,
3795 4437 3952 4499 quem

2311 4515 2460 4570 forte
2487 4530 2676 4570 manu
2720 4513 2796 4570 de
2843 4514 3075 4584 gurgite
3127 4530 3438 4585 emergens
3491 4512 3949 4589 apprehenderit,

2311 4603 2404 4660 vel
2435 4607 2588 4660 certe
2615 4605 2662 4658 si
2693 4603 2748 4659 ei
2781 4603 2886 4676 qui
2916 4603 3192 4660 ceciderit
3221 4605 3490 4674 suadeat,
3540 4610 3612 4660 ut
3659 4609 3950 4678 postquam

2311 4691 2494 4746 semel
2516 4691 2758 4760 corruit,
2789 4691 2871 4746 ibi
2901 4691 3184 4764 deinceps
3205 4693 3422 4762 jaceat,
3476 4709 3619 4748 cum
3673 4691 3948 4748 Psalmis-ta

2309 4779 2470 4835 dicat
2498 4798 2510 4834 :
2543 4781 2835 4850 Nunquid
2851 4783 2955 4852 qui
2983 4781 3164 4848 cadit,
3193 4797 3312 4836 non
3357 4781 3630 4852 adjiciet,
3683 4788 3746 4838 ut
3785 4793 3950 4836 resur-

2309 4869 2458 4938 gat?
2485 4869 2674 4935 (Psal.
2708 4885 2804 4936 XL,
2835 4869 2908 4938 9.)
2941 4871 3008 4924 Et
3037 4869 3264 4925 utinam
3321 4869 3532 4926 saltem
3585 4870 3688 4926 tali
3731 4869 3946 4924 horrore

2309 4955 2508 5011 locum
2541 4955 2644 5010 ubi
2694 4956 2898 5012 anima
2937 4958 3160 5014 corruit
3203 4973 3682 5026 exsecraremur,
3733 4961 3944 5026 iamque

2309 5043 2684 5116 pertinaciter
2707 5045 2785 5100 ab
2815 5044 2946 5116 ejus
2969 5045 3148 5117 lapsu
3173 5063 3486 5117 resurgere
3515 5060 3881 5106 conaremur,
3897 5043 3944 5094 ut

2309 5131 2580 5188 videlicet
2633 5132 2800 5189 illum
2857 5135 3179 5192 vitai-emus
3237 5135 3340 5191 ubi
3387 5151 3642 5209 corpore
3693 5133 3938 5190 labimur.

2309 5223 2430 5278 Hoc
2460 5227 2670 5280 contra
2682 5239 2784 5279 eos
2811 5223 3036 5280 dictum
3054 5225 3149 5294 sit,
3173 5223 3278 5297 qui
3305 5223 3644 5281 desertores
3673 5217 3942 5296 appellant

2307 5311 2458 5384 illos,
2491 5313 2590 5384 qui
2623 5311 2824 5367 locum
2859 5314 2958 5368 ubi
2985 5313 3274 5387 peeeamli
3305 5313 3544 5369 libertas
3577 5318 3686 5374 est,
3717 5307 3938 5365 derelin-

2307 5409 2579 5473 qucutes,
2607 5402 2708 5456 tuti
2747 5405 2861 5456 lico
2897 5403 3170 5458 famulari
3203 5403 3570 5458 «.lcsideraut.

2375 5490 2508 5546 Xlll.
2547 5491 2656 5546 Sed
2691 5493 2754 5544 ut
2805 5490 2882 5545 ad
2922 5491 3074 5546 tilias
3129 5491 3266 5546 Sion
3300 5491 3582 5547 delicatas
3627 5489 3932 5544 redeamus.

2305 5593 2440 5649 quin
2457 5579 2518 5635 in
2537 5577 2691 5634 Isaia
2715 5583 2956 5650 propter
2977 5579 3288 5636 mollitiem
3303 5595 3426 5637 non
3448 5577 3572 5646 filii,
3597 5577 3700 5634 sed
3711 5576 3836 5632 tiliae
3849 5585 3934 5626 no—
