4094 6156
231 210 327 263 561

1257 206 1753 264 COLLATIONUM
1811 207 1996 262 LIBRI
2051 208 2247 264 TRES.
2282 239 2350 249 -
2384 212 2510 267 LIB.
2554 209 2620 266 ll.

3545 219 3649 271 562

217 331 549 403 minantur,
572 336 629 389 et
657 336 852 407 erecto
883 332 1035 389 collo
1066 331 1520 405 compositoque
1551 331 1745 401 gradu
1788 330 1877 386 in-
1906 334 1949 386 A
1991 330 2086 387 ille
2135 338 2441 390 auctorem
2489 333 2894 408 superbiendo
2942 337 3288 407 contemnit,
3328 338 3462 409 jure
3513 343 3568 397 et
3613 356 3650 397 a

218 422 431 478 cedere
461 426 777 479 notantur:
835 426 1058 479 Durum
1101 426 1208 489 est,
1248 421 1550 493 inquiunt,
1591 420 1757 493 quod
1783 420 1877 491 ju-

216 511 414 577 betur,
442 510 681 582 fragiles
710 528 941 575 sumus,
973 511 1078 583 qui
1103 516 1161 567 et
1188 526 1572 584 paganorum
1600 509 1877 582 irruptio-

215 599 420 670 nibus,
454 604 511 656 et
554 599 754 655 multis
792 599 922 655 aliis
959 599 1259 670 augustati
1301 599 1619 672 pressuris,
1647 614 1878 671 nequa-

214 704 408 763 quam
429 687 701 745 valemus
727 704 962 746 servare
988 689 1399 762 propositum:
1420 688 1525 744 sed
1558 687 1606 742 si
1632 685 1878 758 fragiles

214 793 453 847 sumus,
482 775 737 833 humiles
764 792 873 849 per
897 777 1012 834 hoc
1042 792 1171 833 esse
1200 776 1389 833 decet.
1419 779 1569 832 Nam
1595 773 1744 847 quid
1781 790 1878 829 su-

212 865 413 941 perbit
438 870 591 922 terra
638 869 696 923 et
743 866 938 922 cinis?
970 866 1027 923 Si
1068 866 1359 939 oppressi,
1407 863 1877 921 comessationes

216 959 279 1011 et
300 953 659 1012 indumenta
684 954 946 1027 pretiosa
972 954 1111 1010 inde
1152 953 1524 1027 suppetunt?
1550 955 1641 1008 An
1671 950 1877 1017 vestis,

213 1043 316 1100 cui
341 1047 499 1099 Deus
537 1042 808 1099 nativum
839 1042 1005 1099 dedit
1032 1044 1315 1110 colorem,
1346 1057 1472 1097 non
1510 1039 1668 1096 valet
1693 1040 1881 1111 frigus

213 1147 419 1189 arcere
449 1130 564 1187 nisi
592 1131 851 1203 tingatur
870 1132 898 1187 ?
926 1135 1043 1187 Aut
1080 1132 1207 1187 sine
1249 1129 1574 1187 concubitu
1616 1144 1741 1184 non
1775 1143 1880 1201 po-

209 1226 329 1279 test
356 1221 552 1278 vivere
569 1222 756 1279 homo
773 1222 801 1278 ?
828 1221 935 1278 sed
954 1220 1102 1278 forte
1131 1219 1566 1277 intolerabilem
1584 1218 1720 1292 quis
1743 1234 1881 1274 cau-

213 1316 384 1369 satur
410 1310 710 1367 ardorem.
742 1313 809 1368 Et
836 1309 941 1367 ubi
968 1313 1058 1366 est
1084 1309 1232 1365 illud
1250 1310 1277 1364 ?
1315 1310 1450 1365 Non
1474 1309 1749 1378 patietur
1778 1321 1879 1363 vos

213 1403 441 1458 tentari
461 1415 643 1470 super
665 1400 730 1456 id
758 1399 921 1472 quod
941 1402 1236 1469 potestis?
1262 1399 1318 1468 (Ι
1345 1398 1484 1455 Cor.
1504 1414 1562 1463 χ,
1596 1400 1706 1463 l3).
1743 1398 1880 1451 Bes-

210 1489 481 1564 pondeat
529 1494 779 1546 sanctus
834 1489 1233 1560 Hieronymus
1289 1485 1777 1543 excusationibus
1817 1484 1879 1540 in

214 1579 500 1654 peccatis.
536 1578 681 1635 Dicit
709 1578 870 1635 enim
914 1578 975 1634 in
1008 1577 1260 1651 epistola
1290 1576 1367 1632 ad
1400 1574 1876 1632 Demetriadem:

1993 421 2235 477 subdita
2289 438 2467 479 carne
2508 428 2947 479 contemnatur.
2983 428 3133 493 Ergo
3184 427 3348 481 virus
3388 426 3649 485 libidinis

1990 509 2065 564 de
2096 511 2315 581 radice,
2364 517 2418 567 et
2462 512 2537 567 dc
2592 513 2803 567 merito
2852 514 3116 568 nascitur
3153 514 3444 571 elationis.
3478 516 3649 581 Quod

1991 614 2130 654 cum
2170 599 2251 656 ita
2277 600 2370 667 sit,
2401 605 2542 657 tunc
2573 601 2779 657 anima
2804 616 2911 674 per
2933 601 3230 672 originem
3259 603 3450 676 culpae
3481 620 3648 661 more

1982 690 2397 760 jumentorum
2440 691 2502 746 in
2532 690 2831 747 luxuriam
2864 692 3042 761 cadit,
3072 709 3212 748 cum
3243 693 3647 766 superbiendo

1989 793 2156 833 more
2188 778 2495 835 volucrum
2530 779 2687 836 ultra
2708 780 2875 853 quod
2909 780 3117 836 debuit
3145 781 3354 838 elevat.
3389 782 3535 838 Hinc
3561 787 3650 840 est

1990 866 2151 922 enim
2170 868 2336 939 quod
2366 868 2459 924 vel
2492 869 2540 923 is
2571 869 2673 942 qui
2721 873 2877 925 stare
2900 868 3219 925 videbatur
3246 869 3424 938 cadit,
3475 871 3569 926 vel
3598 872 3647 927 is

1990 956 2094 1028 qui
2123 956 2329 1029 lapsus
2358 961 2465 1027 est,
2497 973 2807 1027 resurgere
2835 958 3061 1032 nequit.
3118 959 3263 1015 Hinc
3310 964 3399 1015 est
3444 960 3646 1033 itaque

1990 1046 2156 1118 quod
2208 1045 2393 1117 longa
2423 1047 2789 1103 continentia
2828 1052 3071 1121 repente
3115 1048 3378 1120 solvitur,
3412 1054 3469 1105 et
3518 1049 3646 1123 ple-

1990 1150 2248 1207 rumque
2278 1135 2587 1206 virginitas
2614 1136 2673 1192 in
2705 1136 2870 1193 scnili
2905 1140 3078 1192 (etate
3103 1136 3363 1193 vitiatur.
3398 1138 3491 1195 Sic
3524 1138 3647 1195 ela-

1991 1223 2071 1280 tio
2122 1225 2409 1281 nimirum
2455 1225 2634 1281 debet
2680 1224 2836 1282 ﬁeri:
2881 1230 2944 1282 ut
2986 1226 3090 1299 qui
3133 1242 3195 1282 se
3243 1228 3646 1299 superbiendo

1991 1318 2129 1370 ante
2154 1315 2362 1370 oculos
2409 1314 2509 1370 Dei
2551 1314 2863 1381 extollunt,
2894 1332 3087 1389 usque
3131 1316 3210 1373 ad
3234 1316 3647 1388 jumentorum

1992 1402 2441 1458 similitudinem
2490 1402 2632 1458 foris
2672 1402 3083 1461 devolvantur.
3132 1405 3241 1471 Qui
3294 1420 3436 1475 ergo
3492 1406 3649 1461 vitiis

1990 1491 2263 1548 resistere
2301 1493 2483 1564 cupit,
2519 1491 2634 1547 sub
2660 1493 2886 1565 potenti
2922 1509 3109 1549 manu
3150 1493 3250 1549 Dei
3282 1494 3646 1550 humilietur.

2064 1580 2177 1637 XV.
2210 1584 2427 1636 Annon
2446 1581 2509 1636 in
2539 1580 2862 1637 luxuriosis
2879 1582 3293 1653 jumentorum
3325 1583 3650 1640 similitudo

212 1673 417 1742 Neque
449 1669 609 1725 enim
639 1668 757 1725 alia
786 1683 971 1724 causa
996 1666 1137 1723 facit
1171 1665 1581 1721 difﬁcultatem
1609 1663 1764 1718 bene
1795 1661 1879 1717 vi-
1908 1682 1951 1737 Β
1991 1669 2127 1724 est?
2182 1672 2399 1724 Annon
2452 1669 2535 1724 sit:
2585 1685 2778 1742 equus
2826 1675 2886 1726 et
2939 1670 3141 1725 mulus
3197 1670 3494 1727 intellectu
3550 1689 3650 1729 ca-

209 1757 417 1825 dendi,
440 1772 630 1830 quam
658 1756 841 1827 longa
871 1754 1243 1813 consuetudo
1281 1752 1573 1827 peccandi
1602 1768 1737 1825 quae
1766 1766 1880 1807 nos

212 1848 298 1904 ita
325 1852 482 1904 tenet
510 1846 801 1914 addictos,
836 1850 899 1902 ut
922 1845 1254 1918 quamdam
1284 1843 1402 1899 vin:
1430 1857 1659 1899 naturae
1681 1840 1880 1897 videa-

210 1942 312 1993 tur
355 1936 602 1993 habere.
641 1935 921 1992 Miramur
962 1951 1098 1989 cum
1138 1949 1263 1989 non
1312 1932 1486 1988 nobis
1535 1929 1877 1997 desidiosis,

211 2025 342 2080 sine
369 2023 599 2091 labore,
622 2022 797 2095 quasi
823 2022 901 2078 ab
928 2021 1045 2077 alio
1074 2021 1359 2077 sanctitas
1393 2018 1751 2085 conferatur,
1775 2017 1882 2090 qui

206 2112 447 2169 nullam
464 2111 609 2167 boni
640 2111 1139 2167 consuetudinem
1167 2109 1451 2177 fecimus,
1470 2107 1688 2164 Malum
1710 2122 1883 2162 nam-

208 2217 335 2273 que
364 2204 535 2256 vetus
566 2199 885 2272 impugnat
910 2198 1276 2255 voluntatem
1302 2213 1526 2253 novam
1550 2215 1563 2265 ;
1583 2194 1881 2269 quidquid

209 2290 482 2362 primum
514 2288 575 2343 in
627 2294 681 2345 te
713 2288 1053 2357 institueris,
1086 2289 1201 2343 hoc
1235 2285 1526 2342 manebit.
1571 2287 1883 2358 Quaprop-

212 2383 306 2434 ter
335 2393 481 2432 usus
529 2376 772 2432 inolevit
821 2385 885 2432 ut
910 2376 1079 2449 pueri
1112 2375 1201 2430 vel
1246 2374 1457 2448 puellae
1511 2372 1880 2446 spiritalibus

210 2465 429 2522 studiis
490 2465 998 2537 manciparentur,
1066 2464 1421 2536 priusquam
1488 2461 1880 2518 saecularibus

208 2553 517 2613 blanditiis
567 2554 945 2611 illicerentur.
982 2554 1096 2611 Sed
1143 2554 1293 2625 proh
1323 2552 1532 2608 dolor!
1565 2551 1879 2626 iniquitate

204 2646 339 2717 jam
359 2642 912 2717 superabundante,
944 2658 1037 2699 res
1067 2642 1127 2697 in
1165 2642 1532 2698 contrarium
1563 2657 1733 2696 versa
1754 2644 1874 2696 est:

209 2732 419 2790 schola
460 2733 745 2789 virtutum
798 2732 957 2788 facta
1009 2737 1101 2787 est
1150 2730 1663 2804 amphitheatrum
1712 2729 1880 2785 vitio-

206 2839 368 2879 rum.
402 2821 487 2878 lbi
513 2821 656 2877 vitia
694 2820 1008 2877 discuntur
1046 2820 1262 2889 magis,
1297 2819 1401 2874 ubi
1448 2818 1735 2874 dissuesci
1778 2818 1880 2873 de-

202 2912 484 2968 buerant.
519 2910 692 2978 Quid,
723 2910 891 2982 quod
926 2910 1409 2978 tergiversamur,
1435 2912 1492 2962 et
1513 2911 1744 2962 naturae
1767 2906 1879 2962 fra-

205 3000 498 3073 gilitatem
526 2998 1084 3089 opponimusUDeo,
1116 2996 1297 3069 quasi
1334 2994 1561 3089 nesciat
1596 2994 1875 3089 ille_qua-
1908 3033 1948 3089 Β

203 3091 297 3147 les
348 3105 475 3145 non
522 3088 677 3157 fecit,
723 3093 779 3144 et
827 3087 1047 3144 oblitus
1098 3090 1317 3142 nostra;
1366 3086 1653 3141 humanae
1693 3083 1875 3155 fragi-

203 3179 386 3236 litatis
414 3177 769 3252 imposuerit
809 3176 1040 3232 homini
1070 3174 1360 3231 mandata
1384 3189 1522 3247 quae
1553 3174 1703 3230 ferre
1750 3188 1874 3228 non

204 3267 437 3342 possit?
464 3268 507 3323 Ο
539 3281 764 3321 caecam
792 3264 1093 3321 insaniam
1123 3268 1179 3320 et
1225 3262 1544 3336 profanam
1585 3260 1877 3318 temerita-

208 3357 370 3415 tem!
410 3354 728 3428 Dupliciter
756 3353 980 3427 quippe
1024 3355 1213 3409 Deum
1257 3352 1531 3409 videmur
1575 3352 1872 3407 incusare.

207 3452 417 3520 Neque
461 3445 620 3502 enim
664 3445 864 3516 justus
908 3444 1013 3516 qui
1055 3459 1237 3517 posse
1267 3442 1450 3510 dedit,
1502 3441 1876 3515 impossibile

206 3535 442 3610 aliquid
492 3536 790 3607 imperare
841 3538 1080 3606 potest;
1139 3548 1338 3606 neque
1390 3533 1495 3606 qui
1560 3531 1698 3606 pius
1765 3536 1873 3603 est,

205 3625 522 3683 hominem
567 3622 999 3680 condemnaret
1051 3638 1160 3694 pro
1203 3622 1296 3677 his
1348 3638 1484 3694 quae
1521 3622 1706 3678 vitare
1750 3636 1875 3677 non

198 3717 424 3789 potest.
471 3714 540 3768 Et
580 3710 892 3784 quomodo
936 3714 1118 3766 staret
1162 3709 1330 3782 quod
1375 3710 1501 3783 ipse
1548 3708 1870 3783 perhibet:

195 3806 433 3874 Jugum
489 3816 683 3857 meum
732 3814 913 3856 suave
949 3803 1084 3855 est?
1141 3799 1383 3865 (Matth.
1415 3814 1497 3869 χι,
1542 3798 1654 3867 30).
1710 3800 1875 3854 Hanc

198 3893 417 3964 itaque
439 3890 606 3960 justo
646 3887 1048 3960 iniquitatem,
1075 3903 1185 3943 nec
1210 3887 1310 3960 pio
1337 3886 1749 3943 crudelitatem
1775 3902 1875 3942 as-

197 3978 545 4036 cribamus.

278 4069 420 4125 XIV.
478 4065 632 4134 Quid
680 4070 883 4122 autem
932 4065 1026 4134 sit,
1057 4064 1223 4137 quod
1254 4063 1522 4136 plerique
1567 4079 1678 4120 nec
1706 4062 1878 4118 resis-

200 4157 393 4216 tendo
422 4157 578 4213 vitiis
612 4155 906 4211 contraire
951 4158 1231 4226 possunt.
1272 4152 1590 4208 Psalmista
1628 4151 1876 4225 requisi-

202 4255 305 4305 tus
336 4246 619 4315 insinuat,
651 4261 795 4300 nam
845 4243 1021 4317 quasi
1050 4241 1127 4297 de
1176 4241 1307 4298 sola
1356 4246 1545 4298 matre
1592 4241 1875 4297 vitiorum

201 4336 501 4393 sollicitus
554 4334 679 4390 ait:
730 4335 935 4389 Veniat
986 4333 1137 4388 mihi
1186 4346 1291 4402 pes
1338 4331 1630 4401 superbia:
1680 4331 1870 4399 (Psal.

202 4442 384 4495 xxxv,
422 4426 526 4495 t2).
565 4426 627 4478 Et
657 4422 825 4495 quod
871 4422 1005 4494 ipsa
1032 4421 1209 4477 totius
1254 4419 1442 4475 ruinae
1467 4436 1651 4476 causa
1689 4425 1748 4476 et
1773 4436 1874 4477 oc-

202 4514 379 4573 casio
419 4514 493 4569 sit
541 4510 861 4567 subdendo
909 4510 1272 4574 manifestat,
1303 4508 1510 4565 dicens
1552 4508 1636 4564 ibi
1671 4509 1872 4566 idem:

203 4608 286 4662 In
331 4602 615 4672 superbia
656 4600 1018 4663 ceciderunt,
1067 4601 1172 4670 qui
1218 4592 1549 4669 operantur
1590 4600 1877 4670 iniquita-

207 4700 329 4750 tem
360 4690 546 4763 (Psal.
580 4692 896 4755 xxxvth).
922 4688 1031 4753 Qui
1069 4687 1249 4757 igitur
1282 4690 1565 4759 operatur
1595 4686 1878 4759 iniquita-

206 4789 336 4839 tem
400 4778 563 4849 foris,
613 4778 783 4851 prius
832 4792 939 4849 per
1004 4776 1350 4849 superbiam
1417 4775 1640 4832 corruit
1694 4776 1876 4832 intus.

208 4870 348 4934 Quo
388 4871 597 4924 contra
627 4865 796 4922 electi
839 4865 913 4921 de
964 4868 1080 4922 Deo
1131 4866 1381 4922 dicunt:
1418 4867 1535 4935 Qui
1559 4867 1729 4923 docet
1775 4883 1882 4923 nos

205 4971 397 5027 super
408 4959 711 5027 jumenta,
742 4961 797 5012 et
836 4970 1018 5025 super
1052 4956 1321 5012 volucres
1374 4957 1511 5012 caeli
1537 4957 1736 5012 erudit
1776 4973 1883 5014 nos

207 5045 350 5117 (Job
389 5062 556 5113 xxxv,
608 5046 717 5116 Η),
762 5043 908 5117 quia
954 5043 1229 5099 videlicet
1258 5042 1407 5098 dum
1435 5059 1507 5099 eo
1555 5042 1883 5116 inspirante

207 5133 482 5205 cogitant
528 5133 678 5207 quid
721 5137 883 5203 sunt,
932 5148 1043 5188 nec
1072 5148 1176 5187 eos
1220 5131 1503 5202 fragilitas
1541 5132 1738 5188 carnis
1788 5147 1886 5187 ve-

207 5223 303 5280 lut
324 5223 604 5294 jumenta
639 5221 865 5294 dejicit,
897 5236 1004 5277 nec
1032 5219 1094 5276 in
1124 5220 1409 5293 superbia
1437 5220 1681 5293 spiritus
1710 5220 1885 5293 quasi

206 5311 491 5369 volucres
521 5310 733 5367 elevat.
765 5310 877 5376 Qui
919 5309 1080 5365 enim
1126 5325 1306 5365 carne
1346 5308 1569 5365 labitur
1613 5308 1676 5364 in
1706 5308 1884 5363 luxu-

210 5401 395 5469 riam,
437 5416 601 5456 more
626 5398 882 5470 jumenti
931 5398 1352 5472 prosternitur:
1401 5398 1504 5470 qui
1545 5400 1743 5452 mente
1783 5413 1884 5452 ex-

213 5489 464 5557 tollitur,
496 5487 674 5560 quasi
719 5488 839 5544 alta
881 5489 1026 5561 petit
1072 5492 1137 5542 ut
1166 5487 1312 5542 avis.
1357 5487 1413 5542 Si
1447 5486 1606 5542 enim
1637 5485 1734 5557 pie
1766 5486 1885 5558 spi-

209 5579 371 5637 ritus
401 5577 516 5633 sub
557 5577 814 5634 Domino
860 5576 1168 5649 premitur,
1204 5580 1271 5631 ut
1313 5591 1500 5649 supra
1544 5574 1794 5644 dictum,
1823 5575 1890 5630 il-

213 5666 377 5726 licite
408 5681 545 5725 care
584 5681 765 5741 super
806 5665 1082 5739 spiritum
1128 5679 1250 5720 non
1294 5663 1581 5723 elevatur.
1628 5664 1801 5731 Quod
1841 5664 1890 5721 si

1989 1761 2143 1828 rent,
2174 1757 2278 1830 qui
2322 1762 2583 1829 sperant,
2615 1757 2707 1814 vel
2745 1759 2945 1831 potius
2994 1774 3234 1831 sperare
3278 1776 3341 1815 se
3390 1759 3646 1828 ﬁngunt,

1990 1846 2157 1919 quod
2203 1846 2398 1902 carnis
2451 1846 2807 1903 concubitus
2864 1847 2942 1904 ad
3002 1848 3321 1904 sanitatem
3378 1848 3653 1921 proﬁciat

1991 1935 2303 2008 corporis?
2346 1952 2485 1991 cum
2516 1937 2809 2009 propheta
2839 1937 2997 1993 dicat
3030 1955 3043 1992 :
3081 1938 3250 1994 Sana
3292 1953 3401 2004 me,
3448 1938 3650 1993 Domi-

1991 2040 2086 2088 ne,
2136 2030 2188 2080 et
2243 2024 2505 2080 sanabor
2553 2028 2698 2092 (Jer.
2746 2041 2884 2096 xvu,
2936 2028 3042 2095 14).
3094 2027 3346 2081 Domino
3401 2041 3651 2096 sperans

1993 2129 2112 2169 non
2143 2113 2498 2182 inﬁrmabor
2532 2116 2721 2181 (Psal.
2756 2131 2889 2184 xxv,
2926 2116 2996 2186 l).
3047 2114 3219 2180 Quod
3270 2115 3352 2171 ita
3395 2115 3468 2171 de
3500 2115 3655 2171 sani-

1993 2206 2110 2258 tate
2135 2202 2351 2258 mentis
2398 2202 2762 2273 intelligitur,
2791 2208 2856 2260 ut
2886 2208 3088 2259 tamen
3118 2204 3193 2260 de
3246 2205 3497 2261 sanitate
3527 2221 3655 2261 car-

1991 2290 2085 2347 nis
2127 2307 2251 2347 non
2300 2297 2568 2363 negetur.
2601 2294 2669 2349 Et
2713 2293 2875 2348 enim
2925 2297 3169 2348 econtra
3215 2293 3362 2348 nihil
3399 2293 3480 2349 ita
3527 2309 3653 2350 car-

1990 2395 2129 2435 nem
2161 2379 2430 2435 debilitat
2469 2385 2536 2436 ut
2580 2381 2837 2447 luxuria,
2872 2381 3034 2436 unde
3080 2381 3479 2453 Hieronymus
3524 2382 3646 2438 ait:

1992 2469 2116 2525 Cito
2147 2474 2466 2525 senescunt
2502 2486 2637 2541 quae
2686 2470 2848 2541 justa
2896 2470 3058 2525 viros
3106 2474 3264 2526 sunt.
3311 2470 3420 2536 Qui
3469 2470 3650 2527 desti-

1988 2557 2113 2613 nati
2142 2557 2307 2629 apud
2336 2557 2583 2628 gentiles
2631 2563 2801 2615 erant
2834 2558 2927 2615 vel
2957 2558 3037 2613 ad
3089 2558 3368 2615 bravium
3415 2574 3649 2615 currere

1988 2648 2083 2703 vel
2114 2647 2175 2703 in
2200 2648 2430 2704 theatro
2458 2648 2669 2704 luctari
2696 2667 2709 2704 :
2742 2665 2816 2705 ne
2840 2649 3049 2722 polluti
3081 2665 3188 2722 per
3226 2650 3530 2705 somnium
3562 2650 3646 2705 vi-

1988 2736 2155 2792 ribus
2197 2741 2645 2805 enervarentur,
2692 2738 3014 2809 plumbeas
3059 2737 3319 2794 laminas
3370 2738 3526 2793 circa
3554 2738 3645 2794 in-

1989 2826 2200 2895 guines
2248 2825 2638 2881 adhibebant.
2700 2827 2810 2882 Sed
2860 2826 3009 2895 istis,
3064 2832 3128 2882 ut
3189 2828 3485 2899 propheta
3542 2828 3641 2894 ait,

1988 2913 2396 2969 fornicationis
2445 2929 2619 2970 amor
2649 2913 2893 2970 abstulit
2937 2930 3077 2981 cor;
3125 2915 3351 2987 quippe
3399 2915 3503 2987 qui
3532 2931 3642 2971 nec

1987 3004 2102 3058 hoc
2160 3002 2359 3075 ipsum
2426 3002 2761 3071 intelligunt
2813 3017 2918 3074 per
2976 3019 3211 3058 sacram
3276 3003 3641 3075 Scripturam

1986 3092 2152 3165 quod
2182 3092 2405 3163 pagani
2436 3095 2726 3147 noverant
2756 3107 2863 3163 per
2915 3091 3409 3163 experimentum.
3447 3091 3640 3147 Chris~

1986 3185 2080 3237 tus
2110 3195 2376 3251 namque
2399 3178 2573 3250 jubet
2618 3182 2683 3234 ut
2710 3194 2822 3251 pro
2870 3178 3059 3234 salute
3104 3178 3322 3234 anima:
3370 3178 3641 3234 tradatur

1985 3285 2225 3342 corpus,
2268 3272 2511 3324 econtra
2540 3284 2649 3341 pro
2703 3267 2891 3324 salute
2922 3268 3188 3341 corporis
3225 3268 3466 3324 tradunt
3508 3268 3637 3324 ani-

1985 3376 2171 3415 mam.
2219 3362 2367 3416 Cum
2410 3358 2656 3431 quidem
2708 3359 2823 3414 hoc
2877 3359 3072 3429 magis
3104 3359 3524 3415 detrimentum
3565 3359 3640 3416 sit

1983 3448 2172 3521 ipsius
2201 3447 2492 3521 corporis.
2539 3450 2653 3503 Nec
2697 3447 2918 3503 mirum
2959 3447 3006 3503 si
3049 3447 3120 3517 is,
3163 3448 3267 3521 qui
3301 3447 3489 3519 diligit
3534 3448 3638 3503 ini-

1982 3537 2295 3610 quitatem,
2349 3535 2474 3592 odit
2521 3536 2790 3592 animam
2834 3552 3047 3605 suam;
3098 3542 3203 3593 aut
3244 3537 3294 3592 si
3341 3537 3411 3607 is,
3463 3537 3635 3608 cujus

1983 3626 2133 3682 deus
2174 3630 2380 3682 venter
2417 3629 2525 3696 est,
2570 3629 2626 3682 et
2671 3626 2777 3699 qui
2820 3627 3089 3699 sequitur
3124 3626 3456 3695 avaritiam,
3497 3643 3634 3699 qua:

1984 3720 2072 3772 est
2098 3715 2397 3772 idolorum
2429 3715 2701 3785 servitus,
2724 3716 2975 3772 salutem
2994 3716 3191 3772 carnis
3213 3732 3348 3772 cum
3375 3717 3473 3772 Dei
3499 3732 3637 3771 con-

1982 3809 2212 3878 temptu
2240 3809 2531 3877 tanquam
2559 3803 2874 3859 idololatra
2900 3805 3165 3876 requirit.
3212 3806 3323 3869 Qui
3351 3820 3635 3877 perverso

1983 3893 2191 3949 ordine
2217 3892 2421 3947 colunt
2450 3907 2713 3959 carnem,
2743 3906 2879 3964 quae
2918 3908 3040 3948 non
3072 3892 3332 3964 prodest,
3380 3893 3635 3964 quicun-

1983 3997 2102 4054 que
2132 3985 2190 4037 et
2216 3980 2526 4049 negligunt
2555 3980 2851 4053 spiritum,
2884 3982 2988 4053 qui
3036 3980 3384 4045 viviﬁcatur,
3429 3997 3637 4038 revera

1983 4069 2124 4125 vani
2144 4073 2201 4124 et
2228 4068 2554 4124 mendaces
2602 4068 2705 4124 ﬁlii
2734 4068 3073 4137 hominum,
3104 4068 3366 4141 populus
3396 4071 3639 4125 Gomor-

1984 4159 2127 4225 rhaa,
2161 4161 2226 4212 ut
2272 4157 2355 4212 ait
2389 4155 2593 4222 Isaias,
2646 4156 2900 4212 cultores
2952 4158 3245 4223 vestium;
3293 4173 3432 4212 cum
3484 4159 3637 4212 Deus

1984 4263 2092 4321 per
2122 4244 2479 4301 Ezechielem
2510 4249 2814 4318 queratur,
2847 4246 3014 4319 quod
3059 4245 3118 4302 in
3148 4232 3433 4318 superbia
3461 4260 3639 4302 orna-

1986 4334 2201 4392 mentis
2240 4333 2427 4406 ipsius
2454 4338 2719 4389 utantur.
2762 4334 2873 4400 Qui
2903 4333 3102 4402 etiam,
3137 4335 3288 4391 sicut
3335 4335 3636 4407 Josephus

1985 4423 2228 4497 Judzeos
2257 4426 2394 4479 ante
2433 4422 2732 4479 excidium
2772 4424 2983 4479 fecisse
3015 4428 3473 4491 commemorat,
3514 4439 3641 4479 ves-

1987 4513 2245 4570 timentis
2272 4512 2518 4569 exoticis
2563 4512 2912 4570 induuntur.
2959 4517 3109 4570 Nam
3138 4514 3213 4570 de
3242 4513 3336 4569 his
3366 4513 3643 4586 Hegesip—

1987 4619 2102 4677 pus
2127 4603 2321 4672 refert,
2349 4601 2453 4675 qui
2482 4607 2624 4658 tunc
2654 4602 2927 4659 femineis
2975 4603 3316 4671 utebantur,
3369 4607 3427 4658 et
3472 4602 3644 4657 muti-

1986 4692 2196 4749 labant
2225 4691 2332 4747 sibi
2362 4691 2608 4761 barbas,
2636 4697 2817 4763 atque
2846 4708 2989 4748 suas
3034 4692 3213 4748 facies
3244 4706 3411 4747 more
3456 4706 3644 4747 mere-

1988 4782 2203 4839 tricum
2231 4781 2617 4837 dealbabant.
2642 4781 2710 4835 Hi
2732 4796 2873 4836 vero
2898 4781 3167 4853 priscum
3188 4781 3486 4837 imitantes
3516 4795 3645 4836 mo-

1989 4885 2138 4938 rem,
2167 4873 2225 4925 et
2247 4869 2517 4924 novellas
2550 4867 2852 4940 quasdam
2879 4869 3108 4941 species
3142 4870 3204 4925 in
3245 4869 3458 4926 habitu
3482 4886 3648 4926 assu-

1991 4962 2243 5027 mentes,
2283 4958 2497 5013 eodem
2552 4973 2614 5012 se
2661 4957 2872 5030 spiritu
2917 4958 3182 5015 libidinis
3236 4958 3470 5017 aﬂlatos
3515 4974 3645 5016 esse

1991 5047 2242 5111 docent;
2278 5062 2418 5102 cum
2452 5048 2605 5102 Deus
2636 5046 3036 5104 comminetur
3076 5048 3222 5121 quia
3251 5048 3513 5106 visitabit
3542 5065 3643 5103 su-

1991 5150 2100 5207 per
2128 5149 2372 5190 omnem
2402 5133 2506 5208 qui
2526 5133 2773 5190 indutus
2804 5138 2895 5191 est
2918 5140 3083 5192 veste
3114 5138 3446 5209 peregrina.

2065 5224 2195 5278 XVI.
2213 5220 2326 5278 Sed
2352 5221 2781 5279 erubescamus
2803 5222 3132 5297 aliquando
3156 5223 3267 5279 vile
3290 5220 3648 5277 subsellium

1992 5310 2259 5368 libidinis
2289 5326 2450 5366 esse:
2486 5326 2780 5367 novemus
2830 5312 3005 5368 nobis
3048 5311 3282 5379 novale,
3315 5313 3380 5363 ut
3408 5308 3488 5362 ait
3520 5322 3652 5380 pro-

1992 5402 2193 5473 pheta,
2215 5400 2606 5472 quiatempus
2626 5400 2933 5473 quaerendi
2954 5401 3271 5455 Dominum
3289 5401 3393 5459 est,
3416 5395 3653 5453 resista-

1994 5505 2131 5545 mus
2151 5489 2415 5558 diabolo,
2439 5495 2495 5544 et
2522 5489 2707 5557 fugiet
2728 5506 2764 5544 a
2821 5488 3016 5543 nobis.
3049 5485 3377 5540 Audiamus
3406 5485 3652 5544 beatum

1987 5578 2451 5650 Hieronymum,
2472 5578 2577 5649 qui
2615 5577 2966 5632 brevntatem
2995 5572 3173 5642 hujus
3214 5573 3351 5630 vitae
3393 5590 3654 5643 arguens

1997 5665 2177 5725 dicit:
2222 5668 2377 5733 Esto,
2428 5666 2549 5721 vita
2592 5666 2795 5720 nostra
2836 5657 2996 5717 mille
3046 5660 3221 5718 annis
3248 5662 3545 5733 tendatur,
3576 5660 3656 5718 ad
