4094 6156
536 194 643 257 683

1574 188 1632 245 s.
1674 186 1941 245 onoms
1972 182 2269 241 ABBA'I'IS
2304 184 2811 242 eLuumcsnsxs
2843 185 2911 241 ιι.
3791 199 3873 253 ω

537 319 868 377 extremum
892 312 1070 371 totius
1101 311 1291 367 retatis
1311 309 1474 368 diem
1505 308 1839 366 veniamus.
1871 308 2020 363 Cum
2050 321 2192 374 ergo
2228 310 2271 364 Α
2312 322 2498 373 xum,
2551 306 2671 377 t0):
2713 306 2775 365 id
2817 311 2909 362 est
2951 322 3165 363 vocem
3204 322 3380 363 suam
3426 308 3503 363 ab
3544 309 3876 386 increpatione

543 402 751 461 ultima
805 401 956 458 hora
1001 400 1246 462 venerit,
1310 398 1460 471 quid
1519 396 1786 471 proderit
1838 395 2194 453 continuatae
2307 394 2553 465 peccati.
2588 395 2847 455 Dicimus
2875 412 3022 464 ergo
3056 395 3223 468 quod
3252 412 3582 469 possumus,
3618 406 3679 456 ut
3705 418 3797 459 nos
3821 405 3879 461 de

545 489 863 562 voluptatis
892 490 1141 551 fructus,
1174 505 1309 562 (IlltB
1358 488 1558 544 statim
1587 491 1652 542 ut
1680 485 2002 542 cessaverit
2030 483 2195 540 vide~

545 580 703 639 bitur
726 596 849 639 non
880 579 1065 639 fuisse
1086 579 1114 636 ξ)
1130 577 1285 644 Quid
1311 593 1473 637 nunc
1498 577 1662 650 apud
1685 575 1905 633 inferos
1945 573 2196 641 ardenti,

2307 500 2636 556 pravorum
2657 486 3040 557 perversitate
3062 485 3275 543 saltem
3289 486 3507 558 aliquid
3526 488 3705 545 dolere
3722 508 3878 548 mons.

2308 577 2551 629 iremus.
2585 579 2674 629 An
2700 590 2823 630 non
2845 574 3056 630 merito
3086 574 3413 631 dolendum
3433 580 3538 645 est,
3567 578 3713 649 quod
3732 580 3882 636 Chi-is.

547 669 637 730 vel
656 669 1022 742 quotidiana:
1046 668 1293 737 deliciae,
1316 667 1409 725 vel
1435 667 1652 739 byssus
1685 672 1741 723 et
1770 680 2039 737 purpura
2067 680 2202 736 pro-
2309 662 2567 729 tianitas,
2605 678 2745 735 quin
2774 668 3005 735 quanto
3042 664 3374 735 provectior
3410 669 3513 734 est,
3557 671 3707 721 tanto
3733 671 3883 739 magis

548 760 737 819 sunt?
758 760 955 831 lnquit
978 758 1273 830 propheta
1308 772 1321 813 :
1373 759 1446 813 In
1476 757 1689 827 quibus
1720 761 1773 812 et
1803 760 2065 825 quatuor
2088 755 2200 809 im,

2312 751 2581 808 roborari
2594 752 2818 807 debuit:
2839 753 2922 808 sic
2951 758 3195 809 econtra
3216 753 3296 809 ab
3319 758 3466 812 statu
3490 755 3815 813 rectitudinis
3824 758 3888 813 in.

544 848 869 918 pietatibus
898 862 1097 904 nonne
1119 845 1527 904 adversabor?
1558 845 1908 901 sceleratum
1935 848 2018 899 est
2046 842 2202 899 male
2313 847 2607 910 curvatur,
2636 848 2698 899 ut
2714 843 2846 913 ejus
2874 843 3082 912 religio
3112 850 3325 900 cuncta
3352 844 3622 901 defecisse
3644 846 3891 909 videatur?

552 937 835 1007 cogitare,
895 936 1067 1006 juxta
1114 934 1261 992 lllud
1308 952 1322 992 :
1384 936 1480 991 Va?
1529 936 1632 1005 qui
1675 935 1941 1004 cognita!
1990 934 2205 991 inutile

553 1028 758 1098 (Mich.
810 1043 871 1093 ιι,
928 1026 997 1095 t).
1056 1024 1170 1080 Sed
1225 1024 1572 1095 ignoscitur.
1636 1022 1986 1081 Sceleratius
2042 1038 2204 1089 vero,

553 1116 721 1189 quod
752 1115 907 1173 male
945 1113 1312 1184 cogitaveris,
1342 1112 1492 1171 velle
1518 1112 1821 1185 perﬁcere.
1868 1112 1981 1168 Sed
2010 1115 2069 1169 et
2095 1112 2207 1166 hoc

554 1204 897 1275 ignoscitur.
949 1203 1079 1262 Jam
1120 1218 1263 1259 sane
1312 1201 1835 1261 sceleratissimum
1874 1204 1981 1267 est,
2030 1215 2208 1272 opere

557 1297 870 1366 peccatum
902 1296 1262 1365 perpetrare.
1285 1291 1515 1353 Tamen
1535 1295 1591 1347 et
1615 1290 1754 1347 huic
1784 1290 1887 1347 tali
1913 1289 2211 1357 benignus

552 1382 740 1453 judex
767 1397 1020 1439 manum
1042 1379 1309 1453 porrigit,
1340 1384 1396 1438 et
1424 1380 1503 1436 ad
1547 1379 1959 1451 pmnitentiam
2002 1378 2212 1434 exhor-

560 1477 733 1531 tatur.
761 1471 933 1537 Quod
963 1470 1009 1529 si
1042 1474 1320 1541 peccator
1344 1468 1629 1542 pmnitere
1653 1468 1926 1538 noluerit,
1945 1468 2074 1538 jam
2098 1468 2211 1522 Do-

562 1577 765 1623 minus
794 1559 1025 1630 cogitur
1053 1558 1377 1628 adversari,
1409 1562 1466 1617 et
1486 1573 1598 1630 pro
1629 1573 1855 1626 magna
1880 1573 2064 1630 poma
2090 1573 2213 1612 sure

2316 933 2535 987 Omnes
2564 931 2724 986 enim
2746 931 2945 989 festini
2973 938 3029 986 et
3065 932 3397 1005 prtecipites
3430 933 3502 995 ad
3528 934 3736 989 malum
3752 935 3893 990 curri.

2316 1037 2474 1089 mus,
2506 1025 2563 1076 et
2602 1025 2664 1075 ut
2714 1023 2972 1077 Joannes
3014 1021 3074 1076 in
3114 1022 3313 1093 primo
3350 1021 3500 1078 libro
3534 1022 3607 1078 de
3631 1039 3896 1096 compunc-

2320 1109 2479 1165 tione
2506 1109 2672 1165 dicit:
2705 1113 2830 1166 Non
2860 1126 2968 1183 per
3005 1127 3218 1181 unum,
3252 1112 3356 1166 sed
3390 1127 3497 1184 per
3534 1128 3726 1168 omnes
3762 1117 3894 1168 actus

2318 1202 2556 1253 nostros
2583 1198 2659 1254 ad
2690 1199 2891 1269 ignem
2931 1200 3221 1268 gehennae
3265 1198 3630 1269 festinamus,
3666 1207 3716 1256 et
3742 1206 3899 1256 tantus

2320 1287 2661 1343 divinorum
2709 1293 3148 1360 praeceptorum
3197 1293 3572 1361 contemptus
3611 1290 3831 1361 irrepsit,
3853 1294 3900 1345 ut

2321 1392 2443 1431 non
2476 1376 2671 1432 solum
2699 1394 2805 1449 per
2832 1377 2992 1435 mala
3029 1378 3311 1449 quislibet
3338 1394 3520 1450 opera
3556 1380 3727 1434 Deum
3763 1378 3903 1434 oden-

2322 1466 2463 1521 dere
2492 1481 2615 1521 non
2645 1473 3024 1523 metuamus:
3056 1468 3160 1523 sed
3191 1468 3306 1523 hoc
3329 1468 3523 1539 ipsum
3549 1468 3702 1539 quod
3725 1467 3903 1537 deejus

2325 1556 2629 1612 mandatis
2656 1556 2851 1612 facere
2878 1557 3176 1624 videntur,
3209 1557 3404 1629 magis
3443 1572 3552 1629 pro
3577 1573 3721 1613 vana
3761 1556 3906 1623 glorit

562 1654 938 1723 peccatorem
969 1646 1262 1705 dimittere
1291 1646 1601 1704 voluntati.
1635 1647 1827 1704 Adam
1844 1649 2000 1703 enim
2032 1646 2215 1701 semel
2246 1658 2286 1713 Β
2328 1662 2514 1718 quam
2545 1661 2659 1717 pro
2683 1645 2784 1700 illo
2824 1661 3106 1714 geramus
3146 1689 3159 1702 .
3205 1689 3217 1701 .
3265 1688 3276 1702 .
3324 1688 3337 1701 .
3383 1688 3395 1701 .
3442 1687 3457 1701 .
3499 1688 3512 1700 .
3556 1688 3568 1700 .
3611 1688 3623 1701 .
3665 1686 3677 1700 .
3717 1687 3729 1699 .
3766 1645 3906 1714 ,(06⁸)

563 1738 852 1812 peccavit,
884 1741 940 1794 et
967 1740 1241 1793 mortuus
1270 1740 1359 1792 est
1386 1754 1399 1804 ;
1454 1734 1769 1792 videamus
1818 1735 1964 1808 quid
1997 1734 2213 1791 fecerit.

566 1829 783 1885 Contra
813 1825 1166 1884 mandatum
1193 1824 1268 1883 de
1306 1823 1501 1881 fructu
1538 1824 1769 1881 arboris
1798 1824 1936 1880 edit.
1969 1827 2051 1880 Τιι
2076 1840 2218 1895 ergo

570 1916 708 1973 siin
754 1914 957 1987 aliquo
1001 1913 1455 1986 contempseris,
1491 1913 1536 1970 si
1570 1913 1836 1988 pepercit
1878 1914 2045 1982 Adae,
2082 1930 2219 1987 par-

569 2010 661 2062 cet
688 2004 831 2071 tibi;
864 2019 1104 2061 summo
1132 2003 1214 2060 illi
1244 2003 1439 2072 magis
1464 2003 1839 2076 parcendum
1867 2002 2080 2073 fuerat,
2118 2004 2222 2077 qui

570 2094 770 2151 adhuc
797 2092 962 2149 rudis
992 2096 1048 2148 et
1083 2090 1353 2147 novellus
1392 2096 1536 2161 erat,
1570 2096 1627 2148 et
1655 2091 1877 2147 nullius
1922 2098 2058 2150 ante
2088 2109 2223 2165 pec-

573 2181 784 2249 cantis,
818 2186 875 2236 et
918 2184 1161 2252 propter
1190 2182 1506 2250 peccatum
1558 2195 1735 2236 suum
1776 2180 2079 2236 morientis
2133 2198 2221 2236 rc-

573 2270 923 2331 trahebatur
946 2268 1244 2341 exemplo.
1273 2268 1399 2327 Tibi
1424 2284 1588 2337 vero,
1620 2270 1895 2343 quisquis
1925 2271 2226 2340 ejusmodi

572 2375 637 2419 es
676 2363 812 2431 post
851 2357 1068 2428 legem,
1098 2362 1236 2429 post
1262 2358 1608 2429 prophetas,
1647 2363 1789 2430 post
1820 2359 2221 2427 Evangelium,

572 2453 710 2520 post
739 2445 1067 2520 apostolos,
1123 2445 1170 2501 si
1201 2445 1548 2516 delinquere
1598 2445 1871 2512 volueris,
1915 2448 2225 2517 quomodo

573 2534 872 2604 indulgeri
900 2534 1112 2606 possit,
1162 2532 1396 2602 ignoro.
1429 2533 1624 2591 Achar
1664 2534 1830 2604 apud
1874 2534 2106 2589 .lericho
2152 2536 2226 2591 de

574 2621 899 2685 interdictis
931 2620 1139 2693 spoliis
1163 2619 1391 2692 aliquid
1420 2619 1653 2679 furatus
1685 2625 1792 2686 est,
1826 2627 1883 2676 et
1903 2637 2083 2693 super
2104 2639 2231 2679 om-

576 2726 716 2773 nem
746 2709 925 2769 Israel
956 2709 1088 2766 talis
1128 2709 1217 2765 ira
1254 2706 1544 2774 incubuit,
1578 2714 1643 2766 ut
1671 2713 1827 2765 stare
1855 2716 2063 2767 contra
2090 2711 2228 2768 hos-

576 2804 663 2861 tes
685 2814 825 2855 suos
870 2797 1211 2859 nullatenus
1235 2801 1439 2869 posset
1464 2797 1643 2857 etiam
1674 2796 1813 2855 furti
1838 2798 2095 2869 nescius,
2127 2800 2230 2856 do-

576 2902 686 2945 nec
714 2886 1038 2943 anathema
1068 2884 1453 2958 lapidaretur.
1488 2887 1552 2942 Et
1588 2884 1649 2943 hi
1687 2885 1791 2957 qui
1830 2902 1926 2946 res
1958 2887 2228 2945 Ecclesiae

575 2975 669 3034 vel
696 2990 1033 3048 pauperum
1065 2978 1370 3062 tantOpere
1407 2972 1741 3062 devastant,
1781 2974 1991 3047 quales
2024 2976 2226 3033 trium-
2258 3005 2302 3062 ο

577 3064 734 3137 phos
760 3065 836 3119 de
858 3061 1113 3135 paganis
1136 3061 1512 3134 exspectanti
1541 3064 1653 3118 Hos
1685 3062 1972 3121 nimirum
1989 3072 2231 3137 propter

574 3151 989 3227 impudentem
1035 3150 1425 3223 rapacitatem
1472 3150 1650 3223 lupos
1692 3152 2061 3224 vespertinas
2091 3170 2229 3226 pro-

576 3244 759 3316 pheta
788 3240 1069 3313 appellat.
1104 3239 1275 3297 Illum
1321 3254 1533 3309 unum,
1574 3240 1679 3312 qui
1699 3241 1865 3312 apud
1894 3244 2231 3299 Corinthios

575 3330 902 3392 fornicatus
928 3328 1138 3385 fuerat.
1162 3327 1483 3400 Apostolus
1512 3327 1664 3387 inter
1690 3328 1897 3385 ﬁdeles
1921 3346 2093 3388 orare
2108 3347 2231 3389 non

577 3419 904 3492 patitur,ne
919 3417 1159 3489 impura
1176 3433 1293 3475 vox
1309 3417 1441 3488 ejus
1461 3433 1645 3490 puras
1667 3418 2033 3491 reliquorum
2055 3437 2232 3479 voces

578 3505 795 3569 divinis
817 3505 1085 3573 auribus,
1101 3508 1392 3577 tanquam
1416 3521 1621 3573 rauca,
1636 3506 1988 3563 sordidarct.
2005 3510 2070 3564 Et
2084 3524 2232 3579 quo-

578 3595 764 3655 modo
791 3598 1121 3653 conventus
1147 3592 1242 3649 ille
1264 3608 1404 3648 suas
1432 3608 1639 3665 preces
1671 3596 1788 3653 Deo
1819 3594 2052 3666 placere
2078 3612 2229 3668 prte—

580 3683 784 3749 sumit,
814 3683 964 3741 inter
986 3698 1164 3754 quos,
1185 3681 1414 3739 occulte
1446 3681 1532 3739 vel
1565 3681 1802 3754 publice
1835 3683 2013 3741 simili
2041 3690 2229 3755 reatu,

578 3787 701 3833 non
723 3772 851 3843 jam
880 3787 1057 3842 unus,
1086 3770 1189 3826 sed
1221 3769 1393 3829 multi
1421 3769 1770 3831 fcedantur?
1793 3774 1941 3829 Nam
1985 3772 2232 3844 praedic-

579 3866 675 3919 tus
700 3859 1022 3934 Apostolus
1036 3859 1176 3918 dicit
1201 3858 1367 3931 quod
1382 3859 1607 3919 irritam
1629 3860 1766 3932 quis
1787 3860 2010 3919 faciens
2036 3861 2232 3932 legem

578 3951 762 4025 Moysi
783 3950 909 4008 sine
932 3950 1348 4009 retractatione
1364 3949 1693 4022 puniretur,
1720 3950 1871 4007 sicut
1892 3950 1953 4008 in
1981 3951 2080 4009 illo
2096 3968 2234 4010 con-

579 4041 727 4114 tigit,
758 4041 862 4115 qui
895 4040 1160 4103 Sabbato
1188 4038 1353 4110 ligna
1383 4039 1720 4109 colligebat.
1756 4043 1822 4097 Et
1849 4046 2079 4113 quanto
2109 4057 2233 4101 ma-

578 4130 692 4202 gis,
723 4129 935 4203 inquit,
962 4128 1185 4203 putatis
1225 4127 1439 4186 mereri
1462 4128 1756 4187 deteriora
1783 4129 2095 4201 supplicia,
2129 4130 2233 4202 qui

582 4218 795 4281 Filium
825 4217 927 4277 Dei
963 4216 1429 4277 conculcaverit?
1447 4221 1504 4273 et
1530 4217 1694 4285 item,
1726 4216 2076 4274 voluntarias
2097 4223 2234 4290 post

578 4306 984 4376 cognitionem
1022 4305 1283 4363 veritatis
1308 4305 1721 4378 peccantibus,
1754 4305 1885 4376 jam
1909 4321 2034 4363 non
2061 4306 2231 4367 relin-

577 4395 781 4467 quitur
808 4394 1001 4452 hostia
1025 4410 1136 4468 pro
1165 4393 1447 4466 peccatis.

647 4485 804 4543 XVII.
851 4486 1053 4555 Neque
1091 4484 1252 4541 enim
1291 4482 1407 4553 hoc
1435 4480 1712 4547 dicimus,
1745 4484 1811 4540 ut
1858 4496 1963 4540 e08
2005 4482 2053 4540 si
2097 4499 2233 4542 con-

576 4572 725 4631 verti
776 4571 1071 4629 valuerint
1121 4570 1534 4643 desperemus.
1591 4568 1742 4636 Quia
1794 4569 1972 4640 igitur
2026 4570 2232 4631 divina

575 4660 990 4727 misericordia
1019 4664 1235 4735 praesto
1264 4665 1374 4727 est,
1418 4662 1638 4717 nostras
1679 4658 2090 4717 conversionis
2129 4662 2234 4719 ho-

572 4766 709 4815 ram
739 4766 976 4824 semper
995 4753 1321 4823 exspectat,
1356 4763 1493 4821 quas
1541 4751 1848 4820 tantopere
1886 4753 2099 4820 parata
2144 4755 2232 4808 est

576 4839 658 4899 ad
686 4838 1116 4912 recipiendum,
1142 4843 1463 4911 quantum,
1485 4852 1522 4897 ο
1549 4835 1816 4895 utinam!
1848 4837 2043 4908 parati
2072 4855 2232 4917 esse-

577 4943 717 4991 mus
746 4926 826 4984 ad
855 4925 1354 4986 convertendum.
1400 4925 1514 4985 Sed
1543 4927 1601 4981 et
1644 4923 1719 4985 de
1748 4923 1842 4983 his
1882 4926 1987 4998 qui
2015 4925 2230 4985 dicun-

574 5019 670 5077 tur
717 5031 842 5075 non
886 5016 1030 5075 satis
1068 5014 1451 5083 conﬁdimus,
1495 5012 1664 5086 quod
1719 5012 1802 5071 illi
1853 5012 2108 5075 furfures
2155 5016 2231 5073 is-

572 5109 773 5166 torum
847 5104 1165 5162 verborum
1246 5107 1474 5173 curent,
1555 5101 1661 5174 qui
1731 5102 2228 5165 candidissimum

570 5194 751 5257 etiam
805 5192 998 5252 sancti
1054 5192 1353 5263 Evangelii
1400 5206 1625 5264 panem
1690 5189 2022 5253 fastidiunt,
2075 5190 2227 5247 Dici-

566 5300 706 5347 mus
750 5288 952 5343 tamen
981 5296 1054 5338 eo
1095 5281 1264 5353 quod
1293 5279 1634 5341 dolentibus
1682 5277 1992 5350 quoddam
2014 5294 2227 5339 conso-

565 5371 802 5433 lationis
849 5387 1041 5443 genus
1093 5375 1203 5441 est,
1263 5371 1312 5426 si
1368 5383 1583 5426 causas
1632 5365 1858 5423 doloris
1913 5366 2007 5424 sui
2064 5366 2226 5427 dela-

567 5463 721 5521 trare
746 5462 1191 5533 permittuntur,
1243 5474 1315 5515 eo
1356 5456 1523 5530 quod
1553 5454 1842 5526 scriptum
1871 5458 1998 5510 est:
2029 5455 2224 5515 Male-

564 5548 761 5609 dictus
790 5550 895 5620 qui
904 5548 1180 5618 prohibet
1199 5546 1472 5617 gladium
1501 5558 1675 5600 suum
1699 5557 1738 5601 a
1766 5544 2218 5614 sanguineUer.

639 5638 777 5714 (66')
806 5637 912 5701 Hie
938 5638 1158 5699 desunt
1176 5636 1406 5709 aliquot
1430 5631 1635 5697 verba.

2329 1735 2658 1793 destrueret
2683 1751 2823 1801 ;nos
2851 1740 3093 1792 econtra
3115 1741 3171 1791 et
3200 1735 3392 1801 factis,
3415 1740 3473 1791 et
3498 1734 3730 1798 vocibus
3750 1734 3908 1806 etipso

2331 1828 2501 1893 gestu
2556 1824 2843 1895 corporis,
2905 1840 3032 1896 quo
3088 1839 3329 1896 semper
3384 1823 3664 1880 interioris
3703 1821 3909 1877 hominis

2332 1912 2579 1967 affectus
2622 1928 2729 1983 per
2773 1914 3131 1968 exteriorem
3159 1912 3517 1985 produntur,
3550 1913 3729 1984 ipsam
3766 1908 3909 1965 reedi-
4028 1960 4029 1971 χ

2330 2000 2602 2055 ﬁcamus.
2639 2000 2757 2071 Ipsi
2777 2000 3002 2073 quippe
3030 2002 3193 2056 velut
3220 2007 3425 2074 empta
3452 2000 3734 2072 mancipia
3759 1997 3912 2067 suhjr
4028 2002 4029 2074 ί

2334 2105 2560 2153 cemus,
2589 2094 2646 2143 et
2668 2089 2926 2144 cervices
2967 2096 3207 2145 nostras
3257 2089 3338 2145 ab
3382 2091 3513 2161 ejus
3559 2086 3805 2143 ludibriis
3836 2099 3912 2157 per

2332 2177 2708 2236 Dominicam
2739 2195 2976 2234 crucem
3004 2184 3258 2249 ereptas,
3277 2179 3359 2234 ita
3389 2195 3549 2237 nunc
3562 2177 3739 2232 eidem
3759 2173 3911 2244 subju-

2335 2282 2569 2335 gamus,
2598 2272 2659 2321 ut
2697 2266 2776 2322 illi
2817 2268 2891 2323 de
2930 2267 3080 2338 ipsis
3116 2267 3290 2322 bonis
3322 2267 3600 2340 operibus
3628 2263 3910 2325 serviamus

2336 2355 2489 2410 adeo
2538 2360 2598 2409 ut
2651 2356 2817 2427 quod
2861 2355 3058 2413 dicere
3108 2354 3311 2427 pudet.
3350 2355 3551 2428 ipsum
3594 2351 3723 2409 illud
3773 2346 3912 2405 sancti

2339 2442 2638 2511 Evangelii
2692 2443 2975 2513 verbum,
3033 2460 3155 2515 quo
3211 2443 3463 2499 dicitur:
3526 2443 3713 2499 Omnis
3752 2439 3839 2511 qui
3871 2450 3913 2491 se

2337 2533 2567 2587 exultat
2606 2532 3026 2587 Itumaiabitur
3051 2531 3290 2602 (Matth.
3326 2549 3501 2600 xxm,
3542 2532 3637 2602 t2),
3664 2544 3785 2585 eum
3808 2539 3915 2598 qm-

2337 2619 2478 2674 dam
2504 2620 2791 2690 jactantia
2820 2619 3117 2689 legamus.
3160 2621 3470 2693 Siquidem
3508 2622 3703 2676 beatus
3737 2619 3916 2684 Auges.

2338 2709 2495 2763 tinus
2524 2707 2583 2762 in
2629 2707 2782 2764 libro
2815 2708 3272 2765 Confessionum
3314 2709 3591 2782 perbibet
3614 2707 3743 2780 quia
3766 2717 3920 2776 pane-

2335 2797 2468 2853 liter
2511 2802 2739 2869 peccat,
2770 2798 2874 2869 qui
2925 2797 2984 2853 in
3029 2797 3244 2853 divinis
3281 2796 3673 2871 responsoriis
3717 2789 3924 2849 modula-

2338 2886 2500 2942 tione
2552 2886 2749 2954 magis
2794 2902 2980 2958 quam
3041 2903 3221 2942 sensu
3262 2887 3592 2947 verborum
3645 2883 3922 2942 delectatur.

2339 2976 2593 3029 Sanctus
2620 2990 2863 3046 quoque
2892 2973 3289 3046 Hieronymus
3317 2974 3380 3030 in
3422 2973 3663 3046 epistola
3687 2970 3756 3028 ad
3782 2968 3922 3041 Ephe-

2341 3063 2460 3119 sios
2481 3062 2729 3129 disserit,
2765 3062 2930 3133 quod
2958 3078 3079 3118 non
3112 3067 3253 3119 sunt
3277 3062 3338 3118 in
3398 3063 3648 3123 Ecclesia
3675 3065 3860 3132 guttur,
3884 3058 3924 3110 et

2339 3169 2516 3208 voces
2566 3151 2724 3207 dulci
2777 3167 2850 3207 ac
2902 3152 3175 3209 theatrali
3223 3154 3643 3210 modulatione
3694 3146 3918 3206 colenda.

2339 3242 2484 3315 quia
2512 3244 2630 3296 Deo
2662 3256 2785 3297 non
2813 3258 2962 3301 voce
3009 3242 3114 3298 sed
3143 3242 3324 3298 corde
3353 3242 3719 3299 cantandum
3742 3239 3817 3293 sit
3842 3238 3923 3291 Nos

2340 3348 2484 3387 vero
2512 3335 2758 3387 econtra
2784 3332 3197 3388 modulatione
3242 3333 3448 3403 magis
3479 3334 3764 3389 humanas
3796 3336 3923 3381 aures

2339 3435 2528 3492 quam
2557 3419 2796 3479 divinas
2833 3435 3197 3492 pensamus:
3246 3437 3377 3481 cum
3437 3421 3517 3477 ad
3557 3421 3666 3477 hoc
3694 3416 3925 3473 institutus

2342 3508 2418 3564 sit
2443 3507 2737 3580 psallendi
2756 3525 2924 3576 usus,
2959 3513 3026 3565 ut
3051 3509 3203 3566 sicut
3229 3510 3423 3568 David
3465 3503 3829 3573 citharisando
3851 3514 3924 3555 nev

2339 3612 2527 3668 quam
2558 3595 2831 3667 spiritum
2861 3597 3286 3669 compescebat
3310 3596 3371 3652 in
3422 3598 3584 3667 Saul,
3612 3595 3690 3652 ita
3714 3596 3924 3650 cantem

2339 3682 2712 3741 modulando
2741 3683 3026 3756 quaelibet
3047 3685 3346 3742 diabolica
3370 3685 3672 3743 desideria
3700 3682 3767 3739 de
3787 3673 3926 3734 cordi-

2338 3773 2456 3831 bus
2486 3771 2859 3833 audientium
2893 3773 3209 3846 expellant.
3654 3812 3665 3817 -

2410 3864 2591 3918 XVIII.
2625 3863 2818 3933 Supra
2841 3861 3068 3921 dictum
3111 3868 3205 3920 est
3240 3863 3386 3936 quia
3418 3864 3497 3927 de
3525 3861 3810 3932 fragilitate
3830 3867 3928 3913 osu-

2342 3967 2564 4017 samur,
2591 3954 2648 4006 et
2676 3951 2755 4005 ob
2784 3951 2900 4007 hoc
2929 3953 3103 4024 quasi
3124 3969 3232 4026 per
3269 3952 3820 4011 condescensione!!!
3839 3956 3928 3999 cur:

2340 4057 2446 4097 nes
2485 4040 2560 4095 ad
2611 4056 2779 4097 esum
2822 4057 3245 4114 presummus.
3279 4042 3392 4098 Sed
3440 4043 3748 4117 praedictus
3790 4034 3929 4092 Iliam

2339 4146 2562 4203 nymus
2602 4129 2663 4185 in
2698 4129 2851 4186 libro
2890 4136 3097 4187 contra
3122 4132 3511 4190 Jovinianum
3538 4129 3791 4207 perhibet
3809 4117 3930 4197 quod

2340 4234 2479 4275 esus
2506 4218 2780 4274 carnium
2805 4235 2998 4291 usque
3025 4219 3101 4274 ad
3134 4219 3433 4278 diluvmm
3459 4223 3695 4293 ignotus
3714 4214 3930 4273 fuitthe

2340 4312 2436 4365 tea
2461 4324 2603 4364 vero
2640 4307 2919 4371 dentibus
2949 4312 3463 4369 murmurantium
3492 4326 3719 4373 nervos,
3748 4311 3798 4362 et
3819 4301 3932 4358 viru-

2338 4397 2529 4454 lentas
2558 4413 2769 4453 carnes
2815 4405 3251 4455 commemorat
3280 4400 3553 4470 injectas,
3593 4414 3726 4456 cum
3747 4392 3932 4455 datione

2337 4484 2611 4542 videlicet
2626 4484 2774 4554 legis
2790 4502 2975 4558 quam
3009 4486 3256 4559 implere
3275 4488 3480 4545 nullus
3502 4488 3685 4562 potuit
3705 4504 3718 4551 ;
3741 4475 3933 4556 quando

2338 4578 2397 4633 et
2420 4572 2740 4648 repudium
2787 4574 2867 4630 ad
2910 4574 3191 4633 duritiam
3239 4577 3438 4633 cordis
3476 4576 3817 4650 permissum
3855 4568 3932 4620 63l-

2337 4662 2658 4735 Apostolus
2684 4663 2878 4731 docet,
2905 4663 3072 4735 quod
3117 4667 3271 4727 Deus
3302 4668 3470 4722 Pater
3501 4666 3564 4721 in
3604 4663 3814 4719 Christo
3834 4658 3935 4712 issu

2336 4752 2733 4824 recapitulare
2764 4753 2971 4834 omnia
3022 4754 3355 4827 proposuit.
3407 4759 3466 4811 et
3507 4756 3587 4815 ad
3634 4749 3935 4827 principium

2334 4840 2664 4899 retrahere:
2703 4844 2768 4901 ut
2807 4839 2935 4911 ipse
2977 4857 3038 4897 in
3080 4842 3481 4915 Apocalypsi:
3536 4843 3667 4910 Ego
3710 4852 3843 4899 sum,
3876 4842 3936 4884 ln-

2334 4927 2484 5001 ίΙυίίν
2515 4927 2705 4995 alpha
2734 4933 2790 4985 et
2820 4943 3027 4998 omega
3076 4931 3285 4999 (Apoc.
3327 4947 3470 4991 χχιι,
3518 4931 3627 5001 I3),
3679 4928 3735 4984 td
3764 4916 3938 4985 estinr

2336 5015 2482 5073 tium
2512 5019 2570 5073 θι
2598 5012 2754 5077 ἣῐιὶε.
2786 5018 3107 5089 Postquam
3154 5034 3298 5088 ergo
3337 5019 3605 5079 Christus
3637 5014 3787 5075 venit
3816 5023 3865 5065 ιιι
3893 5001 3940 5058 ﬁ-

2335 5118 2475 5163 nem
2506 5106 2867 5176 temporum,
2906 5110 2966 5162 et
2994 5122 3211 5175 omega
3236 5111 3538 5163 revocavnt
3564 5105 3645 5165 ad
3684 5101 3866 5175 alpha,
3898 5096 3938 5146 ei

2334 5191 2764 5251 extremitatem
2794 5194 3039 5255 retraxit
3083 5195 3163 5251 ad
3199 5195 3584 5269 principium.
3628 5196 3818 5250 Postea
3859 5193 3939 5238 nec

2332 5280 2652 5354 repudium
2683 5280 2860 5341 nobis
2899 5282 3043 5339 dare
3094 5284 3471 5357 permittitur,
3520 5299 3633 5340 nec
3676 5274 3940 5337 comedere

2331 5369 2810 5433 carnes,dicente
2837 5372 3121 5443 Apostolo
3141 5392 3154 5429 ι
3176 5375 3410 5431 Bonum
3432 5378 3520 5430 est
3548 5388 3671 5428 non
3692 5363 3942 5425 nmnedcﬂ

2329 5474 2540 5519 carnes
2562 5474 2669 5517 nec
2697 5459 2891 5516 bibere
2911 5466 3114 5518 vinum
3138 5464 3323 5535 (Rom.
3342 5480 3458 5530 xxv,
3477 5465 3573 5530 '21)
3595 5479 3608 5529 ;
3629 5458 3731 5521 sed
3749 5455 3817 5511 de
3832 5451 3942 5507 vino

2328 5547 2407 5609 ad
2456 5547 2830 5610 Timotheum
2866 5549 3133 5606 scribens
3184 5553 3304 5608 ait:
3357 5550 3591 5609 Modico
3640 5549 3769 5604 vino
3812 5545 3943 5597 utere
