4092 6158
439 173 545 224 567

1487 167 1545 223 S.
1589 164 1846 222 ODONIS
1883 158 2110 216 ABBAT
2113 155 2176 212 IS
2213 151 2716 213 CLUNIACENSIS
2749 158 2821 213 II.

3747 147 3864 210 θη

439 294 552 348 illa
570 291 822 361 fecimus
845 288 1083 359 (Matth.
1107 305 1240 360 xxv,
1270 291 1404 361 3’7)?
1433 291 1580 346 Cum
1609 292 1855 346 econtra
1884 299 2090 358 super-
2125 281 2172 335 A
2203 279 2343 336 dem
2367 279 2430 335 hi
2451 295 2560 336 nec
2589 279 3089 352 patriarcharum;
3123 286 3234 334 nec
3263 268 3720 351 prOphetarum,
3747 293 3868 334 nec

441 381 504 436 bi
533 380 712 435 etiam
739 379 858 434 Deo
883 377 1228 450 increpante
1259 393 1543 435 excusare
1570 395 1631 434 se
1663 379 1947 434 nituntur.
1974 375 2094 428 Hu-

439 468 612 526 miles
655 467 858 539 itaque
909 483 1048 524 cum
1077 467 1432 537 humilitate,
1482 467 1656 540 quasi
1683 467 1796 522 sub
1825 464 2096 538 quodam

441 556 703 626 tegmine
727 572 856 612 sese
888 556 1283 627 abscondent,
1311 563 1370 613 et
1390 575 1426 614 a
1450 558 1653 614 divina
1674 557 1860 613 nimia
1883 553 2096 611 adver-

443 646 610 702 sione
639 648 850 701 contra
881 644 1228 717 superbiam
1260 645 1662 720 principaliter
1715 649 2008 719 pugnant,
2042 647 2099 700 et

439 733 617 807 quasi
643 738 852 790 contra
876 733 1260 790 vehementes
1297 734 1448 790 ictus
1478 732 1723 790 oculum
1749 735 1811 790 in
1841 749 1954 789 suo
1975 748 2100 788 cor-

447 838 593 895 pore
625 821 822 892 magis
854 821 1217 889 custodiunt,
1249 822 1399 878 dum
1460 823 1786 880 studiosius
1812 823 1874 878 in
1901 838 1964 878 se
1990 822 2098 876 hu-

449 911 760 967 militatem
789 914 1022 966 tuentes
1045 927 1283 984 semper
1315 928 1376 968 se
1429 913 1579 968 inter
1601 913 1840 968 virtutes
1869 911 2097 967 timent.

451 1000 600 1067 Quia
627 1017 770 1056 vero
799 999 1158 1073 Redemptor
1185 1006 1384 1057 noster
1409 1002 1591 1059 corda
1615 1001 1764 1072 regit
1783 1000 2102 1057 humilium

451 1093 509 1146 et
534 1089 663 1161 ipse
692 1088 772 1144 ad
819 1088 1066 1145 beatum
1094 1090 1208 1145 Job
1260 1090 1422 1158 dicit,
1449 1092 1614 1164 quod
1655 1088 1973 1148 Leviathan
2000 1105 2104 1145 rex

450 1179 527 1235 sit
554 1177 974 1251 superborum,
997 1179 1334 1236 consideret
1357 1180 1613 1254 quisque
1639 1187 1840 1237 utrum
1869 1179 2106 1236 humili-

451 1271 634 1324 tatem
660 1281 738 1320 an
759 1265 1104 1337 superbiam
1131 1267 1369 1324 habeat.
1405 1269 1596 1326 Facile
1625 1269 1806 1326 veluti
1835 1267 2106 1341 quodam

450 1353 672 1411 indicio
721 1352 992 1425 reperiet,
1045 1353 1162 1409 sub
1217 1371 1340 1427 quo
1372 1373 1512 1427 rege
1541 1357 1772 1424 militat,
1817 1355 2109 1430 quoniam

451 1443 698 1500 omnino
728 1442 1284 1500 manifestissimum
1315 1445 1555 1516 signum
1584 1447 1981 1520 reproborum
2007 1461 2108 1500 sua

452 1531 662 1604 perbia
685 1535 794 1596 est,
829 1536 884 1586 et
913 1538 1158 1588 econtra
1183 1534 1489 1590 humilitas
1527 1535 1872 1592 electorum.
1907 1535 2110 1608 Itaque

2206 367 2635 441 apostolorum,
2669 365 2774 423 sed
2802 383 2914 423 nec
2943 365 3219 423 omnium
3245 369 3593 422 sanctorum
3637 365 3720 420 ab
3749 366 3869 420 ori-

2205 457 2340 529 gine
2365 457 2578 513 mundi
2597 457 2670 513 de
2695 456 2977 528 religione
3005 456 3386 530 loquentium
3415 471 3594 512 voces
3623 459 3862 512 curant.

2207 545 2360 612 Quin
2385 549 2444 602 et
2493 545 2695 618 ipsum
2727 545 2917 601 ﬁlium
2961 545 3208 616 virginis
3237 544 3321 600 ita
3351 547 3770 610 contemnunt,
3801 547 3866 602 ut

2205 635 2266 692 in
2304 635 2466 716 atriis
2493 635 2623 707 ejus
2647 635 2779 708 ipso
2827 633 3066 692 vidente
3123 633 3505 716 fornicentur,
3537 637 3598 690 et
3625 633 3690 690 in
3717 627 3865 707 ipsis

2206 714 2569 795 diversoriis,
2601 741 2737 798 quae
2787 724 2867 780 ad
2891 725 3005 781 hoc
3049 724 3365 782 devotione
3395 714 3666 780 ﬁdelium
3697 739 3868 780 cons-

2209 817 2399 870 tructa
2425 813 2565 870 sunt
2593 818 2659 869 ut
2685 813 2926 870 castitas
2956 809 3018 868 in
3049 813 3230 886 septis
3267 813 3412 869 locis
3463 813 3644 870 totius
3671 828 3868 869 serva-

2207 907 2387 974 retur,
2419 902 2499 960 ita
2527 899 2694 959 ﬂuxu
2720 902 2986 958 libidinis
3015 902 3376 968 redundant,
3405 905 3470 958 ut
3499 917 3624 958 non
3653 903 3728 959 sit
3751 905 3870 959 Ma-

2207 991 2310 1048 rite
2335 991 2502 1048 locus
2537 993 2638 1048 ubi
2659 1008 2914 1064 puerum
2933 995 3132 1048 Iesum
3183 991 3442 1048 reclinet.
3495 993 3612 1048 Nec
3642 991 3870 1047 mirum

2212 1097 2357 1138 sane
2382 1083 2430 1138 si
2460 1081 2760 1154 mancipia
2785 1081 3047 1137 libidinis
3077 1097 3198 1138 non
3243 1079 3585 1150 formident,
3615 1079 3766 1154 quia
3797 1080 3872 1136 si-

2214 1176 2312 1228 cut
2337 1171 2418 1228 ait
2444 1171 2738 1246 propheta
2769 1187 2782 1228 :
2815 1171 3158 1228 Fornicatio
3211 1170 3412 1241 aufert
3442 1183 3544 1227 cor
3575 1169 3756 1242 (Osee.
3789 1179 3870 1239 iv,

2217 1261 2325 1332 Η).
2357 1263 2484 1316 Non
2514 1261 2674 1316 enim
2703 1265 2791 1316 est
2843 1261 3020 1318 timor
3073 1259 3174 1316 Dei
3229 1263 3366 1316 ante
3389 1259 3598 1316 oculos
3628 1271 3874 1330 eorum,

2215 1363 2478 1424 quorum
2535 1355 2736 1419 guttur
2785 1355 2876 1406 est
2903 1354 2970 1406 ut
2997 1349 3340 1422 sepulcrum
3363 1353 3594 1422 patens.
3629 1349 3866 1415 Quibus

2217 1445 2418 1496 tamen
2461 1438 2690 1512 aliquid
2731 1439 2979 1496 rationis
3027 1439 3226 1495 adhuc
3253 1440 3427 1506 inest,
3456 1442 3760 1512 operieret
3811 1435 3878 1494 ut

2217 1527 2458 1601 pondus
2483 1527 2628 1584 tanti
2658 1527 2913 1596 sceleris,
2943 1527 3038 1582 vel
3057 1544 3130 1583 ex
3151 1527 3330 1584 rebus
3353 1526 3413 1584 in
3438 1527 3660 1582 saeculo
3689 1527 3878 1596 gestis

453 1620 739 1692 superbia
791 1619 1161 1676 abominatio
1221 1627 1330 1693 est,
1383 1623 1684 1680 humilitas
1731 1621 2107 1681 sacriﬁcium.
2149 1633 2190 1686 Β
2217 1618 2314 1675 vel
2340 1635 2414 1674 ex
2443 1622 2791 1675 sanctorum
2811 1617 2981 1676 dictis
3003 1622 3345 1690 pensarent,
3373 1617 3447 1674 de
3477 1617 3702 1691 quibus
3725 1633 3878 1690 pau-

456 1711 606 1764 Nam
635 1708 712 1764 de
731 1708 832 1764 illa
857 1707 1072 1764 dicitur
1103 1726 1116 1763 :
1149 1711 1585 1768 Abominabilis
1613 1719 1696 1770 est
1727 1713 1892 1783 apud
1925 1715 2110 1770 Deum

458 1799 647 1850 omnis
669 1797 774 1866 qui
801 1797 1030 1852 exultat
1053 1813 1157 1853 cor
1179 1814 1352 1856 suum
1381 1801 1576 1871 (Deut.
1605 1817 1749 1872 xxu,
1778 1803 1852 1873 5).
1885 1804 1964 1858 De
1999 1800 2112 1858 ista

458 1900 601 1940 vero
628 1901 641 1939 :
665 1885 1042 1953 Sacriﬁcium
1063 1888 1185 1944 Deo
1207 1891 1456 1958 spiritus
1467 1892 1906 1948 contribulatus
1921 1893 2107 1961 (Psal.

458 1989 511 2041 L,
551 1972 654 2044 l9).
699 1975 944 2038 .Quanto
989 1979 1190 2031 autem
1231 1977 1456 2050 quique
1514 1979 1900 2052 pauperiores
1952 1984 2109 2046 sunt,

461 2064 625 2118 tanto
655 2061 718 2118 in
739 2061 902 2118 illam
932 2063 1446 2122 abominationem
1474 2068 1666 2124 rarius
1691 2069 2021 2136 incurrunt,
2055 2075 2115 2126 at

455 2164 602 2206 vero
625 2149 786 2206 istud
819 2150 1126 2208 sacriﬁum
1149 2151 1362 2210 divites
1392 2155 1490 2211 vix
1511 2155 1838 2215 inveniunt.

529 2241 683 2294 XXII.
716 2239 794 2293 De
825 2239 1092 2312 quinque
1114 2242 1311 2298 modis
1335 2243 1486 2313 gulae
1519 2261 1671 2319 quos
1701 2246 1781 2304 ob
1808 2247 2114 2322 prolixita‘

461 2331 580 2384 tem
641 2327 988 2394 omittimus,
1047 2329 1108 2386 in
1163 2330 1316 2388 libro
1365 2336 1674 2394 Moralium
1728 2349 1864 2394 χχιχ
1892 2350 2117 2410 magna

459 2415 780 2472 subtilitate
811 2416 1169 2490 disputatur.
1205 2421 1304 2478 llic
1333 2428 1536 2480 tamen
1555 2429 2002 2497 suggerendum
2032 2429 2117 2486 vi-

457 2504 653 2574 detur,
684 2504 1025 2578 utquisque
1055 2508 1271 2578 cogitet
1317 2513 1496 2584 quale
1545 2521 1860 2586 peccatum
1909 2518 1982 2575 sit
2008 2536 2119 2592 pro

459 2609 582 2666 quo
612 2593 805 2650 Adam
835 2611 975 2652 cum
1005 2598 1170 2653 omni
1201 2600 1381 2672 stirpe
1410 2619 1522 2658 sua
1547 2604 1621 2660 de
1649 2606 1935 2678 paradiso
1965 2609 2119 2680 ejec-

460 2687 556 2739 tus
587 2687 674 2738 est
703 2701 716 2738 :
745 2698 855 2754 pro
885 2699 1008 2756 quo
1040 2687 1303 2758 populus
1333 2689 1394 2745 in
1423 2691 1658 2749 deserto
1685 2709 1874 2768 usque
1897 2695 1975 2753 ad
1992 2695 2122 2758 idO‘

461 2771 700 2826 Iatriam
753 2772 936 2843 venit,
994 2773 1228 2832 dicente
1261 2779 1545 2850 Apostolo
1585 2797 1598 2836 :
1647 2785 1814 2840 Sedit
1855 2785 2120 2855 populus
2161 2843 2164 2846 ,

459 2861 831 2918 manducare
853 2867 906 2918 et
937 2861 1152 2931 bibere,
1169 2871 1224 2920 et
1241 2877 1640 2926 surrexerunt
1666 2873 1872 2930 ludere
1901 2875 1958 2946 (Ι
1979 2875 2113 2932 Cor.

459 2965 520 3012 χ,
547 2949 626 3020 7).
655 2951 720 3004 Et
744 2949 884 3004 item
910 2950 986 3045 de
1017 2955 1350 3045 concupitis
1379 2958 1665 3015 carnibus
1699 2973 1712 3016 :
1736 2962 1954 3021 Adhuc
1973 2980 2119 3024 escae
2157 2990 2197 3045 ρ

462 3051 664 3094 eorum
695 3044 868 3094 erant
897 3039 959 3094 in
1001 3055 1103 3097 ore
1157 3043 1420 3112 ipsorum
1451 3047 1641 3118 (Psal.
1675 3066 1884 3118 Lxxvn,
1923 3057 2036 3124 30),
2063 3059 2119 3112 et

461 3141 598 3198 qua:
630 3131 984 3199 sequuntur.
1014 3129 1128 3185 Pro
1171 3147 1294 3204 quo
1325 3136 1384 3190 et
1429 3151 1568 3193 cum
1615 3139 1942 3197 Madianitis
1973 3159 2119 3199 moe‘

383 3225 390 3232 ‘
461 3215 618 3305 allati
645 3219 800 3272 sunt.
833 3218 938 3272 Pro
967 3234 1089 3290 quo
1119 3225 1176 3276 et
1206 3223 1360 3278 Esau
1413 3225 1810 3298 primogenita
1841 3240 1952 3287 sua
1985 3247 2119 3305 per-

431 3356 434 3357 ν
460 3303 630 3360 didit.
652 3390 661 3393 _
687 3306 796 3360 Pro
851 3321 975 3378 quo
1034 3308 1298 3368 Sodoma
1326 3312 1404 3367 ad
1435 3313 1844 3374 fornicationis
1874 3303 2117 3393 lapsum

461 3390 708 3482 proruit.
745 3395 864 3450 Deo
893 3398 1162 3462 testante,
1189 3399 1293 3471 qui
1323 3399 1406 3456 ait
1435 3404 1612 3461 :Havc
1651 3407 1774 3476 fuit
1830 3390 2118 3482 iniquitas

459 3481 828 3573 sororistuz
853 3484 1162 3573 Sodomae,
1208 3491 1498 3548 saturitas
1523 3495 1702 3562 panis
1727 3481 1964 3567 (Ezech.
2000 3513 2115 3573 xw,

461 3573 575 3661 t9).
605 3571 786 3661 Cujus
809 3572 932 3629 vitii
958 3574 1203 3648 culpam
1232 3579 1496 3650 perﬁdiae
1527 3589 1842 3657 comparat
1867 3571 2118 3661 ApostoQ

460 3659 556 3715 Ius
610 3660 835 3729 dicens,
882 3664 1051 3736 quod
1101 3666 1356 3723 cultores
1401 3669 1620 3726 ventris
1667 3679 1726 3730 et
1746 3659 1968 3734 inimici
2003 3679 2120 3737 sint

460 3753 684 3804 sanctae
715 3749 928 3821 crucis,
959 3755 1015 3807 et
1053 3752 1203 3809 deus
1231 3753 1503 3828 ipsorum
1549 3759 1622 3818 sit
1651 3767 1851 3820 venter
1881 3779 2113 3825 eorum.

463 3837 654 3901 Quem
681 3836 958 3896 videlicet
983 3845 1250 3898 ventrem
1275 3847 1332 3901 et
1347 3860 1516 3904 escas
1545 3853 1731 3908 Deum
1757 3854 1965 3913 asserit
1991 3855 2122 3914 des-

461 3926 793 4015 tractorum
840 3925 1046 3984 dicens
1079 3945 1093 3984 :
1125 3931 1282 3989 Esca
1339 3938 1555 4003 ventri,
1603 3945 1658 3996 et
1705 3949 1909 4000 venter
1951 3948 2124 4015 escis,

463 4014 622 4106 {leas
646 4021 855 4106 autem,
875 4023 931 4075 et
952 4018 1114 4075 hunc
1137 4026 1194 4077 et
1215 4019 1324 4080 has
1344 4025 1610 4086 destruet
1631 4031 1688 4103 (Ι
1713 4033 1833 4090 Cor
1891 4043 1968 4104 Vx,
2008 4014 2115 4106 I3).

465 4104 534 4196 Iit
561 4103 707 4196 quid
735 4105 937 4162 multis
965 4123 1214 4167 necesse
1235 4114 1362 4169 est!
1393 4115 1524 4188 Ipse
1555 4121 1796 4178 Creator
1827 4127 1885 4180 et
1914 4103 2119 4196 cogni-

464 4193 558 4244 tor
584 4191 868 4248 humanae
915 4199 1141 4252 naturae
1191 4199 1476 4272 Christus,
1531 4211 1596 4262 ut
1637 4211 1973 4270 ostenderet
1990 4191 2120 4271 vubl

465 4283 682 4370 cuncta
709 4279 1197 4370 vitiapullulant,
1227 4289 1324 4346 vel
1346 4291 1450 4348 ubi
1474 4295 1655 4352 recidi
1693 4298 1972 4370 debeant,
2004 4299 2118 4359 hoc

465 4365 662 4422 solum
691 4367 873 4426 veluti
896 4374 1196 4449 praecipue
1225 4385 1638 4441 necessarium
1689 4387 1879 4459 jubet.
1915 4365 2118 4448 Videte

463 4469 541 4547 ne
569 4461 893 4547 graventur
917 4463 1101 4521 corda
1137 4472 1334 4525 vestra
1362 4469 1424 4527 in
1454 4475 1701 4547 crapula
1731 4481 1786 4534 et
1815 4479 2115 4538 ebrietate.

466 4544 610 4643 Quae
639 4545 762 4643 duo
791 4548 843 4643 si
859 4551 1225 4643 reciduntur,
1255 4565 1472 4618 caetera
1517 4544 1687 4622 facile
1740 4575 2116 4643 superantur.

465 4634 532 4730 Et
559 4639 720 4730 certe
741 4637 879 4730 quis
902 4639 1140 4730 absque
1161 4649 1535 4718 parcimonia
1558 4671 1620 4711 se
1638 4634 1950 4730 prtem-imit
1969 4661 2122 4719 inter

463 4721 680 4780 electos
703 4726 931 4800 haberi,
961 4747 1100 4791 cum
1131 4735 1257 4810 ipse
1288 4756 1395 4798 vas
1421 4721 1722 4803 electionis
1754 4750 1967 4807 Paulus
1983 4751 2118 4811 ideo

462 4826 682 4905 corpus
709 4832 889 4905 suum
924 4824 1194 4896 castigat,
1230 4843 1306 4884 ne
1355 4834 1648 4905 reprobus
1675 4837 1784 4896 ﬁat
1813 4841 1842 4897 ?
1886 4844 2034 4899 Nam
2063 4846 2120 4901 et

461 4898 578 4954 Job
607 4900 768 4998 dicit,
797 4909 942 4998 quia
991 4915 1288 4983 sapientia
1317 4898 1442 4977 ηονῑ
1483 4925 1822 4986 invenietur
1862 4898 2120 4993 interra

461 4993 1257 5094 sua—uiter‘viueutiumwob.
1303 5023 1506 5082 xxvm,
1537 5016 1647 5088 13).
1707 5021 1775 5076 Et
1827 5020 1964 5094 ipsa
2019 5027 2118 5082 Sa-

458 5079 686 5180 pientia
715 5083 1002 5180 .testatur,
1055 5091 1202 5180 quia
1245 5079 1536 5158 neminem
1566 5079 1772 5178 diligit
1819 5079 1976 5169 deus

460 5174 728 5272 qui
751 5184 885 5272 eum
911 5174 1044 5272 ipsa
1073 5179 1312 5272 habitat
1336 5187 1500 5259 (Sap.
1536 5209 1630 5262 vn,
1665 5174 1780 5269 i8).
1809 5199 1961 5272 Ergo
1992 5217 2117 5260 non

459 5267 535 5362 se
543 5254 940 5362 palpent,qui
955 5267 1217 5362 suaviter
1231 5254 1458 5346 vivunt,
1478 5295 1554 5337 ne
1575 5254 1722 5342 forte
1739 5254 1794 5343 si
1823 5254 1987 5362 apud
1997 5254 2115 5349 23;

457 5349 942 5438 non-inveniatur
963 5353 1282 5426 sapientia,
1315 5376 1436 5418 non
1466 5365 1793 5438 diligantur
1820 5349 2025 5432 a.Deo.

529 5427 710 5532 illim.
737 5439 811 5532 at
833 5453 970 5532 vero
1000 5441 1075 5532 de
1127 5445 1364 5507 luxuria
1422 5427 1786 5527 suggestrice
1837 5427 2114 5532 ejusdem

451 5511 612 5618 gula:
655 5521 790 5618 quis
833 5525 1062 5618 aliquid
1089 5533 1258 5609 loqui
1307 5511 2116 5618 vdeatjqiodvini'nbnud;

453 5609 766 5677 εραᾶοιιιιε,
787 5613 892 5683 qui
912 5617 1042 5688 ejus
1063 5620 1324 5684 ﬂammis
1343 5609 1650 5692 insaniunt
1670 5636 1698 5696 τ
1720 5609 2112 5718 quandoqui-

469 5737 738 5808 θερέω..
849 5732 866 5806 f
906 5751 910 5754 ·
947 5755 956 5765 -

2218 1723 2309 1775 ca,
2340 1706 2388 1762 si
2417 1709 2564 1764 forte
2595 1707 2802 1763 audire
2831 1707 3171 1777 dignentur,
3199 1721 3769 1763 commemoremus.
3809 1708 3880 1762 Ut

2218 1795 2418 1868 itaque
2449 1797 2602 1852 Deus
2635 1795 2842 1851 futuris
2865 1795 3045 1866 hujus
3076 1794 3272 1850 saeculi
3302 1794 3574 1851 aetatibus
3599 1793 3880 1850 ostende-

2219 1887 2306 1942 ret
2332 1883 2500 1957 quod
2528 1885 2790 1940 maxime
2821 1900 2926 1957 per
2967 1884 3080 1940 hoc
3132 1883 3341 1940 vitium
3392 1881 3872 1953 exacerbati-emt,

2219 1990 2362 2029 mox
2391 1979 2454 2029 ut
2473 1973 2576 2030 ﬁlii
2608 1973 2744 2031 Seth
2763 1973 3000 2030 ﬁliabus
3023 1971 3165 2030 Cain
3182 1987 3310 2030 sese
3328 1973 3868 2044 commiscuerutit,

2221 2067 2279 2118 et
2307 2075 2368 2118 se
2393 2059 2695 2135 perhibuit
2743 2062 3029 2135 poenitere
3059 2061 3228 2135 quod
3257 2061 3568 2118 hominem
3611 2060 3874 2131 fecisset,

2223 2152 2280 2210 et
2297 2152 2462 2208 omni
2489 2156 2777 2208 creaturae
2829 2138 3124 2207 diluvium
3155 2152 3558 2208 comminatus
3582 2155 3690 2208 est.
3725 2153 3876 2208 Nam

2223 2237 2356 2298 licet
2384 2239 2574 2296 Adam
2609 2245 2914 2314 peccante
2973 2245 3190 2296 terram
3246 2239 3616 2297 maledixerit
3645 2245 3702 2296 et
3733 2240 3876 2297 Cain

2226 2330 2617 2386 fratricidium
2635 2330 2838 2402 jaculo
2869 2329 3307 2386 unledictionis
3335 2329 3722 2394 mulctaverit,
3755 2345 3880 2386 non

2226 2424 2428 2477 tamen
2457 2420 2663 2476 dolore
2692 2420 2912 2491 cordis,
2948 2425 3050 2476 aut
3077 2420 3446 2493 paenitudine
3473 2419 3624 2477 sicut
3642 2419 3742 2476 hic
3763 2421 3880 2476 tac-

2229 2513 2322 2566 tus
2353 2509 2652 2580 asseritur,
2677 2523 2872 2582 neque
2895 2505 3154 2580 generali
3176 2507 3350 2566 exitio
3365 2509 3668 2566 mundum
3687 2509 3880 2582 perire

2229 2594 2508 2669 decrevit,
2540 2614 2734 2672 neque
2759 2611 2868 2672 pro
2900 2599 3306 2672 qualicunque
3335 2599 3452 2656 alio
3477 2599 3696 2656 scelere
3715 2603 3884 2654 tanta

2231 2687 2752 2745 animadversione
2799 2705 2927 2745 sese
2983 2685 3142 2745 ultus
3198 2693 3304 2756 est,
3359 2701 3549 2762 quam
3601 2704 3712 2762 pro
3744 2685 3880 2755 isto,

2230 2792 2368 2832 cum
2397 2775 2498 2834 illa
2527 2776 2935 2833 famosissima
2959 2775 3426 2846 conﬂagratione
3452 2775 3722 2850 quinque
3747 2775 3876 2832 civi-

2229 2869 2376 2922 tates
2399 2865 2537 2935 igne
2559 2870 2616 2921 et
2644 2865 2932 2939 sulphure
2959 2866 3142 2922 etiam
3173 2871 3309 2922 ante
3337 2865 3532 2936 legem
3557 2881 3884 2938 consump-

2227 2955 2318 3011 sit.
2355 2955 2534 3026 Cujus
2553 2955 2719 3012 fama
2743 2955 2878 3012 facti
2909 2955 3074 3012 libris
3119 2967 3364 3029 quoque
3390 2955 3698 3026 gentilium
3733 2951 3882 3012 celes

2225 3043 2449 3100 bratur.
2486 3048 2632 3119 Nam
2684 3049 2742 3101 et
2790 3044 2988 3100 adhuc
3019 3044 3226 3101 Omnia
3279 3061 3413 3118 quae
3439 3042 3522 3100 ibi
3547 3041 3880 3115 gignuntur

2225 3133 2404 3206 plena
2429 3133 2748 3202 cineribus,
2781 3137 2924 3190 teste
2965 3133 3194 3203 Orosio,
3243 3133 3640 3207 reperiuntur.
3693 3136 3886 3200 Quare

2228 3226 2430 3278 autem
2459 3222 2552 3278 vel
2607 3223 2744 3293 igne
2783 3222 2887 3295 qui
2917 3223 3128 3294 exurit,
3155 3223 3248 3279 vel
3277 3223 3563 3286 sulphure
3606 3223 3772 3296 quod
3803 3223 3884 3278 {ea

2227 3317 2325 3382 tet,
2355 3313 2592 3370 luxuria
2623 3313 2926 3387 puniatur,
2972 3313 3032 3370 in
3075 3313 3318 3384 Dialogo
3377 3309 3568 3370 sancti
3619 3309 3883 3384 Gregorii

2225 3402 2462 3476 plenius
2490 3403 2832 3460 edocemur.
2859 3405 2985 3469 Quo
3005 3400 3290 3460 nimirum
3313 3401 3470 3460 facto
3495 3406 3652 3460 Deus
3670 3417 3884 3460 omnes

2226 3493 2288 3549 In
2309 3491 2576 3549 futurum
2606 3491 3016 3564 generationes
3039 3489 3272 3550 erudire
3303 3493 3513 3564 noluit,
3547 3499 3612 3550 ut
3665 3494 3884 3549 scirent

2227 3584 2595 3655 quantopere
2626 3579 2978 3652 fugiendum
3012 3582 3084 3638 sit
3109 3581 3270 3638 istud
3319 3581 3614 3652 ﬂagitium
3651 3587 3789 3655 post
3815 3581 3884 3636 ﬁ.

2227 3670 2322 3726 dei
2353 3670 2774 3740 cognitionem,
2835 3671 3000 3744 quod
3029 3671 3124 3727 ille
3156 3675 3322 3728 tanta
3361 3666 3882 3729 animadversione

2227 3759 2460 3833 punivit
2487 3759 2666 3816 etiam
2697 3765 2833 3817 ante
2862 3759 3009 3830 legis
3031 3759 3517 3835 prohibitionem.
3555 3763 3710 3819 Sane
3741 3777 3882 3818 cum

2229 3849 2306 3906 ad
2337 3849 2589 3921 gratiam
2637 3850 3132 3907 reconciliationis
3178 3865 3369 3922 genus
3425 3850 3764 3908 humanum
3793 3867 3882 3908 re-

2227 3939 2445 3997 ducere
2474 3938 2853 4011 decrevisset,
2903 3957 3046 3997 mox
3077 3939 3331 3996 Abrahae
3377 3955 3563 4013 quem
3594 3940 3732 3996 ﬁdei
3759 3943 3882 4014 pri-

2227 4023 2477 4085 mordiis
2500 4024 2772 4086 initiabat
2799 4025 2879 4085 ad
2907 4023 3196 4085 indicium
3239 4028 3576 4085 recidendae
3617 4029 3885 4086 libidinis

2229 4117 2572 4174 circumcidi
2601 4118 2910 4192 praecepit;
2959 4117 3038 4174 ita
3097 4122 3238 4175 tunc
3291 4115 3714 4174 demonstrans
3739 4119 3886 4191 quia

2229 4223 2470 4265 necesse
2494 4212 2587 4265 est
2617 4213 2680 4264 ut
2713 4219 2924 4264 omnes
2953 4207 3058 4280 qui
3085 4207 3164 4263 ad
3195 4223 3332 4263 eum
3373 4207 3688 4280 pertinent,
3737 4223 3773 4263 a
3803 4209 3890 4264 vi—

2229 4289 2322 4354 tiis
2356 4302 2414 4354 et
2437 4289 2936 4372 concupiscentiis
2990 4309 3278 4353 mucrone
3308 4296 3501 4352 crucis
3528 4311 3590 4351 se
3623 4295 3884 4352 circum—

2231 4387 2450 4445 cidant.
2479 4387 2651 4445 Illum
2675 4403 2812 4444 vero
2840 4387 2944 4460 qui
2993 4391 3129 4460 post
3177 4382 3604 4458 redemptionis
3627 4385 3886 4454 gratiam

2228 4478 2458 4552 primus
2487 4478 2548 4534 in
2573 4481 2744 4534 reatu
2764 4472 3172 4534 fornicationis
3189 4475 3601 4548 deprehensus
3631 4477 3722 4530 est
3734 4479 3890 4547 Apo-

2229 4557 2414 4625 stolus
2468 4559 2622 4624 illico
2679 4561 2911 4624 Satanas
2964 4559 3225 4636 tradidit,
3285 4563 3388 4637 qui
3441 4569 3500 4619 et
3526 4561 3693 4630 alios,
3729 4577 3888 4636 quos

2227 4655 2374 4713 forte
2423 4657 2674 4713 Satanas
2721 4653 2801 4712 ob
2861 4653 2978 4711 alia
3015 4653 3292 4727 quaslibet
3345 4647 3570 4721 ﬂagitia
3601 4651 3884 4717 vexabat,

2227 4747 2453 4821 eripere
2472 4746 2678 4804 solitus
2709 4751 2852 4802 erat.
2883 4748 3121 4818 Propter
3145 4743 3262 4799 hoc
3285 4748 3486 4798 tamen
3506 4739 3700 4796 scelus
3719 4739 3890 4795 hunc

2227 4839 2423 4896 eidem
2457 4840 2689 4896 Satanae
2717 4834 3102 4908 mancipavit,
3131 4833 3239 4906 qui
3269 4832 3474 4904 utique
3501 4829 3596 4886 vel
3618 4829 3888 4886 novitate

2227 4945 2420 5004 nuper
2467 4931 2758 4999 susceptae
2803 4924 3124 4994 religionis,
3199 4922 3290 4978 vel
3365 4919 3704 4991 ignorantia
3751 4933 3892 4974 nec-

2227 5021 2376 5077 dum
2397 5021 2653 5091 expertes
2669 5013 3103 5072 constrictionis
3127 5015 3362 5086 poterat
3378 5015 3684 5082 utcunque
3704 5024 3884 5065 excu-

2229 5125 2360 5168 sare
2369 5152 2381 5164 .

2298 5199 2473 5256 XXIV.
2549 5197 2766 5252 Verum
2807 5197 2874 5250 ut
2901 5189 3127 5266 aliquid
3171 5189 3284 5246 sub
3314 5191 3674 5260 argumento
3727 5187 3886 5243 dica-

2229 5301 2580 5361 mus,quare
2597 5284 2794 5356 justus
2799 5282 2988 5356 judex
3003 5285 3154 5338 Deus
3169 5279 3460 5336 infantem
3477 5277 3746 5348 legitimo
3763 5292 3886 5332 ma-

2229 5375 2512 5433 trimonio
2535 5378 2592 5430 et
2613 5372 2892 5429 absoluto
2915 5375 3187 5443 tempore
3212 5371 3598 5438 conceptum,
3635 5365 3811 5421 etiam
3841 5365 3886 5422 si

2229 5466 2583 5539 priusquam
2599 5477 2848 5536 peccare
2871 5461 3077 5534 possit,
3116 5459 3385 5522 moritur,
3412 5472 3516 5512 cur
3537 5453 3885 5510 mternaliter

2232 5553 2631 5610 condemnet?
2643 5551 2756 5607 Sed
2772 5550 2918 5606 dum
2939 5549 3185 5622 proprio
3197 5551 3365 5603 reatu
3381 5544 3628 5600 minime
3645 5543 3888 5616 punitur

2227 5643 2617 5709 manifestum
2651 5643 2741 5697 est
2775 5637 2924 5695 illud
2973 5637 3102 5694 ﬁeri
3131 5640 3376 5710 propter
3403 5631 3552 5694 illud
3571 5635 3882 5716 peccatum

2505 5757 2611 5792 'F-r-
2671 5767 2784 5788 σιω..

2407 5963 2515 6002 τνέ⁴
