  <div class='ocr_page' id='page_1' title='image "/cluster/home/n/w/nwhite01/storage/ocr_20150623/133/hvd.32044054759949/290.png"; bbox 0 0 4092 6158; ppageno 0'>
   <div class='ocr_carea' id='block_1_1' title="bbox 188 185 288 250">
    <p class='ocr_par' dir='ltr' id='par_1_1' title="bbox 188 185 288 250">
     <span class='ocr_line' id='line_1_1' title="bbox 188 185 288 250; baseline -0.01 0"><span class='ocrx_word' id='word_1_1' title='bbox 188 185 288 250; x_wconf 65' lang='lat'><strong>$69</strong></span> 
     </span>
    </p>
   </div>
   <div class='ocr_carea' id='block_1_2' title="bbox 1225 184 2552 257">
    <p class='ocr_par' dir='ltr' id='par_1_2' title="bbox 1225 184 2552 257">
     <span class='ocr_line' id='line_1_2' title="bbox 1225 184 2552 257; baseline 0.001 -2"><span class='ocrx_word' id='word_1_2' title='bbox 1225 199 1713 257; x_wconf 79' lang='lat' dir='ltr'><strong>COLLATIONUM</strong></span> <span class='ocrx_word' id='word_1_3' title='bbox 1756 198 1934 256; x_wconf 80' lang='lat' dir='ltr'><strong>LIBRI</strong></span> <span class='ocrx_word' id='word_1_4' title='bbox 1973 184 2167 256; x_wconf 76' lang='lat' dir='ltr'><strong>mss.</strong></span> <span class='ocrx_word' id='word_1_5' title='bbox 2210 230 2276 241; x_wconf 89' lang='lat'><strong>—</strong></span> <span class='ocrx_word' id='word_1_6' title='bbox 2317 201 2444 256; x_wconf 83' lang='lat' dir='ltr'><strong>ue.</strong></span> <span class='ocrx_word' id='word_1_7' title='bbox 2488 205 2552 257; x_wconf 84' lang='grc' dir='ltr'><strong>ιι.</strong></span> 
     </span>
    </p>
   </div>
   <div class='ocr_carea' id='block_1_3' title="bbox 3488 205 3596 262">
    <p class='ocr_par' dir='ltr' id='par_1_3' title="bbox 3488 205 3596 262">
     <span class='ocr_line' id='line_1_3' title="bbox 3488 205 3596 262; baseline 0.037 -4"><span class='ocrx_word' id='word_1_8' title='bbox 3488 205 3596 262; x_wconf 71' lang='lat'><strong>570&#39;</strong></span> 
     </span>
    </p>
   </div>
   <div class='ocr_carea' id='block_1_4' title="bbox 179 317 3590 397">
    <p class='ocr_par' dir='ltr' id='par_1_4' title="bbox 179 317 3590 397">
     <span class='ocr_line' id='line_1_4' title="bbox 179 317 3590 397; baseline 0.003 -24"><span class='ocrx_word' id='word_1_9' title='bbox 179 317 348 390; x_wconf 82' lang='lat' dir='ltr'><strong>quod</strong></span> <span class='ocrx_word' id='word_1_10' title='bbox 375 317 442 374; x_wconf 88' lang='lat' dir='ltr'><strong>ﬁt</strong></span> <span class='ocrx_word' id='word_1_11' title='bbox 470 318 620 378; x_wconf 87' lang='lat' dir='ltr'><strong>hora</strong></span> <span class='ocrx_word' id='word_1_12' title='bbox 647 325 1076 397; x_wconf 88' lang='lat' dir='ltr'><strong>conceptionis.</strong></span> <span class='ocrx_word' id='word_1_13' title='bbox 1113 323 1167 379; x_wconf 91' lang='lat' dir='ltr'><strong>Si</strong></span> <span class='ocrx_word' id='word_1_14' title='bbox 1195 339 1337 393; x_wconf 88' lang='lat' dir='ltr'><strong>ergo</strong></span> <span class='ocrx_word' id='word_1_15' title='bbox 1364 328 1528 380; x_wconf 90' lang='lat' dir='ltr'><strong>tanta</strong></span> <span class='ocrx_word' id='word_1_16' title='bbox 1553 328 1640 380; x_wconf 89' lang='lat' dir='ltr'><strong>est</strong></span> <span class='ocrx_word' id='word_1_17' title='bbox 1661 323 1837 396; x_wconf 89' lang='lat' dir='ltr'><strong>culpa</strong></span> <span class='ocrx_word' id='word_1_18' title='bbox 1870 328 1916 379; x_wconf 71' lang='grc' dir='ltr'><strong>Α</strong></span> <span class='ocrx_word' id='word_1_19' title='bbox 1943 323 2071 379; x_wconf 83' lang='lat' dir='ltr'><strong>Joel</strong></span> <span class='ocrx_word' id='word_1_20' title='bbox 2101 324 2242 380; x_wconf 83' lang='lat' dir='ltr'><strong>dicit</strong></span> <span class='ocrx_word' id='word_1_21' title='bbox 2269 342 2282 379; x_wconf 89' lang='lat'><strong>:</strong></span> <span class='ocrx_word' id='word_1_22' title='bbox 2331 329 2393 380; x_wconf 85' lang='lat' dir='ltr'><strong>In</strong></span> <span class='ocrx_word' id='word_1_23' title='bbox 2427 341 2497 381; x_wconf 88' lang='lat' dir='ltr'><strong>eo</strong></span> <span class='ocrx_word' id='word_1_24' title='bbox 2521 325 2718 381; x_wconf 84' lang='lat' dir='ltr'><strong>cordis</strong></span> <span class='ocrx_word' id='word_1_25' title='bbox 2759 326 2966 382; x_wconf 91' lang='lat' dir='ltr'><strong>oculos</strong></span> <span class='ocrx_word' id='word_1_26' title='bbox 2995 326 3123 382; x_wconf 71' lang='lat' dir='ltr'><strong>haec</strong></span> <span class='ocrx_word' id='word_1_27' title='bbox 3148 326 3360 382; x_wconf 87' lang='lat' dir='ltr'><strong>eadem</strong></span> <span class='ocrx_word' id='word_1_28' title='bbox 3404 325 3590 383; x_wconf 88' lang='lat' dir='ltr'><strong>libido</strong></span> 
     </span>
    </p>
   </div>
   <div class='ocr_carea' id='block_1_5' title="bbox 182 407 1834 487">
    <p class='ocr_par' dir='ltr' id='par_1_5' title="bbox 182 407 1834 487">
     <span class='ocr_line' id='line_1_5' title="bbox 182 407 1834 487; baseline 0.005 -26"><span class='ocrx_word' id='word_1_29' title='bbox 182 407 242 462; x_wconf 90' lang='lat' dir='ltr'><strong>in</strong></span> <span class='ocrx_word' id='word_1_30' title='bbox 268 407 572 479; x_wconf 91' lang='lat' dir='ltr'><strong>conjugali</strong></span> <span class='ocrx_word' id='word_1_31' title='bbox 599 411 943 483; x_wconf 85' lang='lat' dir='ltr'><strong>concubitu,</strong></span> <span class='ocrx_word' id='word_1_32' title='bbox 973 419 1037 470; x_wconf 90' lang='lat' dir='ltr'><strong>ut</strong></span> <span class='ocrx_word' id='word_1_33' title='bbox 1065 410 1262 469; x_wconf 84' lang='lat' dir='ltr'><strong>infans</strong></span> <span class='ocrx_word' id='word_1_34' title='bbox 1292 427 1402 486; x_wconf 90' lang='lat' dir='ltr'><strong>pro</strong></span> <span class='ocrx_word' id='word_1_35' title='bbox 1431 410 1528 469; x_wconf 90' lang='lat' dir='ltr'><strong>illa</strong></span> <span class='ocrx_word' id='word_1_36' title='bbox 1569 409 1695 469; x_wconf 90' lang='lat' dir='ltr'><strong>sola</strong></span> <span class='ocrx_word' id='word_1_37' title='bbox 1723 424 1834 487; x_wconf 88' lang='lat' dir='ltr'><strong>pu-</strong></span> 
     </span>
    </p>
   </div>
   <div class='ocr_carea' id='block_1_6' title="bbox 181 491 1834 576">
    <p class='ocr_par' dir='ltr' id='par_1_6' title="bbox 181 491 1834 576">
     <span class='ocr_line' id='line_1_6' title="bbox 181 491 1834 576; baseline 0.006 -27"><span class='ocrx_word' id='word_1_38' title='bbox 181 491 293 550; x_wconf 84' lang='lat' dir='ltr'><strong>niri</strong></span> <span class='ocrx_word' id='word_1_39' title='bbox 323 493 559 561; x_wconf 91' lang='lat' dir='ltr'><strong>debeat,</strong></span> <span class='ocrx_word' id='word_1_40' title='bbox 590 506 819 572; x_wconf 87' lang='lat' dir='ltr'><strong>quanta</strong></span> <span class='ocrx_word' id='word_1_41' title='bbox 849 496 908 557; x_wconf 90' lang='lat' dir='ltr'><strong>in</strong></span> <span class='ocrx_word' id='word_1_42' title='bbox 942 508 1146 576; x_wconf 91' lang='lat' dir='ltr'><strong>stupro</strong></span> <span class='ocrx_word' id='word_1_43' title='bbox 1173 508 1259 558; x_wconf 91' lang='lat' dir='ltr'><strong>est</strong></span> <span class='ocrx_word' id='word_1_44' title='bbox 1290 503 1380 559; x_wconf 88' lang='lat' dir='ltr'><strong>vel</strong></span> <span class='ocrx_word' id='word_1_45' title='bbox 1409 503 1466 558; x_wconf 92' lang='lat' dir='ltr'><strong>in</strong></span> <span class='ocrx_word' id='word_1_46' title='bbox 1490 503 1834 576; x_wconf 81' lang='lat' dir='ltr'><strong>pollutione,</strong></span> 
     </span>
    </p>
   </div>
   <div class='ocr_carea' id='block_1_7' title="bbox 181 579 1838 667">
    <p class='ocr_par' dir='ltr' id='par_1_7' title="bbox 181 579 1838 667">
     <span class='ocr_line' id='line_1_7' title="bbox 181 579 1838 667; baseline 0.005 -27"><span class='ocrx_word' id='word_1_47' title='bbox 181 590 318 657; x_wconf 67' lang='lat' dir='ltr'><strong>quas</strong></span> <span class='ocrx_word' id='word_1_48' title='bbox 345 586 420 642; x_wconf 83' lang='lat' dir='ltr'><strong>ad</strong></span> <span class='ocrx_word' id='word_1_49' title='bbox 454 579 646 645; x_wconf 89' lang='lat' dir='ltr'><strong>solam</strong></span> <span class='ocrx_word' id='word_1_50' title='bbox 677 579 987 648; x_wconf 86' lang='lat' dir='ltr'><strong>libidinem</strong></span> <span class='ocrx_word' id='word_1_51' title='bbox 1015 585 1374 667; x_wconf 83' lang='lat' dir='ltr'><strong>explendam</strong></span> <span class='ocrx_word' id='word_1_52' title='bbox 1402 593 1711 666; x_wconf 80' lang='lat' dir='ltr'><strong>patratur?</strong></span> <span class='ocrx_word' id='word_1_53' title='bbox 1732 583 1838 650; x_wconf 79' lang='lat' dir='ltr'><strong>Me-</strong></span> 
     </span>
    </p>
   </div>
   <div class='ocr_carea' id='block_1_8' title="bbox 179 674 1838 757">
    <p class='ocr_par' dir='ltr' id='par_1_8' title="bbox 179 674 1838 757">
     <span class='ocr_line' id='line_1_8' title="bbox 179 674 1838 757; baseline 0.005 -27"><span class='ocrx_word' id='word_1_54' title='bbox 179 674 292 731; x_wconf 90' lang='lat' dir='ltr'><strong>rito</strong></span> <span class='ocrx_word' id='word_1_55' title='bbox 315 674 497 745; x_wconf 81' lang='lat' dir='ltr'><strong>igitur</strong></span> <span class='ocrx_word' id='word_1_56' title='bbox 524 683 885 750; x_wconf 88' lang='lat' dir='ltr'><strong>protestatur</strong></span> <span class='ocrx_word' id='word_1_57' title='bbox 912 683 1250 756; x_wconf 83' lang='lat' dir='ltr'><strong>Apostolus,</strong></span> <span class='ocrx_word' id='word_1_58' title='bbox 1283 683 1426 757; x_wconf 85' lang='lat' dir='ltr'><strong>quia</strong></span> <span class='ocrx_word' id='word_1_59' title='bbox 1454 682 1838 740; x_wconf 83' lang='lat' dir='ltr'><strong>fornicatores</strong></span> 
     </span>
    </p>
   </div>
   <div class='ocr_carea' id='block_1_9' title="bbox 181 765 1838 847">
    <p class='ocr_par' dir='ltr' id='par_1_9' title="bbox 181 765 1838 847">
     <span class='ocr_line' id='line_1_9' title="bbox 181 765 1838 847; baseline 0.006 -27"><span class='ocrx_word' id='word_1_60' title='bbox 181 769 235 821; x_wconf 88' lang='lat' dir='ltr'><strong>et</strong></span> <span class='ocrx_word' id='word_1_61' title='bbox 261 765 564 823; x_wconf 90' lang='lat' dir='ltr'><strong>adulteros</strong></span> <span class='ocrx_word' id='word_1_62' title='bbox 588 769 886 840; x_wconf 88' lang='lat' dir='ltr'><strong>judicabit</strong></span> <span class='ocrx_word' id='word_1_63' title='bbox 915 775 1088 830; x_wconf 90' lang='lat' dir='ltr'><strong>Deus.</strong></span> <span class='ocrx_word' id='word_1_64' title='bbox 1125 775 1329 846; x_wconf 88' lang='lat' dir='ltr'><strong>Liquet</strong></span> <span class='ocrx_word' id='word_1_65' title='bbox 1356 777 1510 830; x_wconf 89' lang='lat' dir='ltr'><strong>certe</strong></span> <span class='ocrx_word' id='word_1_66' title='bbox 1540 773 1703 847; x_wconf 91' lang='lat' dir='ltr'><strong>quod</strong></span> <span class='ocrx_word' id='word_1_67' title='bbox 1733 774 1838 830; x_wconf 91' lang='lat' dir='ltr'><strong>mi-</strong></span> 
     </span>
    </p>
   </div>
   <div class='ocr_carea' id='block_1_10' title="bbox 179 860 1834 934">
    <p class='ocr_par' dir='ltr' id='par_1_10' title="bbox 179 860 1834 934">
     <span class='ocr_line' id='line_1_10' title="bbox 179 860 1834 934; baseline 0.006 -25"><span class='ocrx_word' id='word_1_68' title='bbox 179 869 357 910; x_wconf 86' lang='lat' dir='ltr'><strong>nores</strong></span> <span class='ocrx_word' id='word_1_69' title='bbox 385 871 586 914; x_wconf 72' lang='lat' dir='ltr'><strong>causae</strong></span> <span class='ocrx_word' id='word_1_70' title='bbox 616 875 722 932; x_wconf 90' lang='lat' dir='ltr'><strong>per</strong></span> <span class='ocrx_word' id='word_1_71' title='bbox 751 860 1010 918; x_wconf 89' lang='lat' dir='ltr'><strong>minores</strong></span> <span class='ocrx_word' id='word_1_72' title='bbox 1035 863 1266 934; x_wconf 92' lang='lat' dir='ltr'><strong>judices</strong></span> <span class='ocrx_word' id='word_1_73' title='bbox 1306 863 1534 919; x_wconf 85' lang='lat' dir='ltr'><strong>soleant</strong></span> <span class='ocrx_word' id='word_1_74' title='bbox 1557 863 1834 934; x_wconf 88' lang='lat' dir='ltr'><strong>judicari,</strong></span> 
     </span>
    </p>
   </div>
   <div class='ocr_carea' id='block_1_11' title="bbox 181 944 1838 1026">
    <p class='ocr_par' dir='ltr' id='par_1_11' title="bbox 181 944 1838 1026">
     <span class='ocr_line' id='line_1_11' title="bbox 181 944 1838 1026; baseline 0.007 -27"><span class='ocrx_word' id='word_1_75' title='bbox 181 944 285 1001; x_wconf 90' lang='lat' dir='ltr'><strong>sed</strong></span> <span class='ocrx_word' id='word_1_76' title='bbox 317 962 456 1002; x_wconf 91' lang='lat' dir='ltr'><strong>cum</strong></span> <span class='ocrx_word' id='word_1_77' title='bbox 478 947 723 1021; x_wconf 84' lang='lat' dir='ltr'><strong>aliquod</strong></span> <span class='ocrx_word' id='word_1_78' title='bbox 755 950 867 1006; x_wconf 88' lang='lat' dir='ltr'><strong>tale</strong></span> <span class='ocrx_word' id='word_1_79' title='bbox 896 953 1203 1022; x_wconf 81' lang='lat' dir='ltr'><strong>negotium</strong></span> <span class='ocrx_word' id='word_1_80' title='bbox 1233 953 1515 1026; x_wconf 88' lang='lat' dir='ltr'><strong>obrepsit,</strong></span> <span class='ocrx_word' id='word_1_81' title='bbox 1540 953 1704 1026; x_wconf 91' lang='lat' dir='ltr'><strong>quod</strong></span> <span class='ocrx_word' id='word_1_82' title='bbox 1731 969 1838 1026; x_wconf 90' lang='lat' dir='ltr'><strong>per</strong></span> 
     </span>
    </p>
   </div>
   <div class='ocr_carea' id='block_1_12' title="bbox 180 1034 1839 1116">
    <p class='ocr_par' dir='ltr' id='par_1_12' title="bbox 180 1034 1839 1116">
     <span class='ocr_line' id='line_1_12' title="bbox 180 1034 1839 1116; baseline 0.006 -27"><span class='ocrx_word' id='word_1_83' title='bbox 180 1048 244 1090; x_wconf 89' lang='lat' dir='ltr'><strong>se</strong></span> <span class='ocrx_word' id='word_1_84' title='bbox 273 1034 612 1092; x_wconf 85' lang='lat' dir='ltr'><strong>nullatenus</strong></span> <span class='ocrx_word' id='word_1_85' title='bbox 642 1038 921 1112; x_wconf 88' lang='lat' dir='ltr'><strong>expedire</strong></span> <span class='ocrx_word' id='word_1_86' title='bbox 951 1040 1208 1113; x_wconf 81' lang='lat' dir='ltr'><strong>valeant,</strong></span> <span class='ocrx_word' id='word_1_87' title='bbox 1235 1040 1296 1098; x_wconf 88' lang='lat' dir='ltr'><strong>id</strong></span> <span class='ocrx_word' id='word_1_88' title='bbox 1317 1043 1393 1098; x_wconf 92' lang='lat' dir='ltr'><strong>ad</strong></span> <span class='ocrx_word' id='word_1_89' title='bbox 1420 1041 1704 1116; x_wconf 88' lang='lat' dir='ltr'><strong>principis</strong></span> <span class='ocrx_word' id='word_1_90' title='bbox 1735 1059 1839 1099; x_wconf 85' lang='lat' dir='ltr'><strong>no-</strong></span> 
     </span>
    </p>
   </div>
   <div class='ocr_carea' id='block_1_13' title="bbox 180 1116 1836 1204">
    <p class='ocr_par' dir='ltr' id='par_1_13' title="bbox 180 1116 1836 1204">
     <span class='ocr_line' id='line_1_13' title="bbox 180 1116 1836 1204; baseline 0.006 -26"><span class='ocrx_word' id='word_1_91' title='bbox 180 1116 370 1180; x_wconf 88' lang='lat' dir='ltr'><strong>titiam</strong></span> <span class='ocrx_word' id='word_1_92' title='bbox 415 1125 692 1184; x_wconf 88' lang='lat' dir='ltr'><strong>referunt.</strong></span> <span class='ocrx_word' id='word_1_93' title='bbox 728 1125 796 1185; x_wconf 87' lang='lat' dir='ltr'><strong>Ut</strong></span> <span class='ocrx_word' id='word_1_94' title='bbox 842 1128 1021 1200; x_wconf 84' lang='lat' dir='ltr'><strong>igitur</strong></span> <span class='ocrx_word' id='word_1_95' title='bbox 1050 1136 1313 1204; x_wconf 89' lang='lat' dir='ltr'><strong>quantus</strong></span> <span class='ocrx_word' id='word_1_96' title='bbox 1363 1132 1436 1188; x_wconf 92' lang='lat' dir='ltr'><strong>sit</strong></span> <span class='ocrx_word' id='word_1_97' title='bbox 1480 1130 1586 1188; x_wconf 89' lang='lat' dir='ltr'><strong>iste</strong></span> <span class='ocrx_word' id='word_1_98' title='bbox 1638 1137 1836 1188; x_wconf 86' lang='lat' dir='ltr'><strong>reatus</strong></span> 
     </span>
    </p>
   </div>
   <div class='ocr_carea' id='block_1_14' title="bbox 177 1208 1836 1296">
    <p class='ocr_par' dir='ltr' id='par_1_14' title="bbox 177 1208 1836 1296">
     <span class='ocr_line' id='line_1_14' title="bbox 177 1208 1836 1296; baseline 0.006 -29"><span class='ocrx_word' id='word_1_99' title='bbox 177 1218 630 1283; x_wconf 83' lang='lat' dir='ltr'><strong>monstraretur,</strong></span> <span class='ocrx_word' id='word_1_100' title='bbox 659 1208 738 1273; x_wconf 86' lang='lat' dir='ltr'><strong>ad</strong></span> <span class='ocrx_word' id='word_1_101' title='bbox 771 1213 954 1275; x_wconf 91' lang='lat' dir='ltr'><strong>solius</strong></span> <span class='ocrx_word' id='word_1_102' title='bbox 1007 1221 1104 1276; x_wconf 87' lang='lat' dir='ltr'><strong>Dei</strong></span> <span class='ocrx_word' id='word_1_103' title='bbox 1152 1212 1447 1293; x_wconf 88' lang='lat' dir='ltr'><strong>judicium</strong></span> <span class='ocrx_word' id='word_1_104' title='bbox 1476 1222 1676 1278; x_wconf 84' lang='lat' dir='ltr'><strong>referri</strong></span> <span class='ocrx_word' id='word_1_105' title='bbox 1706 1236 1836 1296; x_wconf 87' lang='lat' dir='ltr'><strong>per-</strong></span> 
     </span>
    </p>
   </div>
   <div class='ocr_carea' id='block_1_15' title="bbox 175 1296 1836 1380">
    <p class='ocr_par' dir='ltr' id='par_1_15' title="bbox 175 1296 1836 1380">
     <span class='ocr_line' id='line_1_15' title="bbox 175 1296 1836 1380; baseline 0.007 -23"><span class='ocrx_word' id='word_1_106' title='bbox 175 1300 436 1359; x_wconf 84' lang='lat' dir='ltr'><strong>hibetur.</strong></span> <span class='ocrx_word' id='word_1_107' title='bbox 468 1296 589 1361; x_wconf 87' lang='lat' dir='ltr'><strong>Sub</strong></span> <span class='ocrx_word' id='word_1_108' title='bbox 619 1296 734 1363; x_wconf 84' lang='lat' dir='ltr'><strong>hoc</strong></span> <span class='ocrx_word' id='word_1_109' title='bbox 763 1315 948 1364; x_wconf 84' lang='lat' dir='ltr'><strong>sensu</strong></span> <span class='ocrx_word' id='word_1_110' title='bbox 978 1303 1066 1366; x_wconf 83' lang='lat' dir='ltr'><strong>est</strong></span> <span class='ocrx_word' id='word_1_111' title='bbox 1093 1299 1542 1380; x_wconf 90' lang='lat' dir='ltr'><strong>intelligendum</strong></span> <span class='ocrx_word' id='word_1_112' title='bbox 1569 1311 1750 1369; x_wconf 90' lang='lat' dir='ltr'><strong>etiam</strong></span> <span class='ocrx_word' id='word_1_113' title='bbox 1774 1299 1836 1368; x_wconf 90' lang='lat' dir='ltr'><strong>il-</strong></span> 
     </span>
    </p>
   </div>
   <div class='ocr_carea' id='block_1_16' title="bbox 174 1386 1834 1469">
    <p class='ocr_par' dir='ltr' id='par_1_16' title="bbox 174 1386 1834 1469">
     <span class='ocr_line' id='line_1_16' title="bbox 174 1386 1834 1469; baseline 0.007 -23"><span class='ocrx_word' id='word_1_114' title='bbox 174 1388 304 1461; x_wconf 89' lang='lat' dir='ltr'><strong>lud,</strong></span> <span class='ocrx_word' id='word_1_115' title='bbox 335 1386 499 1465; x_wconf 87' lang='lat' dir='ltr'><strong>quod</strong></span> <span class='ocrx_word' id='word_1_116' title='bbox 530 1393 688 1451; x_wconf 91' lang='lat' dir='ltr'><strong>idem</strong></span> <span class='ocrx_word' id='word_1_117' title='bbox 719 1397 1038 1469; x_wconf 80' lang='lat' dir='ltr'><strong>Apostolus</strong></span> <span class='ocrx_word' id='word_1_118' title='bbox 1061 1400 1173 1455; x_wconf 88' lang='lat' dir='ltr'><strong>ait:</strong></span> <span class='ocrx_word' id='word_1_119' title='bbox 1205 1400 1380 1456; x_wconf 87' lang='lat' dir='ltr'><strong>Nihil</strong></span> <span class='ocrx_word' id='word_1_120' title='bbox 1394 1401 1546 1457; x_wconf 83' lang='lat' dir='ltr'><strong>mihi</strong></span> <span class='ocrx_word' id='word_1_121' title='bbox 1565 1403 1834 1458; x_wconf 87' lang='lat' dir='ltr'><strong>conscius</strong></span> 
     </span>
    </p>
   </div>
   <div class='ocr_carea' id='block_1_17' title="bbox 173 1482 1830 1560">
    <p class='ocr_par' dir='ltr' id='par_1_17' title="bbox 173 1482 1830 1560">
     <span class='ocr_line' id='line_1_17' title="bbox 173 1482 1830 1560; baseline 0.007 -25"><span class='ocrx_word' id='word_1_122' title='bbox 173 1495 327 1550; x_wconf 86' lang='lat' dir='ltr'><strong>sum,</strong></span> <span class='ocrx_word' id='word_1_123' title='bbox 356 1482 462 1537; x_wconf 88' lang='lat' dir='ltr'><strong>sed</strong></span> <span class='ocrx_word' id='word_1_124' title='bbox 490 1498 608 1539; x_wconf 90' lang='lat' dir='ltr'><strong>non</strong></span> <span class='ocrx_word' id='word_1_125' title='bbox 634 1485 697 1540; x_wconf 83' lang='lat' dir='ltr'><strong>in</strong></span> <span class='ocrx_word' id='word_1_126' title='bbox 729 1485 840 1542; x_wconf 81' lang='lat' dir='ltr'><strong>hoc</strong></span> <span class='ocrx_word' id='word_1_127' title='bbox 852 1488 1226 1556; x_wconf 80' lang='lat' dir='ltr'><strong>justiﬁcatus</strong></span> <span class='ocrx_word' id='word_1_128' title='bbox 1254 1505 1383 1545; x_wconf 89' lang='lat' dir='ltr'><strong>sum</strong></span> <span class='ocrx_word' id='word_1_129' title='bbox 1416 1490 1471 1560; x_wconf 91' lang='grc' dir='ltr'><strong>(Ι</strong></span> <span class='ocrx_word' id='word_1_130' title='bbox 1487 1489 1622 1546; x_wconf 87' lang='lat' dir='ltr'><strong>Cor.</strong></span> <span class='ocrx_word' id='word_1_131' title='bbox 1656 1507 1730 1556; x_wconf 85' lang='lat' dir='ltr'><strong>iv,</strong></span> <span class='ocrx_word' id='word_1_132' title='bbox 1754 1493 1830 1558; x_wconf 79' lang='grc'><strong>4).</strong></span> 
     </span>
    </p>
   </div>
   <div class='ocr_carea' id='block_1_18' title="bbox 175 1571 1835 1652">
    <p class='ocr_par' dir='ltr' id='par_1_18' title="bbox 175 1571 1835 1652">
     <span class='ocr_line' id='line_1_18' title="bbox 175 1571 1835 1652; baseline 0.006 -28"><span class='ocrx_word' id='word_1_133' title='bbox 175 1571 327 1625; x_wconf 83' lang='lat' dir='ltr'><strong>Nam</strong></span> <span class='ocrx_word' id='word_1_134' title='bbox 353 1586 462 1626; x_wconf 90' lang='lat' dir='ltr'><strong>cur</strong></span> <span class='ocrx_word' id='word_1_135' title='bbox 491 1587 552 1627; x_wconf 90' lang='lat' dir='ltr'><strong>se</strong></span> <span class='ocrx_word' id='word_1_136' title='bbox 586 1572 911 1643; x_wconf 87' lang='lat' dir='ltr'><strong>justiﬁcare</strong></span> <span class='ocrx_word' id='word_1_137' title='bbox 935 1591 1056 1632; x_wconf 92' lang='lat' dir='ltr'><strong>non</strong></span> <span class='ocrx_word' id='word_1_138' title='bbox 1098 1577 1337 1648; x_wconf 77' lang='lat' dir='ltr'><strong>audeat,</strong></span> <span class='ocrx_word' id='word_1_139' title='bbox 1368 1579 1646 1652; x_wconf 87' lang='lat' dir='ltr'><strong>quamvis</strong></span> <span class='ocrx_word' id='word_1_140' title='bbox 1689 1578 1835 1634; x_wconf 90' lang='lat' dir='ltr'><strong>nihil</strong></span> 
     </span>
    </p>
   </div>
   <div class='ocr_carea' id='block_1_19' title="bbox 1943 405 3595 488">
    <p class='ocr_par' dir='ltr' id='par_1_19' title="bbox 1943 405 3595 488">
     <span class='ocr_line' id='line_1_19' title="bbox 1943 405 3595 488; baseline 0.002 -20"><span class='ocrx_word' id='word_1_141' title='bbox 1943 424 2270 481; x_wconf 65' lang='lat' dir='ltr'><strong>exemcans,</strong></span> <span class='ocrx_word' id='word_1_142' title='bbox 2321 405 2402 470; x_wconf 89' lang='lat' dir='ltr'><strong>ita</strong></span> <span class='ocrx_word' id='word_1_143' title='bbox 2451 430 2694 470; x_wconf 89' lang='lat' dir='ltr'><strong>sensum</strong></span> <span class='ocrx_word' id='word_1_144' title='bbox 2749 407 2877 486; x_wconf 85' lang='lat' dir='ltr'><strong>ejus</strong></span> <span class='ocrx_word' id='word_1_145' title='bbox 2929 409 3202 480; x_wconf 87' lang='lat' dir='ltr'><strong>inebriat,</strong></span> <span class='ocrx_word' id='word_1_146' title='bbox 3243 416 3307 471; x_wconf 87' lang='lat' dir='ltr'><strong>ut</strong></span> <span class='ocrx_word' id='word_1_147' title='bbox 3350 414 3595 488; x_wconf 78' lang='lat' dir='ltr'><strong>propter</strong></span> 
     </span>
    </p>
   </div>
   <div class='ocr_carea' id='block_1_20' title="bbox 1944 503 3592 576">
    <p class='ocr_par' dir='ltr' id='par_1_20' title="bbox 1944 503 3592 576">
     <span class='ocr_line' id='line_1_20' title="bbox 1944 503 3592 576; baseline 0.002 -19"><span class='ocrx_word' id='word_1_148' title='bbox 1944 503 2406 572; x_wconf 83' lang='lat' dir='ltr'><strong>ignominiosam</strong></span> <span class='ocrx_word' id='word_1_149' title='bbox 2437 503 2702 575; x_wconf 84' lang='lat' dir='ltr'><strong>corporis</strong></span> <span class='ocrx_word' id='word_1_150' title='bbox 2725 509 2956 575; x_wconf 92' lang='lat' dir='ltr'><strong>partem</strong></span> <span class='ocrx_word' id='word_1_151' title='bbox 2977 504 3300 576; x_wconf 89' lang='lat' dir='ltr'><strong>pretiosam</strong></span> <span class='ocrx_word' id='word_1_152' title='bbox 3325 505 3592 561; x_wconf 90' lang='lat' dir='ltr'><strong>animam</strong></span> 
     </span>
    </p>
   </div>
   <div class='ocr_carea' id='block_1_21' title="bbox 1943 584 3593 666">
    <p class='ocr_par' dir='ltr' id='par_1_21' title="bbox 1943 584 3593 666">
     <span class='ocr_line' id='line_1_21' title="bbox 1943 584 3593 666; baseline 0.001 -18"><span class='ocrx_word' id='word_1_153' title='bbox 1943 593 2004 648; x_wconf 89' lang='lat' dir='ltr'><strong>in</strong></span> <span class='ocrx_word' id='word_1_154' title='bbox 2036 592 2277 647; x_wconf 85' lang='lat' dir='ltr'><strong>serviles</strong></span> <span class='ocrx_word' id='word_1_155' title='bbox 2308 584 2627 648; x_wconf 85' lang='lat' dir='ltr'><strong>blanditias</strong></span> <span class='ocrx_word' id='word_1_156' title='bbox 2678 591 2936 662; x_wconf 89' lang='lat' dir='ltr'><strong>inclinet,</strong></span> <span class='ocrx_word' id='word_1_157' title='bbox 2969 594 3026 648; x_wconf 90' lang='lat' dir='ltr'><strong>et</strong></span> <span class='ocrx_word' id='word_1_158' title='bbox 3070 592 3131 648; x_wconf 93' lang='lat' dir='ltr'><strong>in</strong></span> <span class='ocrx_word' id='word_1_159' title='bbox 3173 595 3448 666; x_wconf 71' lang='lat' dir='ltr'><strong>praesenti</strong></span> <span class='ocrx_word' id='word_1_160' title='bbox 3477 598 3593 650; x_wconf 42' lang='lat' dir='ltr'><strong>tur;</strong></span> 
     </span>
    </p>
   </div>
   <div class='ocr_carea' id='block_1_22' title="bbox 1943 675 3592 755">
    <p class='ocr_par' dir='ltr' id='par_1_22' title="bbox 1943 675 3592 755">
     <span class='ocr_line' id='line_1_22' title="bbox 1943 675 3592 755; baseline 0.001 -18"><span class='ocrx_word' id='word_1_161' title='bbox 1943 697 2084 755; x_wconf 88' lang='lat' dir='ltr'><strong>pem</strong></span> <span class='ocrx_word' id='word_1_162' title='bbox 2132 680 2465 745; x_wconf 86' lang='lat' dir='ltr'><strong>infamiam,</strong></span> <span class='ocrx_word' id='word_1_163' title='bbox 2518 681 2578 737; x_wconf 93' lang='lat' dir='ltr'><strong>in</strong></span> <span class='ocrx_word' id='word_1_164' title='bbox 2632 675 2831 737; x_wconf 84' lang='lat' dir='ltr'><strong>futuro</strong></span> <span class='ocrx_word' id='word_1_165' title='bbox 2887 677 3089 737; x_wconf 86' lang='lat' dir='ltr'><strong>autem</strong></span> <span class='ocrx_word' id='word_1_166' title='bbox 3141 681 3592 739; x_wconf 80' lang='lat' dir='ltr'><strong>damnatiO‘neni</strong></span> 
     </span>
    </p>
   </div>
   <div class='ocr_carea' id='block_1_23' title="bbox 1942 763 3588 845">
    <p class='ocr_par' dir='ltr' id='par_1_23' title="bbox 1942 763 3588 845">
     <span class='ocr_line' id='line_1_23' title="bbox 1942 763 3588 845; baseline 0.001 -19"><span class='ocrx_word' id='word_1_167' title='bbox 1942 775 2294 844; x_wconf 90' lang='lat' dir='ltr'><strong>perpetuam</strong></span> <span class='ocrx_word' id='word_1_168' title='bbox 2325 769 2608 826; x_wconf 88' lang='lat' dir='ltr'><strong>deliberet</strong></span> <span class='ocrx_word' id='word_1_169' title='bbox 2627 769 2944 839; x_wconf 75' lang='lat' dir='ltr'><strong>incurram,</strong></span> <span class='ocrx_word' id='word_1_170' title='bbox 2959 769 3104 827; x_wconf 90' lang='lat' dir='ltr'><strong>dum</strong></span> <span class='ocrx_word' id='word_1_171' title='bbox 3125 770 3339 828; x_wconf 90' lang='lat' dir='ltr'><strong>insano</strong></span> <span class='ocrx_word' id='word_1_172' title='bbox 3362 763 3588 845; x_wconf 88' lang='lat' dir='ltr'><strong>pruritu</strong></span> 
     </span>
    </p>
   </div>
   <div class='ocr_carea' id='block_1_24' title="bbox 1943 859 3592 933">
    <p class='ocr_par' dir='ltr' id='par_1_24' title="bbox 1943 859 3592 933">
     <span class='ocr_line' id='line_1_24' title="bbox 1943 859 3592 933; baseline 0.002 -19"><span class='ocrx_word' id='word_1_173' title='bbox 1943 859 2036 914; x_wconf 87' lang='lat' dir='ltr'><strong>vel</strong></span> <span class='ocrx_word' id='word_1_174' title='bbox 2065 863 2287 932; x_wconf 92' lang='lat' dir='ltr'><strong>puncto</strong></span> <span class='ocrx_word' id='word_1_175' title='bbox 2309 859 2591 932; x_wconf 90' lang='lat' dir='ltr'><strong>temporis</strong></span> <span class='ocrx_word' id='word_1_176' title='bbox 2622 859 2922 916; x_wconf 87' lang='lat' dir='ltr'><strong>abutatur.</strong></span> <span class='ocrx_word' id='word_1_177' title='bbox 2952 862 3150 933; x_wconf 87' lang='lat' dir='ltr'><strong>Neque</strong></span> <span class='ocrx_word' id='word_1_178' title='bbox 3171 859 3332 915; x_wconf 90' lang='lat' dir='ltr'><strong>enim</strong></span> <span class='ocrx_word' id='word_1_179' title='bbox 3351 859 3592 917; x_wconf 78' lang='lat' dir='ltr'><strong>inevita-</strong></span> 
     </span>
    </p>
   </div>
   <div class='ocr_carea' id='block_1_25' title="bbox 1943 948 3595 1020">
    <p class='ocr_par' dir='ltr' id='par_1_25' title="bbox 1943 948 3595 1020">
     <span class='ocr_line' id='line_1_25' title="bbox 1943 948 3595 1020; baseline 0.001 -16"><span class='ocrx_word' id='word_1_180' title='bbox 1943 949 2043 1005; x_wconf 93' lang='lat' dir='ltr'><strong>bili</strong></span> <span class='ocrx_word' id='word_1_181' title='bbox 2087 948 2441 1005; x_wconf 84' lang='lat' dir='ltr'><strong>necessitate</strong></span> <span class='ocrx_word' id='word_1_182' title='bbox 2478 949 2786 1005; x_wconf 92' lang='lat' dir='ltr'><strong>hominem</strong></span> <span class='ocrx_word' id='word_1_183' title='bbox 2818 949 3184 1020; x_wconf 88' lang='lat' dir='ltr'><strong>constringit,</strong></span> <span class='ocrx_word' id='word_1_184' title='bbox 3213 953 3278 1005; x_wconf 89' lang='lat' dir='ltr'><strong>ut</strong></span> <span class='ocrx_word' id='word_1_185' title='bbox 3308 949 3425 1004; x_wconf 90' lang='lat' dir='ltr'><strong>alia</strong></span> <span class='ocrx_word' id='word_1_186' title='bbox 3451 949 3595 1005; x_wconf 87' lang='lat' dir='ltr'><strong>vitia</strong></span> 
     </span>
    </p>
   </div>
   <div class='ocr_carea' id='block_1_26' title="bbox 1943 1029 3594 1112">
    <p class='ocr_par' dir='ltr' id='par_1_26' title="bbox 1943 1029 3594 1112">
     <span class='ocr_line' id='line_1_26' title="bbox 1943 1029 3594 1112; baseline -0.001 -18"><span class='ocrx_word' id='word_1_187' title='bbox 1943 1029 2586 1112; x_wconf 44' lang='lat' dir='ltr'><strong>plerumque&#39;faciunt,</strong></span> <span class='ocrx_word' id='word_1_188' title='bbox 2638 1037 2787 1094; x_wconf 91' lang='lat' dir='ltr'><strong>sicut</strong></span> <span class='ocrx_word' id='word_1_189' title='bbox 2837 1038 3046 1095; x_wconf 87' lang='lat' dir='ltr'><strong>fames.</strong></span> <span class='ocrx_word' id='word_1_190' title='bbox 3100 1036 3270 1100; x_wconf 89' lang='lat' dir='ltr'><strong>Quod</strong></span> <span class='ocrx_word' id='word_1_191' title='bbox 3311 1036 3594 1096; x_wconf 88' lang='lat' dir='ltr'><strong>Salomon</strong></span> 
     </span>
    </p>
   </div>
   <div class='ocr_carea' id='block_1_27' title="bbox 1943 1126 3593 1200">
    <p class='ocr_par' dir='ltr' id='par_1_27' title="bbox 1943 1126 3593 1200">
     <span class='ocr_line' id='line_1_27' title="bbox 1943 1126 3593 1200; baseline -0.001 -16"><span class='ocrx_word' id='word_1_192' title='bbox 1943 1126 2201 1185; x_wconf 90' lang='lat' dir='ltr'><strong>ostendit</strong></span> <span class='ocrx_word' id='word_1_193' title='bbox 2227 1127 2431 1184; x_wconf 87' lang='lat' dir='ltr'><strong>dicens</strong></span> <span class='ocrx_word' id='word_1_194' title='bbox 2457 1145 2470 1183; x_wconf 91' lang='lat'><strong>:</strong></span> <span class='ocrx_word' id='word_1_195' title='bbox 2502 1126 2638 1184; x_wconf 84' lang='lat' dir='ltr'><strong>Non</strong></span> <span class='ocrx_word' id='word_1_196' title='bbox 2668 1129 2921 1200; x_wconf 78' lang='lat' dir='ltr'><strong>grandis</strong></span> <span class='ocrx_word' id='word_1_197' title='bbox 2951 1127 3133 1197; x_wconf 89' lang='lat' dir='ltr'><strong>culpa</strong></span> <span class='ocrx_word' id='word_1_198' title='bbox 3163 1134 3265 1195; x_wconf 88' lang='lat' dir='ltr'><strong>est,</strong></span> <span class='ocrx_word' id='word_1_199' title='bbox 3299 1143 3432 1184; x_wconf 89' lang='lat' dir='ltr'><strong>cum</strong></span> <span class='ocrx_word' id='word_1_200' title='bbox 3463 1128 3593 1200; x_wconf 85' lang='lat' dir='ltr'><strong>quis</strong></span> 
     </span>
    </p>
   </div>
   <div class='ocr_carea' id='block_1_28' title="bbox 1939 1207 3595 1288">
    <p class='ocr_par' dir='ltr' id='par_1_28' title="bbox 1939 1207 3595 1288">
     <span class='ocr_line' id='line_1_28' title="bbox 1939 1207 3595 1288; baseline -0.001 -15"><span class='ocrx_word' id='word_1_201' title='bbox 1939 1220 2196 1288; x_wconf 79' lang='lat' dir='ltr'><strong>furat-ur</strong></span> <span class='ocrx_word' id='word_1_202' title='bbox 2214 1234 2237 1274; x_wconf 89' lang='grc'><strong>.·</strong></span> <span class='ocrx_word' id='word_1_203' title='bbox 2259 1219 2515 1288; x_wconf 78' lang='lat' dir='ltr'><strong>furatur</strong></span> <span class='ocrx_word' id='word_1_204' title='bbox 2542 1219 2695 1275; x_wconf 88' lang='lat' dir='ltr'><strong>enim</strong></span> <span class='ocrx_word' id='word_1_205' title='bbox 2719 1224 2781 1273; x_wconf 89' lang='lat' dir='ltr'><strong>ut</strong></span> <span class='ocrx_word' id='word_1_206' title='bbox 2810 1218 3161 1275; x_wconf 80' lang='lat' dir='ltr'><strong>esurientem</strong></span> <span class='ocrx_word' id='word_1_207' title='bbox 3193 1216 3439 1286; x_wconf 83' lang='lat' dir='ltr'><strong>impleat</strong></span> <span class='ocrx_word' id='word_1_208' title='bbox 3468 1207 3595 1272; x_wconf 55' lang='lat' dir='ltr'><strong>auia</strong></span> 
     </span>
    </p>
   </div>
   <div class='ocr_carea' id='block_1_29' title="bbox 1943 1293 3595 1377">
    <p class='ocr_par' dir='ltr' id='par_1_29' title="bbox 1943 1293 3595 1377">
     <span class='ocr_line' id='line_1_29' title="bbox 1943 1293 3595 1377; baseline -0.001 -15"><span class='ocrx_word' id='word_1_209' title='bbox 1943 1323 2120 1374; x_wconf 85' lang='lat' dir='ltr'><strong>mam,</strong></span> <span class='ocrx_word' id='word_1_210' title='bbox 2141 1311 2403 1363; x_wconf 87' lang='lat' dir='ltr'><strong>attamen</strong></span> <span class='ocrx_word' id='word_1_211' title='bbox 2431 1299 2626 1363; x_wconf 77' lang='lat' dir='ltr'><strong>reddit</strong></span> <span class='ocrx_word' id='word_1_212' title='bbox 2653 1304 2993 1377; x_wconf 86' lang='lat' dir='ltr'><strong>septuplum</strong></span> <span class='ocrx_word' id='word_1_213' title='bbox 3024 1308 3226 1376; x_wconf 85' lang='lat' dir='ltr'><strong>(Prov.</strong></span> <span class='ocrx_word' id='word_1_214' title='bbox 3250 1309 3325 1377; x_wconf 87' lang='lat' dir='ltr'><strong>vi,</strong></span> <span class='ocrx_word' id='word_1_215' title='bbox 3349 1302 3457 1377; x_wconf 81' lang='lat'><strong>30).</strong></span> <span class='ocrx_word' id='word_1_216' title='bbox 3483 1293 3595 1371; x_wconf 82' lang='lat' dir='ltr'><strong>Qui</strong></span> 
     </span>
    </p>
   </div>
   <div class='ocr_carea' id='block_1_30' title="bbox 1943 1396 3593 1470">
    <p class='ocr_par' dir='ltr' id='par_1_30' title="bbox 1943 1396 3593 1470">
     <span class='ocr_line' id='line_1_30' title="bbox 1943 1396 3593 1470; baseline -0.002 -17"><span class='ocrx_word' id='word_1_217' title='bbox 1943 1403 2144 1453; x_wconf 77' lang='lat' dir='ltr'><strong>autem</strong></span> <span class='ocrx_word' id='word_1_218' title='bbox 2193 1397 2426 1452; x_wconf 88' lang='lat' dir='ltr'><strong>adulter</strong></span> <span class='ocrx_word' id='word_1_219' title='bbox 2462 1403 2568 1464; x_wconf 92' lang='lat' dir='ltr'><strong>est,</strong></span> <span class='ocrx_word' id='word_1_220' title='bbox 2613 1396 2820 1470; x_wconf 90' lang='lat' dir='ltr'><strong>perdet</strong></span> <span class='ocrx_word' id='word_1_221' title='bbox 2847 1396 3116 1452; x_wconf 87' lang='lat' dir='ltr'><strong>animam</strong></span> <span class='ocrx_word' id='word_1_222' title='bbox 3160 1411 3355 1463; x_wconf 87' lang='lat' dir='ltr'><strong>suam,</strong></span> <span class='ocrx_word' id='word_1_223' title='bbox 3386 1401 3443 1450; x_wconf 89' lang='lat' dir='ltr'><strong>et</strong></span> <span class='ocrx_word' id='word_1_224' title='bbox 3483 1409 3593 1466; x_wconf 88' lang='lat' dir='ltr'><strong>op-</strong></span> 
     </span>
    </p>
   </div>
   <div class='ocr_carea' id='block_1_31' title="bbox 1942 1481 3594 1560">
    <p class='ocr_par' dir='ltr' id='par_1_31' title="bbox 1942 1481 3594 1560">
     <span class='ocr_line' id='line_1_31' title="bbox 1942 1481 3594 1560; baseline -0.004 -18"><span class='ocrx_word' id='word_1_225' title='bbox 1942 1486 2253 1560; x_wconf 84' lang='lat' dir='ltr'><strong>probrium</strong></span> <span class='ocrx_word' id='word_1_226' title='bbox 2286 1485 2439 1540; x_wconf 92' lang='lat' dir='ltr'><strong>illius</strong></span> <span class='ocrx_word' id='word_1_227' title='bbox 2470 1501 2590 1541; x_wconf 93' lang='lat' dir='ltr'><strong>non</strong></span> <span class='ocrx_word' id='word_1_228' title='bbox 2621 1485 2930 1540; x_wconf 91' lang='lat' dir='ltr'><strong>delebitur.</strong></span> <span class='ocrx_word' id='word_1_229' title='bbox 2952 1484 3244 1550; x_wconf 88' lang='lat' dir='ltr'><strong>Quoniam</strong></span> <span class='ocrx_word' id='word_1_230' title='bbox 3272 1483 3404 1538; x_wconf 91' lang='lat' dir='ltr'><strong>talis</strong></span> <span class='ocrx_word' id='word_1_231' title='bbox 3435 1481 3594 1555; x_wconf 90' lang='lat' dir='ltr'><strong>quis-</strong></span> 
     </span>
    </p>
   </div>
   <div class='ocr_carea' id='block_1_32' title="bbox 1942 1571 3594 1649">
    <p class='ocr_par' dir='ltr' id='par_1_32' title="bbox 1942 1571 3594 1649">
     <span class='ocr_line' id='line_1_32' title="bbox 1942 1571 3594 1649; baseline -0.003 -18"><span class='ocrx_word' id='word_1_232' title='bbox 1942 1593 2059 1649; x_wconf 84' lang='lat' dir='ltr'><strong>que</strong></span> <span class='ocrx_word' id='word_1_233' title='bbox 2086 1580 2327 1648; x_wconf 91' lang='lat' dir='ltr'><strong>propter</strong></span> <span class='ocrx_word' id='word_1_234' title='bbox 2353 1574 2539 1630; x_wconf 91' lang='lat' dir='ltr'><strong>solam</strong></span> <span class='ocrx_word' id='word_1_235' title='bbox 2569 1573 2913 1646; x_wconf 90' lang='lat' dir='ltr'><strong>superbiam</strong></span> <span class='ocrx_word' id='word_1_236' title='bbox 2942 1578 3168 1646; x_wconf 88' lang='lat' dir='ltr'><strong>peccat.</strong></span> <span class='ocrx_word' id='word_1_237' title='bbox 3200 1571 3477 1628; x_wconf 88' lang='lat' dir='ltr'><strong>Nonnulli</strong></span> <span class='ocrx_word' id='word_1_238' title='bbox 3499 1586 3594 1626; x_wconf 90' lang='lat' dir='ltr'><strong>ve-</strong></span> 
     </span>
    </p>
   </div>
   <div class='ocr_carea' id='block_1_33' title="bbox 174 1657 3592 1738">
    <p class='ocr_par' dir='ltr' id='par_1_33' title="bbox 174 1657 3592 1738">
     <span class='ocr_line' id='line_1_33' title="bbox 174 1657 3592 1738; baseline 0.001 -25"><span class='ocrx_word' id='word_1_239' title='bbox 174 1657 321 1713; x_wconf 91' lang='lat' dir='ltr'><strong>mali</strong></span> <span class='ocrx_word' id='word_1_240' title='bbox 367 1665 504 1731; x_wconf 91' lang='lat' dir='ltr'><strong>post</strong></span> <span class='ocrx_word' id='word_1_241' title='bbox 554 1659 853 1734; x_wconf 86' lang='lat' dir='ltr'><strong>baptisma</strong></span> <span class='ocrx_word' id='word_1_242' title='bbox 881 1664 994 1720; x_wconf 89' lang='lat' dir='ltr'><strong>sibi</strong></span> <span class='ocrx_word' id='word_1_243' title='bbox 1043 1665 1321 1722; x_wconf 91' lang='lat' dir='ltr'><strong>conscius</strong></span> <span class='ocrx_word' id='word_1_244' title='bbox 1367 1667 1456 1736; x_wconf 92' lang='lat' dir='ltr'><strong>sit,</strong></span> <span class='ocrx_word' id='word_1_245' title='bbox 1490 1668 1836 1724; x_wconf 90' lang='lat' dir='ltr'><strong>manifestat</strong></span> <span class='ocrx_word' id='word_1_246' title='bbox 1862 1676 1906 1730; x_wconf 85' lang='lat' dir='ltr'><strong>B</strong></span> <span class='ocrx_word' id='word_1_247' title='bbox 1943 1683 2010 1722; x_wconf 92' lang='lat' dir='ltr'><strong>ro</strong></span> <span class='ocrx_word' id='word_1_248' title='bbox 2039 1665 2320 1738; x_wconf 64' lang='lat' dir='ltr'><strong>quiedain</strong></span> <span class='ocrx_word' id='word_1_249' title='bbox 2365 1664 2526 1720; x_wconf 91' lang='lat' dir='ltr'><strong>bona</strong></span> <span class='ocrx_word' id='word_1_250' title='bbox 2556 1664 2798 1733; x_wconf 90' lang='lat' dir='ltr'><strong>faciunt,</strong></span> <span class='ocrx_word' id='word_1_251' title='bbox 2831 1668 2896 1720; x_wconf 92' lang='lat' dir='ltr'><strong>ut</strong></span> <span class='ocrx_word' id='word_1_252' title='bbox 2937 1663 2998 1719; x_wconf 92' lang='lat' dir='ltr'><strong>in</strong></span> <span class='ocrx_word' id='word_1_253' title='bbox 3038 1663 3151 1718; x_wconf 89' lang='lat' dir='ltr'><strong>hoc</strong></span> <span class='ocrx_word' id='word_1_254' title='bbox 3181 1663 3317 1718; x_wconf 92' lang='lat' dir='ltr'><strong>vitio</strong></span> <span class='ocrx_word' id='word_1_255' title='bbox 3345 1662 3592 1734; x_wconf 85' lang='lat' dir='ltr'><strong>impune</strong></span> 
     </span>
    </p>
   </div>
   <div class='ocr_carea' id='block_1_34' title="bbox 174 1745 1836 1828">
    <p class='ocr_par' dir='ltr' id='par_1_34' title="bbox 174 1745 1836 1828">
     <span class='ocr_line' id='line_1_34' title="bbox 174 1745 1836 1828; baseline 0.008 -28"><span class='ocrx_word' id='word_1_256' title='bbox 174 1745 471 1803; x_wconf 90' lang='lat' dir='ltr'><strong>subdens:</strong></span> <span class='ocrx_word' id='word_1_257' title='bbox 500 1749 613 1816; x_wconf 81' lang='lat' dir='ltr'><strong>Qui</strong></span> <span class='ocrx_word' id='word_1_258' title='bbox 621 1755 816 1807; x_wconf 83' lang='lat' dir='ltr'><strong>autem</strong></span> <span class='ocrx_word' id='word_1_259' title='bbox 830 1753 1071 1822; x_wconf 84' lang='lat' dir='ltr'><strong>judicat</strong></span> <span class='ocrx_word' id='word_1_260' title='bbox 1094 1770 1185 1811; x_wconf 90' lang='lat' dir='ltr'><strong>me</strong></span> <span class='ocrx_word' id='word_1_261' title='bbox 1201 1756 1487 1812; x_wconf 81' lang='lat' dir='ltr'><strong>Dominus</strong></span> <span class='ocrx_word' id='word_1_262' title='bbox 1508 1762 1591 1812; x_wconf 89' lang='lat' dir='ltr'><strong>est</strong></span> <span class='ocrx_word' id='word_1_263' title='bbox 1609 1757 1836 1828; x_wconf 69' lang='lat' dir='ltr'><strong>(Ibid);</strong></span> 
     </span>
    </p>
   </div>
   <div class='ocr_carea' id='block_1_35' title="bbox 172 1836 1833 1916">
    <p class='ocr_par' dir='ltr' id='par_1_35' title="bbox 172 1836 1833 1916">
     <span class='ocr_line' id='line_1_35' title="bbox 172 1836 1833 1916; baseline 0.008 -26"><span class='ocrx_word' id='word_1_264' title='bbox 172 1850 246 1891; x_wconf 90' lang='lat' dir='ltr'><strong>ac</strong></span> <span class='ocrx_word' id='word_1_265' title='bbox 274 1837 324 1891; x_wconf 85' lang='lat' dir='ltr'><strong>si</strong></span> <span class='ocrx_word' id='word_1_266' title='bbox 353 1836 608 1896; x_wconf 89' lang='lat' dir='ltr'><strong>diceret:</strong></span> <span class='ocrx_word' id='word_1_267' title='bbox 647 1843 775 1896; x_wconf 88' lang='lat' dir='ltr'><strong>Non</strong></span> <span class='ocrx_word' id='word_1_268' title='bbox 804 1843 1074 1915; x_wconf 65' lang='lat' dir='ltr'><strong>aequalis,</strong></span> <span class='ocrx_word' id='word_1_269' title='bbox 1103 1844 1207 1900; x_wconf 89' lang='lat' dir='ltr'><strong>sed</strong></span> <span class='ocrx_word' id='word_1_270' title='bbox 1234 1837 1405 1916; x_wconf 81' lang='lat' dir='ltr'><strong>cujus</strong></span> <span class='ocrx_word' id='word_1_271' title='bbox 1431 1846 1532 1901; x_wconf 66' lang='lat' dir='ltr'><strong>ira:</strong></span> <span class='ocrx_word' id='word_1_272' title='bbox 1562 1847 1833 1903; x_wconf 88' lang='lat' dir='ltr'><strong>resistere</strong></span> 
     </span>
    </p>
   </div>
   <div class='ocr_carea' id='block_1_36' title="bbox 173 1921 1832 1998">
    <p class='ocr_par' dir='ltr' id='par_1_36' title="bbox 173 1921 1832 1998">
     <span class='ocr_line' id='line_1_36' title="bbox 173 1921 1832 1998; baseline 0.007 -19"><span class='ocrx_word' id='word_1_273' title='bbox 173 1929 356 1979; x_wconf 81' lang='lat' dir='ltr'><strong>nemo</strong></span> <span class='ocrx_word' id='word_1_274' title='bbox 387 1921 598 1998; x_wconf 86' lang='lat' dir='ltr'><strong>potest.</strong></span> <span class='ocrx_word' id='word_1_275' title='bbox 631 1930 811 1985; x_wconf 87' lang='lat' dir='ltr'><strong>Porro</strong></span> <span class='ocrx_word' id='word_1_276' title='bbox 841 1931 919 1986; x_wconf 88' lang='lat' dir='ltr'><strong>ad</strong></span> <span class='ocrx_word' id='word_1_277' title='bbox 955 1933 1367 1990; x_wconf 89' lang='lat' dir='ltr'><strong>enormitatem</strong></span> <span class='ocrx_word' id='word_1_278' title='bbox 1402 1935 1544 1990; x_wconf 88' lang='lat' dir='ltr'><strong>tanti</strong></span> <span class='ocrx_word' id='word_1_279' title='bbox 1575 1935 1698 1990; x_wconf 88' lang='lat' dir='ltr'><strong>vitii</strong></span> <span class='ocrx_word' id='word_1_280' title='bbox 1729 1936 1832 1990; x_wconf 89' lang='lat' dir='ltr'><strong>de-</strong></span> 
     </span>
    </p>
   </div>
   <div class='ocr_carea' id='block_1_37' title="bbox 172 2015 1832 2093">
    <p class='ocr_par' dir='ltr' id='par_1_37' title="bbox 172 2015 1832 2093">
     <span class='ocr_line' id='line_1_37' title="bbox 172 2015 1832 2093; baseline 0.007 -25"><span class='ocrx_word' id='word_1_281' title='bbox 172 2015 655 2084; x_wconf 90' lang='lat' dir='ltr'><strong>monstrandam,</strong></span> <span class='ocrx_word' id='word_1_282' title='bbox 679 2018 840 2074; x_wconf 90' lang='lat' dir='ltr'><strong>idem</strong></span> <span class='ocrx_word' id='word_1_283' title='bbox 870 2018 997 2092; x_wconf 89' lang='lat' dir='ltr'><strong>ipse</strong></span> <span class='ocrx_word' id='word_1_284' title='bbox 1027 2021 1346 2093; x_wconf 85' lang='lat' dir='ltr'><strong>Apostolus</strong></span> <span class='ocrx_word' id='word_1_285' title='bbox 1375 2023 1610 2080; x_wconf 89' lang='lat' dir='ltr'><strong>subdit:</strong></span> <span class='ocrx_word' id='word_1_286' title='bbox 1649 2024 1832 2080; x_wconf 85' lang='lat' dir='ltr'><strong>Omne</strong></span> 
     </span>
    </p>
   </div>
   <div class='ocr_carea' id='block_1_38' title="bbox 165 2105 1830 2182">
    <p class='ocr_par' dir='ltr' id='par_1_38' title="bbox 165 2105 1830 2182">
     <span class='ocr_line' id='line_1_38' title="bbox 165 2105 1830 2182; baseline 0.005 -24"><span class='ocrx_word' id='word_1_287' title='bbox 165 2109 484 2172; x_wconf 86' lang='lat' dir='ltr'><strong>peccatum</strong></span> <span class='ocrx_word' id='word_1_288' title='bbox 521 2105 915 2178; x_wconf 82' lang='lat' dir='ltr'><strong>quodcunque</strong></span> <span class='ocrx_word' id='word_1_289' title='bbox 949 2109 1162 2178; x_wconf 81' lang='lat' dir='ltr'><strong>fecerit</strong></span> <span class='ocrx_word' id='word_1_290' title='bbox 1191 2111 1382 2180; x_wconf 81' lang='lat' dir='ltr'><strong>homo,</strong></span> <span class='ocrx_word' id='word_1_291' title='bbox 1414 2117 1588 2168; x_wconf 73' lang='lat' dir='ltr'><strong>extra</strong></span> <span class='ocrx_word' id='word_1_292' title='bbox 1616 2128 1830 2182; x_wconf 85' lang='lat' dir='ltr'><strong>corpus</strong></span> 
     </span>
    </p>
   </div>
   <div class='ocr_carea' id='block_1_39' title="bbox 171 2192 1831 2269">
    <p class='ocr_par' dir='ltr' id='par_1_39' title="bbox 171 2192 1831 2269">
     <span class='ocr_line' id='line_1_39' title="bbox 171 2192 1831 2269; baseline 0.007 -24"><span class='ocrx_word' id='word_1_293' title='bbox 171 2196 295 2261; x_wconf 88' lang='lat' dir='ltr'><strong>est;</strong></span> <span class='ocrx_word' id='word_1_294' title='bbox 325 2192 431 2262; x_wconf 87' lang='lat' dir='ltr'><strong>qui</strong></span> <span class='ocrx_word' id='word_1_295' title='bbox 454 2198 650 2250; x_wconf 88' lang='lat' dir='ltr'><strong>autem</strong></span> <span class='ocrx_word' id='word_1_296' title='bbox 676 2196 1045 2264; x_wconf 82' lang='lat' dir='ltr'><strong>fornicatur,</strong></span> <span class='ocrx_word' id='word_1_297' title='bbox 1078 2199 1139 2253; x_wconf 88' lang='lat' dir='ltr'><strong>in</strong></span> <span class='ocrx_word' id='word_1_298' title='bbox 1171 2214 1385 2268; x_wconf 89' lang='lat' dir='ltr'><strong>corpus</strong></span> <span class='ocrx_word' id='word_1_299' title='bbox 1425 2215 1596 2255; x_wconf 86' lang='lat' dir='ltr'><strong>suum</strong></span> <span class='ocrx_word' id='word_1_300' title='bbox 1621 2205 1831 2269; x_wconf 82' lang='lat' dir='ltr'><strong>peccat</strong></span> 
     </span>
    </p>
   </div>
   <div class='ocr_carea' id='block_1_40' title="bbox 173 2279 1831 2360">
    <p class='ocr_par' dir='ltr' id='par_1_40' title="bbox 173 2279 1831 2360">
     <span class='ocr_line' id='line_1_40' title="bbox 173 2279 1831 2360; baseline 0.006 -26"><span class='ocrx_word' id='word_1_301' title='bbox 173 2280 228 2347; x_wconf 87' lang='grc' dir='ltr'><strong>(Ι</strong></span> <span class='ocrx_word' id='word_1_302' title='bbox 253 2279 394 2336; x_wconf 85' lang='lat' dir='ltr'><strong>Cor.</strong></span> <span class='ocrx_word' id='word_1_303' title='bbox 426 2297 504 2348; x_wconf 90' lang='lat' dir='ltr'><strong>v1,</strong></span> <span class='ocrx_word' id='word_1_304' title='bbox 540 2283 649 2353; x_wconf 89' lang='grc'><strong>18).</strong></span> <span class='ocrx_word' id='word_1_305' title='bbox 681 2284 793 2340; x_wconf 92' lang='lat' dir='ltr'><strong>Cor</strong></span> <span class='ocrx_word' id='word_1_306' title='bbox 820 2300 1085 2358; x_wconf 90' lang='lat' dir='ltr'><strong>namque</strong></span> <span class='ocrx_word' id='word_1_307' title='bbox 1113 2291 1404 2357; x_wconf 91' lang='lat' dir='ltr'><strong>nostrum,</strong></span> <span class='ocrx_word' id='word_1_308' title='bbox 1445 2287 1520 2343; x_wconf 92' lang='lat' dir='ltr'><strong>de</strong></span> <span class='ocrx_word' id='word_1_309' title='bbox 1563 2304 1686 2360; x_wconf 91' lang='lat' dir='ltr'><strong>quo</strong></span> <span class='ocrx_word' id='word_1_310' title='bbox 1718 2291 1831 2344; x_wconf 94' lang='lat' dir='ltr'><strong>Do-</strong></span> 
     </span>
    </p>
   </div>
   <div class='ocr_carea' id='block_1_41' title="bbox 169 2369 1828 2450">
    <p class='ocr_par' dir='ltr' id='par_1_41' title="bbox 169 2369 1828 2450">
     <span class='ocr_line' id='line_1_41' title="bbox 169 2369 1828 2450; baseline 0.007 -27"><span class='ocrx_word' id='word_1_311' title='bbox 169 2369 377 2424; x_wconf 91' lang='lat' dir='ltr'><strong>minus</strong></span> <span class='ocrx_word' id='word_1_312' title='bbox 419 2376 665 2442; x_wconf 91' lang='lat' dir='ltr'><strong>peccata</strong></span> <span class='ocrx_word' id='word_1_313' title='bbox 715 2373 871 2429; x_wconf 82' lang='lat' dir='ltr'><strong>exire</strong></span> <span class='ocrx_word' id='word_1_314' title='bbox 920 2375 1212 2447; x_wconf 89' lang='lat' dir='ltr'><strong>perhibet,</strong></span> <span class='ocrx_word' id='word_1_315' title='bbox 1244 2375 1397 2432; x_wconf 90' lang='lat' dir='ltr'><strong>intra</strong></span> <span class='ocrx_word' id='word_1_316' title='bbox 1455 2393 1674 2450; x_wconf 92' lang='lat' dir='ltr'><strong>corpus</strong></span> <span class='ocrx_word' id='word_1_317' title='bbox 1721 2383 1828 2435; x_wconf 88' lang='lat' dir='ltr'><strong>est.</strong></span> 
     </span>
    </p>
   </div>
   <div class='ocr_carea' id='block_1_42' title="bbox 173 2456 1834 2537">
    <p class='ocr_par' dir='ltr' id='par_1_42' title="bbox 173 2456 1834 2537">
     <span class='ocr_line' id='line_1_42' title="bbox 173 2456 1834 2537; baseline 0.007 -25"><span class='ocrx_word' id='word_1_318' title='bbox 173 2456 296 2514; x_wconf 84' lang='lat' dir='ltr'><strong>Hoc</strong></span> <span class='ocrx_word' id='word_1_319' title='bbox 326 2473 468 2529; x_wconf 89' lang='lat' dir='ltr'><strong>ergo</strong></span> <span class='ocrx_word' id='word_1_320' title='bbox 511 2475 631 2516; x_wconf 91' lang='lat' dir='ltr'><strong>non</strong></span> <span class='ocrx_word' id='word_1_321' title='bbox 662 2459 742 2517; x_wconf 92' lang='lat' dir='ltr'><strong>ob</strong></span> <span class='ocrx_word' id='word_1_322' title='bbox 770 2462 884 2519; x_wconf 86' lang='lat' dir='ltr'><strong>hoc</strong></span> <span class='ocrx_word' id='word_1_323' title='bbox 916 2463 1056 2520; x_wconf 85' lang='lat' dir='ltr'><strong>dicit</strong></span> <span class='ocrx_word' id='word_1_324' title='bbox 1099 2465 1441 2537; x_wconf 83' lang='lat' dir='ltr'><strong>Apostolus,</strong></span> <span class='ocrx_word' id='word_1_325' title='bbox 1473 2472 1537 2522; x_wconf 92' lang='lat' dir='ltr'><strong>ut</strong></span> <span class='ocrx_word' id='word_1_326' title='bbox 1562 2466 1689 2523; x_wconf 89' lang='lat' dir='ltr'><strong>sola</strong></span> <span class='ocrx_word' id='word_1_327' title='bbox 1718 2467 1834 2523; x_wconf 88' lang='lat' dir='ltr'><strong>for-</strong></span> 
     </span>
    </p>
   </div>
   <div class='ocr_carea' id='block_1_43' title="bbox 169 2547 1832 2628">
    <p class='ocr_par' dir='ltr' id='par_1_43' title="bbox 169 2547 1832 2628">
     <span class='ocr_line' id='line_1_43' title="bbox 169 2547 1832 2628; baseline 0.006 -26"><span class='ocrx_word' id='word_1_328' title='bbox 169 2547 394 2603; x_wconf 89' lang='lat' dir='ltr'><strong>nicatio</strong></span> <span class='ocrx_word' id='word_1_329' title='bbox 423 2547 576 2606; x_wconf 86' lang='lat' dir='ltr'><strong>intra</strong></span> <span class='ocrx_word' id='word_1_330' title='bbox 622 2565 842 2622; x_wconf 89' lang='lat' dir='ltr'><strong>corpus</strong></span> <span class='ocrx_word' id='word_1_331' title='bbox 887 2551 999 2619; x_wconf 89' lang='lat' dir='ltr'><strong>sit;</strong></span> <span class='ocrx_word' id='word_1_332' title='bbox 1051 2553 1158 2608; x_wconf 91' lang='lat' dir='ltr'><strong>sed</strong></span> <span class='ocrx_word' id='word_1_333' title='bbox 1210 2559 1274 2609; x_wconf 91' lang='lat' dir='ltr'><strong>ut</strong></span> <span class='ocrx_word' id='word_1_334' title='bbox 1317 2555 1656 2612; x_wconf 89' lang='lat' dir='ltr'><strong>ostenderet</strong></span> <span class='ocrx_word' id='word_1_335' title='bbox 1686 2556 1832 2628; x_wconf 88' lang='lat' dir='ltr'><strong>quia</strong></span> 
     </span>
    </p>
   </div>
   <div class='ocr_carea' id='block_1_44' title="bbox 168 2637 1833 2714">
    <p class='ocr_par' dir='ltr' id='par_1_44' title="bbox 168 2637 1833 2714">
     <span class='ocr_line' id='line_1_44' title="bbox 168 2637 1833 2714; baseline 0.005 -22"><span class='ocrx_word' id='word_1_336' title='bbox 168 2642 469 2708; x_wconf 85' lang='lat' dir='ltr'><strong>quantum</strong></span> <span class='ocrx_word' id='word_1_337' title='bbox 502 2637 740 2708; x_wconf 84' lang='lat' dir='ltr'><strong>gravior</strong></span> <span class='ocrx_word' id='word_1_338' title='bbox 768 2645 858 2696; x_wconf 92' lang='lat' dir='ltr'><strong>est</strong></span> <span class='ocrx_word' id='word_1_339' title='bbox 905 2641 1032 2697; x_wconf 89' lang='lat' dir='ltr'><strong>aliis</strong></span> <span class='ocrx_word' id='word_1_340' title='bbox 1078 2643 1357 2714; x_wconf 88' lang='lat' dir='ltr'><strong>peccatis,</strong></span> <span class='ocrx_word' id='word_1_341' title='bbox 1393 2647 1622 2700; x_wconf 92' lang='lat' dir='ltr'><strong>tantum</strong></span> <span class='ocrx_word' id='word_1_342' title='bbox 1653 2645 1833 2702; x_wconf 89' lang='lat' dir='ltr'><strong>distat</strong></span> 
     </span>
    </p>
   </div>
   <div class='ocr_carea' id='block_1_45' title="bbox 170 2724 1827 2804">
    <p class='ocr_par' dir='ltr' id='par_1_45' title="bbox 170 2724 1827 2804">
     <span class='ocr_line' id='line_1_45' title="bbox 170 2724 1827 2804; baseline 0.005 -23"><span class='ocrx_word' id='word_1_343' title='bbox 170 2724 426 2782; x_wconf 87' lang='lat' dir='ltr'><strong>morbus</strong></span> <span class='ocrx_word' id='word_1_344' title='bbox 473 2726 716 2784; x_wconf 90' lang='lat' dir='ltr'><strong>interior</strong></span> <span class='ocrx_word' id='word_1_345' title='bbox 766 2729 844 2784; x_wconf 91' lang='lat' dir='ltr'><strong>ab</strong></span> <span class='ocrx_word' id='word_1_346' title='bbox 877 2729 1179 2786; x_wconf 87' lang='lat' dir='ltr'><strong>ulceribus</strong></span> <span class='ocrx_word' id='word_1_347' title='bbox 1225 2748 1360 2804; x_wconf 56' lang='lat' dir='ltr'><strong>quae</strong></span> <span class='ocrx_word' id='word_1_348' title='bbox 1414 2732 1473 2787; x_wconf 88' lang='lat' dir='ltr'><strong>in</strong></span> <span class='ocrx_word' id='word_1_349' title='bbox 1507 2739 1637 2789; x_wconf 88' lang='lat' dir='ltr'><strong>cute</strong></span> <span class='ocrx_word' id='word_1_350' title='bbox 1669 2739 1827 2790; x_wconf 89' lang='lat' dir='ltr'><strong>sunt.</strong></span> 
     </span>
    </p>
   </div>
   <div class='ocr_carea' id='block_1_46' title="bbox 171 2815 1834 2893">
    <p class='ocr_par' dir='ltr' id='par_1_46' title="bbox 171 2815 1834 2893">
     <span class='ocr_line' id='line_1_46' title="bbox 171 2815 1834 2893; baseline 0.006 -23"><span class='ocrx_word' id='word_1_351' title='bbox 171 2815 382 2871; x_wconf 75' lang='lat' dir='ltr'><strong>Nonne</strong></span> <span class='ocrx_word' id='word_1_352' title='bbox 411 2822 467 2872; x_wconf 90' lang='lat' dir='ltr'><strong>et</strong></span> <span class='ocrx_word' id='word_1_353' title='bbox 489 2817 603 2872; x_wconf 90' lang='lat' dir='ltr'><strong>hoc</strong></span> <span class='ocrx_word' id='word_1_354' title='bbox 632 2820 785 2873; x_wconf 90' lang='lat' dir='ltr'><strong>Deus</strong></span> <span class='ocrx_word' id='word_1_355' title='bbox 815 2820 1132 2892; x_wconf 90' lang='lat' dir='ltr'><strong>approbat,</strong></span> <span class='ocrx_word' id='word_1_356' title='bbox 1150 2822 1251 2893; x_wconf 91' lang='lat' dir='ltr'><strong>qui</strong></span> <span class='ocrx_word' id='word_1_357' title='bbox 1279 2821 1682 2878; x_wconf 85' lang='lat' dir='ltr'><strong>fortitudinem</strong></span> <span class='ocrx_word' id='word_1_358' title='bbox 1711 2823 1834 2880; x_wconf 89' lang='lat' dir='ltr'><strong>dia-</strong></span> 
     </span>
    </p>
   </div>
   <div class='ocr_carea' id='block_1_47' title="bbox 169 2901 1832 2981">
    <p class='ocr_par' dir='ltr' id='par_1_47' title="bbox 169 2901 1832 2981">
     <span class='ocr_line' id='line_1_47' title="bbox 169 2901 1832 2981; baseline 0.005 -23"><span class='ocrx_word' id='word_1_359' title='bbox 169 2901 301 2960; x_wconf 91' lang='lat' dir='ltr'><strong>boli</strong></span> <span class='ocrx_word' id='word_1_360' title='bbox 323 2904 384 2959; x_wconf 90' lang='lat' dir='ltr'><strong>in</strong></span> <span class='ocrx_word' id='word_1_361' title='bbox 423 2906 535 2961; x_wconf 89' lang='lat' dir='ltr'><strong>hoc</strong></span> <span class='ocrx_word' id='word_1_362' title='bbox 565 2906 708 2962; x_wconf 88' lang='lat' dir='ltr'><strong>vitio</strong></span> <span class='ocrx_word' id='word_1_363' title='bbox 753 2913 1024 2964; x_wconf 89' lang='lat' dir='ltr'><strong>constare</strong></span> <span class='ocrx_word' id='word_1_364' title='bbox 1051 2909 1351 2981; x_wconf 89' lang='lat' dir='ltr'><strong>perhibuit</strong></span> <span class='ocrx_word' id='word_1_365' title='bbox 1379 2911 1606 2981; x_wconf 88' lang='lat' dir='ltr'><strong>dicens,</strong></span> <span class='ocrx_word' id='word_1_366' title='bbox 1640 2917 1705 2967; x_wconf 92' lang='lat' dir='ltr'><strong>ut</strong></span> <span class='ocrx_word' id='word_1_367' title='bbox 1733 2929 1832 2968; x_wconf 92' lang='lat' dir='ltr'><strong>su-</strong></span> 
     </span>
    </p>
   </div>
   <div class='ocr_carea' id='block_1_48' title="bbox 168 2991 1902 3086">
    <p class='ocr_par' dir='ltr' id='par_1_48' title="bbox 168 2991 1902 3086">
     <span class='ocr_line' id='line_1_48' title="bbox 168 2991 1902 3086; baseline 0.006 -39"><span class='ocrx_word' id='word_1_368' title='bbox 168 2991 516 3086; x_wconf 83' lang='lat' dir='ltr'><strong>pradictum</strong></span> <span class='ocrx_word' id='word_1_369' title='bbox 545 2999 637 3051; x_wconf 92' lang='lat' dir='ltr'><strong>est</strong></span> <span class='ocrx_word' id='word_1_370' title='bbox 682 2995 761 3052; x_wconf 89' lang='lat' dir='ltr'><strong>ad</strong></span> <span class='ocrx_word' id='word_1_371' title='bbox 804 2996 1049 3054; x_wconf 91' lang='lat' dir='ltr'><strong>beatum</strong></span> <span class='ocrx_word' id='word_1_372' title='bbox 1078 2998 1193 3054; x_wconf 87' lang='lat' dir='ltr'><strong>Job</strong></span> <span class='ocrx_word' id='word_1_373' title='bbox 1222 3018 1234 3054; x_wconf 91' lang='lat'><strong>:</strong></span> <span class='ocrx_word' id='word_1_374' title='bbox 1269 3001 1582 3056; x_wconf 82' lang='lat' dir='ltr'><strong>Fortitudo</strong></span> <span class='ocrx_word' id='word_1_375' title='bbox 1613 3003 1738 3070; x_wconf 84' lang='lat' dir='ltr'><strong>ejus</strong></span> <span class='ocrx_word' id='word_1_376' title='bbox 1770 3003 1830 3058; x_wconf 91' lang='lat' dir='ltr'><strong>in</strong></span> <span class='ocrx_word' id='word_1_377' title='bbox 1862 3033 1902 3086; x_wconf 74' lang='grc' dir='ltr'>ο</span> 
     </span>
    </p>
   </div>
   <div class='ocr_carea' id='block_1_49' title="bbox 170 3081 1832 3163">
    <p class='ocr_par' dir='ltr' id='par_1_49' title="bbox 170 3081 1832 3163">
     <span class='ocr_line' id='line_1_49' title="bbox 170 3081 1832 3163; baseline 0.005 -26"><span class='ocrx_word' id='word_1_378' title='bbox 170 3081 394 3138; x_wconf 86' lang='lat' dir='ltr'><strong>lumbis</strong></span> <span class='ocrx_word' id='word_1_379' title='bbox 445 3086 572 3154; x_wconf 83' lang='lat' dir='ltr'><strong>ejus</strong></span> <span class='ocrx_word' id='word_1_380' title='bbox 620 3085 770 3156; x_wconf 85' lang='lat' dir='ltr'><strong>(Job.</strong></span> <span class='ocrx_word' id='word_1_381' title='bbox 816 3104 910 3156; x_wconf 83' lang='lat' dir='ltr'><strong>XL,</strong></span> <span class='ocrx_word' id='word_1_382' title='bbox 943 3089 1067 3159; x_wconf 90' lang='grc'><strong>11);</strong></span> <span class='ocrx_word' id='word_1_383' title='bbox 1113 3088 1253 3144; x_wconf 92' lang='lat' dir='ltr'><strong>hinc</strong></span> <span class='ocrx_word' id='word_1_384' title='bbox 1304 3089 1482 3145; x_wconf 89' lang='lat' dir='ltr'><strong>etiam</strong></span> <span class='ocrx_word' id='word_1_385' title='bbox 1531 3093 1620 3145; x_wconf 92' lang='lat' dir='ltr'><strong>est</strong></span> <span class='ocrx_word' id='word_1_386' title='bbox 1666 3091 1832 3163; x_wconf 91' lang='lat' dir='ltr'><strong>quod</strong></span> 
     </span>
    </p>
   </div>
   <div class='ocr_carea' id='block_1_50' title="bbox 166 3170 1834 3249">
    <p class='ocr_par' dir='ltr' id='par_1_50' title="bbox 166 3170 1834 3249">
     <span class='ocr_line' id='line_1_50' title="bbox 166 3170 1834 3249; baseline 0.007 -25"><span class='ocrx_word' id='word_1_387' title='bbox 166 3170 493 3242; x_wconf 77' lang='lat' dir='ltr'><strong>praedictus</strong></span> <span class='ocrx_word' id='word_1_388' title='bbox 538 3175 858 3246; x_wconf 83' lang='lat' dir='ltr'><strong>Apostolus</strong></span> <span class='ocrx_word' id='word_1_389' title='bbox 892 3180 1100 3232; x_wconf 88' lang='lat' dir='ltr'><strong>contra</strong></span> <span class='ocrx_word' id='word_1_390' title='bbox 1141 3182 1354 3234; x_wconf 68' lang='lat' dir='ltr'><strong>caetera</strong></span> <span class='ocrx_word' id='word_1_391' title='bbox 1393 3177 1641 3249; x_wconf 91' lang='lat' dir='ltr'><strong>quidem</strong></span> <span class='ocrx_word' id='word_1_392' title='bbox 1695 3179 1834 3235; x_wconf 92' lang='lat' dir='ltr'><strong>vitia</strong></span> 
     </span>
    </p>
   </div>
   <div class='ocr_carea' id='block_1_51' title="bbox 166 3264 1832 3336">
    <p class='ocr_par' dir='ltr' id='par_1_51' title="bbox 166 3264 1832 3336">
     <span class='ocr_line' id='line_1_51' title="bbox 166 3264 1832 3336; baseline 0.005 -21"><span class='ocrx_word' id='word_1_393' title='bbox 166 3276 446 3333; x_wconf 86' lang='lat' dir='ltr'><strong>pugnare</strong></span> <span class='ocrx_word' id='word_1_394' title='bbox 473 3277 584 3318; x_wconf 80' lang='lat' dir='ltr'><strong>nos</strong></span> <span class='ocrx_word' id='word_1_395' title='bbox 610 3264 671 3319; x_wconf 92' lang='lat' dir='ltr'><strong>in</strong></span> <span class='ocrx_word' id='word_1_396' title='bbox 697 3265 972 3320; x_wconf 90' lang='lat' dir='ltr'><strong>cominus</strong></span> <span class='ocrx_word' id='word_1_397' title='bbox 995 3265 1188 3336; x_wconf 89' lang='lat' dir='ltr'><strong>jubet,</strong></span> <span class='ocrx_word' id='word_1_398' title='bbox 1216 3266 1668 3323; x_wconf 81' lang='lat' dir='ltr'><strong>fornicationem</strong></span> <span class='ocrx_word' id='word_1_399' title='bbox 1691 3284 1832 3324; x_wconf 91' lang='lat' dir='ltr'><strong>vero</strong></span> 
     </span>
    </p>
   </div>
   <div class='ocr_carea' id='block_1_52' title="bbox 166 3346 1834 3428">
    <p class='ocr_par' dir='ltr' id='par_1_52' title="bbox 166 3346 1834 3428">
     <span class='ocr_line' id='line_1_52' title="bbox 166 3346 1834 3428; baseline 0.006 -25"><span class='ocrx_word' id='word_1_400' title='bbox 166 3346 378 3418; x_wconf 82' lang='lat' dir='ltr'><strong>fugere</strong></span> <span class='ocrx_word' id='word_1_401' title='bbox 399 3350 704 3419; x_wconf 88' lang='lat' dir='ltr'><strong>hortatur;</strong></span> <span class='ocrx_word' id='word_1_402' title='bbox 734 3353 1020 3409; x_wconf 87' lang='lat' dir='ltr'><strong>nimirum</strong></span> <span class='ocrx_word' id='word_1_403' title='bbox 1051 3355 1340 3425; x_wconf 88' lang='lat' dir='ltr'><strong>suadens,</strong></span> <span class='ocrx_word' id='word_1_404' title='bbox 1365 3360 1429 3411; x_wconf 89' lang='lat' dir='ltr'><strong>ut</strong></span> <span class='ocrx_word' id='word_1_405' title='bbox 1457 3355 1505 3410; x_wconf 92' lang='lat' dir='ltr'><strong>si</strong></span> <span class='ocrx_word' id='word_1_406' title='bbox 1525 3357 1660 3428; x_wconf 90' lang='lat' dir='ltr'><strong>quis</strong></span> <span class='ocrx_word' id='word_1_407' title='bbox 1685 3373 1834 3428; x_wconf 73' lang='lat' dir='ltr'><strong>prte-</strong></span> 
     </span>
    </p>
   </div>
   <div class='ocr_carea' id='block_1_53' title="bbox 163 3435 1828 3512">
    <p class='ocr_par' dir='ltr' id='par_1_53' title="bbox 163 3435 1828 3512">
     <span class='ocr_line' id='line_1_53' title="bbox 163 3435 1828 3512; baseline 0.004 -19"><span class='ocrx_word' id='word_1_408' title='bbox 163 3435 347 3494; x_wconf 90' lang='lat' dir='ltr'><strong>liator</strong></span> <span class='ocrx_word' id='word_1_409' title='bbox 374 3437 669 3512; x_wconf 88' lang='lat' dir='ltr'><strong>frequenti</strong></span> <span class='ocrx_word' id='word_1_410' title='bbox 698 3441 964 3498; x_wconf 90' lang='lat' dir='ltr'><strong>hostium</strong></span> <span class='ocrx_word' id='word_1_411' title='bbox 996 3443 1418 3512; x_wconf 87' lang='lat' dir='ltr'><strong>congressione</strong></span> <span class='ocrx_word' id='word_1_412' title='bbox 1457 3444 1828 3512; x_wconf 89' lang='lat' dir='ltr'><strong>victoriosus,</strong></span> 
     </span>
    </p>
   </div>
   <div class='ocr_carea' id='block_1_54' title="bbox 167 3525 1832 3605">
    <p class='ocr_par' dir='ltr' id='par_1_54' title="bbox 167 3525 1832 3605">
     <span class='ocr_line' id='line_1_54' title="bbox 167 3525 1832 3605; baseline 0.005 -25"><span class='ocrx_word' id='word_1_413' title='bbox 167 3525 215 3580; x_wconf 93' lang='lat' dir='ltr'><strong>si</strong></span> <span class='ocrx_word' id='word_1_414' title='bbox 244 3532 552 3583; x_wconf 87' lang='lat' dir='ltr'><strong>armatum</strong></span> <span class='ocrx_word' id='word_1_415' title='bbox 584 3528 762 3585; x_wconf 86' lang='lat' dir='ltr'><strong>talem</strong></span> <span class='ocrx_word' id='word_1_416' title='bbox 790 3529 1056 3587; x_wconf 87' lang='lat' dir='ltr'><strong>incurrat</strong></span> <span class='ocrx_word' id='word_1_417' title='bbox 1077 3530 1428 3605; x_wconf 88' lang='lat' dir='ltr'><strong>aliquando,</strong></span> <span class='ocrx_word' id='word_1_418' title='bbox 1460 3533 1556 3587; x_wconf 90' lang='lat' dir='ltr'><strong>cui</strong></span> <span class='ocrx_word' id='word_1_419' title='bbox 1582 3549 1832 3602; x_wconf 89' lang='lat' dir='ltr'><strong>congre-</strong></span> 
     </span>
    </p>
   </div>
   <div class='ocr_carea' id='block_1_55' title="bbox 164 3615 1828 3693">
    <p class='ocr_par' dir='ltr' id='par_1_55' title="bbox 164 3615 1828 3693">
     <span class='ocr_line' id='line_1_55' title="bbox 164 3615 1828 3693; baseline 0.005 -24"><span class='ocrx_word' id='word_1_420' title='bbox 164 3615 223 3670; x_wconf 92' lang='lat' dir='ltr'><strong>di</strong></span> <span class='ocrx_word' id='word_1_421' title='bbox 269 3615 612 3673; x_wconf 85' lang='lat' dir='ltr'><strong>nullatenus</strong></span> <span class='ocrx_word' id='word_1_422' title='bbox 657 3619 888 3675; x_wconf 89' lang='lat' dir='ltr'><strong>audcns</strong></span> <span class='ocrx_word' id='word_1_423' title='bbox 918 3620 996 3677; x_wconf 91' lang='lat' dir='ltr'><strong>ab</strong></span> <span class='ocrx_word' id='word_1_424' title='bbox 1024 3636 1096 3676; x_wconf 93' lang='lat' dir='ltr'><strong>eo</strong></span> <span class='ocrx_word' id='word_1_425' title='bbox 1143 3637 1250 3693; x_wconf 89' lang='lat' dir='ltr'><strong>per</strong></span> <span class='ocrx_word' id='word_1_426' title='bbox 1289 3621 1498 3690; x_wconf 89' lang='lat' dir='ltr'><strong>fugam</strong></span> <span class='ocrx_word' id='word_1_427' title='bbox 1541 3622 1828 3678; x_wconf 89' lang='lat' dir='ltr'><strong>declinet:</strong></span> 
     </span>
    </p>
   </div>
   <div class='ocr_carea' id='block_1_56' title="bbox 164 3703 1832 3784">
    <p class='ocr_par' dir='ltr' id='par_1_56' title="bbox 164 3703 1832 3784">
     <span class='ocr_line' id='line_1_56' title="bbox 164 3703 1832 3784; baseline 0.005 -25"><span class='ocrx_word' id='word_1_428' title='bbox 164 3705 245 3761; x_wconf 87' lang='lat' dir='ltr'><strong>ita</strong></span> <span class='ocrx_word' id='word_1_429' title='bbox 281 3703 530 3778; x_wconf 90' lang='lat' dir='ltr'><strong>quilibet</strong></span> <span class='ocrx_word' id='word_1_430' title='bbox 553 3707 920 3764; x_wconf 88' lang='lat' dir='ltr'><strong>Christianus</strong></span> <span class='ocrx_word' id='word_1_431' title='bbox 949 3709 1130 3765; x_wconf 90' lang='lat' dir='ltr'><strong>etiam</strong></span> <span class='ocrx_word' id='word_1_432' title='bbox 1181 3710 1232 3766; x_wconf 91' lang='lat' dir='ltr'><strong>si</strong></span> <span class='ocrx_word' id='word_1_433' title='bbox 1274 3709 1390 3767; x_wconf 89' lang='lat' dir='ltr'><strong>alia</strong></span> <span class='ocrx_word' id='word_1_434' title='bbox 1418 3711 1562 3766; x_wconf 90' lang='lat' dir='ltr'><strong>vitia</strong></span> <span class='ocrx_word' id='word_1_435' title='bbox 1589 3727 1832 3784; x_wconf 87' lang='lat' dir='ltr'><strong>supera-</strong></span> 
     </span>
    </p>
   </div>
   <div class='ocr_carea' id='block_1_57' title="bbox 165 3792 1830 3869">
    <p class='ocr_par' dir='ltr' id='par_1_57' title="bbox 165 3792 1830 3869">
     <span class='ocr_line' id='line_1_57' title="bbox 165 3792 1830 3869; baseline 0.006 -23"><span class='ocrx_word' id='word_1_436' title='bbox 165 3793 339 3860; x_wconf 89' lang='lat' dir='ltr'><strong>verit,</strong></span> <span class='ocrx_word' id='word_1_437' title='bbox 377 3792 455 3849; x_wconf 91' lang='lat' dir='ltr'><strong>ab</strong></span> <span class='ocrx_word' id='word_1_438' title='bbox 479 3795 898 3852; x_wconf 89' lang='lat' dir='ltr'><strong>occasionibus</strong></span> <span class='ocrx_word' id='word_1_439' title='bbox 927 3802 1128 3853; x_wconf 88' lang='lat' dir='ltr'><strong>tamen</strong></span> <span class='ocrx_word' id='word_1_440' title='bbox 1158 3797 1423 3854; x_wconf 88' lang='lat' dir='ltr'><strong>libidinis</strong></span> <span class='ocrx_word' id='word_1_441' title='bbox 1448 3799 1626 3869; x_wconf 91' lang='lat' dir='ltr'><strong>longe</strong></span> <span class='ocrx_word' id='word_1_442' title='bbox 1656 3815 1718 3855; x_wconf 89' lang='lat' dir='ltr'><strong>se</strong></span> <span class='ocrx_word' id='word_1_443' title='bbox 1747 3799 1830 3856; x_wconf 88' lang='lat' dir='ltr'><strong>fa-</strong></span> 
     </span>
    </p>
   </div>
   <div class='ocr_carea' id='block_1_58' title="bbox 165 3883 1729 3958">
    <p class='ocr_par' dir='ltr' id='par_1_58' title="bbox 165 3883 1729 3958">
     <span class='ocr_line' id='line_1_58' title="bbox 165 3883 1729 3958; baseline 0.005 -22"><span class='ocrx_word' id='word_1_444' title='bbox 165 3883 305 3948; x_wconf 86' lang='lat' dir='ltr'><strong>ciat,</strong></span> <span class='ocrx_word' id='word_1_445' title='bbox 341 3897 415 3938; x_wconf 93' lang='lat' dir='ltr'><strong>ne</strong></span> <span class='ocrx_word' id='word_1_446' title='bbox 441 3883 488 3938; x_wconf 92' lang='lat' dir='ltr'><strong>si</strong></span> <span class='ocrx_word' id='word_1_447' title='bbox 514 3883 766 3940; x_wconf 90' lang='lat' dir='ltr'><strong>minimo</strong></span> <span class='ocrx_word' id='word_1_448' title='bbox 796 3885 982 3957; x_wconf 92' lang='lat' dir='ltr'><strong>digito</strong></span> <span class='ocrx_word' id='word_1_449' title='bbox 1008 3887 1222 3958; x_wconf 90' lang='lat' dir='ltr'><strong>ligetur</strong></span> <span class='ocrx_word' id='word_1_450' title='bbox 1251 3892 1408 3944; x_wconf 90' lang='lat' dir='ltr'><strong>totus</strong></span> <span class='ocrx_word' id='word_1_451' title='bbox 1441 3889 1729 3944; x_wconf 79' lang='lat' dir='ltr'><strong>tractatur.</strong></span> 
     </span>
    </p>
   </div>
   <div class='ocr_carea' id='block_1_59' title="bbox 235 3969 1830 4043">
    <p class='ocr_par' dir='ltr' id='par_1_59' title="bbox 235 3969 1830 4043">
     <span class='ocr_line' id='line_1_59' title="bbox 235 3969 1830 4043; baseline 0.004 -17"><span class='ocrx_word' id='word_1_452' title='bbox 235 3969 402 4026; x_wconf 82' lang='lat' dir='ltr'><strong>XXV.</strong></span> <span class='ocrx_word' id='word_1_453' title='bbox 445 3971 583 4028; x_wconf 61' lang='lat' dir='ltr'><strong>Haec</strong></span> <span class='ocrx_word' id='word_1_454' title='bbox 610 3972 1003 4031; x_wconf 90' lang='lat' dir='ltr'><strong>fortissimum</strong></span> <span class='ocrx_word' id='word_1_455' title='bbox 1052 3977 1301 4032; x_wconf 88' lang='lat' dir='ltr'><strong>Samson</strong></span> <span class='ocrx_word' id='word_1_456' title='bbox 1354 3975 1483 4032; x_wconf 93' lang='lat' dir='ltr'><strong>sola</strong></span> <span class='ocrx_word' id='word_1_457' title='bbox 1511 3976 1670 4043; x_wconf 91' lang='lat' dir='ltr'><strong>vicit,</strong></span> <span class='ocrx_word' id='word_1_458' title='bbox 1703 3977 1830 4032; x_wconf 67' lang='lat' dir='ltr'><strong>haec</strong></span> 
     </span>
    </p>
   </div>
   <div class='ocr_carea' id='block_1_60' title="bbox 164 4059 1834 4137">
    <p class='ocr_par' dir='ltr' id='par_1_60' title="bbox 164 4059 1834 4137">
     <span class='ocr_line' id='line_1_60' title="bbox 164 4059 1834 4137; baseline 0.002 -21"><span class='ocrx_word' id='word_1_459' title='bbox 164 4059 614 4116; x_wconf 84' lang='lat' dir='ltr'><strong>sanctissimum</strong></span> <span class='ocrx_word' id='word_1_460' title='bbox 687 4063 872 4119; x_wconf 82' lang='lat' dir='ltr'><strong>David</strong></span> <span class='ocrx_word' id='word_1_461' title='bbox 936 4081 1058 4121; x_wconf 91' lang='lat' dir='ltr'><strong>non</strong></span> <span class='ocrx_word' id='word_1_462' title='bbox 1123 4064 1420 4137; x_wconf 68' lang='lat' dir='ltr'><strong>praeteriit,</strong></span> <span class='ocrx_word' id='word_1_463' title='bbox 1476 4064 1834 4137; x_wconf 87' lang='lat' dir='ltr'><strong>sapientissi-</strong></span> 
     </span>
    </p>
   </div>
   <div class='ocr_carea' id='block_1_61' title="bbox 164 4149 1834 4227">
    <p class='ocr_par' dir='ltr' id='par_1_61' title="bbox 164 4149 1834 4227">
     <span class='ocr_line' id='line_1_61' title="bbox 164 4149 1834 4227; baseline 0.004 -21"><span class='ocrx_word' id='word_1_464' title='bbox 164 4165 344 4206; x_wconf 89' lang='lat' dir='ltr'><strong>mum</strong></span> <span class='ocrx_word' id='word_1_465' title='bbox 394 4149 775 4209; x_wconf 89' lang='lat' dir='ltr'><strong>Salomonem</strong></span> <span class='ocrx_word' id='word_1_466' title='bbox 819 4153 1056 4227; x_wconf 89' lang='lat' dir='ltr'><strong>penitus</strong></span> <span class='ocrx_word' id='word_1_467' title='bbox 1105 4154 1436 4217; x_wconf 85' lang='lat' dir='ltr'><strong>suﬂocavit,</strong></span> <span class='ocrx_word' id='word_1_468' title='bbox 1470 4170 1629 4220; x_wconf 89' lang='lat' dir='ltr'><strong>cum,</strong></span> <span class='ocrx_word' id='word_1_469' title='bbox 1683 4154 1834 4212; x_wconf 89' lang='lat' dir='ltr'><strong>sicut</strong></span> 
     </span>
    </p>
   </div>
   <div class='ocr_carea' id='block_1_62' title="bbox 166 4239 1831 4316">
    <p class='ocr_par' dir='ltr' id='par_1_62' title="bbox 166 4239 1831 4316">
     <span class='ocr_line' id='line_1_62' title="bbox 166 4239 1831 4316; baseline 0.004 -24"><span class='ocrx_word' id='word_1_470' title='bbox 166 4239 466 4312; x_wconf 88' lang='lat' dir='ltr'><strong>scriptum</strong></span> <span class='ocrx_word' id='word_1_471' title='bbox 507 4244 612 4310; x_wconf 91' lang='lat' dir='ltr'><strong>est,</strong></span> <span class='ocrx_word' id='word_1_472' title='bbox 645 4246 1000 4314; x_wconf 88' lang='lat' dir='ltr'><strong>potestatem</strong></span> <span class='ocrx_word' id='word_1_473' title='bbox 1047 4243 1138 4298; x_wconf 90' lang='lat' dir='ltr'><strong>sui</strong></span> <span class='ocrx_word' id='word_1_474' title='bbox 1187 4244 1452 4316; x_wconf 88' lang='lat' dir='ltr'><strong>corporis</strong></span> <span class='ocrx_word' id='word_1_475' title='bbox 1498 4259 1618 4298; x_wconf 90' lang='lat' dir='ltr'><strong>non</strong></span> <span class='ocrx_word' id='word_1_476' title='bbox 1649 4243 1831 4299; x_wconf 85' lang='lat' dir='ltr'><strong>habe-</strong></span> 
     </span>
    </p>
   </div>
   <div class='ocr_carea' id='block_1_63' title="bbox 164 4330 1830 4404">
    <p class='ocr_par' dir='ltr' id='par_1_63' title="bbox 164 4330 1830 4404">
     <span class='ocr_line' id='line_1_63' title="bbox 164 4330 1830 4404; baseline 0.003 -21"><span class='ocrx_word' id='word_1_477' title='bbox 164 4333 273 4384; x_wconf 89' lang='lat' dir='ltr'><strong>ret.</strong></span> <span class='ocrx_word' id='word_1_478' title='bbox 313 4331 447 4384; x_wconf 69' lang='lat' dir='ltr'><strong>Htec</strong></span> <span class='ocrx_word' id='word_1_479' title='bbox 489 4333 681 4385; x_wconf 85' lang='lat' dir='ltr'><strong>Amon</strong></span> <span class='ocrx_word' id='word_1_480' title='bbox 728 4330 918 4387; x_wconf 87' lang='lat' dir='ltr'><strong>ﬁlium</strong></span> <span class='ocrx_word' id='word_1_481' title='bbox 951 4332 1138 4389; x_wconf 89' lang='lat' dir='ltr'><strong>David</strong></span> <span class='ocrx_word' id='word_1_482' title='bbox 1163 4332 1224 4388; x_wconf 92' lang='lat' dir='ltr'><strong>in</strong></span> <span class='ocrx_word' id='word_1_483' title='bbox 1258 4347 1525 4388; x_wconf 87' lang='lat' dir='ltr'><strong>sororem</strong></span> <span class='ocrx_word' id='word_1_484' title='bbox 1557 4333 1830 4404; x_wconf 74' lang='lat' dir='ltr'><strong>praecipi-</strong></span> 
     </span>
    </p>
   </div>
   <div class='ocr_carea' id='block_1_64' title="bbox 165 4416 1832 4490">
    <p class='ocr_par' dir='ltr' id='par_1_64' title="bbox 165 4416 1832 4490">
     <span class='ocr_line' id='line_1_64' title="bbox 165 4416 1832 4490; baseline 0.002 -18"><span class='ocrx_word' id='word_1_485' title='bbox 165 4416 338 4472; x_wconf 84' lang='lat' dir='ltr'><strong>tavit.</strong></span> <span class='ocrx_word' id='word_1_486' title='bbox 376 4417 518 4481; x_wconf 86' lang='lat' dir='ltr'><strong>Quis</strong></span> <span class='ocrx_word' id='word_1_487' title='bbox 549 4433 690 4489; x_wconf 89' lang='lat' dir='ltr'><strong>ergo</strong></span> <span class='ocrx_word' id='word_1_488' title='bbox 717 4419 846 4490; x_wconf 91' lang='lat' dir='ltr'><strong>jam</strong></span> <span class='ocrx_word' id='word_1_489' title='bbox 873 4419 948 4476; x_wconf 91' lang='lat' dir='ltr'><strong>de</strong></span> <span class='ocrx_word' id='word_1_490' title='bbox 981 4421 1259 4478; x_wconf 90' lang='lat' dir='ltr'><strong>virtutum</strong></span> <span class='ocrx_word' id='word_1_491' title='bbox 1290 4421 1644 4477; x_wconf 87' lang='lat' dir='ltr'><strong>charismate</strong></span> <span class='ocrx_word' id='word_1_492' title='bbox 1693 4437 1832 4476; x_wconf 92' lang='lat' dir='ltr'><strong>con-</strong></span> 
     </span>
    </p>
   </div>
   <div class='ocr_carea' id='block_1_65' title="bbox 167 4505 1834 4583">
    <p class='ocr_par' dir='ltr' id='par_1_65' title="bbox 167 4505 1834 4583">
     <span class='ocr_line' id='line_1_65' title="bbox 167 4505 1834 4583; baseline 0.003 -22"><span class='ocrx_word' id='word_1_493' title='bbox 167 4505 370 4562; x_wconf 86' lang='lat' dir='ltr'><strong>ﬁdat?</strong></span> <span class='ocrx_word' id='word_1_494' title='bbox 417 4507 474 4562; x_wconf 92' lang='lat' dir='ltr'><strong>Si</strong></span> <span class='ocrx_word' id='word_1_495' title='bbox 503 4506 632 4564; x_wconf 60' lang='lat' dir='ltr'><strong>haec</strong></span> <span class='ocrx_word' id='word_1_496' title='bbox 657 4507 890 4582; x_wconf 90' lang='lat' dir='ltr'><strong>lapides</strong></span> <span class='ocrx_word' id='word_1_497' title='bbox 937 4510 1253 4583; x_wconf 90' lang='lat' dir='ltr'><strong>relinquat,</strong></span> <span class='ocrx_word' id='word_1_498' title='bbox 1286 4510 1360 4566; x_wconf 91' lang='lat' dir='ltr'><strong>de</strong></span> <span class='ocrx_word' id='word_1_499' title='bbox 1406 4509 1638 4582; x_wconf 90' lang='lat' dir='ltr'><strong>stipulis</strong></span> <span class='ocrx_word' id='word_1_500' title='bbox 1686 4510 1834 4582; x_wconf 91' lang='lat' dir='ltr'><strong>quid</strong></span> 
     </span>
    </p>
   </div>
   <div class='ocr_carea' id='block_1_66' title="bbox 167 4595 1834 4671">
    <p class='ocr_par' dir='ltr' id='par_1_66' title="bbox 167 4595 1834 4671">
     <span class='ocr_line' id='line_1_66' title="bbox 167 4595 1834 4671; baseline 0.003 -22"><span class='ocrx_word' id='word_1_501' title='bbox 167 4595 319 4650; x_wconf 87' lang='lat' dir='ltr'><strong>ﬁet?</strong></span> <span class='ocrx_word' id='word_1_502' title='bbox 377 4596 520 4660; x_wconf 68' lang='lat' dir='ltr'><strong>Quae</strong></span> <span class='ocrx_word' id='word_1_503' title='bbox 573 4596 793 4653; x_wconf 91' lang='lat' dir='ltr'><strong>idcirco</strong></span> <span class='ocrx_word' id='word_1_504' title='bbox 858 4599 1247 4671; x_wconf 90' lang='lat' dir='ltr'><strong>periculosior</strong></span> <span class='ocrx_word' id='word_1_505' title='bbox 1297 4603 1402 4665; x_wconf 90' lang='lat' dir='ltr'><strong>est,</strong></span> <span class='ocrx_word' id='word_1_506' title='bbox 1462 4598 1605 4671; x_wconf 87' lang='lat' dir='ltr'><strong>quia</strong></span> <span class='ocrx_word' id='word_1_507' title='bbox 1663 4598 1834 4654; x_wconf 91' lang='lat' dir='ltr'><strong>citius</strong></span> 
     </span>
    </p>
   </div>
   <div class='ocr_carea' id='block_1_67' title="bbox 170 4687 1832 4760">
    <p class='ocr_par' dir='ltr' id='par_1_67' title="bbox 170 4687 1832 4760">
     <span class='ocr_line' id='line_1_67' title="bbox 170 4687 1832 4760; baseline 0.002 -22"><span class='ocrx_word' id='word_1_508' title='bbox 170 4689 407 4740; x_wconf 87' lang='lat' dir='ltr'><strong>mentes</strong></span> <span class='ocrx_word' id='word_1_509' title='bbox 454 4693 717 4753; x_wconf 90' lang='lat' dir='ltr'><strong>enervat,</strong></span> <span class='ocrx_word' id='word_1_510' title='bbox 749 4690 1038 4759; x_wconf 90' lang='lat' dir='ltr'><strong>quoniam</strong></span> <span class='ocrx_word' id='word_1_511' title='bbox 1093 4689 1288 4760; x_wconf 91' lang='lat' dir='ltr'><strong>magis</strong></span> <span class='ocrx_word' id='word_1_512' title='bbox 1334 4688 1603 4744; x_wconf 90' lang='lat' dir='ltr'><strong>delectat.</strong></span> <span class='ocrx_word' id='word_1_513' title='bbox 1651 4687 1832 4743; x_wconf 89' lang='lat' dir='ltr'><strong>Idcir-</strong></span> 
     </span>
    </p>
   </div>
   <div class='ocr_carea' id='block_1_68' title="bbox 168 4776 1834 4851">
    <p class='ocr_par' dir='ltr' id='par_1_68' title="bbox 168 4776 1834 4851">
     <span class='ocr_line' id='line_1_68' title="bbox 168 4776 1834 4851; baseline 0.002 -23"><span class='ocrx_word' id='word_1_514' title='bbox 168 4789 243 4829; x_wconf 92' lang='lat' dir='ltr'><strong>co</strong></span> <span class='ocrx_word' id='word_1_515' title='bbox 293 4779 496 4829; x_wconf 89' lang='lat' dir='ltr'><strong>autem</strong></span> <span class='ocrx_word' id='word_1_516' title='bbox 557 4781 679 4831; x_wconf 89' lang='lat' dir='ltr'><strong>tam</strong></span> <span class='ocrx_word' id='word_1_517' title='bbox 726 4776 984 4833; x_wconf 87' lang='lat' dir='ltr'><strong>districte</strong></span> <span class='ocrx_word' id='word_1_518' title='bbox 1038 4779 1304 4851; x_wconf 91' lang='lat' dir='ltr'><strong>punitur,</strong></span> <span class='ocrx_word' id='word_1_519' title='bbox 1337 4778 1480 4850; x_wconf 88' lang='lat' dir='ltr'><strong>quia</strong></span> <span class='ocrx_word' id='word_1_520' title='bbox 1529 4777 1697 4833; x_wconf 85' lang='lat' dir='ltr'><strong>facile</strong></span> <span class='ocrx_word' id='word_1_521' title='bbox 1729 4777 1834 4833; x_wconf 84' lang='lat' dir='ltr'><strong>do-</strong></span> 
     </span>
    </p>
   </div>
   <div class='ocr_carea' id='block_1_69' title="bbox 169 4863 1832 4938">
    <p class='ocr_par' dir='ltr' id='par_1_69' title="bbox 169 4863 1832 4938">
     <span class='ocr_line' id='line_1_69' title="bbox 169 4863 1832 4938; baseline 0.002 -21"><span class='ocrx_word' id='word_1_522' title='bbox 169 4863 330 4918; x_wconf 90' lang='lat' dir='ltr'><strong>mari</strong></span> <span class='ocrx_word' id='word_1_523' title='bbox 384 4867 612 4934; x_wconf 89' lang='lat' dir='ltr'><strong>potest:</strong></span> <span class='ocrx_word' id='word_1_524' title='bbox 684 4865 848 4937; x_wconf 89' lang='lat' dir='ltr'><strong>quod</strong></span> <span class='ocrx_word' id='word_1_525' title='bbox 917 4865 1183 4922; x_wconf 91' lang='lat' dir='ltr'><strong>videlicet</strong></span> <span class='ocrx_word' id='word_1_526' title='bbox 1247 4882 1319 4922; x_wconf 92' lang='lat' dir='ltr'><strong>ex</strong></span> <span class='ocrx_word' id='word_1_527' title='bbox 1388 4867 1502 4922; x_wconf 91' lang='lat' dir='ltr'><strong>hoc</strong></span> <span class='ocrx_word' id='word_1_528' title='bbox 1552 4870 1832 4938; x_wconf 89' lang='lat' dir='ltr'><strong>apparet,</strong></span> 
     </span>
    </p>
   </div>
   <div class='ocr_carea' id='block_1_70' title="bbox 169 4952 1834 5024">
    <p class='ocr_par' dir='ltr' id='par_1_70' title="bbox 169 4952 1834 5024">
     <span class='ocr_line' id='line_1_70' title="bbox 169 4952 1834 5024; baseline 0.002 -17"><span class='ocrx_word' id='word_1_529' title='bbox 169 4952 322 5024; x_wconf 87' lang='lat' dir='ltr'><strong>quia</strong></span> <span class='ocrx_word' id='word_1_530' title='bbox 350 4952 724 5024; x_wconf 89' lang='lat' dir='ltr'><strong>quantolibet</strong></span> <span class='ocrx_word' id='word_1_531' title='bbox 747 4955 960 5010; x_wconf 91' lang='lat' dir='ltr'><strong>ardore</strong></span> <span class='ocrx_word' id='word_1_532' title='bbox 1006 4957 1280 5011; x_wconf 66' lang='lat' dir='ltr'><strong>moechus</strong></span> <span class='ocrx_word' id='word_1_533' title='bbox 1311 4955 1588 5024; x_wconf 89' lang='lat' dir='ltr'><strong>insaniat,</strong></span> <span class='ocrx_word' id='word_1_534' title='bbox 1621 4955 1700 5011; x_wconf 90' lang='lat' dir='ltr'><strong>ab</strong></span> <span class='ocrx_word' id='word_1_535' title='bbox 1732 4955 1834 5010; x_wconf 88' lang='lat' dir='ltr'><strong>ali-</strong></span> 
     </span>
    </p>
   </div>
   <div class='ocr_carea' id='block_1_71' title="bbox 169 5042 1834 5118">
    <p class='ocr_par' dir='ltr' id='par_1_71' title="bbox 169 5042 1834 5118">
     <span class='ocr_line' id='line_1_71' title="bbox 169 5042 1834 5118; baseline 0.002 -22"><span class='ocrx_word' id='word_1_536' title='bbox 169 5057 300 5112; x_wconf 85' lang='lat' dir='ltr'><strong>quo</strong></span> <span class='ocrx_word' id='word_1_537' title='bbox 354 5047 556 5098; x_wconf 90' lang='lat' dir='ltr'><strong>tamen</strong></span> <span class='ocrx_word' id='word_1_538' title='bbox 609 5042 768 5098; x_wconf 89' lang='lat' dir='ltr'><strong>visus</strong></span> <span class='ocrx_word' id='word_1_539' title='bbox 821 5060 964 5100; x_wconf 86' lang='lat' dir='ltr'><strong>mox</strong></span> <span class='ocrx_word' id='word_1_540' title='bbox 1020 5061 1082 5101; x_wconf 89' lang='lat' dir='ltr'><strong>se</strong></span> <span class='ocrx_word' id='word_1_541' title='bbox 1137 5044 1412 5111; x_wconf 87' lang='lat' dir='ltr'><strong>refrenat,</strong></span> <span class='ocrx_word' id='word_1_542' title='bbox 1469 5045 1572 5117; x_wconf 91' lang='lat' dir='ltr'><strong>qui</strong></span> <span class='ocrx_word' id='word_1_543' title='bbox 1629 5044 1834 5118; x_wconf 91' lang='lat' dir='ltr'><strong>utique</strong></span> 
     </span>
    </p>
   </div>
   <div class='ocr_carea' id='block_1_72' title="bbox 169 5129 1836 5206">
    <p class='ocr_par' dir='ltr' id='par_1_72' title="bbox 169 5129 1836 5206">
     <span class='ocr_line' id='line_1_72' title="bbox 169 5129 1836 5206; baseline 0.003 -23"><span class='ocrx_word' id='word_1_544' title='bbox 169 5129 272 5184; x_wconf 86' lang='lat' dir='ltr'><strong>vel</strong></span> <span class='ocrx_word' id='word_1_545' title='bbox 298 5135 525 5187; x_wconf 89' lang='lat' dir='ltr'><strong>tantam</strong></span> <span class='ocrx_word' id='word_1_546' title='bbox 545 5131 937 5188; x_wconf 89' lang='lat' dir='ltr'><strong>reverentiam</strong></span> <span class='ocrx_word' id='word_1_547' title='bbox 967 5131 1184 5189; x_wconf 89' lang='lat' dir='ltr'><strong>divinis</strong></span> <span class='ocrx_word' id='word_1_548' title='bbox 1212 5132 1519 5189; x_wconf 88' lang='lat' dir='ltr'><strong>obtutibus</strong></span> <span class='ocrx_word' id='word_1_549' title='bbox 1546 5137 1836 5206; x_wconf 78' lang='lat' dir='ltr'><strong>praestare</strong></span> 
     </span>
    </p>
   </div>
   <div class='ocr_carea' id='block_1_73' title="bbox 170 5217 1832 5294">
    <p class='ocr_par' dir='ltr' id='par_1_73' title="bbox 170 5217 1832 5294">
     <span class='ocr_line' id='line_1_73' title="bbox 170 5217 1832 5294; baseline 0.004 -22"><span class='ocrx_word' id='word_1_550' title='bbox 170 5217 490 5276; x_wconf 90' lang='lat' dir='ltr'><strong>debuerat.</strong></span> <span class='ocrx_word' id='word_1_551' title='bbox 521 5219 636 5277; x_wconf 87' lang='lat' dir='ltr'><strong>Sed</strong></span> <span class='ocrx_word' id='word_1_552' title='bbox 683 5220 916 5278; x_wconf 90' lang='lat' dir='ltr'><strong>insania</strong></span> <span class='ocrx_word' id='word_1_553' title='bbox 944 5221 1220 5291; x_wconf 87' lang='lat' dir='ltr'><strong>vincitur,</strong></span> <span class='ocrx_word' id='word_1_554' title='bbox 1251 5225 1310 5278; x_wconf 92' lang='lat' dir='ltr'><strong>et</strong></span> <span class='ocrx_word' id='word_1_555' title='bbox 1347 5221 1742 5294; x_wconf 78' lang='lat' dir='ltr'><strong>Hieronymus</strong></span> <span class='ocrx_word' id='word_1_556' title='bbox 1771 5222 1832 5278; x_wconf 92' lang='lat' dir='ltr'><strong>in</strong></span> 
     </span>
    </p>
   </div>
   <div class='ocr_carea' id='block_1_74' title="bbox 246 5378 1836 5453">
    <p class='ocr_par' dir='ltr' id='par_1_74' title="bbox 246 5378 1836 5453">
     <span class='ocr_line' id='line_1_74' title="bbox 246 5378 1836 5453; baseline 0.001 -20"><span class='ocrx_word' id='word_1_557' title='bbox 246 5380 365 5453; x_wconf 76' lang='lat'><strong>(67)</strong></span> <span class='ocrx_word' id='word_1_558' title='bbox 383 5378 453 5434; x_wconf 91' lang='lat' dir='ltr'><strong>In</strong></span> <span class='ocrx_word' id='word_1_559' title='bbox 470 5396 628 5453; x_wconf 85' lang='lat' dir='ltr'><strong>pago</strong></span> <span class='ocrx_word' id='word_1_560' title='bbox 642 5381 1378 5453; x_wconf 59' lang='lat' dir='ltr'><strong>Abricantinoﬁregorius</strong></span> <span class='ocrx_word' id='word_1_561' title='bbox 1394 5381 1664 5453; x_wconf 83' lang='lat' dir='ltr'><strong>Turon.A</strong></span> <span class='ocrx_word' id='word_1_562' title='bbox 1677 5379 1836 5435; x_wconf 82' lang='lat' dir='ltr'><strong>brin-</strong></span> 
     </span>
    </p>
   </div>
   <div class='ocr_carea' id='block_1_75' title="bbox 170 5451 1832 5522">
    <p class='ocr_par' dir='ltr' id='par_1_75' title="bbox 170 5451 1832 5522">
     <span class='ocr_line' id='line_1_75' title="bbox 170 5451 1832 5522; baseline 0.001 -20"><span class='ocrx_word' id='word_1_563' title='bbox 170 5451 489 5522; x_wconf 79' lang='lat' dir='ltr'><strong>cantinum</strong></span> <span class='ocrx_word' id='word_1_564' title='bbox 520 5451 666 5508; x_wconf 81' lang='lat' dir='ltr'><strong>dixit</strong></span> <span class='ocrx_word' id='word_1_565' title='bbox 694 5451 796 5508; x_wconf 93' lang='lat' dir='ltr'><strong>lib.</strong></span> <span class='ocrx_word' id='word_1_566' title='bbox 828 5469 889 5506; x_wconf 85' lang='grc' dir='ltr'><strong>ιι.</strong></span> <span class='ocrx_word' id='word_1_567' title='bbox 919 5451 1260 5509; x_wconf 58' lang='grc' dir='ltr'><strong>ΜὶπδουΙῘᾶ</strong></span> <span class='ocrx_word' id='word_1_568' title='bbox 1298 5452 1542 5514; x_wconf 83' lang='lat' dir='ltr'><strong>Martini,</strong></span> <span class='ocrx_word' id='word_1_569' title='bbox 1577 5467 1710 5522; x_wconf 87' lang='lat' dir='ltr'><strong>cap.</strong></span> <span class='ocrx_word' id='word_1_570' title='bbox 1743 5455 1832 5520; x_wconf 86' lang='lat'><strong>36,</strong></span> 
     </span>
    </p>
   </div>
   <div class='ocr_carea' id='block_1_76' title="bbox 169 5520 1831 5592">
    <p class='ocr_par' dir='ltr' id='par_1_76' title="bbox 169 5520 1831 5592">
     <span class='ocr_line' id='line_1_76' title="bbox 169 5520 1831 5592; baseline 0.001 -18"><span class='ocrx_word' id='word_1_571' title='bbox 169 5520 427 5592; x_wconf 86' lang='lat' dir='ltr'><strong>quidam</strong></span> <span class='ocrx_word' id='word_1_572' title='bbox 458 5523 1009 5590; x_wconf 80' lang='lat' dir='ltr'><strong>Abrincantensem,</strong></span> <span class='ocrx_word' id='word_1_573' title='bbox 1043 5524 1140 5580; x_wconf 89' lang='lat' dir='ltr'><strong>alii</strong></span> <span class='ocrx_word' id='word_1_574' title='bbox 1187 5541 1328 5581; x_wconf 89' lang='lat' dir='ltr'><strong>vero</strong></span> <span class='ocrx_word' id='word_1_575' title='bbox 1359 5520 1831 5589; x_wconf 78' lang='lat' dir='ltr'><strong>Arboricensem,</strong></span> 
     </span>
    </p>
   </div>
   <div class='ocr_carea' id='block_1_77' title="bbox 169 5591 1832 5661">
    <p class='ocr_par' dir='ltr' id='par_1_77' title="bbox 169 5591 1832 5661">
     <span class='ocr_line' id='line_1_77' title="bbox 169 5591 1832 5661; baseline 0.001 -15"><span class='ocrx_word' id='word_1_576' title='bbox 169 5591 217 5646; x_wconf 80' lang='grc' dir='ltr'><em>Α</em></span> <span class='ocrx_word' id='word_1_577' title='bbox 233 5591 619 5650; x_wconf 86' lang='lat' dir='ltr'><strong>rborelanum</strong></span> <span class='ocrx_word' id='word_1_578' title='bbox 637 5599 696 5650; x_wconf 91' lang='lat' dir='ltr'><strong>et</strong></span> <span class='ocrx_word' id='word_1_579' title='bbox 713 5596 1190 5652; x_wconf 81' lang='lat' dir='ltr'><strong>Arbrincensem.</strong></span> <span class='ocrx_word' id='word_1_580' title='bbox 1211 5596 1446 5661; x_wconf 87' lang='lat' dir='ltr'><strong>Gallice,</strong></span> <span class='ocrx_word' id='word_1_581' title='bbox 1461 5596 1509 5650; x_wconf 88' lang='lat' dir='ltr'><strong>A</strong></span> <span class='ocrx_word' id='word_1_582' title='bbox 1521 5593 1832 5650; x_wconf 83' lang='lat' dir='ltr'><strong>vranches.</strong></span> 
     </span>
    </p>
   </div>
   <div class='ocr_carea' id='block_1_78' title="bbox 247 5664 1836 5737">
    <p class='ocr_par' dir='ltr' id='par_1_78' title="bbox 247 5664 1836 5737">
     <span class='ocr_line' id='line_1_78' title="bbox 247 5664 1836 5737; baseline 0.001 -19"><span class='ocrx_word' id='word_1_583' title='bbox 247 5664 366 5734; x_wconf 89' lang='lat'><strong>(68)</strong></span> <span class='ocrx_word' id='word_1_584' title='bbox 392 5666 478 5722; x_wconf 83' lang='lat' dir='ltr'><strong>De</strong></span> <span class='ocrx_word' id='word_1_585' title='bbox 504 5671 704 5722; x_wconf 88' lang='lat' dir='ltr'><strong>monte</strong></span> <span class='ocrx_word' id='word_1_586' title='bbox 719 5667 777 5722; x_wconf 83' lang='lat' dir='ltr'><strong>S.</strong></span> <span class='ocrx_word' id='word_1_587' title='bbox 800 5667 1128 5724; x_wconf 83' lang='lat' dir='ltr'><strong>Michaelis.</strong></span> <span class='ocrx_word' id='word_1_588' title='bbox 1155 5667 1265 5733; x_wconf 88' lang='lat' dir='ltr'><strong>Qui</strong></span> <span class='ocrx_word' id='word_1_589' title='bbox 1285 5667 1467 5737; x_wconf 89' lang='lat' dir='ltr'><strong>vulgo</strong></span> <span class='ocrx_word' id='word_1_590' title='bbox 1485 5668 1546 5723; x_wconf 87' lang='lat' dir='ltr'><strong>in</strong></span> <span class='ocrx_word' id='word_1_591' title='bbox 1558 5665 1836 5736; x_wconf 78' lang='lat' dir='ltr'><strong>periculo</strong></span> 
     </span>
    </p>
   </div>
   <div class='ocr_carea' id='block_1_79' title="bbox 1127 5877 1268 5936">
    <p class='ocr_par' dir='ltr' id='par_1_79' title="bbox 1127 5877 1268 5936">
     <span class='ocr_line' id='line_1_79' title="bbox 1127 5877 1268 5936; baseline 0 -15"><span class='ocrx_word' id='word_1_592' title='bbox 1127 5877 1268 5936; x_wconf 67' lang='grc' dir='ltr'><strong>σιν-σευ,</strong></span> 
     </span>
    </p>
   </div>
   <div class='ocr_carea' id='block_1_80' title="bbox 1861 4382 1908 4437">
    <p class='ocr_par' dir='ltr' id='par_1_80' title="bbox 1861 4382 1908 4437">
     <span class='ocr_line' id='line_1_80' title="bbox 1861 4382 1908 4437; baseline 0 0"><span class='ocrx_word' id='word_1_593' title='bbox 1861 4382 1908 4437; x_wconf 88' lang='lat' dir='ltr'><strong>D</strong></span> 
     </span>
    </p>
   </div>
   <div class='ocr_carea' id='block_1_81' title="bbox 1943 1751 3591 1827">
    <p class='ocr_par' dir='ltr' id='par_1_81' title="bbox 1943 1751 3591 1827">
     <span class='ocr_line' id='line_1_81' title="bbox 1943 1751 3591 1827; baseline -0.004 -15"><span class='ocrx_word' id='word_1_594' title='bbox 1943 1757 2298 1813; x_wconf 86' lang='lat' dir='ltr'><strong>volutentur.</strong></span> <span class='ocrx_word' id='word_1_595' title='bbox 2320 1755 2546 1821; x_wconf 90' lang='lat' dir='ltr'><strong>Quibus</strong></span> <span class='ocrx_word' id='word_1_596' title='bbox 2567 1755 2627 1810; x_wconf 90' lang='lat' dir='ltr'><strong>in</strong></span> <span class='ocrx_word' id='word_1_597' title='bbox 2650 1754 3041 1827; x_wconf 85' lang='lat' dir='ltr'><strong>sequentibus</strong></span> <span class='ocrx_word' id='word_1_598' title='bbox 3068 1752 3350 1810; x_wconf 86' lang='lat' dir='ltr'><strong>Salomon</strong></span> <span class='ocrx_word' id='word_1_599' title='bbox 3367 1751 3591 1820; x_wconf 92' lang='lat' dir='ltr'><strong>obviat,</strong></span> 
     </span>
    </p>
   </div>
   <div class='ocr_carea' id='block_1_82' title="bbox 1941 1839 3592 1915">
    <p class='ocr_par' dir='ltr' id='par_1_82' title="bbox 1941 1839 3592 1915">
     <span class='ocr_line' id='line_1_82' title="bbox 1941 1839 3592 1915; baseline -0.004 -13"><span class='ocrx_word' id='word_1_600' title='bbox 1941 1842 2145 1902; x_wconf 92' lang='lat' dir='ltr'><strong>dicens</strong></span> <span class='ocrx_word' id='word_1_601' title='bbox 2197 1839 2271 1901; x_wconf 91' lang='lat' dir='ltr'><strong>de</strong></span> <span class='ocrx_word' id='word_1_602' title='bbox 2319 1844 2442 1900; x_wconf 77' lang='lat' dir='ltr'><strong>Zelo</strong></span> <span class='ocrx_word' id='word_1_603' title='bbox 2500 1843 2630 1899; x_wconf 84' lang='lat' dir='ltr'><strong>Dei:</strong></span> <span class='ocrx_word' id='word_1_604' title='bbox 2689 1845 2821 1899; x_wconf 87' lang='lat' dir='ltr'><strong>Non</strong></span> <span class='ocrx_word' id='word_1_605' title='bbox 2865 1840 3193 1915; x_wconf 85' lang='lat' dir='ltr'><strong>acquiescet</strong></span> <span class='ocrx_word' id='word_1_606' title='bbox 3238 1843 3592 1911; x_wconf 87' lang='lat' dir='ltr'><strong>cujusquam</strong></span> 
     </span>
    </p>
   </div>
   <div class='ocr_carea' id='block_1_83' title="bbox 1937 1923 3592 2006">
    <p class='ocr_par' dir='ltr' id='par_1_83' title="bbox 1937 1923 3592 2006">
     <span class='ocr_line' id='line_1_83' title="bbox 1937 1923 3592 2006; baseline -0.005 -14"><span class='ocrx_word' id='word_1_607' title='bbox 1937 1937 2232 2006; x_wconf 83' lang='lat' dir='ltr'><strong>precibus,</strong></span> <span class='ocrx_word' id='word_1_608' title='bbox 2266 1950 2372 1990; x_wconf 89' lang='lat' dir='ltr'><strong>nec</strong></span> <span class='ocrx_word' id='word_1_609' title='bbox 2399 1934 2676 2002; x_wconf 79' lang='lat' dir='ltr'><strong>suscipiet</strong></span> <span class='ocrx_word' id='word_1_610' title='bbox 2705 1949 2816 2002; x_wconf 88' lang='lat' dir='ltr'><strong>pro</strong></span> <span class='ocrx_word' id='word_1_611' title='bbox 2846 1926 3246 2000; x_wconf 82' lang='lat' dir='ltr'><strong>redemptione</strong></span> <span class='ocrx_word' id='word_1_612' title='bbox 3269 1927 3428 1985; x_wconf 86' lang='lat' dir='ltr'><strong>dona</strong></span> <span class='ocrx_word' id='word_1_613' title='bbox 3453 1923 3592 1996; x_wconf 34' lang='lat' dir='ltr'><strong>plus</strong></span> 
     </span>
    </p>
   </div>
   <div class='ocr_carea' id='block_1_84' title="bbox 1939 2019 3593 2095">
    <p class='ocr_par' dir='ltr' id='par_1_84' title="bbox 1939 2019 3593 2095">
     <span class='ocr_line' id='line_1_84' title="bbox 1939 2019 3593 2095; baseline -0.005 -15"><span class='ocrx_word' id='word_1_614' title='bbox 1939 2026 2095 2080; x_wconf 84' lang='lat' dir='ltr'><strong>rima</strong></span> <span class='ocrx_word' id='word_1_615' title='bbox 2124 2026 2326 2095; x_wconf 90' lang='lat' dir='ltr'><strong>(Prov.</strong></span> <span class='ocrx_word' id='word_1_616' title='bbox 2356 2039 2437 2089; x_wconf 77' lang='lat' dir='ltr'><strong>v1,</strong></span> <span class='ocrx_word' id='word_1_617' title='bbox 2467 2024 2576 2091; x_wconf 80' lang='lat'><strong>35).</strong></span> <span class='ocrx_word' id='word_1_618' title='bbox 2612 2021 2758 2076; x_wconf 85' lang='lat' dir='ltr'><strong>Hinc</strong></span> <span class='ocrx_word' id='word_1_619' title='bbox 2788 2021 2847 2076; x_wconf 93' lang='lat' dir='ltr'><strong>in</strong></span> <span class='ocrx_word' id='word_1_620' title='bbox 2875 2021 2985 2076; x_wconf 86' lang='lat' dir='ltr'><strong>Job</strong></span> <span class='ocrx_word' id='word_1_621' title='bbox 3010 2039 3022 2076; x_wconf 93' lang='lat'><strong>:</strong></span> <span class='ocrx_word' id='word_1_622' title='bbox 3054 2021 3190 2076; x_wconf 91' lang='lat' dir='ltr'><strong>Non</strong></span> <span class='ocrx_word' id='word_1_623' title='bbox 3223 2019 3427 2075; x_wconf 85' lang='lat' dir='ltr'><strong>credat</strong></span> <span class='ocrx_word' id='word_1_624' title='bbox 3456 2019 3593 2086; x_wconf 84' lang='lat' dir='ltr'><strong>fru-</strong></span> 
     </span>
    </p>
   </div>
   <div class='ocr_carea' id='block_1_85' title="bbox 1937 2108 3596 2182">
    <p class='ocr_par' dir='ltr' id='par_1_85' title="bbox 1937 2108 3596 2182">
     <span class='ocr_line' id='line_1_85' title="bbox 1937 2108 3596 2182; baseline -0.004 -12"><span class='ocrx_word' id='word_1_625' title='bbox 1937 2121 2068 2170; x_wconf 89' lang='lat' dir='ltr'><strong>stra</strong></span> <span class='ocrx_word' id='word_1_626' title='bbox 2091 2128 2294 2170; x_wconf 81' lang='lat' dir='ltr'><strong>errore</strong></span> <span class='ocrx_word' id='word_1_627' title='bbox 2323 2113 2619 2180; x_wconf 85' lang='lat' dir='ltr'><strong>deceptus,</strong></span> <span class='ocrx_word' id='word_1_628' title='bbox 2651 2111 2810 2182; x_wconf 88' lang='lat' dir='ltr'><strong>quod</strong></span> <span class='ocrx_word' id='word_1_629' title='bbox 2838 2111 3042 2181; x_wconf 88' lang='lat' dir='ltr'><strong>aliquo</strong></span> <span class='ocrx_word' id='word_1_630' title='bbox 3079 2110 3272 2178; x_wconf 85' lang='lat' dir='ltr'><strong>pretio</strong></span> <span class='ocrx_word' id='word_1_631' title='bbox 3302 2108 3596 2164; x_wconf 88' lang='lat' dir='ltr'><strong>redimen-</strong></span> 
     </span>
    </p>
   </div>
   <div class='ocr_carea' id='block_1_86' title="bbox 1939 2190 3596 2273">
    <p class='ocr_par' dir='ltr' id='par_1_86' title="bbox 1939 2190 3596 2273">
     <span class='ocr_line' id='line_1_86' title="bbox 1939 2190 3596 2273; baseline -0.005 -13"><span class='ocrx_word' id='word_1_632' title='bbox 1939 2206 2050 2260; x_wconf 89' lang='lat' dir='ltr'><strong>dus</strong></span> <span class='ocrx_word' id='word_1_633' title='bbox 2075 2206 2148 2259; x_wconf 88' lang='lat' dir='ltr'><strong>sit</strong></span> <span class='ocrx_word' id='word_1_634' title='bbox 2185 2203 2332 2273; x_wconf 87' lang='lat' dir='ltr'><strong>(Job.</strong></span> <span class='ocrx_word' id='word_1_635' title='bbox 2356 2218 2450 2268; x_wconf 88' lang='lat' dir='ltr'><strong>xv,</strong></span> <span class='ocrx_word' id='word_1_636' title='bbox 2485 2205 2593 2266; x_wconf 88' lang='grc'><strong>31).</strong></span> <span class='ocrx_word' id='word_1_637' title='bbox 2631 2199 2870 2266; x_wconf 89' lang='lat' dir='ltr'><strong>Quoties</strong></span> <span class='ocrx_word' id='word_1_638' title='bbox 2900 2203 3036 2271; x_wconf 89' lang='lat' dir='ltr'><strong>post</strong></span> <span class='ocrx_word' id='word_1_639' title='bbox 3063 2190 3304 2270; x_wconf 81' lang='lat' dir='ltr'><strong>culpam</strong></span> <span class='ocrx_word' id='word_1_640' title='bbox 3345 2196 3596 2252; x_wconf 90' lang='lat' dir='ltr'><strong>eleemo-</strong></span> 
     </span>
    </p>
   </div>
   <div class='ocr_carea' id='block_1_87' title="bbox 1941 2285 3594 2365">
    <p class='ocr_par' dir='ltr' id='par_1_87' title="bbox 1941 2285 3594 2365">
     <span class='ocr_line' id='line_1_87' title="bbox 1941 2285 3594 2365; baseline -0.006 -16"><span class='ocrx_word' id='word_1_641' title='bbox 1941 2309 2159 2365; x_wconf 85' lang='lat' dir='ltr'><strong>synam</strong></span> <span class='ocrx_word' id='word_1_642' title='bbox 2190 2290 2528 2356; x_wconf 83' lang='lat' dir='ltr'><strong>tribuimus,</strong></span> <span class='ocrx_word' id='word_1_643' title='bbox 2550 2288 2725 2361; x_wconf 87' lang='lat' dir='ltr'><strong>quasi</strong></span> <span class='ocrx_word' id='word_1_644' title='bbox 2754 2304 2863 2361; x_wconf 91' lang='lat' dir='ltr'><strong>pro</strong></span> <span class='ocrx_word' id='word_1_645' title='bbox 2891 2287 3105 2343; x_wconf 91' lang='lat' dir='ltr'><strong>eadem</strong></span> <span class='ocrx_word' id='word_1_646' title='bbox 3135 2285 3313 2358; x_wconf 92' lang='lat' dir='ltr'><strong>culpa</strong></span> <span class='ocrx_word' id='word_1_647' title='bbox 3337 2285 3594 2358; x_wconf 88' lang='lat' dir='ltr'><strong>pretium</strong></span> 
     </span>
    </p>
   </div>
   <div class='ocr_carea' id='block_1_88' title="bbox 1938 2375 3591 2450">
    <p class='ocr_par' dir='ltr' id='par_1_88' title="bbox 1938 2375 3591 2450">
     <span class='ocr_line' id='line_1_88' title="bbox 1938 2375 3591 2450; baseline -0.006 -13"><span class='ocrx_word' id='word_1_648' title='bbox 1938 2382 2178 2441; x_wconf 87' lang='lat' dir='ltr'><strong>damus,</strong></span> <span class='ocrx_word' id='word_1_649' title='bbox 2206 2380 2376 2450; x_wconf 85' lang='lat' dir='ltr'><strong>juxta</strong></span> <span class='ocrx_word' id='word_1_650' title='bbox 2406 2377 2551 2432; x_wconf 91' lang='lat' dir='ltr'><strong>illud</strong></span> <span class='ocrx_word' id='word_1_651' title='bbox 2576 2395 2589 2433; x_wconf 91' lang='lat'><strong>:</strong></span> <span class='ocrx_word' id='word_1_652' title='bbox 2631 2377 2798 2432; x_wconf 88' lang='lat' dir='ltr'><strong>Sicut</strong></span> <span class='ocrx_word' id='word_1_653' title='bbox 2829 2391 2988 2448; x_wconf 87' lang='lat' dir='ltr'><strong>aqua</strong></span> <span class='ocrx_word' id='word_1_654' title='bbox 3017 2375 3344 2444; x_wconf 75' lang='lat' dir='ltr'><strong>exstinguit</strong></span> <span class='ocrx_word' id='word_1_655' title='bbox 3373 2375 3591 2444; x_wconf 84' lang='lat' dir='ltr'><strong>ignem,</strong></span> 
     </span>
    </p>
   </div>
   <div class='ocr_carea' id='block_1_89' title="bbox 1937 2463 3593 2538">
    <p class='ocr_par' dir='ltr' id='par_1_89' title="bbox 1937 2463 3593 2538">
     <span class='ocr_line' id='line_1_89' title="bbox 1937 2463 3593 2538; baseline -0.007 -11"><span class='ocrx_word' id='word_1_656' title='bbox 1937 2473 2024 2528; x_wconf 89' lang='lat' dir='ltr'><strong>ita</strong></span> <span class='ocrx_word' id='word_1_657' title='bbox 2080 2471 2447 2536; x_wconf 86' lang='lat' dir='ltr'><strong>eleemosyna</strong></span> <span class='ocrx_word' id='word_1_658' title='bbox 2495 2467 2823 2536; x_wconf 69' lang='lat' dir='ltr'><strong>exstinguit</strong></span> <span class='ocrx_word' id='word_1_659' title='bbox 2867 2470 3180 2534; x_wconf 88' lang='lat' dir='ltr'><strong>peccatum</strong></span> <span class='ocrx_word' id='word_1_660' title='bbox 3237 2463 3448 2538; x_wconf 82' lang='lat' dir='ltr'><strong>(Eccli.</strong></span> <span class='ocrx_word' id='word_1_661' title='bbox 3508 2477 3593 2532; x_wconf 80' lang='lat' dir='ltr'><strong>in,</strong></span> 
     </span>
    </p>
   </div>
   <div class='ocr_carea' id='block_1_90' title="bbox 1939 2553 3591 2630">
    <p class='ocr_par' dir='ltr' id='par_1_90' title="bbox 1939 2553 3591 2630">
     <span class='ocr_line' id='line_1_90' title="bbox 1939 2553 3591 2630; baseline -0.007 -14"><span class='ocrx_word' id='word_1_662' title='bbox 1939 2563 2048 2630; x_wconf 89' lang='lat'><strong>33).</strong></span> <span class='ocrx_word' id='word_1_663' title='bbox 2098 2557 2263 2614; x_wconf 89' lang='lat' dir='ltr'><strong>Unde</strong></span> <span class='ocrx_word' id='word_1_664' title='bbox 2320 2556 2522 2612; x_wconf 90' lang='lat' dir='ltr'><strong>Daniel</strong></span> <span class='ocrx_word' id='word_1_665' title='bbox 2561 2555 2640 2610; x_wconf 87' lang='lat' dir='ltr'><strong>ad</strong></span> <span class='ocrx_word' id='word_1_666' title='bbox 2692 2554 3278 2610; x_wconf 82' lang='lat' dir='ltr'><strong>Nabuchodonosor:</strong></span> <span class='ocrx_word' id='word_1_667' title='bbox 3311 2553 3591 2617; x_wconf 90' lang='lat' dir='ltr'><strong>Peccata,</strong></span> 
     </span>
    </p>
   </div>
   <div class='ocr_carea' id='block_1_91' title="bbox 1939 2640 3597 2720">
    <p class='ocr_par' dir='ltr' id='par_1_91' title="bbox 1939 2640 3597 2720">
     <span class='ocr_line' id='line_1_91' title="bbox 1939 2640 3597 2720; baseline -0.007 -16"><span class='ocrx_word' id='word_1_668' title='bbox 1939 2647 2148 2720; x_wconf 88' lang='lat' dir='ltr'><strong>inquit,</strong></span> <span class='ocrx_word' id='word_1_669' title='bbox 2184 2652 2287 2701; x_wconf 86' lang='lat' dir='ltr'><strong>tua</strong></span> <span class='ocrx_word' id='word_1_670' title='bbox 2336 2645 2718 2714; x_wconf 85' lang='lat' dir='ltr'><strong>eleemosynis</strong></span> <span class='ocrx_word' id='word_1_671' title='bbox 2767 2643 2986 2699; x_wconf 89' lang='lat' dir='ltr'><strong>redime</strong></span> <span class='ocrx_word' id='word_1_672' title='bbox 3035 2643 3209 2713; x_wconf 86' lang='lat' dir='ltr'><strong>(Dan.</strong></span> <span class='ocrx_word' id='word_1_673' title='bbox 3263 2657 3346 2707; x_wconf 83' lang='lat' dir='ltr'><strong>iv,</strong></span> <span class='ocrx_word' id='word_1_674' title='bbox 3389 2640 3498 2710; x_wconf 66' lang='lat' dir='ltr'><strong>2i).</strong></span> <span class='ocrx_word' id='word_1_675' title='bbox 3532 2640 3597 2694; x_wconf 89' lang='lat' dir='ltr'><strong>Et</strong></span> 
     </span>
    </p>
   </div>
   <div class='ocr_carea' id='block_1_92' title="bbox 1941 2726 3596 2805">
    <p class='ocr_par' dir='ltr' id='par_1_92' title="bbox 1941 2726 3596 2805">
     <span class='ocr_line' id='line_1_92' title="bbox 1941 2726 3596 2805; baseline -0.006 -13"><span class='ocrx_word' id='word_1_676' title='bbox 1941 2738 2202 2792; x_wconf 90' lang='lat' dir='ltr'><strong>domnus</strong></span> <span class='ocrx_word' id='word_1_677' title='bbox 2232 2733 2510 2790; x_wconf 84' lang='lat' dir='ltr'><strong>Martinus</strong></span> <span class='ocrx_word' id='word_1_678' title='bbox 2533 2732 2805 2805; x_wconf 88' lang='lat' dir='ltr'><strong>perhibet</strong></span> <span class='ocrx_word' id='word_1_679' title='bbox 2823 2731 3073 2804; x_wconf 90' lang='lat' dir='ltr'><strong>antiqua</strong></span> <span class='ocrx_word' id='word_1_680' title='bbox 3098 2730 3314 2786; x_wconf 90' lang='lat' dir='ltr'><strong>delicta</strong></span> <span class='ocrx_word' id='word_1_681' title='bbox 3334 2726 3596 2784; x_wconf 89' lang='lat' dir='ltr'><strong>melioris</strong></span> 
     </span>
    </p>
   </div>
   <div class='ocr_carea' id='block_1_93' title="bbox 1940 2817 3596 2893">
    <p class='ocr_par' dir='ltr' id='par_1_93' title="bbox 1940 2817 3596 2893">
     <span class='ocr_line' id='line_1_93' title="bbox 1940 2817 3596 2893; baseline -0.005 -13"><span class='ocrx_word' id='word_1_682' title='bbox 1940 2826 2073 2880; x_wconf 71' lang='lat' dir='ltr'><strong>vitae</strong></span> <span class='ocrx_word' id='word_1_683' title='bbox 2103 2822 2555 2879; x_wconf 85' lang='lat' dir='ltr'><strong>conversatione</strong></span> <span class='ocrx_word' id='word_1_684' title='bbox 2590 2821 2852 2893; x_wconf 90' lang='lat' dir='ltr'><strong>purgari.</strong></span> <span class='ocrx_word' id='word_1_685' title='bbox 2886 2819 3000 2877; x_wconf 92' lang='lat' dir='ltr'><strong>Sed</strong></span> <span class='ocrx_word' id='word_1_686' title='bbox 3027 2819 3176 2875; x_wconf 90' lang='lat' dir='ltr'><strong>sicut</strong></span> <span class='ocrx_word' id='word_1_687' title='bbox 3206 2819 3266 2874; x_wconf 90' lang='lat' dir='ltr'><strong>in</strong></span> <span class='ocrx_word' id='word_1_688' title='bbox 3294 2817 3447 2873; x_wconf 91' lang='lat' dir='ltr'><strong>libro</strong></span> <span class='ocrx_word' id='word_1_689' title='bbox 3476 2832 3596 2872; x_wconf 85' lang='lat' dir='ltr'><strong>xxu</strong></span> 
     </span>
    </p>
   </div>
   <div class='ocr_carea' id='block_1_94' title="bbox 1941 2905 3595 2983">
    <p class='ocr_par' dir='ltr' id='par_1_94' title="bbox 1941 2905 3595 2983">
     <span class='ocr_line' id='line_1_94' title="bbox 1941 2905 3595 2983; baseline -0.007 -11"><span class='ocrx_word' id='word_1_690' title='bbox 1941 2913 2246 2972; x_wconf 84' lang='lat' dir='ltr'><strong>Moralium</strong></span> <span class='ocrx_word' id='word_1_691' title='bbox 2272 2911 2641 2983; x_wconf 85' lang='lat' dir='ltr'><strong>disputatur:</strong></span> <span class='ocrx_word' id='word_1_692' title='bbox 2673 2909 2775 2982; x_wconf 91' lang='lat' dir='ltr'><strong>qui</strong></span> <span class='ocrx_word' id='word_1_693' title='bbox 2798 2910 2877 2966; x_wconf 90' lang='lat' dir='ltr'><strong>ita</strong></span> <span class='ocrx_word' id='word_1_694' title='bbox 2901 2909 3348 2981; x_wconf 87' lang='lat' dir='ltr'><strong>eleemosynam</strong></span> <span class='ocrx_word' id='word_1_695' title='bbox 3371 2905 3595 2977; x_wconf 90' lang='lat' dir='ltr'><strong>tribuit,</strong></span> 
     </span>
    </p>
   </div>
   <div class='ocr_carea' id='block_1_95' title="bbox 1942 2993 3596 3074">
    <p class='ocr_par' dir='ltr' id='par_1_95' title="bbox 1942 2993 3596 3074">
     <span class='ocr_line' id='line_1_95' title="bbox 1942 2993 3596 3074; baseline -0.007 -15"><span class='ocrx_word' id='word_1_696' title='bbox 1942 3007 2006 3059; x_wconf 91' lang='lat' dir='ltr'><strong>ut</strong></span> <span class='ocrx_word' id='word_1_697' title='bbox 2057 3001 2297 3074; x_wconf 91' lang='lat' dir='ltr'><strong>culpam</strong></span> <span class='ocrx_word' id='word_1_698' title='bbox 2353 3015 2475 3054; x_wconf 94' lang='lat' dir='ltr'><strong>non</strong></span> <span class='ocrx_word' id='word_1_699' title='bbox 2525 2997 2803 3062; x_wconf 90' lang='lat' dir='ltr'><strong>dimittat,</strong></span> <span class='ocrx_word' id='word_1_700' title='bbox 2854 2997 3122 3054; x_wconf 91' lang='lat' dir='ltr'><strong>animam</strong></span> <span class='ocrx_word' id='word_1_701' title='bbox 3166 3012 3290 3052; x_wconf 90' lang='lat' dir='ltr'><strong>non</strong></span> <span class='ocrx_word' id='word_1_702' title='bbox 3337 2993 3596 3063; x_wconf 90' lang='lat' dir='ltr'><strong>redimit,</strong></span> 
     </span>
    </p>
   </div>
   <div class='ocr_carea' id='block_1_96' title="bbox 1942 3087 2884 3166">
    <p class='ocr_par' dir='ltr' id='par_1_96' title="bbox 1942 3087 2884 3166">
     <span class='ocr_line' id='line_1_96' title="bbox 1942 3087 2884 3166; baseline -0.004 -18"><span class='ocrx_word' id='word_1_703' title='bbox 1942 3108 2128 3166; x_wconf 89' lang='lat' dir='ltr'><strong>quam</strong></span> <span class='ocrx_word' id='word_1_704' title='bbox 2158 3107 2193 3146; x_wconf 90' lang='lat' dir='ltr'><strong>a</strong></span> <span class='ocrx_word' id='word_1_705' title='bbox 2210 3090 2364 3145; x_wconf 87' lang='lat' dir='ltr'><strong>vitiis</strong></span> <span class='ocrx_word' id='word_1_706' title='bbox 2387 3104 2509 3144; x_wconf 92' lang='lat' dir='ltr'><strong>non</strong></span> <span class='ocrx_word' id='word_1_707' title='bbox 2538 3087 2884 3160; x_wconf 90' lang='lat' dir='ltr'><strong>compescit.</strong></span> 
     </span>
    </p>
   </div>
   <div class='ocr_carea' id='block_1_97' title="bbox 2013 3171 3597 3248">
    <p class='ocr_par' dir='ltr' id='par_1_97' title="bbox 2013 3171 3597 3248">
     <span class='ocr_line' id='line_1_97' title="bbox 2013 3171 3597 3248; baseline -0.008 -10"><span class='ocrx_word' id='word_1_708' title='bbox 2013 3184 2189 3238; x_wconf 76' lang='lat' dir='ltr'><strong>XXVI.</strong></span> <span class='ocrx_word' id='word_1_709' title='bbox 2241 3180 2363 3235; x_wconf 87' lang='lat' dir='ltr'><strong>Hoc</strong></span> <span class='ocrx_word' id='word_1_710' title='bbox 2420 3178 2514 3234; x_wconf 91' lang='lat' dir='ltr'><strong>ille</strong></span> <span class='ocrx_word' id='word_1_711' title='bbox 2557 3178 2805 3234; x_wconf 88' lang='lat' dir='ltr'><strong>eremita</strong></span> <span class='ocrx_word' id='word_1_712' title='bbox 2848 3193 2957 3233; x_wconf 93' lang='lat' dir='ltr'><strong>suo</strong></span> <span class='ocrx_word' id='word_1_713' title='bbox 3005 3177 3159 3232; x_wconf 88' lang='lat' dir='ltr'><strong>facto</strong></span> <span class='ocrx_word' id='word_1_714' title='bbox 3207 3173 3442 3248; x_wconf 90' lang='lat' dir='ltr'><strong>probat,</strong></span> <span class='ocrx_word' id='word_1_715' title='bbox 3491 3171 3597 3244; x_wconf 89' lang='lat' dir='ltr'><strong>qui</strong></span> 
     </span>
    </p>
   </div>
   <div class='ocr_carea' id='block_1_98' title="bbox 1941 3259 3599 3338">
    <p class='ocr_par' dir='ltr' id='par_1_98' title="bbox 1941 3259 3599 3338">
     <span class='ocr_line' id='line_1_98' title="bbox 1941 3259 3599 3338; baseline -0.007 -11"><span class='ocrx_word' id='word_1_716' title='bbox 1941 3287 2080 3328; x_wconf 88' lang='lat' dir='ltr'><strong>cum</strong></span> <span class='ocrx_word' id='word_1_717' title='bbox 2109 3268 2312 3325; x_wconf 92' lang='lat' dir='ltr'><strong>multis</strong></span> <span class='ocrx_word' id='word_1_718' title='bbox 2342 3267 2659 3323; x_wconf 90' lang='lat' dir='ltr'><strong>virtutibus</strong></span> <span class='ocrx_word' id='word_1_719' title='bbox 2689 3282 2829 3321; x_wconf 92' lang='lat' dir='ltr'><strong>cum</strong></span> <span class='ocrx_word' id='word_1_720' title='bbox 2849 3263 3184 3338; x_wconf 89' lang='lat' dir='ltr'><strong>quomdam</strong></span> <span class='ocrx_word' id='word_1_721' title='bbox 3206 3262 3328 3318; x_wconf 83' lang='lat' dir='ltr'><strong>tilio</strong></span> <span class='ocrx_word' id='word_1_722' title='bbox 3348 3277 3457 3316; x_wconf 92' lang='lat' dir='ltr'><strong>suo</strong></span> <span class='ocrx_word' id='word_1_723' title='bbox 3483 3259 3599 3316; x_wconf 92' lang='lat' dir='ltr'><strong>col-</strong></span> 
     </span>
    </p>
   </div>
   <div class='ocr_carea' id='block_1_99' title="bbox 1940 3350 3596 3429">
    <p class='ocr_par' dir='ltr' id='par_1_99' title="bbox 1940 3350 3596 3429">
     <span class='ocr_line' id='line_1_99' title="bbox 1940 3350 3596 3429; baseline -0.008 -13"><span class='ocrx_word' id='word_1_724' title='bbox 1940 3360 2074 3429; x_wconf 85' lang='lat' dir='ltr'><strong>lega</strong></span> <span class='ocrx_word' id='word_1_725' title='bbox 2103 3357 2476 3423; x_wconf 90' lang='lat' dir='ltr'><strong>deseruisset,</strong></span> <span class='ocrx_word' id='word_1_726' title='bbox 2511 3357 2638 3411; x_wconf 67' lang='lat' dir='ltr'><strong>haec</strong></span> <span class='ocrx_word' id='word_1_727' title='bbox 2667 3354 2749 3410; x_wconf 94' lang='lat' dir='ltr'><strong>illi</strong></span> <span class='ocrx_word' id='word_1_728' title='bbox 2776 3370 2884 3427; x_wconf 90' lang='lat' dir='ltr'><strong>per</strong></span> <span class='ocrx_word' id='word_1_729' title='bbox 2911 3351 3221 3408; x_wconf 85' lang='lat' dir='ltr'><strong>diabolum</strong></span> <span class='ocrx_word' id='word_1_730' title='bbox 3255 3350 3470 3420; x_wconf 90' lang='lat' dir='ltr'><strong>injecta</strong></span> <span class='ocrx_word' id='word_1_731' title='bbox 3495 3364 3596 3403; x_wconf 91' lang='lat' dir='ltr'><strong>co-</strong></span> 
     </span>
    </p>
   </div>
   <div class='ocr_carea' id='block_1_100' title="bbox 1942 3438 3596 3519">
    <p class='ocr_par' dir='ltr' id='par_1_100' title="bbox 1942 3438 3596 3519">
     <span class='ocr_line' id='line_1_100' title="bbox 1942 3438 3596 3519; baseline -0.008 -14"><span class='ocrx_word' id='word_1_732' title='bbox 1942 3448 2146 3519; x_wconf 89' lang='lat' dir='ltr'><strong>gitatio</strong></span> <span class='ocrx_word' id='word_1_733' title='bbox 2177 3451 2286 3515; x_wconf 88' lang='lat' dir='ltr'><strong>est,</strong></span> <span class='ocrx_word' id='word_1_734' title='bbox 2333 3451 2398 3501; x_wconf 94' lang='lat' dir='ltr'><strong>ut</strong></span> <span class='ocrx_word' id='word_1_735' title='bbox 2424 3445 2914 3518; x_wconf 88' lang='lat' dir='ltr'><strong>quandocunque</strong></span> <span class='ocrx_word' id='word_1_736' title='bbox 2956 3440 3202 3498; x_wconf 91' lang='lat' dir='ltr'><strong>libidine</strong></span> <span class='ocrx_word' id='word_1_737' title='bbox 3246 3438 3596 3504; x_wconf 88' lang='lat' dir='ltr'><strong>titillaretur,</strong></span> 
     </span>
    </p>
   </div>
   <div class='ocr_carea' id='block_1_101' title="bbox 1943 3523 3598 3604">
    <p class='ocr_par' dir='ltr' id='par_1_101' title="bbox 1943 3523 3598 3604">
     <span class='ocr_line' id='line_1_101' title="bbox 1943 3523 3598 3604; baseline -0.008 -12"><span class='ocrx_word' id='word_1_738' title='bbox 1943 3537 2029 3593; x_wconf 91' lang='lat' dir='ltr'><strong>sic</strong></span> <span class='ocrx_word' id='word_1_739' title='bbox 2056 3550 2260 3592; x_wconf 89' lang='lat' dir='ltr'><strong>semen</strong></span> <span class='ocrx_word' id='word_1_740' title='bbox 2291 3533 2366 3590; x_wconf 90' lang='lat' dir='ltr'><strong>de</strong></span> <span class='ocrx_word' id='word_1_741' title='bbox 2396 3534 2530 3589; x_wconf 89' lang='lat' dir='ltr'><strong>tritu</strong></span> <span class='ocrx_word' id='word_1_742' title='bbox 2568 3532 2838 3604; x_wconf 90' lang='lat' dir='ltr'><strong>genitalis</strong></span> <span class='ocrx_word' id='word_1_743' title='bbox 2869 3529 3122 3587; x_wconf 91' lang='lat' dir='ltr'><strong>membri</strong></span> <span class='ocrx_word' id='word_1_744' title='bbox 3155 3541 3390 3597; x_wconf 89' lang='lat' dir='ltr'><strong>egerere</strong></span> <span class='ocrx_word' id='word_1_745' title='bbox 3420 3523 3598 3581; x_wconf 86' lang='lat' dir='ltr'><strong>debe-</strong></span> 
     </span>
    </p>
   </div>
   <div class='ocr_carea' id='block_1_102' title="bbox 1940 3611 3597 3697">
    <p class='ocr_par' dir='ltr' id='par_1_102' title="bbox 1940 3611 3597 3697">
     <span class='ocr_line' id='line_1_102' title="bbox 1940 3611 3597 3697; baseline -0.008 -16"><span class='ocrx_word' id='word_1_746' title='bbox 1940 3631 2046 3694; x_wconf 91' lang='lat' dir='ltr'><strong>ret,</strong></span> <span class='ocrx_word' id='word_1_747' title='bbox 2079 3630 2372 3697; x_wconf 89' lang='lat' dir='ltr'><strong>tanquam</strong></span> <span class='ocrx_word' id='word_1_748' title='bbox 2402 3622 2623 3690; x_wconf 90' lang='lat' dir='ltr'><strong>tlegma</strong></span> <span class='ocrx_word' id='word_1_749' title='bbox 2652 3621 2727 3676; x_wconf 92' lang='lat' dir='ltr'><strong>de</strong></span> <span class='ocrx_word' id='word_1_750' title='bbox 2753 3621 3002 3676; x_wconf 90' lang='lat' dir='ltr'><strong>naribus</strong></span> <span class='ocrx_word' id='word_1_751' title='bbox 3033 3617 3364 3692; x_wconf 91' lang='lat' dir='ltr'><strong>projiceret.</strong></span> <span class='ocrx_word' id='word_1_752' title='bbox 3389 3612 3497 3678; x_wconf 88' lang='lat' dir='ltr'><strong>Qui</strong></span> <span class='ocrx_word' id='word_1_753' title='bbox 3517 3611 3597 3667; x_wconf 92' lang='lat' dir='ltr'><strong>ob</strong></span> 
     </span>
    </p>
   </div>
   <div class='ocr_carea' id='block_1_103' title="bbox 1941 3701 3599 3770">
    <p class='ocr_par' dir='ltr' id='par_1_103' title="bbox 1941 3701 3599 3770">
     <span class='ocr_line' id='line_1_103' title="bbox 1941 3701 3599 3770; baseline -0.008 0"><span class='ocrx_word' id='word_1_754' title='bbox 1941 3715 2003 3770; x_wconf 94' lang='lat' dir='ltr'><strong>id</strong></span> <span class='ocrx_word' id='word_1_755' title='bbox 2032 3719 2088 3770; x_wconf 92' lang='lat' dir='ltr'><strong>et</strong></span> <span class='ocrx_word' id='word_1_756' title='bbox 2118 3712 2500 3768; x_wconf 83' lang='lat' dir='ltr'><strong>daemonibus</strong></span> <span class='ocrx_word' id='word_1_757' title='bbox 2547 3710 2808 3765; x_wconf 91' lang='lat' dir='ltr'><strong>moriens</strong></span> <span class='ocrx_word' id='word_1_758' title='bbox 2861 3709 3094 3764; x_wconf 89' lang='lat' dir='ltr'><strong>vidente</strong></span> <span class='ocrx_word' id='word_1_759' title='bbox 3146 3705 3307 3762; x_wconf 92' lang='lat' dir='ltr'><strong>socio</strong></span> <span class='ocrx_word' id='word_1_760' title='bbox 3348 3701 3599 3760; x_wconf 88' lang='lat' dir='ltr'><strong>traditus</strong></span> 
     </span>
    </p>
   </div>
   <div class='ocr_carea' id='block_1_104' title="bbox 1941 3791 3600 3874">
    <p class='ocr_par' dir='ltr' id='par_1_104' title="bbox 1941 3791 3600 3874">
     <span class='ocr_line' id='line_1_104' title="bbox 1941 3791 3600 3874; baseline -0.008 -16"><span class='ocrx_word' id='word_1_761' title='bbox 1941 3809 2047 3863; x_wconf 90' lang='lat' dir='ltr'><strong>est.</strong></span> <span class='ocrx_word' id='word_1_762' title='bbox 2093 3819 2232 3857; x_wconf 91' lang='lat' dir='ltr'><strong>cum</strong></span> <span class='ocrx_word' id='word_1_763' title='bbox 2262 3800 2509 3874; x_wconf 90' lang='lat' dir='ltr'><strong>quidem</strong></span> <span class='ocrx_word' id='word_1_764' title='bbox 2554 3799 2746 3854; x_wconf 88' lang='lat' dir='ltr'><strong>isdem</strong></span> <span class='ocrx_word' id='word_1_765' title='bbox 2778 3798 2975 3853; x_wconf 89' lang='lat' dir='ltr'><strong>socius</strong></span> <span class='ocrx_word' id='word_1_766' title='bbox 3012 3800 3246 3851; x_wconf 91' lang='lat' dir='ltr'><strong>reatum</strong></span> <span class='ocrx_word' id='word_1_767' title='bbox 3275 3794 3403 3864; x_wconf 91' lang='lat' dir='ltr'><strong>ejus</strong></span> <span class='ocrx_word' id='word_1_768' title='bbox 3432 3791 3600 3860; x_wconf 87' lang='lat' dir='ltr'><strong>igno-</strong></span> 
     </span>
    </p>
   </div>
   <div class='ocr_carea' id='block_1_105' title="bbox 1943 3879 3599 3960">
    <p class='ocr_par' dir='ltr' id='par_1_105' title="bbox 1943 3879 3599 3960">
     <span class='ocr_line' id='line_1_105' title="bbox 1943 3879 3599 3960; baseline -0.008 -14"><span class='ocrx_word' id='word_1_769' title='bbox 1943 3907 2105 3960; x_wconf 87' lang='lat' dir='ltr'><strong>rans,</strong></span> <span class='ocrx_word' id='word_1_770' title='bbox 2132 3889 2237 3944; x_wconf 91' lang='lat' dir='ltr'><strong>sed</strong></span> <span class='ocrx_word' id='word_1_771' title='bbox 2269 3886 2547 3942; x_wconf 89' lang='lat' dir='ltr'><strong>exercitia</strong></span> <span class='ocrx_word' id='word_1_772' title='bbox 2576 3886 2862 3941; x_wconf 89' lang='lat' dir='ltr'><strong>virtutum</strong></span> <span class='ocrx_word' id='word_1_773' title='bbox 2893 3883 3181 3949; x_wconf 91' lang='lat' dir='ltr'><strong>recolens,</strong></span> <span class='ocrx_word' id='word_1_774' title='bbox 3208 3897 3360 3954; x_wconf 90' lang='lat' dir='ltr'><strong>pene</strong></span> <span class='ocrx_word' id='word_1_775' title='bbox 3392 3879 3599 3951; x_wconf 85' lang='lat' dir='ltr'><strong>despe-</strong></span> 
     </span>
    </p>
   </div>
   <div class='ocr_carea' id='block_1_106' title="bbox 1941 3962 3600 4045">
    <p class='ocr_par' dir='ltr' id='par_1_106' title="bbox 1941 3962 3600 4045">
     <span class='ocr_line' id='line_1_106' title="bbox 1941 3962 3600 4045; baseline -0.011 -11"><span class='ocrx_word' id='word_1_776' title='bbox 1941 3977 2095 4034; x_wconf 87' lang='lat' dir='ltr'><strong>ravit</strong></span> <span class='ocrx_word' id='word_1_777' title='bbox 2120 3976 2362 4032; x_wconf 91' lang='lat' dir='ltr'><strong>dicens:</strong></span> <span class='ocrx_word' id='word_1_778' title='bbox 2414 3975 2457 4030; x_wconf 91' lang='grc' dir='ltr'>Ο</span> <span class='ocrx_word' id='word_1_779' title='bbox 2488 3973 2624 4045; x_wconf 87' lang='lat' dir='ltr'><strong>quis</strong></span> <span class='ocrx_word' id='word_1_780' title='bbox 2668 3971 2882 4045; x_wconf 90' lang='lat' dir='ltr'><strong>poterit</strong></span> <span class='ocrx_word' id='word_1_781' title='bbox 2927 3969 3128 4025; x_wconf 91' lang='lat' dir='ltr'><strong>salvus</strong></span> <span class='ocrx_word' id='word_1_782' title='bbox 3176 3983 3323 4032; x_wconf 90' lang='lat' dir='ltr'><strong>esse,</strong></span> <span class='ocrx_word' id='word_1_783' title='bbox 3353 3962 3600 4036; x_wconf 89' lang='lat' dir='ltr'><strong>quando</strong></span> 
     </span>
    </p>
   </div>
   <div class='ocr_carea' id='block_1_107' title="bbox 1941 4054 3603 4138">
    <p class='ocr_par' dir='ltr' id='par_1_107' title="bbox 1941 4054 3603 4138">
     <span class='ocr_line' id='line_1_107' title="bbox 1941 4054 3603 4138; baseline -0.01 -16"><span class='ocrx_word' id='word_1_784' title='bbox 1941 4067 2049 4122; x_wconf 91' lang='lat' dir='ltr'><strong>iste</strong></span> <span class='ocrx_word' id='word_1_785' title='bbox 2075 4063 2280 4138; x_wconf 90' lang='lat' dir='ltr'><strong>periit!</strong></span> <span class='ocrx_word' id='word_1_786' title='bbox 2314 4062 2416 4117; x_wconf 92' lang='lat' dir='ltr'><strong>Cui</strong></span> <span class='ocrx_word' id='word_1_787' title='bbox 2449 4077 2593 4116; x_wconf 85' lang='lat' dir='ltr'><strong>mox</strong></span> <span class='ocrx_word' id='word_1_788' title='bbox 2624 4059 2876 4129; x_wconf 91' lang='lat' dir='ltr'><strong>angelus</strong></span> <span class='ocrx_word' id='word_1_789' title='bbox 2921 4062 3124 4114; x_wconf 88' lang='lat' dir='ltr'><strong>astans</strong></span> <span class='ocrx_word' id='word_1_790' title='bbox 3161 4054 3339 4110; x_wconf 85' lang='lat' dir='ltr'><strong>dixit:</strong></span> <span class='ocrx_word' id='word_1_791' title='bbox 3380 4056 3457 4108; x_wconf 85' lang='lat' dir='ltr'><strong>Ne</strong></span> <span class='ocrx_word' id='word_1_792' title='bbox 3484 4055 3603 4138; x_wconf 78' lang='lat' dir='ltr'><strong>tur-</strong></span> 
     </span>
    </p>
   </div>
   <div class='ocr_carea' id='block_1_108' title="bbox 1942 4136 3600 4219">
    <p class='ocr_par' dir='ltr' id='par_1_108' title="bbox 1942 4136 3600 4219">
     <span class='ocr_line' id='line_1_108' title="bbox 1942 4136 3600 4219; baseline -0.011 -10"><span class='ocrx_word' id='word_1_793' title='bbox 1942 4136 2119 4219; x_wconf 81' lang='lat' dir='ltr'><strong>beris,</strong></span> <span class='ocrx_word' id='word_1_794' title='bbox 2150 4152 2255 4208; x_wconf 89' lang='lat' dir='ltr'><strong>iste</strong></span> <span class='ocrx_word' id='word_1_795' title='bbox 2294 4150 2454 4206; x_wconf 91' lang='lat' dir='ltr'><strong>enim</strong></span> <span class='ocrx_word' id='word_1_796' title='bbox 2500 4149 2635 4205; x_wconf 93' lang='lat' dir='ltr'><strong>licet</strong></span> <span class='ocrx_word' id='word_1_797' title='bbox 2683 4147 2872 4203; x_wconf 90' lang='lat' dir='ltr'><strong>multa</strong></span> <span class='ocrx_word' id='word_1_798' title='bbox 2921 4145 3138 4211; x_wconf 90' lang='lat' dir='ltr'><strong>fecerit,</strong></span> <span class='ocrx_word' id='word_1_799' title='bbox 3171 4149 3372 4199; x_wconf 91' lang='lat' dir='ltr'><strong>tamen</strong></span> <span class='ocrx_word' id='word_1_800' title='bbox 3401 4154 3509 4212; x_wconf 91' lang='lat' dir='ltr'><strong>per</strong></span> <span class='ocrx_word' id='word_1_801' title='bbox 3538 4136 3600 4192; x_wconf 87' lang='lat' dir='ltr'><strong>il-</strong></span> 
     </span>
    </p>
   </div>
   <div class='ocr_carea' id='block_1_109' title="bbox 1943 4227 3597 4312">
    <p class='ocr_par' dir='ltr' id='par_1_109' title="bbox 1943 4227 3597 4312">
     <span class='ocr_line' id='line_1_109' title="bbox 1943 4227 3597 4312; baseline -0.011 -14"><span class='ocrx_word' id='word_1_802' title='bbox 1943 4242 2048 4298; x_wconf 91' lang='lat' dir='ltr'><strong>lud</strong></span> <span class='ocrx_word' id='word_1_803' title='bbox 2094 4241 2324 4306; x_wconf 90' lang='lat' dir='ltr'><strong>vitium,</strong></span> <span class='ocrx_word' id='word_1_804' title='bbox 2357 4238 2520 4312; x_wconf 89' lang='lat' dir='ltr'><strong>quod</strong></span> <span class='ocrx_word' id='word_1_805' title='bbox 2555 4236 2877 4310; x_wconf 89' lang='lat' dir='ltr'><strong>Apostolus</strong></span> <span class='ocrx_word' id='word_1_806' title='bbox 2924 4239 3100 4290; x_wconf 91' lang='lat' dir='ltr'><strong>vocat</strong></span> <span class='ocrx_word' id='word_1_807' title='bbox 3129 4227 3597 4291; x_wconf 89' lang='lat' dir='ltr'><strong>immunditiam,</strong></span> 
     </span>
    </p>
   </div>
   <div class='ocr_carea' id='block_1_110' title="bbox 1946 4320 3597 4398">
    <p class='ocr_par' dir='ltr' id='par_1_110' title="bbox 1946 4320 3597 4398">
     <span class='ocr_line' id='line_1_110' title="bbox 1946 4320 3597 4398; baseline -0.011 -11"><span class='ocrx_word' id='word_1_808' title='bbox 1946 4335 2160 4387; x_wconf 90' lang='lat' dir='ltr'><strong>cuncta</strong></span> <span class='ocrx_word' id='word_1_809' title='bbox 2191 4328 2449 4384; x_wconf 62' lang='lat' dir='ltr'><strong>foedavit.</strong></span> <span class='ocrx_word' id='word_1_810' title='bbox 2492 4327 2571 4382; x_wconf 93' lang='lat' dir='ltr'><strong>De</strong></span> <span class='ocrx_word' id='word_1_811' title='bbox 2603 4341 2724 4398; x_wconf 89' lang='lat' dir='ltr'><strong>quo</strong></span> <span class='ocrx_word' id='word_1_812' title='bbox 2755 4325 2836 4380; x_wconf 92' lang='lat' dir='ltr'><strong>ait</strong></span> <span class='ocrx_word' id='word_1_813' title='bbox 2863 4324 3157 4396; x_wconf 90' lang='lat' dir='ltr'><strong>propheta</strong></span> <span class='ocrx_word' id='word_1_814' title='bbox 3185 4338 3197 4376; x_wconf 94' lang='lat'><strong>:</strong></span> <span class='ocrx_word' id='word_1_815' title='bbox 3230 4320 3448 4374; x_wconf 84' lang='lat' dir='ltr'><strong>Manus</strong></span> <span class='ocrx_word' id='word_1_816' title='bbox 3476 4330 3597 4371; x_wconf 90' lang='lat' dir='ltr'><strong>ves-</strong></span> 
     </span>
    </p>
   </div>
   <div class='ocr_carea' id='block_1_111' title="bbox 1947 4401 3600 4487">
    <p class='ocr_par' dir='ltr' id='par_1_111' title="bbox 1947 4401 3600 4487">
     <span class='ocr_line' id='line_1_111' title="bbox 1947 4401 3600 4487; baseline -0.011 -13"><span class='ocrx_word' id='word_1_817' title='bbox 1947 4426 2056 4474; x_wconf 71' lang='lat' dir='ltr'><strong>trae</strong></span> <span class='ocrx_word' id='word_1_818' title='bbox 2080 4419 2375 4487; x_wconf 86' lang='lat' dir='ltr'><strong>sanguine</strong></span> <span class='ocrx_word' id='word_1_819' title='bbox 2396 4417 2591 4485; x_wconf 74' lang='lat' dir='ltr'><strong>plenae</strong></span> <span class='ocrx_word' id='word_1_820' title='bbox 2618 4419 2756 4469; x_wconf 89' lang='lat' dir='ltr'><strong>sunt</strong></span> <span class='ocrx_word' id='word_1_821' title='bbox 2787 4412 2927 4483; x_wconf 88' lang='lat' dir='ltr'><strong>(Isa.</strong></span> <span class='ocrx_word' id='word_1_822' title='bbox 2951 4427 2989 4479; x_wconf 87' lang='grc' dir='ltr'><strong>ι,</strong></span> <span class='ocrx_word' id='word_1_823' title='bbox 3012 4415 3098 4474; x_wconf 87' lang='grc'><strong>15)</strong></span> <span class='ocrx_word' id='word_1_824' title='bbox 3133 4408 3188 4465; x_wconf 94' lang='lat' dir='ltr'><strong>Si</strong></span> <span class='ocrx_word' id='word_1_825' title='bbox 3213 4406 3456 4480; x_wconf 54' lang='lat' dir='ltr'><strong>quider.</strong></span> <span class='ocrx_word' id='word_1_826' title='bbox 3485 4401 3600 4458; x_wconf 82' lang='lat' dir='ltr'><strong>tale</strong></span> 
     </span>
    </p>
   </div>
   <div class='ocr_carea' id='block_1_112' title="bbox 1945 4491 3602 4579">
    <p class='ocr_par' dir='ltr' id='par_1_112' title="bbox 1945 4491 3602 4579">
     <span class='ocr_line' id='line_1_112' title="bbox 1945 4491 3602 4579; baseline -0.011 -16"><span class='ocrx_word' id='word_1_827' title='bbox 1945 4507 2171 4579; x_wconf 90' lang='lat' dir='ltr'><strong>aliquid</strong></span> <span class='ocrx_word' id='word_1_828' title='bbox 2202 4510 2409 4560; x_wconf 91' lang='lat' dir='ltr'><strong>nostro</strong></span> <span class='ocrx_word' id='word_1_829' title='bbox 2439 4508 2705 4575; x_wconf 90' lang='lat' dir='ltr'><strong>tempore</strong></span> <span class='ocrx_word' id='word_1_830' title='bbox 2745 4499 3008 4570; x_wconf 86' lang='lat' dir='ltr'><strong>contigit,</strong></span> <span class='ocrx_word' id='word_1_831' title='bbox 3032 4497 3196 4568; x_wconf 90' lang='lat' dir='ltr'><strong>quod</strong></span> <span class='ocrx_word' id='word_1_832' title='bbox 3217 4513 3291 4551; x_wconf 88' lang='lat' dir='ltr'><strong>ne</strong></span> <span class='ocrx_word' id='word_1_833' title='bbox 3318 4495 3408 4549; x_wconf 91' lang='lat' dir='ltr'><strong>sui</strong></span> <span class='ocrx_word' id='word_1_834' title='bbox 3440 4491 3602 4548; x_wconf 89' lang='lat' dir='ltr'><strong>novi-</strong></span> 
     </span>
    </p>
   </div>
   <div class='ocr_carea' id='block_1_113' title="bbox 1948 4579 3604 4660">
    <p class='ocr_par' dir='ltr' id='par_1_113' title="bbox 1948 4579 3604 4660">
     <span class='ocr_line' id='line_1_113' title="bbox 1948 4579 3604 4660; baseline -0.011 -7"><span class='ocrx_word' id='word_1_835' title='bbox 1948 4601 2060 4653; x_wconf 85' lang='lat' dir='ltr'><strong>tate</strong></span> <span class='ocrx_word' id='word_1_836' title='bbox 2115 4595 2372 4660; x_wconf 90' lang='lat' dir='ltr'><strong>vilescat,</strong></span> <span class='ocrx_word' id='word_1_837' title='bbox 2419 4591 2927 4649; x_wconf 86' lang='lat' dir='ltr'><strong>considerandum</strong></span> <span class='ocrx_word' id='word_1_838' title='bbox 2974 4593 3082 4658; x_wconf 92' lang='lat' dir='ltr'><strong>est,</strong></span> <span class='ocrx_word' id='word_1_839' title='bbox 3127 4586 3271 4659; x_wconf 89' lang='lat' dir='ltr'><strong>quia</strong></span> <span class='ocrx_word' id='word_1_840' title='bbox 3321 4583 3414 4639; x_wconf 93' lang='lat' dir='ltr'><strong>ille</strong></span> <span class='ocrx_word' id='word_1_841' title='bbox 3463 4579 3604 4636; x_wconf 90' lang='lat' dir='ltr'><strong>facit</strong></span> 
     </span>
    </p>
   </div>
   <div class='ocr_carea' id='block_1_114' title="bbox 1944 4673 3382 4755">
    <p class='ocr_par' dir='ltr' id='par_1_114' title="bbox 1944 4673 3382 4755">
     <span class='ocr_line' id='line_1_114' title="bbox 1944 4673 3382 4755; baseline -0.009 -15"><span class='ocrx_word' id='word_1_842' title='bbox 1944 4685 2276 4742; x_wconf 90' lang='lat' dir='ltr'><strong>novissima</strong></span> <span class='ocrx_word' id='word_1_843' title='bbox 2304 4683 2408 4755; x_wconf 91' lang='lat' dir='ltr'><strong>qui</strong></span> <span class='ocrx_word' id='word_1_844' title='bbox 2437 4682 2575 4738; x_wconf 86' lang='lat' dir='ltr'><strong>facit</strong></span> <span class='ocrx_word' id='word_1_845' title='bbox 2605 4679 2871 4751; x_wconf 91' lang='lat' dir='ltr'><strong>antiqua.</strong></span> <span class='ocrx_word' id='word_1_846' title='bbox 2906 4681 2971 4733; x_wconf 86' lang='lat' dir='ltr'><strong>Et</strong></span> <span class='ocrx_word' id='word_1_847' title='bbox 3000 4681 3177 4750; x_wconf 89' lang='lat' dir='ltr'><strong>poeta</strong></span> <span class='ocrx_word' id='word_1_848' title='bbox 3203 4673 3382 4729; x_wconf 91' lang='lat' dir='ltr'><strong>dicit:</strong></span> 
     </span>
    </p>
   </div>
   <div class='ocr_carea' id='block_1_115' title="bbox 2053 4761 3489 4839">
    <p class='ocr_par' dir='ltr' id='par_1_115' title="bbox 2053 4761 3489 4839">
     <span class='ocr_line' id='line_1_115' title="bbox 2053 4761 3489 4839; baseline -0.01 -11"><span class='ocrx_word' id='word_1_849' title='bbox 2053 4775 2279 4828; x_wconf 85' lang='lat' dir='ltr'><strong>Rursus</strong></span> <span class='ocrx_word' id='word_1_850' title='bbox 2311 4773 2379 4825; x_wconf 89' lang='lat' dir='ltr'><strong>ab</strong></span> <span class='ocrx_word' id='word_1_851' title='bbox 2411 4769 2670 4839; x_wconf 85' lang='lat' dir='ltr'><strong>antiquis</strong></span> <span class='ocrx_word' id='word_1_852' title='bbox 2704 4768 2930 4820; x_wconf 86' lang='lat' dir='ltr'><strong>veniunt</strong></span> <span class='ocrx_word' id='word_1_853' title='bbox 2966 4763 3249 4817; x_wconf 72' lang='lat' dir='ltr'><strong>miracula</strong></span> <span class='ocrx_word' id='word_1_854' title='bbox 3276 4761 3489 4815; x_wconf 82' lang='lat' dir='ltr'><strong>causis.</strong></span> 
     </span>
    </p>
   </div>
   <div class='ocr_carea' id='block_1_116' title="bbox 1948 4848 3599 4933">
    <p class='ocr_par' dir='ltr' id='par_1_116' title="bbox 1948 4848 3599 4933">
     <span class='ocr_line' id='line_1_116' title="bbox 1948 4848 3599 4933; baseline -0.01 -13"><span class='ocrx_word' id='word_1_855' title='bbox 1948 4862 2203 4930; x_wconf 87' lang='lat' dir='ltr'><strong>Quidam</strong></span> <span class='ocrx_word' id='word_1_856' title='bbox 2232 4862 2433 4933; x_wconf 91' lang='lat' dir='ltr'><strong>itaque</strong></span> <span class='ocrx_word' id='word_1_857' title='bbox 2459 4857 2771 4931; x_wconf 88' lang='lat' dir='ltr'><strong>presbyter</strong></span> <span class='ocrx_word' id='word_1_858' title='bbox 2791 4857 2900 4926; x_wconf 88' lang='lat'><strong>(67)</strong></span> <span class='ocrx_word' id='word_1_859' title='bbox 2924 4855 2985 4909; x_wconf 92' lang='lat' dir='ltr'><strong>in</strong></span> <span class='ocrx_word' id='word_1_860' title='bbox 3007 4869 3166 4925; x_wconf 91' lang='lat' dir='ltr'><strong>pago</strong></span> <span class='ocrx_word' id='word_1_861' title='bbox 3196 4848 3599 4916; x_wconf 89' lang='lat' dir='ltr'><strong>Abricantino,</strong></span> 
     </span>
    </p>
   </div>
   <div class='ocr_carea' id='block_1_117' title="bbox 1946 4937 3606 5025">
    <p class='ocr_par' dir='ltr' id='par_1_117' title="bbox 1946 4937 3606 5025">
     <span class='ocr_line' id='line_1_117' title="bbox 1946 4937 3606 5025; baseline -0.01 -16"><span class='ocrx_word' id='word_1_862' title='bbox 1946 4969 2133 5025; x_wconf 92' lang='lat' dir='ltr'><strong>nepos</strong></span> <span class='ocrx_word' id='word_1_863' title='bbox 2158 4950 2401 5007; x_wconf 82' lang='lat' dir='ltr'><strong>Joannis</strong></span> <span class='ocrx_word' id='word_1_864' title='bbox 2431 4945 2733 5021; x_wconf 66' lang='lat' dir='ltr'><strong>prmpositi</strong></span> <span class='ocrx_word' id='word_1_865' title='bbox 2772 4946 2887 5016; x_wconf 87' lang='lat'><strong>(68)</strong></span> <span class='ocrx_word' id='word_1_866' title='bbox 2916 4944 2990 5000; x_wconf 91' lang='lat' dir='ltr'><strong>de</strong></span> <span class='ocrx_word' id='word_1_867' title='bbox 3030 4946 3232 4998; x_wconf 90' lang='lat' dir='ltr'><strong>monte</strong></span> <span class='ocrx_word' id='word_1_868' title='bbox 3279 4939 3466 4996; x_wconf 87' lang='lat' dir='ltr'><strong>sancti</strong></span> <span class='ocrx_word' id='word_1_869' title='bbox 3511 4937 3606 4994; x_wconf 82' lang='lat' dir='ltr'><strong>Mi-</strong></span> 
     </span>
    </p>
   </div>
   <div class='ocr_carea' id='block_1_118' title="bbox 1946 5031 3603 5107">
    <p class='ocr_par' dir='ltr' id='par_1_118' title="bbox 1946 5031 3603 5107">
     <span class='ocr_line' id='line_1_118' title="bbox 1946 5031 3603 5107; baseline -0.008 -10"><span class='ocrx_word' id='word_1_870' title='bbox 1946 5040 2191 5107; x_wconf 90' lang='lat' dir='ltr'><strong>chaelis,</strong></span> <span class='ocrx_word' id='word_1_871' title='bbox 2224 5039 2298 5094; x_wconf 91' lang='lat' dir='ltr'><strong>de</strong></span> <span class='ocrx_word' id='word_1_872' title='bbox 2329 5035 2691 5093; x_wconf 90' lang='lat' dir='ltr'><strong>continentia</strong></span> <span class='ocrx_word' id='word_1_873' title='bbox 2735 5035 3177 5105; x_wconf 88' lang='lat' dir='ltr'><strong>desperaverat.</strong></span> <span class='ocrx_word' id='word_1_874' title='bbox 3213 5031 3311 5086; x_wconf 85' lang='lat' dir='ltr'><strong>llic</strong></span> <span class='ocrx_word' id='word_1_875' title='bbox 3348 5045 3456 5102; x_wconf 91' lang='lat' dir='ltr'><strong>per</strong></span> <span class='ocrx_word' id='word_1_876' title='bbox 3499 5043 3603 5083; x_wconf 86' lang='lat' dir='ltr'><strong>no-</strong></span> 
     </span>
    </p>
   </div>
   <div class='ocr_carea' id='block_1_119' title="bbox 1946 5116 3604 5190">
    <p class='ocr_par' dir='ltr' id='par_1_119' title="bbox 1946 5116 3604 5190">
     <span class='ocr_line' id='line_1_119' title="bbox 1946 5116 3604 5190; baseline -0.009 -4"><span class='ocrx_word' id='word_1_877' title='bbox 1946 5146 2081 5186; x_wconf 91' lang='lat' dir='ltr'><strong>vem</strong></span> <span class='ocrx_word' id='word_1_878' title='bbox 2113 5129 2270 5184; x_wconf 90' lang='lat' dir='ltr'><strong>vices</strong></span> <span class='ocrx_word' id='word_1_879' title='bbox 2297 5127 2554 5182; x_wconf 87' lang='lat' dir='ltr'><strong>Romam</strong></span> <span class='ocrx_word' id='word_1_880' title='bbox 2585 5123 2749 5190; x_wconf 91' lang='lat' dir='ltr'><strong>adiit,</strong></span> <span class='ocrx_word' id='word_1_881' title='bbox 2781 5139 2817 5179; x_wconf 91' lang='lat' dir='ltr'><strong>a</strong></span> <span class='ocrx_word' id='word_1_882' title='bbox 2845 5122 3022 5178; x_wconf 91' lang='lat' dir='ltr'><strong>beato</strong></span> <span class='ocrx_word' id='word_1_883' title='bbox 3052 5120 3272 5177; x_wconf 91' lang='lat' dir='ltr'><strong>scilicet</strong></span> <span class='ocrx_word' id='word_1_884' title='bbox 3296 5122 3462 5174; x_wconf 89' lang='lat' dir='ltr'><strong>Petro</strong></span> <span class='ocrx_word' id='word_1_885' title='bbox 3495 5116 3604 5170; x_wconf 84' lang='lat' dir='ltr'><strong>im-</strong></span> 
     </span>
    </p>
   </div>
   <div class='ocr_carea' id='block_1_120' title="bbox 1947 5204 3602 5293">
    <p class='ocr_par' dir='ltr' id='par_1_120' title="bbox 1947 5204 3602 5293">
     <span class='ocr_line' id='line_1_120' title="bbox 1947 5204 3602 5293; baseline -0.011 -16"><span class='ocrx_word' id='word_1_886' title='bbox 1947 5221 2276 5293; x_wconf 89' lang='lat' dir='ltr'><strong>punitatem</strong></span> <span class='ocrx_word' id='word_1_887' title='bbox 2326 5215 2578 5278; x_wconf 89' lang='lat' dir='ltr'><strong>sceleris,</strong></span> <span class='ocrx_word' id='word_1_888' title='bbox 2608 5213 2784 5287; x_wconf 91' lang='lat' dir='ltr'><strong>quasi</strong></span> <span class='ocrx_word' id='word_1_889' title='bbox 2812 5217 3055 5286; x_wconf 90' lang='lat' dir='ltr'><strong>propter</strong></span> <span class='ocrx_word' id='word_1_890' title='bbox 3086 5211 3458 5282; x_wconf 89' lang='lat' dir='ltr'><strong>frequentem</strong></span> <span class='ocrx_word' id='word_1_891' title='bbox 3487 5204 3602 5260; x_wconf 93' lang='lat' dir='ltr'><strong>loci</strong></span> 
     </span>
    </p>
   </div>
   <div class='ocr_carea' id='block_1_121' title="bbox 1946 5364 3602 5450">
    <p class='ocr_par' dir='ltr' id='par_1_121' title="bbox 1946 5364 3602 5450">
     <span class='ocr_line' id='line_1_121' title="bbox 1946 5364 3602 5450; baseline -0.008 -14"><span class='ocrx_word' id='word_1_892' title='bbox 1946 5382 2131 5436; x_wconf 79' lang='lat' dir='ltr'><strong>maris</strong></span> <span class='ocrx_word' id='word_1_893' title='bbox 2175 5377 2654 5450; x_wconf 81' lang='lat' dir='ltr'><strong>cognominatur,</strong></span> <span class='ocrx_word' id='word_1_894' title='bbox 2696 5367 3471 5450; x_wconf 63' lang='lat' dir='ltr'><strong>estque_pe_regrationilius</strong></span> <span class='ocrx_word' id='word_1_895' title='bbox 3521 5364 3602 5422; x_wconf 88' lang='lat' dir='ltr'><strong>ab</strong></span> 
     </span>
    </p>
   </div>
   <div class='ocr_carea' id='block_1_122' title="bbox 1948 5438 3598 5523">
    <p class='ocr_par' dir='ltr' id='par_1_122' title="bbox 1948 5438 3598 5523">
     <span class='ocr_line' id='line_1_122' title="bbox 1948 5438 3598 5523; baseline -0.01 -16"><span class='ocrx_word' id='word_1_896' title='bbox 1948 5452 2194 5523; x_wconf 86' lang='lat' dir='ltr'><strong>antiquo</strong></span> <span class='ocrx_word' id='word_1_897' title='bbox 2249 5438 2512 5504; x_wconf 76' lang='lat' dir='ltr'><strong>celebris.</strong></span> <span class='ocrx_word' id='word_1_898' title='bbox 2549 5438 2978 5523; x_wconf 48' lang='lat' dir='ltr'><strong>Chroniconus:</strong></span> <span class='ocrx_word' id='word_1_899' title='bbox 3001 5440 3243 5494; x_wconf 87' lang='lat' dir='ltr'><strong>Victoris</strong></span> <span class='ocrx_word' id='word_1_900' title='bbox 3284 5438 3360 5523; x_wconf 65' lang='lat' dir='ltr'><strong>ad</strong></span> <span class='ocrx_word' id='word_1_901' title='bbox 3386 5453 3598 5523; x_wconf 61' lang='lat' dir='ltr'><strong>muros</strong></span> 
     </span>
    </p>
   </div>
   <div class='ocr_carea' id='block_1_123' title="bbox 1948 5508 3600 5592">
    <p class='ocr_par' dir='ltr' id='par_1_123' title="bbox 1948 5508 3600 5592">
     <span class='ocr_line' id='line_1_123' title="bbox 1948 5508 3600 5592; baseline -0.01 -14"><span class='ocrx_word' id='word_1_902' title='bbox 1948 5508 2166 5577; x_wconf 50' lang='lat' dir='ltr'><strong>Paris:</strong></span> <span class='ocrx_word' id='word_1_903' title='bbox 2224 5545 2249 5569; x_wconf 82' lang='grc'><strong>‹‹</strong></span> <span class='ocrx_word' id='word_1_904' title='bbox 2278 5525 2336 5574; x_wconf 89' lang='lat' dir='ltr'><strong>In</strong></span> <span class='ocrx_word' id='word_1_905' title='bbox 2367 5517 2696 5592; x_wconf 76' lang='lat' dir='ltr'><strong>Septembri</strong></span> <span class='ocrx_word' id='word_1_906' title='bbox 2738 5533 2846 5592; x_wconf 75' lang='lat' dir='ltr'><strong>rex</strong></span> <span class='ocrx_word' id='word_1_907' title='bbox 2889 5516 3250 5592; x_wconf 68' lang='lat' dir='ltr'><strong>Francorum</strong></span> <span class='ocrx_word' id='word_1_908' title='bbox 3300 5508 3600 5592; x_wconf 39' lang='lat' dir='ltr'><strong>lfhil&#39;ippus</strong></span> 
     </span>
    </p>
   </div>
   <div class='ocr_carea' id='block_1_124' title="bbox 1948 5581 3604 5665">
    <p class='ocr_par' dir='ltr' id='par_1_124' title="bbox 1948 5581 3604 5665">
     <span class='ocr_line' id='line_1_124' title="bbox 1948 5581 3604 5665; baseline -0.008 -17"><span class='ocrx_word' id='word_1_909' title='bbox 1948 5609 2130 5665; x_wconf 86' lang='lat' dir='ltr'><strong>causa</strong></span> <span class='ocrx_word' id='word_1_910' title='bbox 2159 5581 2648 5665; x_wconf 71' lang='lat' dir='ltr'><strong>peregrinationis</strong></span> <span class='ocrx_word' id='word_1_911' title='bbox 2689 5591 2954 5642; x_wconf 91' lang='lat' dir='ltr'><strong>montem</strong></span> <span class='ocrx_word' id='word_1_912' title='bbox 3005 5583 3060 5637; x_wconf 90' lang='lat' dir='ltr'><strong>S.</strong></span> <span class='ocrx_word' id='word_1_913' title='bbox 3095 5581 3388 5637; x_wconf 87' lang='lat' dir='ltr'><strong>Michaelis</strong></span> <span class='ocrx_word' id='word_1_914' title='bbox 3414 5581 3470 5635; x_wconf 91' lang='lat' dir='ltr'><strong>in</strong></span> <span class='ocrx_word' id='word_1_915' title='bbox 3503 5595 3604 5652; x_wconf 90' lang='lat' dir='ltr'><strong>pe—</strong></span> 
     </span>
    </p>
   </div>
   <div class='ocr_carea' id='block_1_125' title="bbox 1948 5659 2696 5720">
    <p class='ocr_par' dir='ltr' id='par_1_125' title="bbox 1948 5659 2696 5720">
     <span class='ocr_line' id='line_1_125' title="bbox 1948 5659 2696 5720; baseline -0.011 0"><span class='ocrx_word' id='word_1_916' title='bbox 1948 5663 2134 5720; x_wconf 92' lang='lat' dir='ltr'><strong>riculo</strong></span> <span class='ocrx_word' id='word_1_917' title='bbox 2161 5659 2347 5719; x_wconf 78' lang='lat' dir='ltr'><strong>maris</strong></span> <span class='ocrx_word' id='word_1_918' title='bbox 2373 5659 2648 5719; x_wconf 84' lang='lat' dir='ltr'><strong>visitavit.</strong></span> <span class='ocrx_word' id='word_1_919' title='bbox 2669 5680 2696 5706; x_wconf 86' lang='lat'><strong>»</strong></span> 
     </span>
    </p>
   </div>
  </div>
