4150 6128
501 143 604 211 575

1483 145 1538 214 s'.
1585 145 1846 216 Onoms
1882 150 2186 216 mauis
2213 149 2726 214 C‘LUNIACENSIS
2764 149 2830 212 ιτ.
3817 154 3916 206 576

501 287 699 336 autem
747 278 1012 334 adhaeret
1063 280 1382 351 meretrici,
1431 297 1614 338 unum
1647 299 1862 354 corpus
1893 283 2160 353 efﬁcitur
2185 276 2234 336 Α
2267 285 2396 336 no‘n‘
2419 279 2788 336 retraxerint.
2817 279 2960 335 Hinc
2992 279 3146 334 Deus
3174 289 3281 350 per
3309 277 3573 348 Moysem
3625 293 3638 330 :
3688 277 3810 344 Dic,
3837 275 3920 336 inv

501 365 562 439 (Ι
584 369 720 423 Cor.
751 381 830 433 vx,
867 365 972 438 16),
1005 371 1062 422 et
1085 367 1212 438 jam
1244 384 1366 425 non
1393 371 1736 427 membrum
1763 371 1998 438 Christi,
2049 370 2158 426 sed

501 454 836 511 Antichristi
865 459 974 512 est.-
1011 460 1088 513 De
1113 473 1236 530 quo
1263 469 1370 532 per
1399 461 1701 517 Danielum
1739 462 1973 528 dicitur,
2015 461 2160 533 quia

501 535 613 602 erit
660 545 724 600 in
777 547 1268 615 concupiscentiis
1317 549 1684 619 feminarum
1725 547 1898 622 (Dan.
1931 561 2010 617 x1,
2043 549 2154 620 37).

503 637 573 691 Ut
625 633 786 690 enim
831 635 1183 693 Paschasius
1229 636 1290 693 in
1330 637 1483 696 libro
1529 638 1603 695 de
1641 649 1892 714 corpore
1923 637 2160 696 Domini

501 724 644 804 dicit
693 742 705 780 :
757 725 1037 798 Quisquis
1093 726 1188 783 vel
1239 727 1512 786 membra
1567 727 1891 788 meretricis
1934 730 2022 797 ﬁt,
2059 728 2158 784 hic

502 813 706 887 utique
749 813 992 888 elapsus
1037 815 1112 872 de
1165 833 1411 891 corpore
1465 819 1674 876 Christi
1713 823 1820 888 est,
1852 823 1909 875 et
1935 817 2158 874 idcirco

501 916 625 957 non
675 901 812 958 licet
859 903 912 958 ei
962 919 1182 977 corpus
1229 899 1437 962 Christi
1479 907 1843 978 contingere.
1875 911 2023 966 Nam
2053 907 2154 979 qui

503 988 762 1047 debeant
788 991 918 1064 ipse
950 991 1214 1050 Christus
1244 994 1520 1062 ostendit,
1553 995 1760 1052 dicens
1795 1013 1808 1052 :
1846 997 1960 1064 Qui
1985 1010 2156 1052 man-

501 1076 686 1136 ducat
714 1095 950 1137 carnem
981 1095 1170 1138 meam
1197 1088 1250 1138 et
1283 1082 1424 1138 bibit
1447 1099 1641 1142 meum
1670 1085 2044 1156 sanguinem,
2093 1083 2156 1138 in

503 1181 596 1226 me
623 1175 840 1237 manet,
871 1175 928 1226 et
951 1184 1056 1241 ego
1083 1171 1144 1226 in
1174 1185 1237 1228 eo
1267 1171 1464 1244 (Joan.
1495 1189 1570 1242 v1,
1591 1175 1804 1242 57).Ac
1829 1172 1876 1228 si
1902 1171 2154 1229 diceret:

503 1257 624 1313 Nisi
647 1257 812 1330 prius
835 1257 896 1313 in
925 1274 1024 1315 me
1051 1265 1312 1328 maneat,
1359 1275 1604 1318 carnem
1653 1277 1854 1319 meam
1901 1260 2158 1318 mandu-

504 1357 639 1402 care
668 1357 788 1402 non
817 1351 1033 1419 potest,
1066 1363 1262 1422 neque
1294 1350 1649 1422 sanguinem
1695 1363 1902 1408 meum
1929 1350 2154 1406 bibere.

504 1429 656 1500 Quid
685 1450 826 1505 ergo
847 1433 1174 1493 manducet
1199 1443 1492 1510 peccator,
1525 1445 1582 1496 et
1605 1439 1752 1512 quid
1779 1437 1931 1496 bibit
1959 1435 1986 1496 7
2031 1442 2160 1495 Non

503 1523 706 1596 utique
737 1523 956 1580 utiliter
983 1525 1096 1581 sibi
1129 1543 1372 1584 carnem
1403 1533 1460 1584 et
1488 1529 1867 1600 sanguinem,
1919 1529 2025 1584 sed
2066 1529 2160 1598 ju-

2267 368 2418 441 quit,
2451 368 2532 423 ad
2553 366 2716 436 ﬁlios
2737 369 2964 437 Aaron,
3003 373 3058 424 et
3089 366 3171 422 ad
3193 371 3460 434 posteros
3491 380 3694 421 eorum
3727 383 3739 420 :
3789 368 3916 423 0m-

2267 459 2364 512 nis
2395 457 2502 528 qui
2527 459 2836 514 accesserit
2865 457 2937 512 de
2960 458 3147 525 stirpe
3175 461 3372 512 vestra
3417 455 3500 510 ad
3530 467 3600 510 ea
3637 471 3766 525 quas
3785 471 3917 512 con-

2267 552 2507 604 secrato
2534 551 2694 617 sunt,
2721 547 2784 602 in
2815 561 2934 618 qua
2963 551 3048 602 est
3079 545 3482 609 immunditia,
3495 544 3714 613 peribit
3729 559 3920 602 coram

2267 637 2412 694 Deo.
2445 636 2575 708 Ego
2603 653 2730 692 sum
2760 637 3042 692 Dominus
3063 637 3219 704 (Lev.
3251 651 3392 702 nu,
3422 635 3502 703 3).
3549 636 3614 689 Et
3657 637 3808 690 certe
3828 633 3922 691 illa

2269 724 2420 782 nihil
2445 723 2610 782 aliud
2639 729 3012 798 erantquam
3051 723 3268 780 umbra
3295 723 3566 780 istorum.
3600 720 3656 780 Si
3687 739 3825 794 ergo
3851 723 3924 780 ad

2270 815 2554 871 umbram
2579 830 2702 870 non
2725 813 2942 870 licebat
2969 813 3354 868 immundum
3381 811 3686 878 accedere,
3737 825 3926 884 quan-

2269 903 2536 960 tominus
2583 904 2662 960 ad
2698 905 2893 976 ipsam
2951 901 3324 958 Veritatem?
3376 904 3454 957 Ex
3495 917 3622 974 qua
3657 900 3718 956 in
3749 900 3926 957 ﬁnem

2269 992 2688 1068 prohibitionis
2710 991 3021 1062 conclusit,
3053 991 3260 1046 dicens
3293 1007 3306 1045 :
3333 991 3459 1062 Ego
3489 991 3800 1045 Dominus.
3851 994 3926 1046 Ac

2271 1077 2322 1140 si
2347 1081 2524 1140 dicat.
2557 1085 2677 1153 Ego
2708 1086 2982 1138 scrutans
3029 1080 3234 1143 corda.
3285 1095 3396 1148 ego
3445 1079 3574 1152 ipse
3625 1079 3930 1146 sacerdos,

2269 1174 2376 1248 qui
2433 1174 2712 1230 discerno
2765 1171 2960 1246 qualis
3013 1170 3432 1243 unusquisque
3476 1167 3744 1225 accedat.
3795 1169 3932 1226 Hinc

2269 1263 2625 1322 Ambrosius
2655 1263 2716 1318 in
2745 1263 2942 1337 primo
2983 1259 3326 1318 Ofﬁciorum
3386 1277 3398 1315 :
3461 1257 3932 1326 Castiﬁcabatur,

2269 1352 2483 1425 inquit,
2513 1351 2778 1425 populus
2805 1365 2912 1422 per
2939 1347 3217 1418 biduum,
3245 1352 3348 1403 aut
3377 1346 3662 1415 triduum,
3695 1349 3754 1401 et
3781 1344 3938 1400 lava-

2269 1442 2420 1498 bant
2447 1440 2796 1498 vestimenta
2827 1454 2959 1505 sua,
2993 1441 3048 1492 et
3077 1452 3200 1492 non
3239 1435 3406 1492 aliter
3429 1435 3509 1492 ad
3539 1435 3803 1490 hostiam
3847 1449 3940 1490 ac-

2272 1529 2481 1588 cedere
2509 1525 3104 1604 permittebatur.Sed
3127 1526 3176 1580 si
3197 1525 3257 1581 in
3287 1525 3483 1596 ﬁgura
3513 1519 3677 1579 tanta
3709 1522 3938 1595 populo

503 1611 727 1668 dicium
773 1613 908 1670 licet
959 1614 1234 1672 videatur
1277 1633 1414 1673 cum
1461 1619 1686 1674 steteris
1734 1616 1932 1675 altaris
1962 1633 2159 1674 sacra—
2193 1631 2232 1692 9
2271 1617 2656 1677 observantia
2675 1615 3024 1689 jubebatur,
3056 1619 3285 1688 quanta
3309 1613 3370 1668 in
3400 1613 3533 1686 ipsa
3563 1609 3814 1668 veritate
3845 1627 3936 1666 sa-

505 1705 708 1757 menta
729 1703 1052 1775 percipere.
1087 1707 1151 1760 Et
1179 1709 1414 1777 quare?
1472 1707 1620 1772 Quia
1667 1723 1778 1762 nos
1834 1723 1898 1762 se
1948 1705 2164 1779 probat

505 1790 670 1860 prius
703 1795 904 1845 utrum
927 1791 991 1846 in
1021 1807 1268 1864 corpore
1297 1794 1508 1852 Christi
1538 1795 1630 1865 sit,
1664 1811 1742 1852 an
1773 1811 1914 1852 non.
1943 1793 2160 1851 Deinde

503 1879 649 1950 quia
671 1893 794 1933 non
823 1877 1131 1950 dijudicat,
1179 1881 1453 1938 videlicet
1495 1888 1559 1939 ut
1608 1884 1907 1940 discernat
1944 1899 2162 1954 corpus

507 1965 738 2021 Domini
773 1983 786 2022 :
833 1967 978 2040 quid
1013 1973 1103 2024 est
1132 1976 1448 2042 quantum,
1499 1971 1643 2044 quia
1691 1975 2159 2042 sacramentum,

505 2053 820 2127 qualisque
849 2056 1032 2112 virtus
1063 2061 1442 2130 sacramenti,
1473 2061 1618 2134 quia
1646 2061 1917 2117 divinum
1947 2077 2017 2116 ac
2045 2059 2162 2132 spis

505 2141 671 2198 ritale
717 2147 822 2199 est.
875 2145 1039 2200 Unde
1083 2143 1142 2200 in
1197 2147 1526 2218 primordio
1574 2149 1756 2220 hujus
1803 2147 2161 2204 celebritatis

507 2231 770 2287 Christus
790 2231 1086 2302 judicium
1108 2235 1262 2291 male
1279 2235 1710 2309 accipientibus
1738 2238 2160 2304 comminatur,

505 2319 652 2374 dum
683 2319 966 2376 continuo
995 2327 1132 2394 post
1161 2321 1473 2380 buccelam
1518 2325 1592 2380 de
1641 2341 1828 2382 manu
1871 2327 2000 2398 ejus
2025 2337 2162 2398 per-

505 2413 740 2480 captam
765 2407 1061 2466 diabolus.
1092 2412 1308 2468 Judam
1340 2415 1635 2484 pervasit:
1659 2415 1764 2470 ubi
1791 2431 1932 2471 mox
1965 2419 2162 2470 osten-

505 2496 663 2552 ditur
689 2495 956 2552 futurum
989 2498 1048 2554 in
1079 2501 1335 2556 Ecclesia
1359 2502 1672 2572 judicium.
1733 2504 1788 2558 Si
1835 2505 1972 2576 quis
2021 2519 2163 2572 ergo

505 2583 712 2656 lapsus
737 2583 812 2640 de
838 2601 1086 2659 corpore
1114 2588 1343 2650 Christi,
1369 2589 1558 2646 factus
1599 2591 1941 2647 membrum
1973 2606 2162 2646 mere-

509 2673 663 2728 tricis
689 2674 782 2729 vel
810 2674 1053 2748 diaboli,
1087 2681 1533 2752 praesumpserit
1569 2681 1682 2736 hoc
1714 2685 2164 2737 sacrosanctum

507 2777 726 2834 corpus
759 2764 1124 2837 contingere,
1155 2783 1266 2823 nec
1295 2768 1548 2824 dubium
1577 2769 1724 2842 quin
1769 2769 1850 2826 ob
1897 2769 1960 2824 id
2001 2768 2162 2840 judi-

507 2851 668 2906 cium
711 2853 984 2926 excipiat,
1041 2859 1096 2911 et
1144 2871 1282 2912 cum
1325 2857 1484 2913 Juda
1532 2859 1722 2932 culpae
1769 2858 2025 2915 societur
2053 2858 2162 2915 ob-

507 2942 744 3006 noxius.
776 2946 899 2998 tam
928 2944 1070 3016 quia
1099 2945 1337 3013 corruit,
1371 2963 1559 3020 quam
1589 2947 1732 3020 quia
1756 2963 1829 3003 ex
1855 2949 2162 3004 conscien-
2196 2985 2235 3040 Ο

507 3030 586 3086 tia
614 3031 962 3100 damnatus,
992 3049 1174 3090 ausus
1205 3039 1294 3091 est
1325 3035 1450 3092 sine
1480 3037 1828 3110 pmnitentia
1865 3041 1922 3093 et
1968 3051 2162 3093 corre-

505 3119 716 3176 ctionis
757 3122 933 3178 venia
963 3127 1171 3180 sancta
1210 3125 1494 3196 mysteria
1539 3129 1845 3182 temerare.
1899 3130 2042 3182 Item
2091 3141 2164 3181 ex

505 3208 720 3264 eodem
747 3207 902 3265 libro
938 3209 1214 3280 legimus,
1243 3213 1385 3284 quia
1410 3215 1566 3270 Deus
1596 3215 1760 3271 dedit
1786 3215 1932 3284 ﬁliis
1971 3215 2166 3270 Israel

497 3311 720 3366 panem
751 3297 824 3353 de
861 3300 1027 3366 caelo,
1081 3300 1391 3357 habentem
1434 3317 1603 3358 omne
1645 3303 2160 3370 delectamentum,

505 3387 608 3441 sed
631 3401 750 3442 non
776 3387 839 3441 in
864 3389 1144 3456 pluribus
1169 3405 1370 3446 eorum
1416 3391 1850 3461 beneplacitum
1877 3393 2000 3462 fuit
2042 3395 2163 3449 Deo

506 3473 673 3543 (Sap.
705 3490 823 3544 xvx,
850 3478 964 3546 20),
987 3479 1054 3531 ut
1081 3479 1326 3533 testatur
1353 3479 1702 3550 Apostolus.
1731 3483 1878 3536 Nam
1901 3480 2164 3553 populus

505 3559 600 3616 ille
629 3561 886 3617 carnalis
914 3579 1143 3620 manna
1167 3563 1468 3636 fastidivit,
1501 3567 1644 3639 quia
1687 3567 1834 3624 inibi
1885 3584 2010 3624 non
2047 3568 2164 3624 nisi

506 3649 770 3705 carnalia
797 3650 1088 3724 quaasivit.
1123 3651 1204 3708 llli
1233 3653 1432 3727 itaque
1458 3656 1678 3712 mortui
1732 3661 1890 3726 sunt,
1939 3657 2000 3712 in
2029 3657 2163 3730 qui-

503 3738 620 3794 bus
641 3753 764 3794 non
795 3739 1238 3814 beneplacitum
1269 3742 1378 3800 fuit
1423 3747 1563 3800 Deo.
1624 3745 1975 3819 Quicunque
2021 3761 2164 3802 vero

503 3825 656 3882 inter
683 3843 786 3883 eos
816 3827 1155 3901 spirituales
1183 3829 1442 3900 fuerunt,
1476 3833 1630 3889 mori
1667 3849 1790 3889 non
1821 3839 2163 3906 potuerunt,

503 3915 648 3988 quia
699 3916 1036 3988 spiritaliter
1079 3919 1505 3988 comederunt;
1558 3921 1703 3994 quia
1756 3922 1840 3978 eis
1887 3937 2029 3978 esca
2067 3921 2167 3979 illa

503 4003 760 4061 ccelestis
791 4021 1068 4080 saporem
1096 4013 1154 4064 et
1173 4007 1680 4066 delectamentum
1703 4011 2164 4068 immortalitatis

503 4093 776 4166 praebuit.
836 4099 1040 4168 Itaque
1079 4097 1345 4154 similiter
1401 4115 1562 4155 nunc
1611 4099 1670 4154 in
1703 4100 1958 4156 Ecclesia
1995 4101 2166 4156 cibus

503 4183 612 4238 iste
637 4183 1005 4254 quibusdam
1041 4186 1160 4242 vita
1191 4191 1298 4256 est,
1331 4187 1698 4260 quibusdam
1749 4205 1890 4246 vero
1945 4190 2167 4263 suppli-

505 4271 686 4326 cium.
735 4272 922 4342 Unde,
953 4289 989 4328 ο
1015 4274 1220 4344 homo,
1248 4275 1410 4331 disce
1439 4276 1581 4348 quia
1621 4281 1772 4334 Deus
1795 4278 2032 4350 spiritus
2055 4281 2162 4346 est,

2271 1706 2613 1766 cerdotibus
2639 1704 2900 1762 tenenda
2931 1705 3062 1760 est?
3111 1702 3278 1758 Disce
3328 1701 3527 1772 igitur,
3578 1717 3614 1756 ο
3655 1699 3940 1756 sacerdos

2271 1802 2328 1854 et
2357 1797 2554 1862 levita,
2590 1793 2736 1868 quid
2787 1792 2860 1848 sit
2887 1792 3090 1848 lavare
3121 1789 3490 1856 vestimenta,
3519 1805 3594 1845 ne
3619 1788 3936 1861 inquinata

2273 1901 2522 1959 corpore
2551 1899 2674 1956 quo
2704 1881 2910 1938 anima
2941 1879 3600 1949 vestitur,majestatem
3623 1877 3778 1934 tanti
3809 1893 3936 1949 my-

2272 1974 2429 2031 sterii
2449 1979 2736 2030 temerare
2754 1985 3110 2044 praesumus.
3129 1967 3270 2024 Hinc
3291 1967 3352 2023 in
3379 1970 3607 2036 Regum
3631 1965 3904 2022 volumin

2272 2063 2486 2118 dicitur
2517 2079 2530 2117 :
2558 2062 2630 2117 Si
2647 2061 2984 2130 peccaverit
3015 2059 3108 2114 vir
3131 2059 3194 2113 in
3227 2057 3441 2124 virum,
3481 2057 3736 2125 placari
3759 2057 3814 2112 ei
3831 2071 3934 2126 po-

2274 2158 2382 2209 test
2405 2153 2559 2206 Deus
2581 2167 2601 2205 :
2617 2151 2671 2205 si
2692 2155 2890 2205 autem
2913 2149 2974 2203 in
2999 2149 3186 2202 Deum
3203 2146 3565 2216 peccaverit,
3587 2146 3724 2215 quis
3747 2145 3938 2200 orabit

2271 2257 2382 2312 pro
2411 2257 2475 2298 eo
2504 2241 2558 2312 (Ι
2582 2243 2796 2309 Reg/.11,
2829 2238 2920 2307 25)
2941 2237 2969 2292 ?
2997 2239 3159 2292 Tunc
3179 2236 3340 2292 enim
3361 2235 3436 2290 de
3457 2233 3826 2304 negligentia
3856 2249 3944 2288 sa—

2273 2329 2629 2384 criﬁciorum
2659 2327 2795 2382 licet
2817 2325 3013 2398 tepide
3045 2325 3165 2380 Heli
3195 2325 3348 2380 ﬁlios
3389 2341 3530 2380 suos
3553 2323 3940 2396 corripiebat.

2275 2417 2446 2482 Quod
2469 2417 2583 2472 tale
2604 2421 2692 2472 est
2706 2432 2775 2471 ac
2795 2415 2842 2470 si
2865 2415 3084 2470 diceret
3100 2431 3112 2469 :
3130 2414 3240 2480 Qui
3257 2416 3438 2468 Deum
3453 2413 3634 2468 totius
3651 2417 3940 2468 creaturae

2274 2507 2644 2563 conditorem
2667 2509 3060 2561 contemnens
3083 2503 3366 2574 indignus
3395 2503 3470 2558 ad
3497 2505 3628 2575 ejus
3649 2503 3936 2574 injuriam

2273 2595 2722 2652 communicare
2761 2593 3088 2666 praesumit,
3131 2608 3314 2664 quem
3343 2591 3810 2648 intercessorem
3835 2591 3938 2646 ha-

2273 2685 2437 2741 bebit
2453 2687 2480 2741 ?
2509 2683 2660 2740 Talis
2681 2683 2942 2756 profecto
2965 2698 3074 2738 nec
3095 2681 3192 2736 Dei
3209 2685 3510 2736 reveretur
3529 2681 3938 2752 praesentiam,

2274 2791 2383 2831 nec
2421 2773 2802 2848 praesentiam
2863 2771 3144 2826 formidat
3183 2770 3508 2826 astantium
3559 2769 3938 2839 angelorum.

2345 2863 2516 2920 XXXI.
2559 2866 2672 2919 Nec
2697 2861 2832 2916 ideo
2859 2860 3146 2916 securitas
3179 2859 3486 2932 subrepat,
3527 2875 3600 2914 eo
3645 2857 3821 2930 quod
3859 2857 3944 2912 in-

2273 2953 2452 3024 digne
2482 2951 2857 3008 sumentihus
2887 2950 3092 3006 divina
3117 2949 3402 3023 patientia
3431 2949 3510 3006 ad
3541 2954 3790 3022 tempus
3813 2964 3940 3020 par-

2274 3043 2372 3114 cit,
2399 3041 2544 3115 quia
2569 3045 2723 3096 certe
2749 3037 2828 3094 illi
2857 3039 3053 3109 magis
3083 3039 3425 3110 punientur,
3443 3037 3548 3110 qui
3569 3037 3632 3092 in
3661 3033 3942 3110 praesenti

2273 3131 2645 3204 correptione
2677 3129 3026 3201 judicantur
3053 3125 3302 3198 indigni.
3331 3127 3386 3184 Si
3407 3125 3656 3198 quidem
3679 3126 3748 3181 in
3781 3141 3943 3181 exor-

2273 3221 2372 3276 dio
2405 3219 2679 3276 Ecclesiae
2709 3233 2951 3273 necesse
2977 3216 3106 3282 fuit,
3159 3221 3220 3272 ut
3239 3215 3318 3272 ad
3345 3231 3473 3270 rem
3519 3213 3946 3270 demonstran-

2272 3309 2418 3365 dam
2447 3307 2714 3383 plerique
2747 3311 3218 3376 transgressores
3239 3303 3534 3377 corporali
3550 3303 3742 3359 etiam
3765 3319 3942 3376 paena

2272 3397 2686 3471 plecterentur.
2714 3393 2878 3450 Unde
2909 3393 3228 3466 Apostolus
3255 3392 3336 3448 ad
3357 3391 3698 3448 Corinthios
3735 3409 3750 3447 :
3786 3393 3942 3448 Ideo.

2271 3485 2648 3557 inquit,inter
2673 3497 2772 3539 vos
2801 3481 2980 3537 multi
3005 3481 3252 3549 inﬁrmi,
3279 3485 3334 3536 et
3357 3479 3710 3548 imbecilles,
3729 3485 3786 3535 et
3809 3478 3944 3532 dor-

2272 3575 2466 3630 miunt
2495 3571 2675 3627 multi
2705 3569 2760 3640 (Ῑ
2785 3571 3021 3636 Cor.x1,
3055 3568 3166 3640 30),
3197 3583 3412 3623 somno
3457 3565 3744 3622 videlicet
3787 3581 3940 3622 mor-

2273 3661 2364 3718 tis.
2399 3659 2486 3716 Ab
2511 3657 2737 3728 angelis
2766 3656 2993 3728 quippe
3019 3655 3122 3728 qui
3153 3655 3232 3712 ad
3257 3655 3372 3710 hoc
3400 3653 3578 3726 positi
3597 3653 3942 3711 suntetiam

2271 3765 2434 3806 nunc
2488 3747 2961 3821 perimerentur;
3015 3744 3172 3800 sicut
3222 3743 3284 3799 in
3325 3742 3614 3816 praedicto
3643 3742 3810 3800 libro
3841 3746 3942 3798 Pa-

2275 3839 2546 3895 schasius
2573 3883 2578 3888 .
2605 3839 2867 3901 testatur,
2918 3833 3265 3906 quicunque
3319 3831 3412 3889 vel
3459 3831 3644 3888 semel
3701 3833 3946 3902 indigne

2275 3925 2746 3991 communicant,
2802 3923 2916 3979 nisi
2959 3921 3201 3978 bonitas
3249 3921 3480 3988 Christi,
3515 3922 3698 3993 cujus
3721 3921 3946 3994 judicio

2273 4018 2536 4090 pendent
2584 4013 2810 4082 omnia,
2864 4011 3134 4084 gladium
3161 4011 3572 4083 suspenderet,
3623 4015 3688 4068 et
3723 4017 3944 4084 tempo-

2275 4107 2460 4162 ralem
2485 4107 2740 4161 mortem
2766 4101 3133 4174 quihusdam
3185 4105 3250 4155 ut
3287 4099 3620 4172 poeniteant
3667 4115 3945 4156 remove-

2275 4201 2382 4251 ret.
2433 4191 2709 4266 Alioquin
2762 4206 2923 4248 nunc
2975 4189 3168 4262 plagae
3226 4187 3408 4244 etiam
3455 4193 3512 4244 et
3557 4188 3947 4245 infirmitatea

2277 4299 2592 4356 nunquam
2645 4285 2878 4338 tantum
2926 4279 3386 4346 crebrescerent,
3437 4278 3486 4333 si
3541 4293 3768 4334 omnes
3806 4276 3946 4334 illud

505 4363 562 4413 et
585 4358 1008 4448 ideointellige
1034 4362 1178 4433 quia
1203 4332 1379 4418 cibus
1409 4332 1516 4420 isle
1541 4381 1664 4421 non
1693 4332 2025 4434 carnaliter,
2059 4332 2166 4422 sed
2194 4332 2241 4388 υ
2279 4332 2629 4448 ωῧῖξιιῖιῑω
3109 4332 3518 4442 γρὲιιοὶρέίκθηῑ,
3569 4332 3951 4440 Βθείρίεξεη.

506 4445 862 4518 spiritaliter,
897 4453 954 4504 et
980 4449 1339 4518 cogitandus
1380 4457 1438 4508 et
1491 4455 1821 4510 sumendus
1867 4459 1975 4527 est,
2022 4455 2168 4527 quia

505 4550 702 4609 neque
731 4536 810 4592 ab
840 4537 958 4594 alio
983 4553 1168 4611 quam
1209 4540 1287 4597 ab
1325 4541 1458 4614 ipso
1489 4543 1714 4600 Christo
1763 4550 2164 4614 consecratur,

2277 4465 2438 4521 tibus
2469 4479 2609 4520 vero
2647 4459 2871 4534 duplex
2891 4459 2952 4514 in
2973 4457 3322 4532 pmnitentia
3351 4457 3531 4513 debet
3557 4472 3696 4513 esse
3727 4458 3948 4522 luctus,

2276 4554 2368 4611 vel
2395 4551 2539 4626 quia
2563 4553 2977 4624 peccaverunt,
3013 4547 3102 4604 vel
3138 4546 3282 4620 quia
3320 4546 3558 4602 caeleste
3597 4545 3844 4602 donum
3875 4545 3950 4601 ad

505 4639 707 4714 neque
733 4625 811 4681 ab
838 4626 954 4684 alio
984 4643 1170 4700 quam
1201 4629 1280 4686 ab
1305 4629 1438 4703 ipso
1462 4633 1800 4704 porrigitur.
1829 4637 1893 4689 Et
1920 4634 2168 4707 quidem
2271 4625 2567 4714 judicium
2584 4639 2741 4695 male
2757 4635 3468 4712 praesumpseruntQuod
3487 4651 3632 4690 sane
3657 4635 3948 4692 delictum

507 4713 788 4790 sacerdos
816 4715 1063 4771 visibilis
1093 4721 1268 4786 astat,
1319 4735 1427 4791 per
1470 4721 1644 4791 cujus
1697 4737 1916 4794 {nanus
1965 4737 2169 4778 conse-

507 4802 660 4855 crari
689 4807 747 4856 et
775 4803 954 4858 tribui
983 4803 1238 4875 videtur,
1295 4805 1404 4862 sed
1457 4807 1720 4864 Christus
1768 4809 1874 4882 qui
1901 4809 2070 4866 illum
2112 4815 2170 4868 et

508 4895 821 4946 consecrat
849 4895 906 4946 et
938 4891 1155 4962 tribuit,
1211 4896 1308 4950 cui
1357 4901 1416 4952 et
1461 4897 1797 4954 remedium
1835 4899 2054 4972 cuique
2089 4901 2168 4957 ad

507 4978 843 5035 remedium
875 4981 1190 5054 tribuatur,
1230 4985 1512 5042 divinitus
1561 4987 1864 5044 discernit.
1909 4993 2058 5045 Nam
2115 4990 2168 5046 is

506 5068 613 5142 qui
656 5085 795 5126 cum
849 5071 1003 5128 Juda
1050 5079 1398 5150 contemptu
1454 5081 1510 5134 et
1557 5077 1699 5135 vitio
1741 5095 1878 5135 reus
1917 5084 2166 5148 tenetur,

505 5173 646 5214 cum
673 5158 830 5215 Juda
861 5161 1066 5234 utique
1095 5163 1534 5222 condemnatur
1565 5184 1578 5222 :
1612 5171 1668 5224 et
1693 5167 1796 5240 qui
1829 5185 1968 5224 cum
1993 5170 2166 5226 Petro

507 5249 828 5306 ac'czeteris
851 5249 1103 5308 ﬁdeliter
1131 5254 1538 5328 participatur,
1601 5273 1741 5312 cum
1791 5257 1924 5330 ipso
1965 5259 2170 5330 utique

507 5341 566 5392 et
589 5339 814 5394 caeteris
839 5341 1121 5413 apostolis
1152 5342 1212 5397 in
1243 5359 1492 5416 corpore
1522 5350 1578 5400 et
1608 5345 1812 5401 anima
1861 5362 2169 5402 consecra-

509 5429 624 5481 tur.
657 5430 776 5482 Hoc
803 5445 945 5499 ergo
970 5431 1268 5502 judicium
1299 5434 1360 5488 in
1389 5433 1585 5489 natale
1617 5434 1814 5490 calicis
1841 5453 1984 5491 mox
2013 5437 2169 5492 exci-

507 5515 692 5586 pitur,
725 5520 787 5570 ut
814 5517 1103 5575 doceatur
1130 5521 1278 5594 quid
1304 5522 1818 5595 contemptoribus
1839 5523 2170 5596 immineat,

509 5602 560 5658 si
586 5603 860 5680 damnati
889 5623 926 5665 a
956 5609 1324 5668 conscientia
1351 5610 1569 5682 pedem
1595 5628 1634 5670 a
1681 5627 1892 5670 mensa
1937 5613 2173 5673 Domini

2275 4731 2440 4787 nullo
2469 4729 2584 4785 alio
2613 4727 2724 4782 nisi
2757 4725 2984 4782 Christo
3013 4723 3442 4780 interveniente
3458 4723 3817 4779 donabitur.
3843 4726 3950 4780 Uu-

2277 4820 2352 4875 de
2375 4819 2437 4874 in
2467 4817 2594 4885 lege
2624 4815 2702 4870 ab
2750 4815 2842 4870 his
2889 4813 2994 4887 qui
3037 4813 3098 4869 in
3139 4811 3526 4868 sanctiﬁcatis
3557 4811 3946 4886 delinquunt,

2278 4903 2429 4960 aries
2455 4918 2560 4974 per
2585 4915 2768 4974 quem
2795 4901 3060 4957 Christus
3085 4899 3428 4970 intelligitur
3445 4899 3644 4954 offerri
3661 4901 3946 4970 jubetur:

2279 4994 2344 5046 ut
2396 4989 2560 5062 apud
2616 4989 2804 5044 Deum
2859 4991 3092 5045 Patrem
3145 4995 3300 5044 Deus
3343 4987 3528 5042 homo
3567 4986 3850 5059 pontifex
3893 4984 3948 5038 in

2279 5081 2568 5135 aeternum
2597 5076 2970 5150 interpellare
3001 5091 3111 5150 pro
3141 5093 3212 5132 eo
3239 5074 3490 5132 ﬁdeliter
3515 5075 3828 5131 credatur.
3863 5077 3950 5128 At-

2279 5183 2397 5240 que
2425 5166 2624 5239 ipsum
2654 5181 2762 5239 per
2785 5181 2848 5221 se
2873 5165 3144 5222 moribus
3167 5168 3224 5221 et
3249 5164 3370 5220 vita
3397 5163 3668 5236 quotidie
3699 5179 3768 5219 re
3801 5161 3948 5218 indi-

2281 5262 2441 5314 ctum
2471 5255 2680 5329 operit.
2696 5255 2974 5328 Alioquin
2989 5254 3170 5328 quiin
3199 5257 3386 5310 Deum
3409 5258 3636 5326 peccat,
3655 5252 3804 5324 quis
3827 5268 3954 5306 ora-

2280 5346 2367 5403 bit
2393 5363 2502 5419 pro
2533 5362 2604 5402 eo
2625 5347 2652 5402 ?
2703 5344 2989 5410 Quamvis
3021 5343 3180 5400 enim
3212 5343 3468 5416 quisque
3500 5341 3765 5397 multum
3789 5341 3862 5396 sit
3883 5356 3950 5394 ex

2281 5436 2412 5492 aliis
2440 5435 2698 5509 peccatis
2727 5434 3033 5504 indignus,
3051 5438 3252 5489 tamen
3283 5447 3354 5486 ex
3387 5431 3498 5487 isto
3523 5431 3716 5498 magis
3741 5446 3952 5500 grava-

2281 5529 2396 5593 tur,
2426 5525 2476 5580 si
2507 5527 2716 5580 sancta
2745 5522 3034 5592 contingit
3061 5521 3439 5578 immundus.
3465 5517 3634 5585 Quod
3663 5517 3952 5590 exemplo

2281 5614 2453 5671 Judee
2475 5615 2864 5686 monstratur,
2893 5612 3000 5686 qui
3025 5611 3162 5669 licet
3189 5610 3368 5668 corde
3396 5605 3710 5675 nutaverit,
3747 5611 3950 5663 tamen
