4092 6158
199 127 306 179 577

1230 100 1980 195 COLLECTIONUMELIDRI
2017 127 2216 186 mas.
2259 162 2328 171 -
2366 136 2494 191 LIB.
2538 141 2606 194 ιι.

3520 161 3627 212 578

198 249 341 350 ante
385 242 833 350 perceptionem
875 244 1037 350 illius‘
1073 247 1338 350 mysterii
1375 264 1526 350 lcum
1574 246 1864 350 apostolis
1897 251 1943 304 A
2166 251 2372 316 altare.
2400 260 2456 312 et
2479 263 2886 330 quorumdam
2917 270 3356 330 monachorum
3393 278 3498 350 qui
3526 295 3626 334 ac-

197 340 348 404 erat,
376 340 433 389 et
475 350 512 389 a
557 332 809 388 Domino
840 335 1219 390 monebatur.
1255 339 1391 392 Post
1421 334 1866 408 perceptionem

197 439 339 479 vero
362 422 615 478 traditus
647 424 880 478 Satanae
913 426 1196 480 continuo
1220 425 1399 480 exivit
1428 425 1608 480 foras.
1645 424 1731 480 0b
1751 426 1866 480 hoc

196 511 858 585 itaquequisquisillud
873 512 1116 583 indigne
1136 530 1197 570 se
1213 515 1550 588 percepisse
1573 514 1865 584 meminit,

197 602 526 676 duplicem,
560 606 628 657 ut
673 601 960 674 diximus,
1007 603 1184 660 debet
1239 603 1462 660 habere
1512 604 1762 672 luctum,
1804 609 1868 660 ut

198 697 414 748 exacta
434 691 784 763 paenitentia
812 692 1003 764 possit
1032 692 1232 749 denuo
1258 698 1466 749 sancta
1486 694 1864 766 participare.

199 784 473 852 Namque
497 779 924 853 paenitentibus
942 781 1182 852 jussum
1208 788 1297 837 est
1316 787 1377 838 ut
1398 782 1608 837 haedus
1632 782 1869 838 tollatur

200 886 344 925 cum
373 883 554 938 agno,
584 873 648 924 ut
690 871 738 923 si
786 869 921 940 quis
952 874 1089 941 post
1134 870 1445 926 lavacrum
1488 870 1782 939 ceciderit,
1813 876 1870 927 et

200 974 344 1013 cum
375 957 667 1013 stantibus
697 973 925 1028 agnum
969 958 1284 1014 comedere
1316 975 1439 1014 non
1469 960 1746 1031 potuerit,
1778 959 1869 1016 vel

198 1047 448 1102 haedum
470 1046 767 1114 comedat,
787 1048 892 1119 qui
918 1064 1154 1120 semper
1169 1064 1279 1121 pro
1303 1049 1727 1120 paenitentibus
1746 1067 1869 1106 ma-

200 1139 561 1191 ctatur.Non
577 1136 743 1208 quod
763 1137 1026 1193 Christus
1051 1138 1260 1194 haedus
1282 1139 1374 1208 sit,
1399 1138 1504 1193 sed
1531 1154 1642 1210 pro
1671 1137 1866 1192 diver-

200 1225 373 1280 sitate
403 1224 752 1279 meritorum
783 1230 884 1280 aut
913 1241 1131 1294 agnus,
1163 1230 1268 1282 aut
1291 1226 1504 1281 haedus
1545 1225 1866 1297 unicuique

200 1315 288 1369 tit.
323 1312 465 1368 Hinc
485 1312 626 1368 item
648 1313 912 1383 jubetur,
939 1318 1002 1369 ut
1019 1315 1123 1386 qui
1143 1315 1205 1369 in
1228 1314 1424 1386 primo
1445 1330 1673 1378 mense,
1699 1314 1760 1369 id
1781 1318 1870 1369 est

199 1397 264 1452 in
295 1414 364 1454 ea
393 1399 583 1468 gratia
611 1415 797 1471 quam
818 1401 879 1455 in
898 1401 1201 1473 baptismo
1224 1402 1507 1474 percepit,
1534 1401 1761 1457 Pascha
1783 1401 1867 1456 fa-

200 1503 338 1542 cere
363 1502 484 1543 non
507 1488 748 1560 poterit;
781 1488 992 1544 saltem
1014 1489 1075 1545 in
1095 1490 1362 1545 secundo
1383 1505 1591 1545 mense
1615 1489 1759 1544 illud
1785 1489 1868 1544 fa-

1976 339 2271 435 cedebant
2298 346 2546 403 nomina
2577 350 2961 409 scribendum
2991 357 3053 412 in
3079 358 3232 416 libro
3257 339 3440 435 quem
3471 371 3628 424 tene-

1975 426 2099 497 bat,
2131 434 2187 485 et
2227 434 2636 504 quorumdam
2683 454 2806 494 non
2850 443 3252 505 scribendum.
3275 426 3447 517 .Quos
3487 472 3627 512 cum

1975 518 2172 616 senior
2195 527 2491 616 notasset,
2526 541 3020 603 unumquemque
3049 551 3318 595 seorsum
3345 542 3626 616 disquisi-

1974 606 2075 699 vit,
2109 613 2165 664 et
2191 608 2412 668 invenit
2436 614 2496 668 in
2537 614 2783 687 singulis
2815 622 3065 678 mortale
3096 633 3432 696 peccatum.
3458 606 3628 699 Quos

1975 695 2051 793 ad
2082 699 2492 793 paenitentiam
2538 706 2880 763 exhortatos
2927 695 3135 768 tandiu
3164 731 3302 773 eum
3332 720 3414 775 eis
3445 695 3626 793 flevit,

1974 785 2166 842 donec
2193 787 2520 861 aliquando
2547 793 2773 852 videret
2802 813 2904 852 eos
2949 816 3088 855 cum
3138 807 3359 861 caeteris
3389 785 3626 868 ascribi:

2044 877 2264 930 XXXIII.
2336 881 2486 934 Inter
2543 883 2748 938 omnia
2801 889 3000 942 tamen
3059 898 3303 962 peccata
3369 899 3629 956 maxime

1975 959 2275 1020 discordia
2330 971 2386 1021 et
2427 967 2664 1025 luxuria
2719 979 2990 1040 gravant.
3025 959 3171 1034 Nam
3218 980 3292 1037 de
3329 982 3629 1043 discordia

1979 1050 2262 1105 Dominus
2283 1052 2408 1124 ipse
2432 1055 2543 1111 ait:
2575 1057 2646 1112 Si
2663 1060 2841 1128 offers
2866 1077 3084 1120 munus
3106 1071 3272 1123 tuum
3300 1071 3382 1125 ad
3409 1074 3626 1146 altare,

1974 1144 2026 1194 et
2059 1141 2408 1197 recordatus
2457 1145 2652 1212 fueris
2699 1149 2841 1217 quia
2879 1149 3082 1217 frater
3123 1161 3260 1211 tuus
3309 1159 3482 1216 habet
3513 1141 3629 1218 ali;

1973 1226 2120 1294 quid
2161 1228 2476 1285 adversum
2509 1237 2582 1300 te,
2617 1236 2887 1306 relinque
2916 1239 3000 1294 ibi
3032 1257 3246 1298 munus
3291 1250 3459 1302 tuum
3491 1256 3632 1305 ante

1974 1316 2189 1382 altare,
2209 1323 2262 1372 et
2289 1319 2438 1374 vade
2455 1322 2624 1388 prius
2647 1327 3034 1383 reconciliari
3045 1329 3240 1397 fratri
3264 1339 3363 1388 tuo
3385 1335 3626 1404 (Matth.

1974 1419 2026 1469 v,
2053 1407 2141 1498 23_,
2175 1408 2285 1471 24).
2319 1409 2395 1461 De
2433 1424 2554 1480 quo
2585 1411 2733 1467 sicut
2784 1415 2838 1469 S.
2874 1416 3188 1486 Gregorius
3219 1420 3452 1494 fatetur,
3487 1442 3632 1498 pen-

1974 1492 2235 1587 sandum
2262 1500 2372 1587 est,
2403 1503 2631 1568 quanta
2676 1502 2854 1574 culpa
2907 1505 2979 1560 sit
3029 1507 3356 1580 discordia,
3389 1492 3632 1587 propter

202 1576 339 1642 ciat,
369 1576 433 1632 id
478 1584 564 1633 est
608 1577 671 1634 in
724 1579 1090 1651 poenitentia,
1121 1596 1256 1652 quae
1307 1585 1443 1652 post
1481 1579 1864 1648 naufragium
1900 1598 1944 1652 Β
1973 1582 2134 1653 quod
2167 1582 2312 1638 illud
2360 1602 2582 1641 munus
2613 1591 2930 1661 respuitur,
2965 1611 3088 1666 quo
3131 1576 3478 1658 omnis'a-lia
3503 1576 3630 1660 cul-

201 1666 476 1722 secunda
501 1666 712 1723 tabula
736 1673 845 1734 est,
876 1668 1121 1724 haedum
1149 1669 1535 1739 indulgentiae
1558 1668 1862 1741 percipiat.

275 1757 473 1810 XXXII.
520 1759 674 1826 Haec,
705 1760 762 1811 et
804 1756 921 1813 alia
972 1757 1160 1813 multo
1191 1757 1366 1830 plura
1412 1758 1765 1814 Paschasius
1793 1773 1868 1813 ex

201 1841 379 1898 dictis
412 1845 651 1899 Patrum
683 1844 762 1900 ad
790 1845 1185 1901 reverentiam
1207 1848 1395 1902 sancti
1415 1845 1684 1918 mysterii
1709 1862 1871 1901 eom-

203 1931 640 2002 mendandam,
671 1938 850 2005 atque
879 1934 1260 2004 majestatem
1295 1935 1424 2006 ejus
1452 1934 1869 1991 demonstran-

203 2020 371 2087 dam,
405 2021 777 2093 conscripsit.
809 2024 951 2087 Que
983 2023 1035 2077 si
1059 2023 1196 2095 quis
1227 2022 1363 2079 licet
1392 2023 1610 2080 sciolus
1641 2023 1868 2094 legerit,

207 2112 374 2164 tanta
401 2108 581 2164 credo
626 2109 835 2180 discet,
869 2114 933 2166 ut
960 2111 1036 2166 de
1085 2112 1200 2167 hoc
1242 2111 1526 2183 mysterio
1553 2127 1771 2183 parum
1804 2127 1871 2167 se

205 2203 456 2253 eatenus
511 2199 869 2266 cognovisse
919 2204 1105 2272 putet.
1157 2201 1380 2256 verum
1437 2200 1554 2256 isto
1603 2205 1871 2272 tempore

203 2287 374 2359 quod
403 2287 582 2343 nimis
611 2288 941 2344 dolendum
971 2295 1083 2358 est,
1114 2291 1197 2346 ita
1228 2295 1681 2346 sacrosanctum
1711 2289 1872 2345 istud

201 2377 559 2448 mysterium
591 2377 651 2433 in
682 2383 1030 2451 contemptu
1061 2379 1392 2448 illudimus,
1424 2384 1717 2452 tanquam
1747 2394 1871 2434 non

202 2465 283 2520 sit
329 2468 497 2522 Pater
544 2467 647 2539 qui
698 2467 993 2523 honorem
1041 2468 1162 2524 Filii
1211 2468 1305 2523 sui
1350 2471 1492 2524 Jesu
1540 2473 1771 2541 quierat
1817 2472 1874 2523 et

196 2552 452 2624 judicet.
485 2558 566 2610 Ita
609 2555 825 2611 veritas
874 2560 1170 2628 prostrata
1218 2561 1324 2624 est,
1361 2561 1424 2612 ut
1461 2557 1614 2612 sicut
1655 2557 1718 2612 in
1767 2559 1876 2612 Da-

201 2643 363 2699 niele
391 2644 623 2713 dicitur,
657 2645 1173 2702 abominationem
1221 2647 1284 2702 in
1335 2647 1556 2719 templo
1610 2647 1707 2702 Dei
1745 2645 1876 2701 ﬁeri

205 2733 549 2789 videamus.
594 2736 883 2790 Caeterum
932 2751 1042 2807 pro
1085 2735 1358 2806 ejusdem
1406 2736 1673 2807 mysterii
1713 2751 1876 2790 reve-

202 2822 401 2876 rentia
449 2823 936 2878 commendanda
979 2824 1284 2896 quaedam,
1331 2824 1380 2879 si
1421 2823 1636 2896 placet,
1671 2839 1872 2878 exem-

203 2910 311 2983 pla
369 2910 764 2982 proferamus.
828 2912 974 2967 Dicit
1025 2919 1266 2968 sanctus
1320 2913 1634 2982 Gregorius
1688 2913 1874 3002 Turo-
1904 2949 1944 3002 Ο

201 3000 413 3054 nensis
442 2999 503 3054 in
532 2999 698 3055 libris
745 3001 1160 3057 Miraculorum
1202 3000 1278 3056 de
1324 3002 1595 3074 quodam
1626 3000 1875 3073 presby-

203 3092 358 3155 tero,
389 3089 483 3143 eui
535 3089 597 3144 in
648 3089 957 3146 Dominiea
1004 3089 1378 3146 solemnitate
1427 3095 1671 3163 propter
1699 3105 1874 3144 suam

204 3193 538 3250 personam
587 3194 946 3234 concessum
1004 3178 1196 3235 fuerat
1225 3183 1289 3234 ut
1330 3179 1580 3234 missam
1620 3178 1879 3234 celebra-

205 3273 320 3334 ret,
346 3268 448 3340 qui
481 3267 680 3323 statim
705 3272 769 3324 ut
801 3268 881 3323 ad
911 3268 1403 3325 communieandi
1428 3269 1641 3325 horam
1673 3283 1880 3340 perve-

207 3356 320 3426 nit,
345 3373 488 3412 mox
515 3356 805 3429 epilepsia
834 3359 1305 3430 comprehensus
1334 3358 1555 3414 corruit
1585 3371 1878 3429 spumans

209 3463 574 3519 sacramque
605 3446 960 3518 particulam
991 3447 1070 3503 ab
1099 3463 1200 3503 ore
1230 3448 1567 3520 projiciens,
1600 3445 1705 3519 qui
1746 3447 1880 3518 ipsa

210 3539 410 3600 nocte,
461 3536 612 3592 sicut
653 3536 921 3610 plerique
971 3536 1163 3593 testati
1207 3543 1368 3608 sunt,
1417 3537 1618 3593 ebrius
1664 3536 1876 3592 fuerat.

212 3626 365 3680 Item
405 3624 532 3696 ipse
573 3624 648 3681 de
695 3624 966 3698 quodam
1006 3625 1215 3681 infami
1246 3626 1522 3698 diacono,
1550 3627 1696 3699 quia
1731 3625 1880 3681 dum

211 3729 470 3786 capsam
496 3729 636 3769 eum
667 3730 915 3787 corpore
947 3714 1180 3770 Domini
1201 3713 1475 3784 deferret,
1501 3715 1576 3771 de
1597 3714 1882 3770 manibus

211 3803 427 3874 elapsa
454 3808 564 3874 est,
588 3809 644 3860 et
669 3819 776 3876 per
805 3820 1005 3860 aerem
1036 3820 1218 3877 super
1247 3804 1431 3861 altare
1451 3821 1710 3860 reversa.
1739 3806 1884 3861 San-

213 3897 350 3948 ctus
401 3909 541 3949 vero
590 3893 990 3965 Hieronymus
1021 3893 1083 3950 in
1114 3894 1262 3950 vitas
1309 3897 1550 3950 Patrum
1598 3893 1673 3949 de
1701 3893 1880 3950 beato

215 3981 468 4052 Eulogio
497 3982 658 4050 dicit,
689 3983 982 4056 quoniam
1013 4000 1154 4039 cum
1207 3983 1428 4039 videret
1468 3983 1770 4055 quosdam
1810 3999 1883 4038 ex

215 4071 535 4128 monachis
568 4071 826 4128 volentes
853 4073 1137 4129 accedere
1169 4072 1248 4130 ad
1274 4073 1766 4129 communionem
1795 4088 1884 4128 re-

215 4161 396 4218 tinuit
420 4177 542 4230 eos,
571 4162 812 4218 dicens:
849 4186 876 4215 κ
905 4166 990 4219 Tu
1009 4162 1272 4219 habuisti
1294 4162 1408 4219 hac
1434 4166 1606 4218 nocte
1635 4161 1886 4217 fornica-

221 4250 400 4306 tionis
426 4250 790 4308 desiderium
816 4270 830 4321 ;
866 4256 929 4308 tu
952 4268 1096 4308 vero
1123 4251 1342 4320 dixisti,
1363 4250 1514 4307 Nihil
1542 4251 1785 4308 interest
1806 4249 1884 4306 si-

219 4357 294 4396 ve
320 4340 519 4410 justus
550 4341 674 4396 sive
723 4347 1001 4413 peccator
1028 4341 1106 4398 ad
1139 4345 1584 4397 sacramentum
1616 4340 1882 4410 accedat,

220 4432 281 4484 et
334 4427 488 4483 alius
536 4427 974 4486 dubitationem
1029 4429 1240 4486 habuit
1288 4429 1351 4486 in
1401 4429 1580 4484 corde
1637 4428 1881 4484 dicens:

225 4517 383 4583 Quid
411 4516 570 4573 enim
599 4534 697 4574 me
726 4518 1099 4575 sanctiﬁeare
1128 4519 1476 4575 communio
1495 4518 1739 4592 potest?
1770 4521 1887 4574 Hos

224 4621 370 4676 ergo
421 4605 689 4677 singulos
731 4607 1078 4665 removebat
1125 4624 1161 4665 a
1211 4607 1638 4664 communione
1687 4623 1886 4664 sacra-

226 4695 433 4759 menti,
467 4695 660 4752 donee
689 4697 1005 4770 paululum
1033 4714 1139 4770 per
1168 4697 1580 4770 pcenitentiam
1611 4701 1668 4753 et
1694 4697 1888 4768 lacry-

225 4801 362 4840 mas
413 4784 891 4857 puriﬁcarentur.
935 4790 1079 4842 Item
1120 4785 1282 4842 idem
1326 4785 1501 4842 refert
1548 4785 1623 4841 de
1680 4789 1888 4841 sancto

228 4875 545 4942 Machario,
577 4875 742 4948 quod
772 4892 842 4933 eo
872 4880 1139 4949 tempore
1169 4892 1308 4932 eum
1353 4875 1564 4931 fratres
1595 4875 1674 4931 ad
1699 4875 1886 4930 susci-

225 4963 515 5037 piendam
545 4965 966 5021 eucharistiam
988 4965 1401 5034 accessissent,
1420 4964 1632 5020 viderit
1661 4963 1722 5020 in
1741 4980 1890 5036 quo-

227 5053 516 5110 rumdam
526 5054 808 5111 manibus
820 5055 1161 5128 praevenien
1171 5059 1252 5110 tes
1273 5053 1570 5126 Aithiopes
1595 5053 1890 5109 carbones

227 5143 555 5215 deponere,
601 5159 820 5217 corpus
868 5147 1071 5200 autem
1116 5141 1349 5198 Domini
1399 5142 1566 5215 quod
1610 5142 1891 5198 sacerdos

228 5231 381 5288 dare
423 5231 742 5288 videbatur
784 5232 976 5288 redire
1026 5231 1106 5288 ad
1151 5231 1373 5287 altare:
1431 5230 1560 5286 aliis
1598 5246 1740 5286 vero
1787 5245 1895 5286 an-

231 5318 436 5388 gelum
468 5321 701 5376 Domini
733 5338 869 5376 cum
920 5338 1107 5376 manu
1135 5319 1460 5376 sacerdotis
1490 5335 1726 5375 sacram
1753 5334 1891 5390 par—

234 5409 479 5463 ticulum
531 5411 674 5466 dare
733 5411 1093 5479 fugientibus
1147 5410 1441 5482 praedictis
1493 5408 1887 5479 zEthinpibus.

237 5501 384 5553 Item
406 5498 532 5571 ipse
548 5499 622 5555 de
639 5505 846 5556 sancto
861 5501 1138 5556 Piamonc
1161 5499 1450 5572 perhibet,
1464 5497 1609 5570 quia
1622 5495 1892 5569 quodam

237 5592 508 5660 tempore
529 5603 668 5644 cum
685 5588 1202 5645 sacriﬁcaretvidit
1221 5586 1506 5658 angelum
1520 5585 1620 5641 Dei
1637 5588 1893 5642 stantem

1972 1685 2053 1742 pa
2109 1669 2257 1726 solvi
2312 1677 2638 1733 consuevit.
2697 1681 2776 1734 De
2825 1679 3062 1738 luxuria
3122 1702 3258 1742 vero
3336 1705 3442 1761 per
3494 1691 3635 1749 hoc-

1974 1764 2245 1851 a-pparet,
2279 1761 2423 1833 quia
2481 1764 2626 1820 nulli
2680 1770 2803 1822 tam
2860 1771 3190 1841 periculose
3244 1775 3359 1832 hoc
3416 1786 3633 1851 myste-

1974 1848 2130 1904 rium
2183 1851 2535 1922 contingunt
2583 1871 2771 1927 quam
2824 1857 3133 1917 luxuriosi.
3182 1864 3354 1928 Quod
3409 1848 3634 1924 invdis-

1975 1937 2569 2030 ere-tioneuvirtutum
2623 1944 2848 2016 quibus
2930 1949 3248 2022 participes
3296 1955 3426 2024 ejus
3475 1973 3634 2030 mys-

1977 2027 2103 2082 terii
2150 2027 2370 2099 pollere
2418 2031 2658 2101 debent,
2721 2037 2917 2108 primo
2958 2039 3092 2096 loco
3134 2043 3394 2114 ponitur.
3447 2027 3634 2102 Renes

1976 2121 2203 2171 vestros
2232 2118 2572 2190 accingetis,
2604 2138 2864 2194 quorum
2905 2134 3199 2186 scrutator
3241 2137 3329 2188 est
3377 2136 3549 2201 Deus,
3579 2139 3638 2191 et

1979 2202 2083 2258 ubi
2110 2204 2292 2260 virtus
2322 2208 2557 2264 Satanae
2583 2215 2694 2265 est.
2729 2214 2858 2278 Quo
2883 2221 3092 2273 contra
3119 2221 3434 2277 Zacharias
3464 2223 3637 2278 casti-

1979 2297 2158 2348 tatem
2204 2295 2693 2368 partieipantium
2741 2302 3069 2377 admirans,
3104 2313 3282 2380 atque
3325 2310 3489 2381 ipsas
3526 2312 3635 2368 hu-

1975 2381 2074 2452 jus
2121 2384 2385 2456 mysterii
2431 2387 2657 2458 species
2706 2389 3060 2465 designans,
3090 2395 3202 2452 ait:
3243 2398 3322 2453 Et
3355 2400 3500 2470 quid
3537 2400 3635 2455 bo-

1979 2487 2120 2526 num
2155 2477 2238 2527 est
2276 2473 2406 2537 De",
2437 2480 2490 2530 et
2521 2477 2668 2546 quid
2694 2480 3019 2547 pulchrum
3059 2485 3185 2552 ejus
3226 2487 3344 2540 nisi
3367 2489 3636 2556 frumen-

1980 2565 2104 2614 tum
2171 2562 2521 2632 electorum,
2578 2571 2630 2620 et
2698 2568 2899 2624 vinum
2971 2574 3316 2640 germinans
3377 2577 3636 2646 virgines

1981 2648 2181 2718 (Zach.
2212 2666 2293 2717 1x,
2330 2651 2456 2721 t7)?
2485 2652 2689 2725 Liquet
2717 2661 2918 2712 autem
2949 2659 3267 2734 plerosque
3295 2663 3474 2719 veluti
3501 2682 3635 2721 sues

1979 2737 2330 2793 immundas
2381 2740 2458 2795 ad
2489 2741 2602 2796 hoc
2652 2743 2777 2800 sine
2819 2747 3168 2818 praejudieio
3200 2757 3402 2807 reatus
3435 2753 3526 2808 sui
3557 2771 3633 2810 ac

1979 2825 2210 2895 cedere,
2257 2828 2370 2884 ista
2417 2830 2672 2900 pedibus
2721 2833 2968 2890 calcare.
3001 2837 3291 2894 Verentur
3339 2841 3499 2896 enim
3530 2843 3637 2898 hu-

1981 2915 2176 2969 manis
2207 2931 2410 2972 coram
2442 2918 2748 2975 obtutibus
2778 2924 2974 2991 magis
3006 2941 3181 2981 suam
3211 2930 3638 2987 verecundiam

1980 3008 2238 3074 portare,
2256 3021 2443 3076 quam
2465 3021 2670 3062 coram
2701 3011 3012 3080 majestate
3041 3013 3247 3070 divina
3277 3020 3334 3071 et
3362 3019 3637 3073 omnium

1982 3096 2327 3147 sanctorum
2372 3096 2690 3165 praesentia
2732 3099 3072 3156 temeritatis
3123 3102 3416 3160 offensam
3445 3104 3640 3161 incur-

1981 3197 2127 3237 rere.
2163 3181 2390 3247 Quibus
2420 3184 2686 3255 profecto
2717 3187 2912 3242 cordis
2934 3189 3236 3247 induratio
3267 3209 3405 3249 cum
3437 3211 3546 3250 nec
3577 3211 3639 3250 se

1982 3270 2304 3340 corrigunt,
2357 3286 2467 3327 nec
2529 3273 2630 3329 Dei
2693 3274 3006 3332 visitantur
3071 3279 3308 3351 pietatis
3371 3282 3638 3351 verbere,

1979 3358 2107 3429 jam
2137 3374 2318 3430 paena
2346 3360 2575 3432 peccati
2613 3365 2700 3418 est
2729 3368 2784 3419 et
2829 3369 3205 3439 contemptus
3232 3369 3547 3440 superbiae.
3583 3370 3642 3428 Si

1983 3446 2143 3502 enim
2207 3447 2282 3502 de
2348 3449 2724 3506 Bethsamitis
2791 3455 3168 3526 septuaginta
3235 3457 3518 3529 seniores,
3587 3463 3645 3515 et

1984 3536 2425 3609 quinquaginta
2454 3538 2638 3595 millia
2663 3539 2854 3612 plebis
2893 3546 3160 3615 percussi
3185 3551 3342 3617 sunt,
3375 3563 3445 3603 eo
3476 3549 3643 3620 quod

1987 3625 2256 3682 viderent
2299 3643 2503 3683 arcam
2559 3628 2678 3697 Dei,
2724 3631 2914 3688 multo
2966 3635 3163 3704 magis
3207 3635 3323 3703 isti,
3353 3636 3466 3693 nisi
3503 3637 3645 3694 resi-

1987 3715 2243 3787 puerint,
2308 3718 2662 3775 aeternaliter
2721 3720 3016 3792 plectendi
3084 3728 3241 3792 sunt,
3302 3725 3453 3783 sicut
3516 3728 3644 3800 ipse

1988 3808 2232 3860 testatur
2273 3820 2379 3876 per
2405 3808 2703 3878 Moysem:
2741 3808 2941 3865 Omnis
2967 3812 3073 3881 qui
3117 3815 3426 3870 accesserit
3467 3817 3549 3872 ad
3573 3831 3645 3874 ea

1987 3908 2118 3964 quae
2179 3894 2557 3962 sanctiﬁcata
2604 3902 2765 3966 sunt,
2816 3899 2877 3953 in
2928 3915 3042 3970 quo
3090 3906 3174 3956 est
3236 3903 3641 3970 immunditia,

1985 3981 2206 4051 peribit
2248 3997 2449 4038 coram
2498 3985 2750 4040 Domino
2794 3986 3002 4056 (Levii.
3034 4005 3176 4060 xxn,
3207 3992 3285 4062 3).
3318 3992 3470 4057 Quid
3501 4009 3644 4062 ergo

1990 4070 2039 4126 si
2085 4086 2268 4143 poena
2313 4070 2601 4140 differtur,
2633 4089 2834 4130 nonne
2886 4077 3010 4132 haec
3055 4077 3370 4148 designata
3417 4087 3555 4137 sunt
3583 4082 3644 4138 in

1993 4157 2286 4214 thesauris
2319 4159 2467 4216 Dei?
2493 4161 2843 4218 Considerat
2869 4163 3028 4220 enim
3053 4167 3386 4225 novissima
3411 4185 3644 4239 eorum,

1990 4251 2047 4303 et
2075 4246 2282 4304 reddet
2324 4247 2611 4305 ultionem
2655 4251 2927 4308 hostibus
2971 4254 3112 4310 suis.
3147 4259 3261 4312 Nec
3290 4262 3649 4330 praetereun-

1992 4337 2140 4392 dum
2170 4336 2337 4410 quod
2383 4338 2634 4410 quidam
2663 4339 2744 4397 ita
2774 4341 3084 4398 diabolieis
3128 4344 3506 4403 illusionibus
3537 4348 3647 4405 fal-

1989 4427 2212 4494 luntur,
2245 4431 2310 4483 ut
2338 4427 2586 4485 credant
2613 4430 2777 4502 quod
2807 4432 3088 4504 quamvis
3135 4434 3198 4490 in
3228 4438 3488 4508 peccatis
3522 4439 3648 4494 suis

1986 4517 2245 4589 jaceant,
2275 4516 2430 4573 illius
2461 4522 2663 4576 tamen
2691 4527 3055 4580 sacrosancti
3086 4524 3202 4580 cibi
3225 4542 3295 4583 ac
3315 4533 3493 4600 potus
3519 4544 3650 4600 per-

1993 4605 2264 4678 ceptione
2294 4612 2661 4679 purgentur:
2713 4613 2922 4667 contra
2968 4628 3122 4684 quos
3151 4629 3259 4685 per
3287 4615 3650 4688 prophetam

1994 4695 2244 4751 dicitur:
2283 4697 2542 4752 Dilectus
2578 4713 2742 4753 meus
2772 4699 2834 4754 in
2871 4700 3044 4756 domo
3096 4717 3228 4758 mea
3257 4709 3536 4772 operatus
3565 4709 3650 4760 est

1996 4785 2152 4841 male
2187 4784 2332 4855 (Jer.
2363 4801 2444 4854 x1,
2479 4785 2584 4856 i5).
2635 4787 2917 4860 Nunquid
2959 4805 3169 4846 carnes
3217 4796 3442 4848 sanctae
3481 4809 3652 4850 mun-

1995 4872 2229 4928 dabunt
2277 4873 2489 4928 illum?
2547 4876 2613 4930 Et
2667 4873 2810 4931 item
2867 4876 3018 4933 alius
3083 4878 3158 4935 de
3216 4879 3308 4936 his
3364 4881 3468 4954 qui
3520 4882 3652 4955 plo-

1994 4964 2130 5016 rant
2199 4960 2475 5033 quidem,
2553 4961 2658 5017 sed
2723 4963 3022 5037 laerymas
3101 4984 3243 5024 suas
3325 4969 3652 5042 pollutione

1998 5050 2330 5119 maculant,
2423 5052 2548 5106 ait:
2636 5053 3001 5122 Operiebatis
3081 5059 3366 5128 lacrymis
3457 5063 3654 5115 altare

1997 5156 2211 5206 meum,
2271 5139 2372 5195 sed
2421 5156 2536 5196 non
2595 5143 2909 5212 respiciam
2961 5146 3044 5201 ad
3097 5149 3478 5218 sacriﬁcium,
3532 5163 3652 5202 non

1998 5229 2291 5297 accipiam
2324 5228 2630 5296 placabile
2681 5233 2830 5302 quid
2883 5233 2956 5288 de
3001 5249 3185 5290 manu
3251 5240 3445 5289 vestra
3503 5233 3656 5304 (Μα-

2003 5319 2114 5372 lac.
2149 5334 2208 5382 ιι,
2241 5317 2344 5386 13).
2378 5317 2656 5391 Quisquis
2686 5337 2828 5389 ergo
2872 5321 2930 5375 in
2963 5322 3244 5376 sordibus
3270 5326 3374 5386 est,
3405 5321 3504 5376 det
3543 5322 3651 5377 ho-

2001 5423 2207 5461 norem
2262 5409 2398 5474 Deo,
2457 5413 2512 5463 et
2565 5426 2682 5463 non
2733 5401 3068 5481 'prmsumat
3114 5426 3184 5463 eo
3237 5415 3526 5483 concepto
3576 5411 3653 5467 ad

2001 5496 2132 5567 ejus
2189 5502 2636 5552 sacramentum
2690 5496 3069 5570 impudenter
3117 5498 3420 5564 accedere,
3462 5501 3654 5557 donec

2002 5589 2067 5641 ut
2088 5584 2315 5641 dictum
2344 5589 2450 5654 est,
2478 5585 2634 5643 lavet
2661 5601 2767 5657 per
2790 5583 3202 5656 pcenitentiam
3243 5589 3514 5647 maculas
3537 5589 3650 5645 im—
