4150 6128
553 99 661 159 579

1590 90 1683 159 _s.
1722 88 1986 148 onoms
2024 87 2323 148 sanam
2360 89 2865 157 CLUNIACENSIS
2899 100 2947 156 ιι
3855 124 3944 180 m

553 217 879 312 mundi?“
906 215 965 312 lsi
994 228 1242 312 queque
1272 212 1457 312 modo
1498 212 1749 268 demum
1788 210 1988 269 valeat
2034 213 2217 268 tantas
2255 212 2301 272 Α
2332 211 2555 312 divinis
2573 218 2765 276 oculis
2793 224 3097 291 ornarent,
3113 202 3445 293 uthaguidam
3466 227 3700 289 Patrum
3718 236 3806 307 ait,
3821 242 3940 312 quia

551 305 921 367 reconciliari
951 304 1155 377 gratiae
1180 303 1318 360 licet
1342 302 1605 359 otiensse.

623 397 843 454 XXXIV.
893 395 1008 449 Nec
1055 390 1538 466 praetereundum
1584 388 1752 463 quod
1805 388 2058 462 quidam
2100 387 2217 442 sibi

552 483 709 542 male
732 480 976 548 conscii,
1003 480 1151 537 dum
1177 479 1478 537 continere
1508 494 1571 534 se
1600 477 1982 549 negligunt,a
2006 481 2214 532 sancto

552 572 838 646 mysterio
878 584 1108 627 cessare
1136 568 1387 634 malunt,
1420 571 1475 624 et
1502 566 1717 624 melius
1746 566 1995 639 quidem
2033 569 2125 620 est
2152 568 2215 619 ut

553 665 805 728 cessent,
838 659 948 716 sed
973 673 1097 715 non
1127 657 1349 718 vivunt.
1382 656 1526 731 quia
1555 657 1674 711 nisi
1701 655 2211 712 manducaveritis

554 766 794 809 carnem
810 750 929 819 ﬁlii
948 748 1222 812 heminis,
1241 762 1361 802 non
1387 745 1673 801 habebitis
1698 746 1883 800 vitam
1908 745 2106 814 (Joan.
2128 759 2208 809 v1,

554 840 661 912 54).
678 837 831 903 Quid
852 836 1012 893 enim
1032 834 1295 903 indignis
1315 832 1511 890 ofﬁcio
1534 849 1768 889 cessare
1788 831 2066 904 expediat
2084 846 2208 887 non

554 926 748 984 solum
778 925 1005 981 ratione
1036 922 1399 981 auctoritatis
1427 922 1663 988 divinae,
1683 921 1787 977 sed
1805 921 1985 977 etiam
2013 936 2210 976 exem-

552 1015 668 1089 plis
718 1014 1075 1089 plerumque
1132 1015 1518 1069 monstratur.
1575 1013 1657 1066 Ex
1713 1009 1935 1083 quibus
1981 1006 2208 1081 aliquid

554 1118 1121 1160 commemoramus.
1149 1104 1415 1157 Testatus
1445 1105 1535 1156 est
1573 1099 1722 1155 mihi
1766 1104 1918 1170 Bego
1962 1097 2208 1155 canoni-

554 1211 660 1253 cus
685 1192 873 1249 sancti
900 1189 1137 1246 Martini
1165 1189 1239 1245 de
1269 1189 1541 1261 quodam
1580 1188 1909 1257 sacerdote,
1939 1187 2045 1260 qui
2070 1203 2211 1242 cum

553 1283 648 1340 die
679 1279 987 1339 Dominico
1017 1279 1094 1334 de
1139 1282 1357 1334 venatu
1386 1277 1644 1345 redierit,
1675 1282 1733 1332 et
1769 1277 2024 1333 missam
2063 1275 2212 1331 cele-

550 1371 727 1429 brare
749 1366 1220 1443 pressumpserit,
1248 1382 1393 1423 mox
1421 1371 1486 1421 ut
1537 1366 1617 1423 ad
1658 1366 1874 1422 horam
1904 1380 2212 1422 consecra-

552 1453 727 1514 tionis
770 1456 1020 1509 ventum
1068 1455 1173 1517 est,
1223 1449 1357 1506 illas
1412 1466 1590 1506 voces
1644 1466 1797 1523 quas
1845 1454 1984 1522 post
2031 1464 2212 1504 canes

2329 304 2394 361 in
2419 305 2535 362 hoc
2564 313 2771 365 sancto
2798 325 2998 382 opere,
3014 327 3136 367 non
3153 314 3640 385 vestimenta,sed
3659 304 3824 382 corda
3836 304 3944 387 inu-

2331 395 2518 487 tanda
2549 403 2703 487 sunt.
2727 408 2894 467 Nam,
2921 406 2984 457 ut
3005 401 3219 458 beatus
3246 402 3939 487 Hieronymusinepistola

2329 485 2410 577 ad
2442 486 2747 577 Rusticum
2773 495 3154 560 protestetur,
3168 491 3315 548 nihil
3332 492 3434 548 illo
3453 485 3941 577 ditiusquicorpus

2329 576 2566 632 Domini
2613 577 2874 634 canistro
2904 579 3182 650 viminco,
3215 582 3567 651 sanguinem
3613 593 3797 646 autem
3822 576 3939 652 vase

2326 664 2515 720 vitreo
2543 670 2757 737 portat,
2786 667 2937 724 sicut
2988 670 3175 725 sancti
3220 670 3484 743 episcopi
3521 674 3792 734 Caesarius
3820 686 3939 738 Are-

2324 751 2590 823 latensis,
2623 760 2679 811 et
2710 757 2995 813 Eusebius
3024 757 3374 827 Tolosanus,
3405 760 3511 816 sed
3538 767 3593 819 et
3627 766 3941 826 Ambrosius

2324 843 2796 915 Mcdiolanensis,
2839 847 2944 919 qui
2995 864 3106 921 pro
3153 848 3559 922 redemptione
3594 855 3938 925 captivorum

2324 950 2466 990 suas
2494 936 2775 992 ecclesias
2820 937 2902 992 ita
2932 938 3329 1006 nudaverant,
3362 944 3428 995 ut
3461 939 3591 1011 ipsa
3618 941 3835 1001 initiata
3857 964 3945 1003 va-

2324 1042 2414 1089 sa,
2432 1025 2620 1082 fracta
2630 1026 2901 1082 videlicet
2920 1042 3029 1098 pro
3055 1027 3140 1083 eis
3160 1028 3574 1085 venundarent
3597 1048 3611 1085 :
3640 1032 3800 1089 valde
3818 1049 3943 1091 con-

2324 1130 2543 1185 gruum
2588 1116 2969 1179 aestimantes,
3002 1121 3068 1171 ut
3108 1133 3371 1189 quorum
3417 1117 3632 1174 animae
3671 1136 3773 1193 per
3818 1123 3944 1180 illud

2322 1205 2702 1277 mysterium,
2724 1206 2893 1279 quod
2912 1206 2970 1261 in
3000 1206 3182 1262 calice
3203 1207 3285 1272 ﬁt,
3318 1206 3397 1262 ab
3427 1213 3647 1265 aeterna
3671 1212 3945 1283 captivita-

2322 1297 2378 1349 te
2402 1292 2732 1364 salvantur,
2756 1310 2963 1351 eorum
2994 1310 3269 1366 corpora,
3301 1296 3351 1350 si
3374 1311 3637 1364 necesse,
3665 1298 3799 1355 sita
3819 1305 3946 1357 tem-

2322 1381 2516 1453 porali
2552 1382 2887 1455 captivitate
2928 1382 3210 1438 distracto
3253 1384 3436 1439 calice
3486 1384 3860 1445 redimantur.
3890 1389 3947 1446 Hi

2323 1486 2466 1541 ergo
2495 1471 2649 1527 bene
2671 1471 3010 1541 immolant,
3044 1472 3145 1543 qui
3177 1472 3491 1528 avaritiam
3518 1472 3593 1529 de
3622 1476 3832 1547 templo
3855 1479 3947 1548 eji-

552 1544 816 1633 emittere
847 1540 1094 1633 Splebéiv
1125 1539 1452 1633 ἱῑιξῖιίὶωδΐθ
1479 1554 1662 1633 _suPel'
1707 1543 1986 1633 5339mm
2029 1538 2211 1633 alme
2249 1568 2294 1624 Β
2324 1538 2505 1617 ciunt.
2540 1562 2650 1627 Qui
2695 1566 2897 1618 autem
2942 1538 3384 1633 pulchritudine
3421 1578 3703 1619 vasorum
3731 1538 3817 1620 vel
3842 1538 3949 1621 ves-

553 1633 751 1707 ccepit.
779 1630 893 1686 Sed
922 1635 978 1687 et
1003 1628 1155 1683 alius
1186 1629 1301 1683 Leo
1325 1627 1571 1683 nomine
1602 1626 1860 1683 venandi
1890 1632 2211 1683 consuetu-

552 1718 758 1774 dinem
803 1713 1105 1770 habebat:
1146 1711 1252 1783 qui
1307 1716 1504 1769 tamen
1542 1727 1752 1767 amens
1801 1710 1992 1768 factus
2022 1715 2129 1781 est,
2156 1714 2214 1766 et

552 1822 660 1879 per
702 1803 894 1860 multa
931 1802 1065 1859 loca
1101 1805 1446 1858 sanctorum
1500 1800 1817 1871 deductus,
1849 1800 2091 1857 tandem
2119 1816 2210 1855 re-

551 1898 721 1968 perto
748 1908 932 1948 sensu
956 1895 1161 1947 noster
1189 1890 1527 1947 monachus
1548 1888 1740 1946 factus
1770 1894 1860 1946 est
1876 1902 1901 1962 ,‘
1930 1895 1986 1946 et
2006 1893 2070 1946 ut
2084 1890 2211 1962 ipse

551 1984 693 2054 vidi,
723 1983 785 2039 in
816 1985 1048 2039 tantum
1080 1995 1269 2052 usque
1317 1979 1396 2035 ad
1424 1978 1610 2053 ﬁnem
1654 1979 1925 2048 religiose
1965 1995 2211 2036 conver-

550 2077 717 2130 satus
743 2076 850 2140 est,
876 2074 940 2126 ut
969 2068 1309 2142 frequenter
1334 2084 1475 2124 cum
1523 2067 1688 2125 solus
1719 2072 1914 2125 oraret
1962 2068 2211 2139 capillos

552 2158 666 2216 sibi
711 2158 1021 2216 detrahere
1074 2155 1307 2213 soleret.
1348 2156 1521 2218 Quod
1564 2157 1744 2213 etiam
1786 2156 1880 2213 ille
1925 2173 1961 2212 a
2003 2162 2210 2213 sancto

554 2248 865 2306 Benedicto
917 2250 1159 2303 curatus
1219 2262 1329 2302 suo
1376 2244 1752 2303 demonstrat
1791 2245 2051 2301 interitu.
2100 2245 2212 2312 Qui

551 2355 691 2394 cum
750 2335 1085 2413 postposita
1138 2334 1267 2405 ejus
1316 2334 1717 2407 prohibitione
1786 2350 2031 2391 sacrum
2096 2335 2210 2391 hoc

549 2426 817 2484 ofﬁcium
859 2423 1160 2496 suscipere
1204 2423 1711 2496 prmsumpsisset,
1753 2438 1897 2479 mox
1946 2421 2210 2478 dazmoni

548 2514 801 2572 traditus
880 2516 968 2568 est
1046 2513 1104 2566 et
1172 2525 1364 2581 usque
1446 2510 1526 2567 ad
1597 2514 1853 2565 mortem
1934 2514 2203 2566 vexatus.

549 2599 829 2659 Nonnulli
872 2614 1012 2655 vero
1062 2596 1341 2653 vanitatis
1390 2596 1586 2653 studio
1634 2596 1840 2665 dediti,
1882 2597 2105 2653 auratis
2153 2602 2211 2653 et

551 2689 844 2747 accuratis
908 2685 1171 2744 vestibus
1224 2690 1281 2742 et
1336 2686 1499 2742 vasis
1550 2685 1794 2758 pretiosi
1849 2686 2071 2742 metalli
2129 2685 2203 2742 ad

550 2779 665 2836 hoc
695 2782 970 2835 sanctum
1000 2774 1354 2847 mysterium
1370 2774 1801 2831 celebrandum
1816 2774 2204 2832 delectantur.

552 2868 664 2935 Qui
689 2867 843 2924 bene
874 2864 1122 2940 quidem
1149 2863 1430 2935 facerent,
1464 2864 1512 2919 si
1541 2864 1727 2921 corda
1754 2880 1865 2920 sua
1887 2864 2109 2937 pariter
2145 2865 2209 2921 in

621 2992 732 3062 (69)
767 2989 1588 3062 Vizeliacumrmonasterium.
1618 2987 1838 3062 Dicitur
1866 2991 1924 3043 et
1948 2989 2208 3062 _Vizelia-

550 3058 653 3121 cus
683 3058 849 3135 apud
868 3062 1108 3135 Petrum
1132 3059 1563 3135 Venerabilem,
1593 3061 1918 3135 Yeziiiaeus
1941 3058 2004 3114 in
2033 3058 2202 3135 epist.

547 3130 792 3191 Joannis
819 3130 1103 3203 Sarisber.
1137 3135 1192 3203 et
1232 3132 1593 3203 Virgeliacus
1622 3131 1683 3186 in
1704 3130 2043 3203 diplomate
2074 3133 2207 3186 Pas-

550 3206 737 3261 chalis
763 3204 806 3257 Il
839 3202 918 3259 ad
961 3199 1271 3257 Altardum
1309 3199 1613 3256 abbatem.
1648 3224 1677 3249 «
1701 3199 2071 3256 Fu‘ndatores
2103 3217 2206 3256 an-

548 3281 670 3352 tem
702 3274 891 3352 illius,
935 3276 1001 3327 ut
1052 3271 1245 3352 inquit
1291 3270 1816 3352 idemfaschalis,
1859 3271 2208 3352 exstiterunt

549 3345 838 3403 Geraldus
866 3340 1069 3399 comes
1096 3340 1646 3413 virrnobilissimus,
1664 3348 1883 3398 etuxor
1907 3343 2037 3413 ejus
2068 3345 2201 3398 Ber-

550 3418 688 3497 tha;
716 3416 823 3497 qui
842 3419 900 3471 et
918 3412 1253 3497 ipsumnpia
1281 3412 1596 3497 devotione
1624 3412 1682 3469 et
1705 3412 2040 3494 testamenti
2068 3430 2205 3497 eon-

548 3483 887 3566 firmaﬁone
915 3483 1292 3566 beato‘P—etrg
1321 3483 1732 3566 apostolorum
1757 3484 2207 3566 principiaobtuT

546 3558 805 3625 lerunt,»
838 3552 1226 3626 temporibus
1238 3552 1430 3609 Caroli
1459 3553 1619 3611 Calvi
1646 3552 1822 3626 regis,
1847 3552 1979 3626 non
2009 3554 2205 3626 Caroli

548 3623 775 3699 magni,
807 3623 1167 3699 sicut—habet
1203 3624 1607 3699 fragmentum
1638 3623 2203 3699 vetusfundationis

546 3696 1066 3772 hujuscmnobii:
1100 3696 1273 3772 Quod
1320 3697 1721 3772 tamen,_quia
1772 3697 2203 3772 Nicplausﬁat

547 3766 865 3839 muzatius,
898 3768 986 3824 vir
1029 3766 1105 3839 de
1149 3766 1499 3839 antiquitate
1543 3766 1699 3824 bene
1745 3768 2013 3836 meritus,
2056 3768 2204 3825 illud

547 3838 1170 3916 mihieperhumaniter
1194 3842 1252 3894 et
1276 3838 1364 3916 ad
1378 3838 1688 3916 utilitatem
1712 3839 2021 3915 publicam
2042 3855 2203 3896 com-

547 3909 896 3979 municavit,
926 3910 1022 3966 hic
1050 3909 1314 3966 inseram
1350 3909 1670 3981 integrum.

607 4040 911 4099 Fundatic
940 4036 1191 4094 ρωποι)ἰί
1231 4037 1647 4094 νεζειίασεηειζς
1677 4051 1754 4094 ex
1777 4037 2140 4095 velutissimo

1010 4108 1208 4165 codice
1235 4123 1344 4164 ms.
1376 4109 1742 4179 imperfecto.

616 4239 644 4268 ‹‹
671 4213 1064 4288 Temporibus
1093 4212 1288 4269 Caroli
1315 4214 1508 4283 Magni
1550 4213 1927 4288 imperatoris
1963 4218 2020 4288 et
2042 4213 2198 4288 regis

2323 1650 2474 1706 tium
2505 1650 2821 1713 studet,ad
2851 1649 3037 1705 solius
3066 1650 3167 1705 Dei
3194 1650 3439 1706 laudem
3470 1652 3533 1706 id
3556 1653 3748 1709 faciat.
3781 1657 3948 1711 lenii-

2321 1737 2487 1793 nisse
2518 1743 2721 1795 tamen
2747 1738 3126 1812 debet,quod
3149 1740 3445 1812 propheta
3465 1740 3542 1796 de
3572 1741 3946 1798 ministrorum

2320 1827 2619 1884 munditia
2672 1827 2866 1898 magis
2918 1826 3203 1883 sollicitus
3256 1833 3402 1895 erat,
3451 1828 3559 1901 qui
3612 1845 3733 1885 non
3785 1829 3944 1885 dixit:

2320 1917 2595 1973 Mundate
2625 1932 2776 1973 vasa
2806 1916 3061 1984 Domini,
3094 1917 3221 1983 sed,
3253 1918 3634 1974 mundamini
3659 1919 3761 1990 qui
3795 1920 3947 1988 fertis

2322 2021 2468 2064 vasa
2486 2007 2730 2063 Domini
2756 2006 2901 2078 (Isa.
2930 2023 3025 2076 ιιι,
3062 2008 3170 2075 tt).
3204 2006 3483 2063 Nonnulli
3508 2023 3669 2075 vero,
3694 2012 3756 2063 ut
3775 2024 3845 2064 ne
3862 2024 3949 2064 nec

2319 2100 2445 2151 atro
2488 2096 2697 2152 ordine
2740 2095 3042 2162 dicamus,
3072 2095 3296 2168 quibus
3338 2112 3449 2152 nec
3495 2112 3741 2170 passum
3776 2097 3944 2170 pedis,

2318 2198 2430 2241 nec
2459 2185 2654 2258 ipsam
2685 2201 2859 2241 suam
2901 2184 3272 2242 voluntatem
3306 2185 3367 2241 in
3402 2190 3695 2258 potestate
3734 2202 3837 2242 sua
3862 2187 3947 2241 ha-

2317 2271 2462 2330 bere
2514 2274 2892 2347 permittitur,
2945 2274 3022 2330 de
3072 2274 3330 2347 propriis
3375 2274 3620 2330 cistellis
3675 2281 3949 2348 sumptuo—

2320 2379 2458 2419 sum
2507 2364 2585 2419 ad
2629 2364 2915 2437 mysteria
2960 2365 3310 2436 peragenda
3348 2365 3696 2437 producunt
3721 2377 3949 2435 appara-

2316 2457 2467 2523 tum,
2500 2466 2682 2525 quem
2726 2458 2935 2509 contra
2959 2453 3455 2509 consuetudinem
3491 2453 3948 2524 sanctionemque

2317 2540 2663 2597 sanctorum
2710 2546 2949 2597 Patrum
3001 2542 3077 2598 de
3131 2543 3338 2616 iniquo
3375 2558 3734 2599 mammona
3776 2540 3950 2613 acquio

2315 2634 2486 2701 runt,
2553 2635 2609 2686 et
2668 2630 2843 2703 quasi
2904 2630 2983 2686 ad
3044 2637 3323 2687 ornatum
3388 2631 3659 2688 ecclesiae.
3722 2628 3949 2686 relicturi

2316 2717 2647 2791 possident.
2680 2723 2945 2784 Quorum
2988 2735 3148 2776 unus
3194 2720 3289 2776 ille
3333 2736 3444 2794 per
3496 2722 3673 2792 cujus
3717 2718 3951 2775 occasio-

2318 2821 2459 2861 nem
2498 2807 2632 2879 (69).
2666 2806 3021 2863 Vizeliacum
3063 2823 3258 2880 nuper
3304 2810 3748 2866 monasterium
3788 2811 3870 2863 est
3902 2806 3953 2861 in

2247 2924 2289 2977 ο
2317 2896 2545 2952 cineres
2587 2896 2921 2965 redactum,
2952 2913 3115 2969 cum,
3147 2898 3301 2954 sicut
3335 2899 3713 2965 audivimus,
3743 2897 3813 2953 de
3839 2911 3955 2951 can-

2316 3002 2673 3084 impcratore
2704 3008 2760 3060 et
2805 3019 2943 3073 rege
2994 3007 3375 3088 Francorum,
3404 3012 3461 3062 et
3504 3005 3830 3086 diplomate
3858 3016 3950 3057 suo

2314 3088 2377 3129 in
2434 3075 2617 3131 tutela
2665 3079 2725 3131 et
2771 3076 3149 3146 salvagardia
3203 3077 3364 3133 istud
3422 3082 3855 3134 monasterium
3906 3078 3951 3128 et

2314 3148 2649 3217 monachae
2692 3146 2918 3203 ibidem
2970 3150 3088 3203 Deo
3140 3148 3553 3207 deservientes
3591 3166 3723 3205 cum
3754 3147 3949 3217 depen-

2313 3215 2529 3273 dentiis
2549 3218 2769 3289 posuit,
2790 3224 2849 3274 et
2875 3219 3123 3289 accepit.
3163 3220 3362 3276 Dictus
3391 3236 3547 3277 vero
3573 3215 3842 3277 Girardus
3866 3232 3948 3273 co-

2313 3289 2680 3363 mes‘voluit
2730 3294 2787 3363 et
2842 3289 3045 3363 statuit
3091 3307 3201 3346 suo
3255 3290 3447 3363 ipsius
3502 3294 3868 3355 testamento,
3897 3290 3949 3341 ut

2312 3359 2545 3431 quoties
2585 3360 2892 3416 abbatissa
2919 3360 2997 3415 ab
3027 3359 3309 3417 humanis
3340 3362 3700 3431 discederet,
3726 3372 3946 3431 congre-

2313 3429 2472 3499 gatio
2500 3431 2856 3488 monialium
2902 3431 3128 3487 ibidem
3160 3436 3279 3489 Deo
3331 3429 3759 3490 famulandum
3787 3429 3947 3486 habe-

2310 3507 2445 3558 rent
2483 3518 2847 3574 concessam
2880 3508 3233 3574 potestatem
3277 3520 3418 3560 cum
3463 3505 3717 3562 consilio
3747 3504 3948 3574 sancto-

2309 3588 2447 3645 rum
2478 3573 2764 3645 virorum,
2798 3572 3047 3630 alteram
3070 3574 3248 3630 bonae
3278 3576 3411 3630 vitae
3443 3581 3500 3632 et
3540 3576 3681 3633 boni
3711 3573 3947 3630 testimo-

2312 3643 2396 3698 nii
2446 3660 2522 3718 ei;
2574 3660 2643 3718 eo
2692 3643 2996 3718 censortio
3040 3645 3501 3718 atqueicollegio
3539 3647 3801 3718 electam,
3830 3657 3948 3718 culp

2312 3714 2749 3795 approbatione
2779 3716 3000 3797 summi
3040 3711 3357 3797 pontiﬁcis,
3392 3711 3946 3800 praeﬁcere..Deinde

2313 3785 2649 3859 Ludovrcus
2679 3786 2873 3842 dictus
2918 3789 3074 3854 Pius,
3102 3787 3261 3843 ﬁlius
3310 3789 3503 3846 Caroli
3558 3793 3747 3859 Magni
3775 3791 3946 3859 etim-

2389 3856 2478 3933 rio
2508 3861 2567 3913 et
2589 3873 2776 3927 regno
2792 3859 3065 3933 _Franciaa
3092 3875 3422 3933 successor,
3453 3856 3805 3933 hujusmo‘di
3830 3856 3945 3933 fun-

2354 3928 2617 3984 ationem
2671 3934 2728 3984 et
2772 3927 3141 4007 dctationem
3179 3927 3653 4007 approbavitjet
3678 3931 3946 4007 monaste-

2309 3998 2469 4058 rium
2506 4015 2651 4075 vum
2691 3999 2921 4075 ancillis
2976 4005 3093 4057 Deo
3145 3998 3635 4075 servientibusin
3665 3998 3949 4075 protectio-

2308 4085 2452 4145 nem
2482 4074 2540 4127 et
2567 4070 3007 4145 salvagardiam
3035 4073 3301 4145 accepit,
3332 4078 3390 4129 et
3434 4074 3647 4131 omnia
3665 4070 3804 4145 ‘quaa
3832 4070 3946 4124 acta

2310 4140 2550 4215 fuerant
2575 4141 2657 4197 ab
2682 4142 2818 4215 ipso
2845 4143 3095 4215 Girardo
3119 4140 3333 4215 comite
3363 4150 3421 4200 et
3444 4146 3662 4201 Bertha
3680 4140 3730 4215 éj
3740 4159 3806 4197 us
3820 4152 3947 4195 uxo-

2310 4228 2373 4268 re
2390 4213 2797 4285 Aconﬂrmavit.
2827 4214 3001 4285 Quod
3029 4214 3292 4285 similiter
3340 4214 3476 4285 fecit
3504 4213 3782 4273 Nicolaus
3809 4223 3950 4285 papa

543 4276 908 4344 Ρταηοοτιῖω
940 4286 1096 4340 circa
1124 4299 1353 4357 annum
1398 4276 1785 4357 ῧοωίιιίῖδ2ι»
1819 4276 2197 4341 δίτειειιιεῖλθ
2236 4276 2281 4330 ι)
2311 4283 2541 4357 primus
2586 4276 2989 4357 ηοωμίηθῖειιιί
3045 4284 3403 4357 huiusmodi
3442 4276 3855 4357 fundationefn
3882 4276 3949 4357 '9‘

542 4357 878 4437 Boussillon
908 4371 1110 4437 comes
1142 4354 1517 4437 Nivernensis
1551 4360 1607 4411 et
1635 4356 1850 4437 B_ertl_1a
1874 4357 2004 4437 ejus
2024 4373 2195 4437 unor,

543 4427 728 4484 divini
772 4425 1035 4483 nominis
1082 4425 1352 4481 succensi
1395 4440 1620 4491 amore,
1652 4426 1727 4482 de
1773 4425 1949 4482 bonis
2000 4427 2123 4482 suis
2163 4442 2199 4483 a

544 4515 787 4556 summo
812 4499 1091 4569 largitore
1118 4496 1367 4570 collatis,
1386 4498 1820 4570 monasterium
1849 4498 2069 4570 inloco
2094 4498 2199 4570 qui

540 4571 757 4628 dicitur
781 4568 1124 4627 Vezeliacus
1151 4568 1214 4624 in
1258 4582 1448 4639 regno
1498 4568 1874 4639 Burgundiae,
1906 4569 1967 4625 in
2014 4568 2202 4624 hono-

542 4658 670 4699 rem
713 4639 1161 4713 Domininostri
1189 4637 1349 4713 Jesu;
1380 4637 1741 4713 Christi.‘BB.
1775 4639 2197 4713 Apostolorum

538 4714 688 4770 Petri
729 4719 786 4771 et
814 4712 997 4778 Pauli,
1028 4714 1083 4765 et
1113 4711 1171 4765 Β.
1204 4710 1398 4766 Maria:
1430 4710 2193 4779 Magdalenes'construxit.

539 4786 606 4840 Et
629 4786 775 4857 quia
818 4782 1179 4857 territorium
1216 4780 1381 4853 quod
1428 4780 1745 4857 diciturde
1778 4781 2110 4857 Vezeliaco,
2136 4782 2198 4839 in

536 4852 671 4927 quo
694 4852 1297 4927 construeredictuin
1341 4853 1778 4927 monasterium
1826 4853 1886 4909 in
1917 4853 2072 4927 votis
2090 4855 2198 4927 rha-

537 4923 744 4996 ﬁebat,
769 4929 898 4981 erat
927 4925 1003 4980 de
1031 4923 1320 4996 domanio
1357 4924 1527 4996 regni
1558 4925 1842 4995 Francius,
1874 4940 2013 4980 cum
2038 4924 2197 4981 dicto

542 4994 752 5053 Carolo
802 5011 942 5069 rege
974 4994 1270 5069 Francia;
1294 4998 1351 5051 et
1406 4995 1785 5069 imperatore,
1829 4994 2197 5069 permutavit

538 5084 679 5140 cum
737 5063 1027 5140 territorio
1083 5066 1161 5140 ad
1214 5063 1442 5140 dictum
1489 5063 1812 5140 :Girardum
1840 5063 2194 5140 "pertinente

535 5138 861 5210 vulgariter
904 5137 1069 5210 dicto
1108 5139 1273 5194 Mons
1324 5135 1562 5207 Regalis
1603 5155 1749 5210 _cum
1780 5135 2072 5210 territorio
2120 5137 2195 5193 de

536 5208 866 5281 Yezeliaco,
909 5209 1077 5281 quod
1127 5222 1407 5281 annuens
1455 5208 1779 5281 praedictus
1828 5210 1977 5281 imp.
2008 5208 2196 5264 Girar-

535 5280 649 5338 dus
689 5279 895 5340 comes
930 5279 1330 5350 Nivernensisg
1369 5283 1427 5335 et
1458 5279 1600 5350 ejus
1641 5298 1792 5338 uxor
1828 5279 2042 5338 Bertha
2069 5295 2196 5335 mo-

535 5355 863 5411 nasterium
920 5358 976 5409 et
1030 5348 1443 5407 habitaculum
1501 5348 1858 5408 ancillarum
1924 5352 2023 5407 Dei
2081 5350 2194 5406 sub

536 5423 759 5497 Regula
808 5421 1206 5497 R.Bened_icti
1238 5422 1575 5497 _viventium
1630 5422 1974 5497 construxit,
2025 5419 2194 5497 deta-

533 5491 715 5553 vit'et
763 5494 1051 5551 fundavit.
1088 5491 1259 5558 Quod
1309 5507 1449 5548 cum
1495 5494 1779 5549 omnibus
1825 5492 2006 5547 rebus
2036 5491 2192 5548 illius

530 5567 881 5624 monasterii
932 5569 1150 5621 sancta
1195 5566 1480 5620 Romanas
1529 5564 1822 5627 Ecclesia,
1872 5567 2194 5620 testamen-

529 5638 590 5691 to
638 5635 925 5693 subdidit.
981 5634 1154 5701 Quod
1199 5639 1626 5692 testamentum
1674 5635 2097 5692 conﬁrmatum
2136 5640 2195 5692 et

522 5712 733 5767 ratum
774 5705 885 5766 fuit
919 5706 1000 5766 ab
1023 5703 1416 5763 invictissimo
1440 5711 1498 5766 et
1524 5704 1957 5780 gloriosissimo
1979 5706 2195 5766 Carolo

2310 4348 2699 4427 donationem
2728 4348 3013 4420 lauda'vit,
3046 4348 3207 4412 anno
3238 4356 3469 4413 Domini
3499 4361 3627 4424 858,
3661 4356 3751 4413 sui
3774 4348 3949 4427 ponti-

2310 4426 2524 4499 ficatus
2554 4425 2772 4499 primo,
2805 4431 2861 4482 et
2888 4427 3243 4499 praedictum
3273 4430 3713 4486 monasterium
3745 4424 3851 4499 sub
3876 4435 3949 4475 se-

2306 4497 2402 4551 dis
2461 4497 2803 4572 apostolicea
2862 4497 3175 4572 tuitionem
3233 4502 3584 4572 acceptavit,
3645 4497 3948 4572 omniaque

2307 4584 2442 4695 gues
2471 4569 2579 4642 per
2601 4570 2885 4625 eumdem
2915 4570 3195 4626 comitem
3225 4575 3282 4625 et
3305 4569 3434 4641 ejus
3456 4588 3715 4628 uxorem
3742 4569 3800 4624 in
3820 4578 3950 4647 prm-

2351 4641 2468 4695 icta
2495 4639 2843 4695 fundatione
2874 4640 3149 4695 ordinata
3194 4640 3446 4695 fuerant.
3482 4641 3876 4695 confirmant.
3904 4636 3950 4687 et

2351 4636 2843 4716 icta'fundatione
2874 4640 3149 4716 ordinata
3194 4636 3446 4716 fuerant,
3482 4636 3952 4716 confirmavimﬁi

2308 4711 2569 4767 maxime
2603 4710 2804 4767 statuit
2850 4715 2915 4765 ut
2943 4711 3200 4767 obeunte
3231 4702 3542 4771 abbatissa
3587 4728 3713 4769 non
3744 4709 3856 4766 alia
3880 4702 3952 4760 ibi

2305 4781 2643 4855 ordinetur,
2661 4782 2777 4838 nisi
2806 4797 2993 4855 quam
3025 4797 3363 4855 consensus
3402 4786 3845 4841 monachorum
3871 4791 3952 4855 se-

2306 4854 2577 4909 cundum
2611 4846 2888 4925 timorem
2933 4854 3059 4920 Dei,
3087 4860 3147 4909 et
3174 4854 3332 4911 beati
3382 4857 3713 4923 Benedicti,
3739 4846 3952 4925 regula;

2305 4923 2933 5001 remninstitutionem
2978 4917 3238 5001 elegerit,
3267 4931 3355 5001 ‘et
3405 4917 3760 5001 apostolica:

2305 4993 2571 5069 pontifex
2622 4995 2961 5067 praeviderit
2989 4993 3413 5069 ordinandam,
3445 4993 3550 5056 aut
3586 4993 3951 5069 suggest-i011,e

2306 5066 2747 5141 monacharum
2777 5067 3146 5141 consenserit
3174 5066 3531 5126 ordinatam.
3569 5066 3820 5140 Aliaque
3844 5066 3951 5141 pri-

2303 5135 2548 5211 vilegia,
2616 5139 3026 5211 exemptiones
3051 5181 3091 5211 ,ν
3126 5142 3567 5207 concessiones,
3626 5146 3684 5197 et
3724 5135 3953 5211 ’ςηῠεξξ

2304 5206 2628 5283 abbatissae
2676 5215 2735 5266 et
2779 5206 3099 5283 conventui
3154 5206 3569 5283 praenominati
3623 5206 3953 5283 monasterii

2304 5279 2570 5349 contulit,
2602 5283 2915 5349 conces<it,
2963 5279 3742 5357 etdonavitpostmodum
3788 5279 3950 5357 Joanf

2302 5365 2425 5426 nes
2441 5357 2689 5426 octavus
2720 5369 2880 5426 papa
2908 5352 3094 5426 quiin
3126 5352 3409 5411 cathedra
3438 5356 3585 5412 Petri
3607 5352 3952 5426 imperatore

2304 5420 2600 5478 Ludovico
2655 5416 2948 5479 secundo-
2980 5424 3099 5492 Pio,
3160 5426 3370 5481 Carolo
3432 5416 3717 5484 secundo.
3768 5416 3949 5475 Calvo.

2304 5493 2605 5550 Ludovico
2668 5496 2837 5550 tertio
2891 5495 3094 5563 Balbo,
3153 5501 3208 5552 et
3265 5497 3480 5554 Carolo
3524 5496 3699 5554 tertio
3756 5493 3951 5548 Crasso

2301 5567 2585 5642 Augustis
2606 5565 2777 5631 sedit,
2794 5566 3107 5642 privnlegia
3125 5582 3231 5639 per
3245 5569 3506 5627 eundem
3530 5566 3844 5642 Nicolaum
3862 5570 3949 5642 ΡΤ

2303 5650 2450 5708 pam
2479 5637 2675 5695 eidem
2702 5637 3071 5694 monasterio
3103 5637 3389 5697 concessa
3416 5637 3833 5698 conﬁrmavit:
3863 5639 3953 5708 ριέ

2306 5710 2480 5780 cepto
2509 5708 2805 5768 duntaxat
2839 5708 3010 5783 quod
3037 5708 3231 5766 dictus
3255 5710 3528 5771 Nicolaus
3553 5708 3674 5767 sub
3720 5707 3952 5763 nomine
