4092 6158
1206 152 1739 213 σοιιεοτίοΝωί
1777 149 1959 211 1111111
1996 152 2192 212 TRES.
2228 186 2299 201 —-
2336 161 2467 218 LIB.
2507 162 2555 219 Il

158 277 305 334 dela
332 290 523 349 quam
552 274 631 330 ad
668 275 960 371 cistellam
987 292 1161 334 suam
1190 278 1581 349 aperiendam
1608 277 1821 371 depor-
1859 277 1907 333 Α
1936 277 2098 334 mins
2116 295 2136 371 ξ
2183 283 2245 337 Et
2283 284 2433 356 quid
2479 286 2594 343 scis
2632 288 2681 344 si
2735 290 3010 350 meliores
3047 300 3243 365 erunt,
3294 299 3403 371 qui
3456 302 3589 362 illos

161 371 344 437 tarat,
372 366 532 436 ignis
565 369 714 422 tecto
739 365 995 439 irrepsit.
1019 370 1240 423 Contra
1268 368 1426 425 hanc
1453 368 1694 423 stultam
1720 366 1824 421 de-

160 457 493 519 votionem,
526 455 650 512 imo
675 455 1010 525 avaritiam,
1032 457 1295 513 Joannes
1309 457 1453 513 dicit
1475 474 1487 512 :
1507 459 1565 513 N
1569 458 1679 514 111ἐί
1701 472 1828 513 am-

158 546 329 615 plius
367 558 548 616 quam
596 545 755 614 quod
801 544 961 600 vobis
1003 547 1392 603 constitutum
1432 553 1538 609 est,
1582 546 1827 615 faciatis

164 635 336 705 (Luc.
367 649 450 703 111,
478 634 583 703 13).
628 635 694 688 Et
722 637 877 689 certe
910 632 1076 691 nulla
1105 635 1219 690 hoc
1256 634 1464 703 regula
1498 634 1690 704 jubet,
1722 632 1828 688 sed

164 723 367 792 magis
393 722 624 779 nudam
650 737 890 779 crucem
910 738 1042 779 esse
1062 723 1285 781 clamat
1314 740 1349 779 a
1380 724 1545 781 nudo
1571 739 1827 795 sequen—

163 812 335 868 dam.
359 811 588 877 Quibus
615 810 770 867 bene
794 812 1068 882 congruit
1082 811 1227 868 illud
1243 813 1691 885 propheticum:
1726 813 1826 868 Ve-

160 903 294 958 m’tc
321 902 384 958 in
406 901 642 969 Remel,
671 906 726 957 et
751 902 932 970 impie
960 902 1137 971 agile,
1167 908 1221 959 et
1266 903 1569 960 unmch
1605 902 1678 959 de
1705 903 1829 971 fw

165 995 432 1047 mentato
459 990 682 1059 (Amos.
713 1006 793 1057 IV,
827 992 907 1055 4).
957 989 1099 1047 Cain
1139 990 1500 1047 sacriﬁcium
1530 990 1830 1047 obtulerat

166 1083 312 1145 Deo,
344 1078 451 1135 sed
475 1078 621 1151 quia
643 1078 937 1136 fermento
960 1079 1201 1137 malitia:
1240 1096 1581 1152 respersum
1613 1079 1824 1148 fuerat,

162 1168 392 1225 idcirco
420 1184 544 1225 non
574 1170 663 1224 est
690 1172 952 1236 gratum.
988 1168 1086 1224 His
1112 1169 1311 1241 itaqae
1340 1185 1463 1241 quo
1489 1174 1664 1242 pacto
1693 1169 1828 1224 licet

162 1257 348 1329 quasi
375 1256 456 1312 ad
485 1261 768 1312 ornatum
809 1256 1076 1312 ecclesiae
1109 1257 1465 1329 relinquere,
1507 1257 1673 1329 quod
1701 1273 1824 1312 non

160 1345 304 1402 licet
327 1344 549 1401 habere
576 1344 672 1402 vel
696 1344 1041 1417 possidere?
1072 1345 1349 1402 lmmolat
1371 1351 1594 1413 autem,
1620 1346 1725 1401 sed
1751 1346 1825 1400 de

166 1432 547 1500 fermentata,
568 1432 674 1505 qui
700 1432 926 1505 aliquid
955 1434 1127 1490 offert
1154 1434 1322 1507 quod
1356 1437 1509 1490 Deus
1535 1434 1826 1505 dedigna-

166 1529 285 1580 tur.
315 1523 463 1580 Hinc
490 1522 616 1595 ipse
647 1538 755 1595 per
797 1523 1157 1595 prophetam
1190 1528 1439 1581 testatur
1480 1524 1645 1596 quod
1686 1523 1826 1579 odio

1940 370 2363 465 corroborant?
2390 380 2540 434 Nam
2573 383 2636 437 tu
2666 383 2942 452 praescire
2976 386 3226 445 omnino
3254 370 3403 447 nihil
3433 409 3588 465 111-(11-
3684 412 3687 413 ⁷

1937 457 2102 549 vales
2127 464 2292 532 quod
2316 471 2405 522 est
2430 467 2619 526 solius
2641 470 2762 527 Dei.
2794 476 2866 528 At
2891 472 3018 531 illa:
3054 475 3227 533 Plura
3253 457 3473 549 tamen,
3507 483 3592 541 ait

1935 545 2135 605 futura
2160 567 2234 608 ex
2258 556 2735 626 praecedentibus
2774 576 3094 630 cognosco.
3137 568 3205 622 Et
3230 567 3321 624 vir
3345 545 3588 629 sanctus

1934 636 2015 690 ad
2044 654 2208 696 eam:
2238 644 2654 716 thuomodo,
2672 647 2915 721 inquit?
2941 650 3045 707 llla
3066 669 3207 710 vero
3230 657 3344 713 ait:
3384 660 3591 719 Omnis

1935 726 2020 781 rei
2049 728 2409 805 principium
2456 736 2639 792 tendit
2675 737 2755 793 ad
2790 746 3206 809 augmentum,
3252 745 3469 805 dehinc
3510 750 3591 807 ad

1935 813 2359 879 detrimentum
2389 823 2673 894 devergit.
2706 826 2798 882 Sic
2829 843 2972 896 ergo
3016 835 3073 886 et
3123 831 3186 886 in
3234 833 3347 891 hac
3391 842 3593 896 vestra

1937 906 2325 976 professione,
2358 918 2420 969 ut
2446 915 2721 986 oonjicio,
2760 916 2879 973 ﬁet.
2915 922 3062 975 Nam
3107 920 3259 978 inter
3298 923 3438 982 vitia
3481 943 3593 984 sua

1937 994 2144 1065 signis,
2170 1004 2227 1057 et
2253 1002 2424 1057 variis
2450 1004 2771 1063 virtutibus
2795 1007 3080 1066 roborata
3109 1013 3401 1069 succrevit
3419 1032 3432 1080 ;
3451 1031 3592 1072 cum

1935 1091 2136 1144 autem
2167 1104 2472 1148 senescere
2499 1094 2761 1165 caperit,
2809 1101 2913 1153 aut
2953 1100 3241 1171 temporis
3271 1101 3591 1161 diurnitate

1932 1173 2256 1246 lacescens,
2283 1186 2389 1237 aut
2414 1182 2776 1252 negligentia
2806 1186 3027 1257 teporis
3048 1188 3332 1246 deficiens
3380 1208 3418 1251 a
3456 1209 3587 1265 pro.

1934 1265 2079 1336 priis
2110 1267 2491 1327 incrementis
2521 1272 2842 1330 minuetur.
2879 1278 3042 1333 Tune
3084 1277 3264 1346 igitur
3305 1280 3592 1339 adversus

1934 1353 2282 1423 hujusmodi
2313 1365 2520 1431 potem
2547 1362 2891 1431 praevalere.
2922 1366 3091 1430 Quod
3120 1365 3201 1423 ita
3235 1368 3365 1425 ﬁeri
3385 1374 3593 1428 nostra

1935 1443 2078 1497 satis
2106 1443 2397 1502 effrenata
2436 1449 2701 1519 pravitas
2747 1452 3025 1508 ostendit.
3060 1455 3415 1512 Pachomius
3448 1472 3591 1516 vero

1934 1536 2070 1602 post
2096 1533 2224 1588 haec
2252 1534 2329 1590 de
2362 1536 2586 1593 visione
2628 1538 2916 1595 sollicitus
2944 1540 3233 1600 instanter
3258 1545 3491 1611 orabat,
3525 1551 3591 1603 ut

162 1613 354 1669 habet
384 1612 662 1683 rapinam
691 1610 1222 1701 inholocaustum.
1255 1612 1398 1669 Hinc
1434 1629 1537 1670 rex
1568 1613 1711 1669 Saul
1738 1629 1826 1668 re-
1853 1629 1895 1687 Β
1934 1620 1988 1675 ei
2030 1623 2319 1679 Dominus
2369 1625 2699 1684 declararet
2748 1630 2885 1701 quis
2934 1636 3120 1687 status
3148 1610 3590 1695 monachorum

166 1701 483 1774 probatus,
516 1716 589 1757 eo
620 1699 788 1773 quod
817 1700 931 1756 sub
952 1700 1307 1757 immolandi
1334 1702 1532 1774 specie
1563 1718 1827 1759 reserva-

168 1790 252 1846 vit
268 1790 347 1845 de
368 1788 655 1847 Amalech
685 1804 757 1845 ea
775 1805 912 1860 quae
929 1789 1133 1859 jussus
1158 1789 1351 1848 fuerat
1378 1790 1693 1847 trucidare.
1712 1790 1826 1847 Sed

164 1878 283 1945 isti,
307 1882 375 1935 ut
400 1877 652 1951 quidam
682 1880 920 1935 Patrum
950 1877 1113 1947 dicit,
1144 1880 1339 1949 magis
1364 1878 1572 1937 volunt
1604 1880 1826 1936 habere

167 1984 312 2025 suas
355 1967 629 2034 cistellas,
668 1983 792 2023 non
829 1968 1223 2037 recogitantes
1264 1969 1467 2025 miseri
1514 1971 1658 2042 quia
1696 1985 1826 2041 per-

170 2058 326 2113 dunt
356 2072 498 2113 suas
529 2057 784 2114 animas.

239 2150 435 2203 XXXV.
468 2150 636 2203 Hunc
658 2162 804 2218 ergo
852 2147 1158 2217 religionis
1189 2148 1490 2207 defectum
1519 2149 1823 2213 diabolus,

167 2238 304 2294 licet
330 2242 501 2310 pater
544 2236 845 2293 mendacii
874 2238 967 2305 sit,
1016 2255 1123 2293 vos
1174 2239 1427 2295 miseros
1481 2240 1826 2296 incursuros

169 2325 379 2382 beatos
407 2327 731 2383 Pachomio
756 2327 1050 2400 praedixit.
1086 2328 1426 2400 Aliquando
1448 2330 1612 2386 enim
1641 2346 1827 2403 appa-

168 2416 286 2469 ruit
312 2414 369 2471 ei
407 2415 471 2470 in
523 2414 735 2471 habitu
770 2415 1057 2483 mulieris,
1100 2417 1395 2473 excedens
1443 2433 1687 2474 omnem
1718 2418 1827 2473 1111-

167 2516 420 2559 manam
448 2502 1074 2575 pulchritudinem,ita
1101 2509 1163 2560 ut
1189 2503 1385 2561 forma
1409 2506 1539 2575 ejus
1559 2521 1632 2561 ac
1658 2521 1825 2561 com-

171 2591 388 2663 positio
441 2596 502 2647 et
545 2591 703 2647 visus
742 2592 962 2664 exponi
1008 2608 1134 2649 non
1185 2594 1394 2665 possit.
1453 2597 1647 2660 Quam
1692 2610 1826 2650 esse

169 2680 555 2753 phantasiam
609 2681 844 2746 videns,
883 2697 1091 2754 preces
1147 2681 1441 2740 fundebat
1488 2683 1570 2740 ad
1625 2684 1824 2740 Domi-

170 2782 339 2837 num,
371 2775 436 2825 ut
476 2770 535 2824 vi
582 2770 913 2841 majestatis
954 2772 1087 2841 ejus
1130 2777 1532 2827 evanesceret.
1586 2773 1825 2829 1111811111

168 2863 373 2914 autem
400 2858 502 2914 illa
532 2859 813 2931 proprius
856 2864 1059 2915 astans
1100 2860 1181 2915 ait
1209 2861 1290 2916 ei:
1344 2860 1494 2925 Quid
1526 2862 1825 2933 superﬂue

169 2946 453 3038 laboras?
508 2950 887 3038 Potestatemr
928 2949 1135 3020 accepi
1190 2966 1228 3005 a
1290 2950 1541 3006 Domino
1598 2954 1897 3038 tentaret

169 3051 325 3109 quos
350 3035 508 3092 volo.
530 3039 596 3091 Et
612 3037 970 3093 Pachomius
990 3038 1070 3093 ad
1101 3054 1236 3093 eam
1261 3057 1274 3094 :
1306 3039 1460 3104 Quid
1486 3039 1595 3101 vis,
1610 3039 1822 3111 inquit,

170 3140 301 3181 esse
322 3130 352 3180 Υ
378 3131 436 3181 81
459 3125 596 3181 illa:
625 3128 749 3196 Ego
779 3143 938 3195 sum,
969 3127 1068 3194 ait,
1098 3127 1327 3183 diaboli
1348 3128 1554 3197 virtus,
1585 3133 1644 3185 et
1686 3128 1826 3184 cali-

168 3214 306 3283 gine
352 3212 671 3269 mortiferm
719 3214 1041 3271 voluntatis
1088 3215 1373 3271 mortales
1401 3216 1679 3284 involvo;
1720 3217 1826 3272 sed

170 3303 292 3358 suis
344 3302 437 3358 vel
496 3304 603 3358 tibi
653 3304 1144 3377 appropinquare
1207 3311 1452 3378 propter
1504 3307 1824 3374 Christum,

168 3392 274 3465 qui
308 3393 674 3448 humanatus
699 3398 807 3459 est,
843 3407 969 3449 non
994 3411 1267 3467 possum.
1299 3396 1414 3451 Sed
1440 3395 1715 3467 nunquid
1744 3396 1828 3451 ita

163 3482 278 3537 erit
303 3497 542 3554 semper
564 3482 591 3537 ?
632 3482 831 3539 veniet
866 3483 1083 3538 etenim
1133 3489 1374 3557 tempus
1418 3489 1554 3557 post
1592 3485 1827 3542 obitum

160 3576 364 3637 tuum,
385 3570 635 3642 quando
660 3575 839 3643 prout
863 3571 1121 3641 libuerit,
1152 3573 1304 3629 inter
1331 3590 1436 3629 eos
1472 3589 1626 3646 quos
1664 3590 1827 3630 nunc

167 3661 286 3717 tuis
332 3660 707 3716 orationibus
756 3662 961 3716 munis
1000 3662 1447 3720 debacchabor.
1490 3667 1556 3720 Et
1600 3666 1825 3721 Pacho-

161 3803 832 3882 ancillarumDeikseu
875 3806 1250 3882 monialium,
1278 3824 1415 3882 que:
1454 3806 1676 3864 ibidem
1716 3824 1826 3882 pro

162 3874 392 3931 crebris
448 3873 931 3931 infestationibus
985 3878 1187 3933 saeculi
1238 3873 1319 3933 et"
1364 3873 1823 3945 Saracenorum,

163 3953 333 4030 tune
360 3946 768 4030 qrdinabiliter
797 3963 1042 4004 manere
1067 3948 1423 4030 nequibant,
1433 3949 1554 4030 illa
1589 3950 1826 4030 delega-

158 4018 341 4093 vit..E_t
366 4017 563 4093 dictus
588 4020 847 4093 Joannes
872 4035 1036 4092 papa
1068 4017 1313 4093 aptioris
1342 4021 1608 4076 utilitatis
1638 4017 1828 4093 gratia

161 4088 283 4145 sub
315 4088 521 4145 habitu
547 4088 986 4147 monachorum
1028 4088 1157 4148 esse
1196 4097 1593 4158 congruenter
1622 4088 1825 4148 decre-

160 4160 571 4233 vit,_suasque
608 4160 830 4233 litteras
859 4162 1059 4218 abbati
1101 4167 1158 4218 et
1204 4163 1652 4232 congregationi
1700 4179 1827 4219 mo-

160 4230 503 4305 nachorum
533 4230 720 4305 ipsius
750 4234 1097 4288 monasterii
1124 4230 1351 4289 direxit:
1388 4230 1599 4289 Prister
1628 4250 1699 4290 ea
1738 4250 1827 4289 or-

159 4300 396 4358 dinavit
446 4300 613 4373 quod
655 4303 716 4357 in
768 4318 1022 4359 numero
1080 4306 1561 4373 congregationis
1610 4306 1826 4361 modus

161 4374 323 4429 adeo
352 4379 826 4449 conservaretur,
870 4381 934 4449 ut
974 4390 1083 4449 nec
1123 4376 1437 4449 pluralitas
1479 4378 1824 4449 penuriam,

159 4451 270 4501 aut
294 4445 567 4517 paucitas
595 4445 995 4503 habitantium
1034 4445 1622 4504 destitutionem—loci
1650 4448 1827 4505 indu-

161 4514 313 4598 eere'
339 4514 584 4598 valeret;
612 4521 863 4598 insuper
894 4519 1060 4598 quod
1098 4518 1355 4574 obeunte
1385 4518 1602 4575 abbate
1630 4519 1829 4575 nullus

160 4585 391 4661 ibidem
425 4585 843 4661 praeﬁceretur,
876 4585 989 4644 nisi
1032 4606 1215 4661 quem
1247 4606 1576 4645 consensus
1625 4607 1830 4645 mona-

162 4658 784 4714 chorum’secundum
828 4658 1101 4715 timorem
1151 4660 1250 4716 Dei
1299 4667 1355 4716 et
1394 4661 1829 4716 institutionem

159 4729 390 4805 regulae
442 4732 499 4784 Β.
556 4730 850 4805 Benedicti
897 4732 1156 4805 eligeret,
1198 4737 1254 4787 et
1300 4732 1642 4805 apostolicae
1672 4733 1829 4788 sedis

160 4800 436 4874 pontifex
464 4801 816 4873 praevideret
855 4802 1283 4869 ordinandum,
1316 4800 1419 4860 aut
1449 4805 1829 4874 suggestione

160 4873 610 4928 monachorum
627 4874 1025 4930 consensisset
1039 4874 1402 4931 ordinatum.
1444 4873 1830 4931 Postmodum

168 4942 451 4998 Urbanus
482 4942 818 5018 secundus,
840 4945 1222 5018 Innocentius
1253 4951 1527 5018 quartus,
1550 4946 1830 5001 Urbanus

159 5020 439 5086 quartus,
473 5015 575 5086 qui
600 5020 764 5069 ortus
796 5014 904 5071 fuit
922 5015 1124 5071 'l‘recis
1147 5014 1354 5071 humili
1388 5033 1601 5085 genere
1629 5024 1827 5077 natus.

158 5086 506 5157 sutorisque
533 5087 1011 5143 veteramentarii
1044 5087 1221 5153 ﬁlius,
1253 5095 1656 5155 cognomento
1680 5092 1831 5144 Pan-

160 5156 441 5230 taleonis,
470 5161 533 5213 ut
561 5158 740 5213 hodie
758 5174 1014 5230 quoque
1044 5158 1106 5214 in
1129 5158 1275 5230 urbe
1305 5161 1639 5216 Tricassina
1657 5176 1832 5217 cons-

160 5233 303 5303 tans
330 5228 627 5303 famaest.
660 5228 769 5295 Qui
790 5228 1065 5303 pontifex
1101 5229 1333 5295 nullum
1363 5230 1423 5286 in
1457 5232 1651 5303 patria
1680 5232 1831 5300 grati

158 5297 647 5374 animi_reliqu_it_
710 5297 1117 5374 testimonium
1163 5307 1387 5374 praeter
1442 5297 1731 5374 templum
1770 5303 1828 5357 S.

162 5370 409 5446 Urbani,
442 5370 609 5446 quod
634 5372 700 5446 in
721 5371 870 5446 urbe
900 5370 1195 5446 Trecensi,
1224 5373 1286 5428 in
1320 5388 1443 5446 qua
1473 5370 1651 5446 natus
1683 5378 1829 5438 erat,

154 5440 515 5516 readiﬁcai'i
554 5442 749 5516 jussit,
795 5443 857 5516 in
888 5443 1016 5498 solo
1056 5440 1442 5516 paternaer
1473 5444 1716 5506 mdium,
1746 5460 1833 5500 re-

157 5511 307 5588 lictg
334 5512 418 5568 ibi
443 5513 868 5588 tenuicollegio
886 5531 963 5570 xu
997 5511 1429 5588 canonicorum
1458 5532 1599 5572 cum
1626 5531 1833 5588 perso-

158 5583 408 5654 natibus
438 5584 689 5651 decano,
723 5586 1117 5651 thesaurario,
1150 5592 1207 5643 et
1249 5592 1509 5654 cantore,
1553 5583 1645 5643 ex'
1678 5586 1826 5641 vivis

156 5650 471 5727 lapidibus
508 5660 566 5712 et
611 5656 808 5728 politis
843 5650 1198 5724 construxit,
1229 5650 1551 5731 multisque
1598 5673 1837 5731 posses—

1932 1715 2070 1783 post
2099 1728 2160 1766 se
2188 1713 2425 1769 futurus
2462 1721 2634 1772 esset.
2669 1717 2781 1782 Qui
2809 1734 2917 1790 per
2945 1719 3241 1777 visionem
3271 1723 3351 1780 ad
3379 1740 3441 1780 se
3470 1725 3590 1782 fac-

1934 1804 2059 1856 tam
2087 1802 2334 1858 edoctus
2358 1808 2466 1873 est,
2498 1805 2666 1877 quod
2706 1808 3074 1866 monasteria
3101 1810 3350 1881 quidem
3387 1813 3592 1871 multi-

1932 1890 2161 1962 pliciter
2186 1892 2595 1961 dilatarentur,
2629 1900 2687 1950 et
2711 1896 2985 1953 nonnulli
3010 1898 3107 1970 pie
3137 1902 3196 1955 et
3218 1900 3591 1961 continenter

1933 1978 2217 2048 viverent,
2244 1980 2354 2035 sed
2379 1980 2622 2052 plurimi
2658 1982 3050 2052 negligereut,
3084 2002 3384 2059 suamque
3428 1988 3589 2046 salu-

1934 2068 2054 2120 tem
2085 2066 2322 2138 penitus
2366 2068 2723 2139 perderent;
2754 2071 3024 2128 maxima
3063 2089 3205 2130 vero
3250 2090 3359 2147 per
3406 2074 3591 2146 negli-

1935 2158 2140 2221 gentes
2169 2157 2521 2228 pracpositos
2542 2158 2704 2215 mala
2735 2164 3197 2228 succrescerent,
3216 2165 3273 2218 et
3302 2162 3465 2218 bona
3493 2163 3592 2220 de-

1935 2242 2154 2299 fectum
2182 2245 2568 2302 incurrerent.
2618 2246 2847 2312 Quibus
2876 2248 3204 2319 primatum
3250 2251 3590 2308 tenentibus

1932 2347 2183 2388 necesse
2214 2338 2305 2389 est
2324 2335 2523 2405 jurgia
2553 2336 2825 2405 generari
2850 2354 2867 2405 ;
2894 2342 2953 2393 et
2976 2339 3113 2409 quis
3151 2339 3354 2410 praesit
3393 2340 3588 2397 ambi-

1933 2420 2084 2476 tiosa
2108 2421 2207 2477 lite
2235 2424 2613 2491 contendere,
2641 2430 2699 2480 et
2725 2426 3035 2497 reprobari
3057 2425 3271 2495 bonos,
3302 2443 3373 2483 ac
3396 2428 3590 2485 malos

1932 2509 2087 2579 eligi.
2125 2512 2288 2567 Unde
2309 2528 2419 2568 nec
2445 2512 2649 2585 aliqua
2672 2513 2848 2569 bonis
2886 2513 3019 2569 viris
3039 2514 3349 2571 resistendi
3368 2516 3591 2575 ﬁducia

1935 2597 2181 2665 suberit,
2212 2600 2315 2655 sed
2345 2601 2550 2656 omnia
2573 2616 2749 2673 pene,
2779 2618 2917 2674 quae
2947 2601 3169 2671 regulis
3208 2602 3426 2659 divinis
3453 2603 3593 2659 sub-

1932 2687 2083 2743 nixa,
2138 2694 2296 2752 sunt,
2350 2689 2633 2745 humanis
2686 2690 3223 2747 oommutabuntur
3274 2691 3589 2749 illecebris.

1933 2780 2095 2832 Tunc
2119 2778 2477 2834 Pachomius
2508 2779 2854 2836 exclamans
2882 2778 2963 2835 ad
2985 2779 3308 2837 Dominum
3325 2781 3438 2837 ait:
3458 2782 3588 2839 Heu

1933 2882 2051 2933 me,
2078 2866 2224 2939 quia
2262 2867 2483 2923 frustra
2521 2867 2789 2924 laboravi
2820 2868 2833 2923 l
2865 2870 2923 2924 Si
2945 2868 3107 2925 enim
3152 2873 3273 2925 tam
3319 2870 3590 2942 perversi

1934 2955 2113 3010 futuri
2141 2961 2280 3010 sunt
2305 2956 2411 3028 qui
2452 2955 2734 3012 fratribus
2776 2961 3101 3029 praeerunt,
3132 2974 3340 3015 eorum
3367 2958 3590 3015 subditi

1934 3044 2144 3115 quales
2175 3046 2386 3100 erunt?
2432 3047 2498 3100 Et
2528 3061 2667 3100 cum
2699 3044 3219 3112 affectuosissime,
3259 3049 3413 3102 sicut
3450 3047 3591 3103 illuc

1935 3133 2230 3201 scribitur,
2258 3133 2576 3188 Dominum
2598 3133 3021 3207 interpellaret,
3044 3134 3324 3207 apparuit
3337 3135 3391 3190 ei
3418 3135 3592 3192 mira-

1932 3221 2038 3277 bili
2067 3222 2295 3290 fulgore
2327 3227 2573 3293 portans
2606 3238 2896 3278 coronam
2920 3226 3218 3295 spineam,
3248 3223 3422 3296 eique
3441 3224 3594 3280 inter

1934 3315 2147 3365 caetera
2164 3308 2348 3364 dixit:
2383 3310 2747 3378 Confortare,
2780 3310 3081 3379 Pachomi,
3107 3311 3251 3383 quia
3277 3310 3593 3383 posteritas

1934 3403 2051 3454 tua
2065 3414 2258 3471 usque
2285 3399 2347 3453 in
2376 3398 2561 3454 ﬁnem
2582 3399 2785 3454 saeculi
2805 3415 2930 3455 non
2959 3398 3212 3456 deﬁciet.
3234 3402 3299 3454 Et
3316 3399 3593 3472 quisquis

1933 3488 2085 3543 inter
2108 3503 2212 3544 eos
2236 3488 2341 3560 qui
2371 3488 2551 3543 futuri
2572 3493 2713 3545 sunt
2731 3489 2827 3562 pie
2857 3505 2928 3546 ac
2956 3488 3336 3546 continenter
3358 3487 3591 3558 vixerit,

1935 3583 2134 3633 tamen
2168 3577 2306 3633 dico
2326 3577 2452 3643 tibi,
2485 3578 2755 3650 requiem
2782 3578 3078 3634 sortietur.

2004 3667 2221 3721 XXXVI.
2247 3664 2569 3722 Sciendum
2585 3681 2750 3734 sane,
2769 3666 2913 3739 quia
2938 3666 3088 3723 sicut
3113 3666 3398 3739 quaedam
3410 3666 3596 3733 verba

1936 3807 2208 3863 sionibus
2260 3807 2507 3870 dotavit,
2559 3811 2615 3861 et
2658 3806 2897 3862 animus
2948 3805 3031 3862 illi
3077 3811 3225 3876 erat,
3274 3806 3323 3862 si
3371 3807 3595 3862 diutius

1936 3879 2193 3946 vixisset,
2241 3877 2517 3950 plurimis
2566 3877 2695 3950 aliis
2725 3878 2966 3950 augere,
2997 3881 3232 3950 eteam
3280 3878 3595 3950 ecclesiam

1937 3950 2065 4006 aliis
2111 3946 2452 4020 exemptam
2503 3947 2783 4020 soliﬂsedi
2818 3946 3165 4020 apostolicae
3206 3946 3451 4020 subesse
3491 3964 3597 4004 vo-

1935 4021 2061 4086 luit,
2084 4018 2328 4091 suisque
2357 4018 2680 4091 privilegiis
2704 4018 3047 4091 declaravit.
3090 4019 3593 4091 AucherusAPan-

1935 4091 2091 4149 taleo
2120 4088 2284 4163 papa
2326 4088 2559 4163 Urbani
2572 4105 2771 4163 nepos
2803 4090 3116 4162 presbyter
3163 4088 3485 4163 cardinalis
3532 4089 3598 4145 ti-

1937 4163 2060 4219 tulo
2088 4158 2307 4217 sanctae
2337 4158 2639 4233 Praxedis,
2658 4158 2866 4231 ‘quein
2896 4158 3149 4233 patruus
3188 4158 3267 4233 ad_
3302 4159 3595 4233 cardina-

1936 4233 2124 4289 latum
2151 4235 2448 4312 evexerat,
2487 4231 2603 4312 hoc
2628 4229 2801 4312 opus
2840 4229 3112 4312 pretexit,
3145 4229 3468 4312 multisque
3498 4245 3595 4312 or-

1861 4335 1904 4392 D
1937 4304 2236 4386 namentis
2270 4302 2466 4392 aureis
2514 4306 2572 4358 et
2602 4302 2860 4392 sericeis,
2914 4302 3390 4392 imeginibuset:
3435 4302 3597 4384 vasis

1937 4376 2126 4432 sacris
2156 4374 2353 4430 aureis
2390 4379 2449 4429 et
2488 4374 2806 4446 argenteis,
2839 4389 2911 4429 ac
2955 4372 3123 4430 libris
3151 4373 3595 4446 pretiosissimis

1938 4448 2123 4505 auxit.
2156 4449 2362 4503 Postea
2387 4445 2706 4515 Eugenius,
2743 4444 3034 4516 Clemens,
3063 4444 3599 4516 Imiocentius,Cae—

1936 4518 2206 4587 lestinus,
2253 4516 2574 4583 Adrianus,
2621 4516 2779 4587 Pius,
2832 4515 3124 4583 Urbanus,
3154 4515 3437 4587 Martinus
3493 4518 3601 4570 Ro-

1941 4590 2105 4662 mani
2134 4585 2465 4662 pentitices,
2498 4603 2684 4660 quam
2715 4585 2976 4662 plurima
2997 4586 3325 4662 privilegia,
3355 4586 3596 4662 liberta-

1938 4666 2047 4729 tes,
2079 4657 2962 4725 immunitates,’coucessiones
2974 4698 2987 4722 ,
3001 4657 3260 4729 gratias,
3284 4657 3599 4729 indulgen-

1940 4733 2053 4809 tias
2082 4738 2140 4789 et
2164 4730 2597 4809 praerogativae
2617 4730 2863 4809 _eisdem
2893 4728 3127 4809 abbati.
3151 4734 3209 4785 et
3233 4728 3595 4809 ‘conve‘ntui,

1937 4804 2086 4860 locis
2120 4798 2188 4859 ef
2206 4802 2495 4857 membris
2523 4817 2560 4857 a
2597 4800 2757 4857 dicto
2806 4799 3171 4871 monasterio
3213 4798 3600 4871 dependenti-

1939 4875 2076 4942 bus,
2110 4879 2166 4929 et
2191 4872 2384 4929 eidem
2412 4871 2703 4944 subjectis
2738 4869 3065 4944 respective
3096 4869 3519 4926 concesserunt
3546 4874 3604 4925 et

1939 4944 2336 5002 indulserunt.
2374 4942 2602 4998 Habent
2649 4942 2893 4998 ulterius
2933 4942 3125 4997 abbas
3173 4947 3231 4997 et
3271 4945 3601 4997 conventus

1940 5016 2301 5073 territorium
2323 5013 2608 5081 divisum,
2631 5014 2799 5086 etab
2830 5013 2961 5069 aliis
2981 5018 3328 5086 separatum
3349 5028 3457 5086 per
3473 5028 3603 5086 cru-

1941 5105 2042 5144 ces
2072 5103 2179 5143 seu
2201 5086 2467 5162 insignia
2494 5091 2552 5141 et
2578 5084 2841 5162 conﬁnia
2871 5084 3367 5162 (1811111*1111111111118Δ
3390 5084 3602 5162 limita-

1942 5165 2069 5216 tum
2097 5163 2153 5236 et
2182 5157 2462 5236 divisum,
2495 5161 2757 5236 potestas
2789 5156 3096 5236 Vezeli‘aci‘
3119 5154 3440 5236 vulgariter
3483 5153 3603 5207 dic-

1944 5237 2095 5303 tum,
2114 5230 2176 5284 in
2201 5245 2323 5301 quo
2356 5228 2648 5303 situantur
2686 5234 2742 5284 et
2771 5228 3104 5303 consistunt
3126 5228 3389 5303 ecclesiae
3420 5237 3599 5295 paro-

1944 5273 2388 5380 c‘b‘i-alesz‘fquzs
2449 5298 2699 5380 quidem
2754 5297 3131 5380 parochiales
3170 5273 3461 5380 ecclesia;
3511 5306 3601 5380 ’ac

1943 5386 2156 5428 omnes
2185 5376 2241 5427 et
2269 5366 2507 5439 singuli,
2535 5375 2658 5425 tam
2682 5366 3065 5439 in'prsedicta
3094 5366 3264 5439 urbe,
3287 5378 3476 5439 quam
3507 5366 3598 5439 111-

1944 5386 2156 5428 omnes
2185 5386 2241 5427 et
2269 5386 2507 5439 singuli,
2535 5386 2658 5425 tam
2682 5386 2743 5425 111
2826 5386 3065 5424 maiora
3094 5386 3264 5429 urbe,
3287 5386 3476 5435 quam
3507 5386 3598 5419 in-

1944 5445 2035 5500 fra
2054 5444 2203 5499 ﬁnes
2227 5448 2285 5498 et
2304 5441 2599 5517 terminos
2627 5386 3383 5517 prrgdlictarum‘eivitatum
3409 5434 3601 5517 ‘habi-

1946 5521 2184 5580 tatores,
2209 5519 2347 5570 sunt
2370 5514 2432 5569 in
2463 5505 2870 5585 spiritualibus
2916 5507 3141 5565 subditi
3179 5506 3338 5563 dicto
3371 5505 3598 5573 abbati,

1955 5592 2011 5643 et
2030 5586 2179 5643 nulli
2206 5585 2370 5643 alteri
2400 5583 2673 5639 subsunt.
