4150 6128
603 119 712 172 583

1649 107 1706 162 S.
1747 104 2005 162 ODONIS
2043 99 2346 157 ABBA'HS
2385 101 2880 164 CLUNIACENSIS
2919 105 2964 158 ῙῙ
3889 121 3978 174 5“

605 241 729 294 tam
761 235 820 291 in
843 235 1004 289 Novo
1035 243 1223 302 quam
1251 227 1314 284 in
1339 227 1534 284 Veteri
1557 231 1933 285 Testamento
1953 225 2260 298 reperiun-
2293 225 2340 278 Α
2374 241 2760 282 communem
2791 231 3010 284 sanctae
3038 225 3262 298 regulis
3289 225 3477 282 vitam
3521 229 3608 286 vel
3629 231 3872 290 ordinem
3894 237 3976 294 de-

609 330 721 394 tur,
763 337 896 394 qua:
931 316 1190 373 haeretici
1219 315 1376 372 male
1401 316 1797 386 intelligentes
1825 316 1902 372 ad
1951 319 2258 370 exstruen-

606 413 754 468 dum
785 423 1048 464 errorem
1079 421 1260 462 suum
1315 410 1658 478 retorquere
1703 405 1820 460 nisi
1851 408 2026 460 sunt:
2077 404 2159 458 ita
2206 407 2264 457 et

603 501 666 557 in
696 503 902 556 sancta
929 495 1140 565 regula
1168 495 1252 562 ﬁt,
1280 511 1420 550 cum
1445 509 1554 567 per
1581 494 1865 567 quaedam
1904 493 2034 564 ejus
2076 491 2264 548 verba

603 589 850 646 renuitae
880 589 938 642 et
973 584 1198 654 refugae
1228 584 1358 654 ejus
1387 583 1767 640 fortitudines
1805 599 1946 638 suas
1975 595 2262 638 excusare

601 678 950 735 moliuntur.
973 673 1218 743 Regula,
1241 673 1538 746 inquiunt,
1559 673 1748 744 jubet,
1777 675 1841 727 ut
1869 671 2014 727 nihil
2039 671 2264 728 habeat

603 765 940 824 monachus
968 761 1135 836 quod
1161 761 1354 818 abbas
1385 777 1508 817 non
1549 761 1796 828 dederit,
1831 765 1936 816 aut
1975 760 2260 833 permise-

603 854 991 926 rit;abbates
1019 867 1162 908 vero
1191 851 1376 907 nostri
1431 851 1574 906 tales
1609 854 1747 905 sunt
1787 855 1852 905 ut
1893 854 2096 906 nostra
2136 865 2258 904 non

609 947 840 1012 curent,
873 945 928 998 et
959 940 1038 996 ob
1067 939 1126 995 id
1163 940 1512 1012 permittunt
1537 955 1646 994 nos
1675 939 1898 994 habere
1941 955 2074 1010 quae
2103 937 2258 992 indi-

605 1049 849 1104 gemus:
881 1045 1004 1086 non
1029 1029 1208 1100 igitur
1237 1033 1445 1085 contra
1483 1027 1758 1095 facimus,
1791 1028 1842 1083 si
1866 1027 2016 1100 quid
2050 1043 2123 1082 ex
2163 1043 2256 1082 eo-

603 1137 739 1178 rum
761 1117 1152 1192 permissione
1177 1116 1494 1172 habemus.
1527 1117 1640 1172 Sed
1676 1115 1724 1170 si
1755 1115 1970 1171 rationi
2000 1131 2071 1170 ac
2109 1115 2258 1170 veri-

605 1209 710 1266 tati
730 1207 1072 1264 consentire
1105 1204 1340 1273 vellent,
1365 1205 1538 1261 facile
1571 1204 2002 1277 respondetur:
2038 1203 2260 1260 scilicet

601 1297 892 1370 quoniam
923 1295 1117 1368 primo
1143 1294 1389 1366 quidem
1417 1294 1728 1348 sciendum
1769 1297 1876 1358 est,
1923 1293 2068 1366 quia
2107 1293 2261 1348 sicut

600 1385 662 1441 in
689 1384 998 1442 Moralium
1017 1383 1169 1438 libro
1193 1399 1312 1436 xxv
1339 1381 1701 1454 disputatur,
1726 1381 1892 1453 quod
1923 1381 2258 1436 secundum

599 1474 814 1530 merita
833 1471 1241 1542 subjectorum
1257 1470 1594 1525 tribuuntur
1609 1485 1880 1541 personae
1899 1469 2256 1539 regentium,

2373 331 2509 385 gere
2537 317 2714 389 quasi
2751 315 2966 388 captivi
3006 321 3332 388 coguntur;
3381 319 3680 376 Danielcm
3719 327 3902 380 tamen
3933 333 3979 382 ct

2369 409 2488 460 tres
2518 421 2761 478 pueros,
2805 406 2908 479 qui
2961 405 3022 461 in
3083 405 3388 478 Babylone
3437 409 3794 466 continenter
3837 413 3975 470 vixe-

2369 499 2527 564 runt,
2559 495 2883 564 imitantes,
2935 495 3244 551 fornacem
3273 495 3554 552 vitiorum
3598 497 3826 556 feliciter
3857 517 3977 558 eva-

2369 582 2539 638 dunt.
2575 586 2650 639 De
2675 583 3084 640 ecclesiasticis
3113 583 3274 652 viris,
3321 584 3428 656 qui
3457 585 3818 642 saecularium
3847 589 3978 646 facta

2369 676 2668 728 mutantes
2709 672 2872 728 velut
2909 689 2945 728 a
2983 671 3329 744 Babyloniis
3373 672 3822 747 Hierosolymitsa
3865 691 3980 750 cap-

2367 761 2648 828 tivantur,
2683 765 2739 818 et
2779 761 2856 818 de
2885 762 3074 818 tribus
3117 761 3268 816 vitiis
3311 777 3420 834 per
3465 777 3598 836 quae
3655 769 3838 820 status
3867 766 3979 822 reli-

2371 851 2562 920 gionis
2596 851 2858 907 maxime
2889 851 3293 920 confunditur,
3349 851 3522 924 plura
3561 853 3706 924 jam,
3755 859 3810 910 et
3855 855 3982 912 forte

2369 940 2679 996 verbosius
2733 957 2918 1013 quam
2969 944 3222 1014 oportet,
3268 941 3462 1012 posita
3519 946 3672 998 sunt.
3727 946 3984 1000 Craterum

2367 1029 2534 1101 quod
2582 1034 2722 1096 tuae,
2769 1029 3125 1086 venerabilis
3169 1034 3356 1102 pater,
3387 1029 3665 1102 lacrymm
3709 1035 3984 1102 testantur,

2368 1117 2449 1173 ita
2473 1119 2602 1189 jam
2631 1119 2846 1174 defecit
2867 1119 3131 1192 spiritus,
3155 1123 3210 1175 et
3226 1117 3534 1174 diminutas
3559 1123 3698 1176 sunt
3721 1120 3986 1192 veritates,

2367 1211 2434 1260 ut
2465 1205 2616 1262 sicut
2643 1206 2828 1262 Isaias
2859 1206 3214 1278 illacrymat,
3249 1205 3386 1262 facti
3429 1206 3740 1262 videamur
3787 1207 3922 1262 sicut
3957 1224 3988 1264 a

2369 1295 2684 1368 principio,
2716 1295 2964 1368 quando
2993 1299 3146 1351 Deus
3180 1311 3302 1351 non
3349 1295 3773 1352 dominabatur
3807 1297 3988 1354 nostri.

2369 1391 2458 1439 An
2485 1400 2606 1439 non
2637 1385 2718 1439 ita
2741 1389 2831 1439 est
2850 1385 2878 1439 ?
2907 1384 3054 1440 dum
3085 1384 3236 1439 inter
3265 1383 3642 1457 propinquos
3665 1384 3861 1440 feralia
3879 1401 3991 1440 suc-

2369 1473 2590 1528 cedunt
2619 1473 2756 1528 odia
2771 1473 2800 1527 ‘I
2817 1472 2961 1528 dum
2983 1473 3183 1542 jurgia
3205 1477 3542 1528 nascuntur
3571 1472 3798 1529 infensa
3813 1472 3840 1527 ?
3867 1472 3993 1528 dum

601 1568 659 1620 et
684 1562 769 1618 sic
796 1577 908 1634 pro
947 1559 1230 1632 qualitate
1270 1557 1653 1614 subditorum
1695 1563 1829 1614 acta
1858 1558 2260 1630 disponuntur
2289 1577 2330 1631 Β
2373 1577 2560 1634 usque
2588 1561 2666 1616 ad
2697 1561 3051 1632 sanguinem
3101 1561 3264 1618 saevit
3294 1560 3728 1630 inexplicabilis
3769 1565 3824 1616 et
3861 1575 3994 1617 caeca

599 1653 866 1720 illorum,
889 1653 954 1705 ut
982 1665 1136 1720 saepe
1179 1649 1284 1722 qui
1321 1647 1599 1704 videntur
1635 1647 1783 1702 boni
1832 1651 2078 1719 accepto
2117 1646 2262 1716 regi-

600 1741 763 1797 mine
787 1742 1224 1812 permutentur,
1249 1743 1312 1792 ut
1341 1736 1482 1793 Saul
1511 1753 1523 1790 :
1567 1743 1624 1792 et
1647 1735 1752 1808 qui
1797 1735 1974 1792 etiam
2005 1735 2150 1790 boni
2179 1735 2260 1789 vi-

600 1829 818 1885 dentur
845 1833 902 1883 et
931 1834 1090 1898 sunt,
1117 1843 1228 1900 pro
1249 1825 1406 1881 malo
1439 1841 1618 1896 grege
1647 1825 1993 1897 delinquere
2017 1823 2258 1896 permit-

601 1923 821 1976 tantur.
863 1918 928 1972 In
957 1917 1074 1972 hoc
1123 1919 1376 1988 apparet
1425 1914 1570 1987 quia
1613 1913 1942 1970 vindictam
1995 1913 2257 1986 populus

602 2006 868 2078 suscipit.
903 2005 1046 2062 Hinc
1073 2003 1418 2060 Psalmista:
1442 2003 1849 2058 Obscurentur
1879 2003 2037 2058 oculi
2056 2017 2258 2058 eorum

600 2113 677 2152 ne
705 2097 944 2152 videant
970 2096 1160 2162 (Psal.
1189 2109 1374 2162 va'm,
1397 2095 1508 2164 24).
1539 2095 1622 2148 Ac
1645 2092 1692 2146 si
1714 2091 1892 2158 dicat,
1916 2091 2061 2164 quia
2079 2091 2142 2146 in
2161 2091 2258 2146 via

603 2183 704 2239 Dei
729 2199 836 2256 per
861 2181 1208 2255 superbiam
1239 2179 1592 2236 exorbitant.
1621 2179 1764 2235 tales
1793 2179 1998 2234 divino
2037 2179 2260 2235 exami-

601 2289 677 2330 ne
701 2271 982 2346 prrelatos
1015 2269 1334 2343 accipiant,
1358 2269 1462 2341 qui
1493 2269 1755 2324 veritatis
1783 2268 1980 2323 lucem
2009 2283 2133 2323 non
2153 2266 2259 2322 ha-

601 2361 804 2428 beant,
838 2365 1136 2434 quatenus
1167 2359 1228 2414 hi
1267 2357 1373 2430 qui
1417 2357 1548 2413 illos
1581 2357 1741 2414 velut
1783 2372 2002 2422 corpus
2049 2355 2257 2412 oculos

602 2451 760 2506 male
784 2448 1182 2522 prievidentes
1214 2451 1566 2518 sequuntur,
1597 2461 1704 2517 per
1727 2461 1940 2500 eorum
1967 2445 2257 2500 ducatum

603 2538 933 2608 offendant,
978 2541 1036 2592 et
1075 2533 1404 2607 iniquitatis
1445 2549 1623 2589 onere
1668 2533 1962 2588 incurvati
2011 2549 2258 2588 omnem

591 2631 824 2683 statum
865 2623 1233 2681 rectitudinis
1280 2623 1554 2696 perdant.
1591 2621 1810 2678 Deinde
1853 2638 1994 2680 vero
2025 2628 2082 2678 et
2111 2621 2258 2677 illud

606 2719 858 2786 constat,
887 2713 1032 2786 quia
1062 2711 1208 2768 nihil
1261 2711 1416 2766 ultra
1445 2709 1786 2782 permittere
1827 2715 2102 2782 possunt,
2145 2710 2259 2766 nisi

603 2807 900 2876 quantum
952 2803 1008 2858 S.
1051 2799 1402 2856 Benedictus
1431 2799 1510 2854 ad
1540 2799 2000 2855 sustentandam
2029 2805 2258 2855 naturae

603 2891 1014 2948 necessitatem
1039 2887 1327 2962 permisit.
1367 2890 1434 2942 Et
1469 2886 1564 2942 ille
1611 2886 1708 2942 cui
1755 2887 2050 2942 dicimus:
2086 2888 2258 2944 Abba

601 2982 790 3036 Pater
816 2981 1006 3051 (Rom.
1037 2993 1166 3042 vm,
1197 2977 1307 3046 {3),
1339 2991 1477 3031 cum
1509 2974 1842 3048 discipulos
1870 2975 2046 3048 quasi
2067 2991 2258 3045 agnos

601 3070 662 3124 in
709 3067 908 3124 medio
945 3065 1230 3138 luporum
1284 3064 1462 3130 misit,
1528 3063 1798 3136 permisit
1842 3063 2088 3136 quidem
2146 3081 2256 3137 pro

601 3157 886 3230 temporis
941 3155 1292 3211 necessitate
1357 3152 1588 3224 aliquid
1645 3153 1816 3220 ferre,
1875 3169 1986 3208 nec
2055 3157 2256 3209 tamen

601 3247 766 3303 aliud
799 3261 988 3318 quam
1035 3258 1246 3316 peram
1295 3245 1353 3296 et
1410 3241 1738 3297 sacculum.
1783 3241 2062 3297 Noverint
2113 3256 2256 3312 ergo

598 3335 714 3402 isti,
743 3335 848 3406 qui
900 3331 1016 3388 sub
1062 3331 1178 3387 hac
1222 3329 1538 3386 occasione
1583 3329 1915 3401 cupiditati,
1974 3329 2152 3401 gulae,
2201 3335 2260 3386 et

597 3423 828 3481 libidini
850 3439 912 3478 se
939 3420 1310 3492 mancipant,
1341 3417 1485 3491 quia
1515 3433 1638 3473 non
1693 3418 2024 3491 proderunt
2047 3419 2131 3474 eis
2161 3435 2258 3475 ex-

599 3511 938 3568 cusationes
969 3509 1028 3564 in
1052 3507 1311 3581 peccatis
1336 3525 1348 3576 ;
1369 3507 1474 3564 sed
1489 3507 1590 3562 ﬁet
1615 3511 1671 3562 et
1691 3506 1951 3578 praelatis
1972 3509 2030 3561 et
2054 3503 2258 3560 subdi-

597 3602 672 3657 tis
699 3601 814 3656 hoc
859 3597 1046 3672 quod,
1077 3602 1142 3653 ut
1185 3612 1370 3670 supra
1413 3595 1704 3660 diximus,
1751 3611 1856 3667 per
1904 3593 2256 3652 Malachiam

593 3691 751 3746 Deus
779 3686 1185 3745 comminatur
1213 3685 1454 3742 dicens:
1487 3685 1843 3752 Disperdam
1895 3685 2254 3755 magistrum

597 3785 652 3836 et
682 3777 1064 3848 discipulum,
1096 3781 1152 3832 et
1185 3759 1542 3832 maledicam
1589 3773 2092 3830 benedictionibus
2139 3779 2254 3829 ves-

597 3875 710 3924 tris
735 3867 980 3924 (Malae.
1013 3869 1148 3936 11,2,
1185 3865 1290 3936 t2).
1326 3861 1694 3920 Benedicunt
1723 3861 2065 3918 sacerdotes
2111 3879 2254 3918 cum

597 3956 906 4014 adulando
935 3953 1150 4012 Christi
1180 3951 1657 4009 misericordiam
1696 3951 1812 4008 reis
1861 3951 2248 4024 promittunt:

597 4046 700 4102 sed
747 4041 1270 4102 benedictionibus
1322 4057 1534 4098 eorum
1583 4041 1877 4096 Dominus
1927 4039 2251 4108 maledicit,

595 4135 738 4208 quia
777 4136 930 4189 sicut
982 4131 1123 4187 alibi
1179 4129 1436 4186 dicitur:
1485 4129 1602 4196 Qui
1646 4129 1990 4199 beatiﬁcant
2038 4135 2092 4186 et
2147 4129 2256 4201 qui

599 4223 1020 4292 beatiﬁcaniur
1053 4225 1230 4274 erunt
1271 4219 1642 4288 praecipitati
1664 4219 1806 4289 (Isa.
1839 4235 1920 4289 1x,
1949 4219 2064 4290 26).
2101 4221 2250 4274 Nam

597 4313 648 4368 si
674 4311 754 4367 ob
784 4309 1215 4380 negligentiam
1245 4307 1707 4380 praepositorum
1757 4307 2162 4376 solummodo,
2195 4311 2254 4365 et

595 4409 719 4458 n‘on
748 4399 944 4470 magis
976 4397 1056 4454 ob
1089 4396 1434 4470 cupidinem
1461 4413 1637 4454 suam
1665 4397 1911 4472 propria
1939 4397 2248 4454 haberent.

595 4506 718 4546 non
739 4489 890 4546 alios
923 4487 1112 4559 cibos,
1125 4502 1250 4542 non
1271 4486 1419 4542 alias
1451 4491 1664 4554 vestes,
1687 4503 1876 4560 quam
1905 4485 2254 4557 regulariter

594 4579 949 4637 constitutas
969 4580 1420 4652 praesumerent.
1457 4577 1688 4634 Prmlati
1733 4575 1995 4650 denique
2026 4576 2075 4630 si
2103 4575 2252 4649 quid

593 4675 761 4726 extra
787 4667 1274 4724 constitutionem
1303 4665 1407 4720 Dei
1431 4665 1527 4720 vel
1553 4669 1794 4721 Patrum
1822 4666 2247 4736 praeceperint:

594 4775 736 4814 mox
757 4754 1143 4828 praecipiendi
1172 4753 1588 4810 auctoritatem
1618 4752 1918 4822 amittunt,
1949 4757 2006 4808 ct
2025 4757 2168 4810 tunc
2187 4754 2250 4810 in

595 4864 668 4902 ea
693 4862 758 4901 re
787 4843 1129 4900 nullatenus
1162 4842 1570 4900 obediendum
1601 4845 1692 4896 est
1731 4841 1833 4896 eis.
1865 4842 2150 4915 Exemplo
2171 4841 2250 4898 vi-

595 4935 809 4991 delicet
855 4932 1288 5006 apostolorum,
1336 4931 1561 5004 quibus
1605 4929 1876 5000 Magister
1914 4931 2147 4988 dixerat
2174 4932 2250 4988 de

595 5023 903 5080 Pharisaais
931 5027 988 5078 et
1019 5021 1269 5078 Scribis:
1321 5021 1534 5075 Omnia
1575 5035 1944 5092 quacunque
1983 5021 2250 5078 dixerint

594 5113 780 5182 vobis,
813 5117 1044 5168 servate
1097 5113 1152 5166 et
1202 5110 1389 5178 facite
1431 5107 1670 5178 (Matth.
1711 5123 1873 5177 xxm,
1917 5109 1990 5178 3).
2041 5111 2253 5165 Postea

591 5217 735 5258 vero
783 5196 1270 5274 praecipientibus
1329 5194 1416 5250 eis
1473 5210 1548 5251 ne
1607 5194 1994 5268 loquerentur
2041 5197 2104 5252 in
2147 5213 2252 5253 no-

593 5292 756 5346 mine
807 5292 964 5356 Jesu,
1025 5285 1337 5358 respondit
1389 5287 1591 5340 Petrus
1637 5302 1648 5339 :
1713 5287 1962 5342 Obedire
2019 5293 2250 5356 oportet

595 5381 712 5432 Deo
755 5379 942 5448 magis
996 5390 1176 5446 quam
1225 5373 1561 5430 hominibus
1607 5375 1759 5444 (Act.
1819 5393 1874 5434 v.
1917 5377 2028 5444 29).
2077 5379 2251 5430 Caete-

591 5481 728 5522 rum
754 5481 942 5538 quam
970 5463 1174 5538 plures
1201 5464 1354 5520 inter
1374 5479 1476 5518 eos
1503 5463 1782 5532 existunt,
1813 5463 1916 5536 qui
1939 5463 2116 5518 etiam
2135 5465 2250 5520 sub

587 5554 769 5614 malis
794 5553 1130 5628 praepositis
1155 5553 1311 5612 bene
1349 5552 1577 5626 vivunt,
1607 5553 1714 5626 qui
1760 5551 2043 5624 quamvis
2083 5559 2249 5610 extra

2369 1651 2596 1707 malitia
2617 1651 2806 1706 ?dum
2837 1651 3010 1708 bonis
3041 1651 3310 1708 invident
3337 1651 3532 1724 pravi,
3563 1649 3896 1708 liberalibus
3911 1667 3994 1707 cu-

2369 1741 2514 1814 pidi,
2538 1739 2924 1812 quietissimis
2953 1739 3294 1806 turbulenti,
3319 1738 3604 1795 studiosis
3637 1738 3861 1805 inertes,
3891 1737 3992 1810 pla-

2369 1826 2518 1881 cidis
2545 1826 2980 1899 implacabiles,
3013 1827 3352 1900 tranquillis
3401 1827 3686 1894 immites,
3739 1825 3990 1882 modestis

2369 1915 2685 1982 temerarii,
2750 1916 3139 1988 sapientibus,
3191 1916 3372 1982 stulti,
3403 1915 3776 1989 simplicibus
3803 1913 3987 1980 callidi,

2369 2003 2722 2060 mittissimis
2750 2021 2993 2077 quoque
3023 2003 3277 2060 furiosi?
3305 2003 3422 2062 Sed
3463 2003 3680 2060 melius
3705 2018 3900 2060 eorum
3923 2001 3990 2056 in-

2371 2094 2576 2148 sanias
2605 2092 2936 2166 apostolica
2963 2093 3111 2150 tuba
3135 2093 3458 2164 redarguit.
3493 2097 3644 2150 Nam
3667 2109 3802 2148 cum
3829 2090 3991 2147 novis-

2369 2181 2662 2238 simorum
2701 2182 2968 2255 pericula
2999 2187 3146 2256 tem;
3168 2199 3341 2238 orum
3375 2183 3649 2254 gentium
3688 2185 3886 2238 Doctor
3915 2195 3990 2235 ex-

2368 2270 2668 2344 primeret,
2697 2270 2893 2327 intulit
2916 2270 3124 2326 dicens
3149 2287 3162 2326 :
3189 2273 3390 2326 Erunt
3413 2272 3576 2327 enim
3601 2270 3852 2326 homines
3865 2268 3988 2336 seip-

2369 2377 2462 2416 sos
2515 2367 2803 2432 amantes,
2861 2361 3088 2430 cupidi,
3133 2361 3300 2430 elati,
3350 2360 3618 2430 superbi,
3677 2357 3988 2428 blasphemi,

2366 2450 2718 2518 parentibus
2745 2463 2866 2504 non
2911 2449 3262 2517 obedientes,
3315 2451 3571 2521 ingrati,
3619 2448 3858 2512 scelesti,
3889 2445 3992 2502 sine

2369 2539 2700 2607 affectione,
2731 2540 2858 2593 sine
2877 2551 3051 2607 pace,
3083 2538 3522 2606 criminatores,
3567 2537 3988 2602 incontinentes,

2369 2625 2622 2682 immites
2633 2667 2646 2690 ,
2659 2626 2786 2682 sine
2799 2625 3184 2696 benignitate,
3193 2626 3560 2695 proditores,
3573 2624 3850 2696 protervi,
3863 2621 3992 2678 timi-

2371 2713 2454 2780 di,
2483 2713 2858 2782 voluptatum
2889 2721 3186 2770 amatores
3215 2713 3406 2784 magis
3431 2729 3620 2785 quam
3645 2713 3752 2769 Dei
3769 2711 3851 2782 (II
3863 2709 3986 2765 Tim.

2371 2817 2456 2868 Ill,
2498 2803 2636 2874 2-4).
2687 2803 2792 2857 Hic
2839 2801 3226 2858 beatissimus
3279 2801 3504 2858 Paulus
3549 2800 3718 2876 quod
3753 2796 3990 2872 superius

2369 2890 2586 2946 diffuse
2613 2889 2860 2964 protulit
2887 2890 3042 2946 mira
3081 2889 3372 2946 brevitate
3413 2889 3678 2962 collegit,
3709 2885 3992 2944 ostendens

2369 2995 2472 3036 eos
2525 2979 2662 3036 ideo
2708 2979 2854 3035 tales
2903 2979 3047 3047 fore,
3107 2979 3252 3052 quia
3295 2978 3686 3052 voluptatum
3731 2979 3991 3034 amatores

2369 3069 2704 3130 existerent,
2737 3068 2881 3141 quia
2907 3067 3304 3124 vitiosissimis
3331 3067 3768 3142 cupiditatibus
3795 3082 3852 3122 se
3880 3062 3994 3119 sub-

2363 3157 2664 3228 jugarenl.
2699 3157 2842 3212 Hinc
2871 3157 3032 3212 enim
3051 3161 3268 3212 cuncta
3281 3155 3444 3213 mala
3469 3157 3845 3230 proveniunt.
3867 3155 3992 3210 Dum

2369 3249 2523 3301 Deus
2551 3245 2971 3314 contemnitur,
3015 3245 3354 3319 voluptates
3403 3251 3716 3308 amantur.
3749 3243 3880 3300 Hinc
3923 3243 3994 3294 est

2366 3335 2554 3408 quod,
2589 3339 2654 3390 ut
2697 3334 2998 3407 Sapientia
3039 3335 3210 3390 dicit:
3259 3335 3474 3392 Omnia
3541 3335 3838 3392 commista
3876 3331 3990 3386 sunt

2367 3425 2534 3493 apud
2559 3437 2698 3480 eos:
2725 3426 2994 3494 sanguis,
3016 3424 3422 3487 homicidium,
3444 3425 3640 3492 fictio,
3667 3420 3990 3494 perjurium,

2370 3514 2662 3568 tumultus
2703 3512 3018 3580 honorum,
3070 3514 3317 3570 Domini
3373 3513 3808 3570 immemoratio
3859 3507 3988 3580 (Sap.

2367 3617 2482 3666 x1v,
2515 3603 2627 3673 25).
2657 3602 2802 3657 Hinc
2832 3605 2889 3658 et
2917 3603 3064 3657 Osee
3093 3601 3546 3674 querimoniam
3589 3600 3810 3658 faciens
3835 3593 3990 3652 dicit:

2364 3691 2500 3746 Non
2519 3695 2601 3746 est
2633 3691 2876 3756 veritas,
2907 3695 2960 3747 et
2990 3705 3111 3746 non
3141 3696 3224 3747 est
3253 3691 3696 3760 misericordia,
3725 3693 3778 3746 et
3797 3701 3904 3742 non
3923 3684 3992 3739 est

2365 3777 2614 3834 scientia
2647 3779 2710 3832 in
2751 3783 2935 3834 terra.
2970 3777 3384 3845 Maledictum,
3427 3784 3480 3834 et
3529 3777 3913 3840 mendacium,
3947 3773 3992 3824 et

2365 3867 2770 3934 homicidium,
2799 3868 3060 3938 furtum,
3083 3875 3136 3924 et
3162 3869 3535 3926 adulterium
3561 3863 3990 3924 inundaverant.

2363 3963 2418 4013 et
2447 3957 2693 4027 sanguis
2723 3957 3078 4027 sanguinem
3101 3958 3291 4028 tetigit
3335 3957 3504 4028 (Osee
3537 3975 3618 4026 1v,
3653 3961 3704 4022 1,
3731 3959 3806 4022 2).
3835 3954 3895 4008 Et
3917 3962 3992 4022 poo

2363 4045 2512 4118 puli,
2544 4045 2696 4100 sicut
2735 4044 2798 4100 hi
2840 4043 2945 4118 qui
2983 4045 3405 4102 contradicunt
3435 4043 3758 4112 sacerdoti,
3787 4041 3858 4097 de
3885 4035 3992 4110 qui-

2363 4133 2480 4190 bus
2503 4151 2624 4191 una
2673 4133 2940 4206 Apostoli
2975 4133 3267 4190 sententia
3309 4139 3416 4202 est,
3449 4135 3748 4208 quoniam
3793 4143 3902 4186 non
3925 4139 3994 4180 so-

2367 4225 2490 4282 lum
2513 4226 2618 4296 qui
2643 4225 2795 4280 talia
2825 4230 3038 4296 agunt,
3060 4223 3164 4280 sed
3195 4229 3248 4280 et
3277 4225 3382 4296 qui
3401 4225 3781 4280 consentiunt
3801 4217 3996 4290 facien-

2367 4315 2522 4371 tibus
2553 4316 2726 4385 digni
2745 4321 2884 4370 sunt
2917 4320 3107 4370 morte
3135 4315 3324 4382 (Rom.
3355 4330 3396 4368 1.
3421 4317 3537 4385 32).

2434 4405 2680 4461 XXXVII.
2735 4403 2885 4459 Dicit
2937 4402 3153 4459 Isaias:
3206 4403 3428 4474 Angeli
3467 4404 3642 4472 pacis
3679 4412 3876 4458 amare
3911 4394 3998 4465 ﬂe-

2366 4489 2512 4545 bunt
2539 4491 2680 4558 (Isa.
2705 4503 2906 4555 xxxnr,
2935 4487 3010 4558 7).
3045 4487 3324 4560 Quisquis
3357 4501 3501 4558 ergo
3533 4487 3612 4544 de
3657 4485 3781 4542 istis
3818 4485 3916 4550 est,
3951 4477 3999 4530 et

2363 4595 2488 4635 non
2518 4578 2592 4634 de
2619 4577 2754 4646 illis,
2780 4577 2855 4634 de
2883 4575 3106 4650 quibus
3132 4576 3349 4632 dicitur
3375 4593 3388 4632 :
3435 4575 3728 4634 Colomba
3755 4571 3994 4630 seducta.

2361 4685 2484 4724 non
2512 4667 2733 4724 habens
2763 4683 2866 4723 cor
2915 4667 3081 4738 (Osee
3107 4681 3208 4738 vn,
3257 4669 3366 4738 tt),
3396 4671 3454 4721 et
3493 4665 3726 4740 quibus
3779 4659 3995 4717 dicitur:

2367 4758 2565 4824 Quare
2613 4771 2735 4812 non
2787 4756 2977 4826 magis
3022 4756 3250 4812 luctum
3301 4755 3602 4812 habuistis
3633 4755 3662 4810 τ
3715 4753 3770 4825 (Ι
3799 4749 3925 4806 Cor.
3953 4759 3998 4808 Υ,

2361 4847 2440 4916 2).
2475 4843 2824 4914 Lugendum
2845 4849 2935 4899 est
2956 4843 3012 4900 ei
3039 4843 3347 4916 praesentis
3373 4843 3510 4899 vitae
3541 4849 3804 4916 tempus,
3827 4837 4000 4904 inqu°

2365 4938 2504 4990 sunt
2531 4933 2612 4990 ita
2641 4933 2846 4989 omnia
2874 4935 3146 5002 confusa,
3203 4937 3270 4990 ut
3297 4925 3569 4990 veritatis
3619 4930 3862 5006 quidem
3907 4934 4002 4979 nec

2362 5021 2683 5092 vestigium
2731 5038 2992 5095 usquam
3043 5023 3270 5093 videas,
3329 5022 3611 5096 nequitiae
3665 5035 3803 5078 vero
3845 5019 3998 5084 atquﬁ

2361 5111 2614 5166 luxuriae
2644 5115 2860 5168 cuncta
2905 5127 3034 5168 esse
3089 5111 3316 5185 repleta
3367 5111 3728 5185 prospicias,
3767 5121 3872 5164 nec
3910 5097 3998 5157 ali-

2361 5201 2510 5274 quid
2551 5201 2710 5272 juste
2765 5204 3044 5274 recteque
3095 5203 3354 5258 servari:
3387 5200 3651 5257 humiles
3711 5201 3769 5254 et
3813 5187 4000 5251 invali-

2362 5291 2496 5360 dos,
2555 5297 2734 5364 atque
2789 5293 3178 5364 pauperiores
3239 5291 3468 5360 videas,
3527 5307 3564 5346 a
3626 5283 3896 5360 superbis

2362 5377 2705 5448 potentibus
2753 5375 3158 5449 divitibusque
3207 5375 3545 5448 comprimi,
3609 5373 3794 5440 allligi
3845 5371 4000 5434 atque

2361 5467 2578 5537 injuste
2617 5465 2788 5534 laedi;
2831 5465 3148 5522 honestum
3197 5481 3334 5522 vero
3366 5479 3742 5538 quemquam
3771 5463 3828 5516 et
3853 5451 3998 5528 quie-

2361 5559 2491 5612 tum
2520 5555 2724 5613 multis
2751 5552 3101 5612 lossionibus
3139 5553 3476 5628 perturbari
3500 5569 3510 5606 :
3531 5555 3779 5608 econtra
3803 5555 3976 5601 unum
