4094 6156
200 134 335 189 £585

1264 135 1756 194 COLLATIONUM
1796 135 1975 192 LIBRI
2013 138 2209 195 TRES.
2250 166 2335 181 -λ
2359 142 2490 197 LIB.
2532 145 2596 199 II.

3537 147 3643 200 586

226 270 534 328 quemque
558 257 890 329 pessimum
912 259 1178 332 potentia
1206 259 1520 326 cumulari,
1554 259 1877 317 terribilem
1915 266 1963 317 Α
1990 276 2262 319 exercere
2291 265 2668 337 permittitur,
2699 270 2926 339 quanto
2952 266 3146 325 soluta
3187 266 3378 324 bestia
3420 267 3642 325 violen-

223 344 375 412 ﬁeri,
406 350 463 400 et
494 346 721 402 tumido
753 364 1031 405 successu
1051 349 1109 405 in
1160 348 1336 406 malis
1373 350 1599 421 augeri,
1657 349 1879 422 quibus

222 448 337 489 nec
362 432 642 504 judicum
672 441 886 504 metus,
920 453 1029 493 nec
1058 439 1389 495 reverentia
1416 455 1602 496 sacrae
1623 439 1881 495 auctori-

224 522 363 578 tatis
392 522 713 595 praevalere
735 530 946 597 potest,
971 542 1079 582 nec
1101 543 1311 587 eorum
1330 527 1659 601 perniciem
1680 526 1883 584 ullate-

223 626 340 667 nus
361 611 655 669 cohihere.
678 613 790 670 Sed
811 614 959 686 quid
984 614 1060 670 de
1074 616 1382 687 judicibus
1404 617 1662 673 dicimus
1682 615 1709 671 ?
1732 619 1880 672 Nam

222 704 282 756 et
301 700 435 773 ipsi,
466 701 571 774 qui
596 702 674 757 ad
697 703 826 758 haec
852 704 1234 777 rcprimenda
1271 706 1574 763 constituti
1624 705 1878 772 fuerant,

220 790 529 859 graviores
558 795 941 864 tempestates
971 799 1028 850 et
1047 795 1504 867 perniciosiores
1539 796 1602 852 in
1631 796 1881 851 miseros

220 884 514 936 exercent.
550 883 681 937 Haec
710 886 910 939 autem
943 883 1149 957 iniqua
1174 888 1354 958 atque
1375 884 1878 957 injustaintequa-

218 968 354 1025 litas
379 984 503 1025 non
534 969 732 1027 solum
757 972 816 1027 in
842 971 1111 1044 urbibus,
1135 973 1238 1029 sed
1260 979 1318 1030 et
1345 974 1406 1029 in
1438 974 1599 1044 agris
1634 991 1646 1028 :
1680 978 1735 1029 et
1756 988 1879 1029 non

220 1057 499 1114 solumin
528 1061 703 1127 terra,
737 1059 843 1116 sed
872 1064 930 1116 et
949 1060 1009 1116 in
1038 1062 1191 1117 mari
1224 1062 1613 1119 committitur
1640 1066 1698 1118 et
1720 1077 1880 1118 exer-

217 1150 404 1203 cetur.
438 1150 503 1203 Et
522 1148 886 1220 primoribus
911 1150 1157 1223 quidem
1182 1150 1475 1224 propheta
1502 1151 1644 1208 dicit
1679 1169 1691 1206 :
1721 1152 1881 1207 Non-

218 1243 584 1293 nevestrum
611 1244 698 1296 est
708 1239 1010 1309 judicium
1032 1242 1234 1297 scire?
1284 1241 1488 1312 (Mich.
1538 1257 1625 1310 ιιι,
1686 1242 1757 1314 1).
1816 1243 1881 1297 Et

215 1323 360 1381 item
380 1324 533 1381 alius
564 1325 705 1383 dicit
730 1345 743 1382 :
771 1328 1056 1384 Forsitan
1086 1329 1262 1385 stulti
1286 1334 1427 1385 sunt
1447 1335 1502 1386 et
1532 1331 1878 1401 ignorantes

217 1415 379 1470 viam
402 1416 688 1471 Domini?
728 1416 831 1472 Ibo
861 1417 1051 1487 igitur
1079 1418 1161 1474 ad
1189 1420 1501 1487 optimates
1530 1437 1543 1474 :
1577 1420 1695 1489 ipsi
1720 1419 1876 1475 enim

216 1509 622 1572 cognoverunt
634 1504 937 1573 judicium
981 1506 1092 1561 Dei
1138 1506 1252 1577 sui,
1306 1512 1360 1562 et
1382 1521 1512 1563 ecce
1561 1507 1658 1563 hic
1686 1507 1878 1577 magis

1988 352 2102 408 tior
2126 357 2215 410 est
2233 370 2419 427 quam
2457 353 2657 425 ligata.
2681 358 2842 412 Tune
2867 356 3025 413 enim
3052 356 3119 413 fit
3146 362 3310 414 tanto
3325 357 3644 415 ferventior

1988 442 2067 499 ad
2098 443 2406 512 saevitiam,
2438 448 2668 518 quanto
2700 461 2761 500 se
2792 445 3135 503 viciniorem
3159 448 3336 505 sentit
3376 447 3457 505 ad
3512 464 3641 522 pce-

1988 547 2151 588 nam.
2181 532 2529 591 Considerat
2551 548 2815 606 namque
2845 534 3012 606 quod
3044 535 3217 606 juxta
3237 536 3328 603 sit,
3375 541 3439 593 ut
3460 536 3642 593 licen-

1988 620 2133 677 tiam
2163 622 2546 695 nequissimae
2576 622 2861 679 libertatis
2887 622 3151 680 amittat:
3176 628 3232 680 et
3251 630 3480 698 quanto
3509 626 3643 683 bre-

1988 708 2167 766 vitate
2214 711 2500 784 temporis
2548 714 2926 781 angustatur,
2987 714 3153 767 tanto
3210 713 3642 786 multiplicitate

1987 797 2353 855 crudelitatis
2380 798 2757 873 expanditur.
2785 800 2945 856 Sicut
2971 798 3047 855 de
3075 797 3176 855 illo
3196 814 3343 856 voce
3369 802 3643 872 angelica

1986 885 2201 943 dicitur
2225 887 2306 944 ad
2332 890 2624 944 Joannem
2654 905 2666 942 :
2712 890 2806 943 Vae
2835 894 3029 956 terrae,
3063 893 3117 945 et
3145 889 3322 959 mari,
3345 891 3488 960 quia
3519 890 3643 946 des-

1987 977 2185 1033 cendit
2226 977 2500 1034 diabolus
2555 979 2638 1035 ad
2686 993 2783 1034 vos
2843 977 3064 1034 habens
3134 979 3290 1034 iram
3337 993 3641 1048 magnam,

1985 1064 2173 1120 sciens
2195 1066 2355 1137 quod
2380 1066 2680 1122 modicum
2713 1072 2940 1134 tempus
2967 1064 3142 1122 habet
3174 1064 3379 1136 (Apoc.
3406 1081 3509 1132 xu,
3532 1065 3640 1136 I2).

1986 1155 2148 1209 Tunc
2173 1169 2316 1225 ergo
2354 1153 2417 1210 in
2447 1168 2688 1224 magnae
2713 1153 2814 1209 irae
2843 1151 3107 1209 furorem
3138 1168 3200 1208 se
3256 1151 3463 1209 dilatat
3495 1170 3508 1221 ;
3567 1167 3645 1208 ne

1985 1243 2091 1315 qui
2116 1243 2174 1298 in
2197 1242 2563 1317 beatitudine
2591 1247 2748 1300 stare
2770 1257 2897 1299 nou
2925 1241 3140 1314 potuit,
3190 1241 3252 1298 in
3309 1241 3644 1299 damnatio-

1985 1331 2080 1387 nis
2110 1349 2233 1387 suae
2267 1330 2503 1388 foveam
2530 1347 2670 1387 cum
2704 1330 2914 1404 paucis
2939 1330 3072 1387 ruit.
3128 1333 3289 1387 Tunc
3345 1330 3645 1405 quidquid

1985 1419 2257 1493 nequiter
2309 1419 2562 1477 valuerit
2617 1419 2869 1476 callidus
2918 1418 3191 1492 exquirit.
3253 1420 3390 1476 Haec
3440 1419 3644 1494 itaque

1986 1512 2259 1582 tempora
2281 1508 2411 1580 jam
2442 1508 2696 1578 venisse,
2725 1509 2977 1580 jamque
3017 1507 3356 1579 malignum
3408 1509 3645 1569 hostem

213 1592 643 1663 confregerunt
661 1596 903 1664 jugum.
932 1594 1226 1667 Nunquid
1252 1610 1435 1667 super
1459 1596 1551 1652 his
1575 1611 1698 1651 non
1727 1596 1876 1652 visi-
1918 1616 1957 1670 Β
1984 1598 2336 1671 mysterium
2365 1597 2694 1671 iniquitatis
2737 1596 2974 1669 operari
3030 1612 3139 1671 per
3184 1598 3299 1653 hoc
3329 1598 3644 1655 manifeste

178 1718 185 1719 κ
216 1680 374 1748 tabo,
403 1682 547 1738 dicit
572 1683 902 1740 Dominus?
922 1682 1068 1754 (Jer.
1102 1700 1158 1751 v,
1184 1686 1239 1753 4,
1273 1688 1353 1752 5.)
1385 1683 1653 1741 Visitabit
1697 1687 1873 1752 certe,

216 1774 277 1826 et
304 1770 460 1826 sicut
487 1770 801 1828 Malaehias
829 1771 992 1843 dicit,
1024 1772 1133 1829 erit
1161 1773 1327 1829 testis
1355 1773 1531 1830 velox
1561 1772 1875 1845 maleﬁcis,

213 1858 522 1929 adulteris,
551 1864 609 1916 et
624 1861 904 1933 perjuris,
928 1865 986 1915 et
1011 1860 1569 1919 calumniatoribus.
1605 1865 1693 1932 Et,
1726 1862 1877 1918 sicut

215 1954 401 2004 Amos
450 1948 611 2015 dicit,
638 1964 763 2005 non
792 1949 903 2005 erit
930 1949 1017 2005 eis
1047 1949 1193 2021 fuga
1222 1968 1236 2017 ;
1286 1950 1393 2006 sed
1423 1951 1472 2005 si
1501 1951 1877 2008 ascenderint

216 2036 299 2092 ad
328 2036 569 2105 caelum,
599 2037 739 2093 inde
764 2037 1036 2094 detrahet
1064 2053 1186 2104 eos,
1215 2044 1273 2094 et
1297 2038 1346 2093 si
1376 2038 1697 2095 celaverint
1726 2055 1788 2095 se
1816 2039 1879 2094 in

214 2123 587 2196 profundum
610 2126 814 2185 maris.
848 2125 931 2181 ibi
961 2125 1279 2183 mandabit
1307 2126 1585 2200 serpenti,
1618 2132 1674 2182 et
1724 2142 1880 2183 mor-

213 2213 385 2269 debit
413 2230 534 2270 eos.
570 2215 851 2287 Quisquis
876 2215 1056 2285 igitur
1085 2216 1423 2274 considerat
1477 2216 1572 2272 vel
1625 2233 1876 2273 causam

214 2317 449 2371 eorum,
475 2303 578 2375 qui
610 2305 864 2373 gratiam
893 2303 993 2360 Dei
1012 2303 1074 2359 in
1094 2319 1357 2360 vacuum
1401 2304 1773 2378 recipientes,
1821 2307 1879 2360 et

215 2390 297 2447 ad
325 2389 689 2447 diabolicam
723 2391 1069 2447 servitutem
1099 2391 1416 2447 redeuntes
1462 2396 1735 2465 pereunt,
1791 2392 1875 2449 vel

216 2478 490 2535 miserias
516 2494 747 2547 eorum,
772 2479 877 2552 qui
897 2479 1411 2536 innumerabiliter
1431 2479 1654 2548 afﬂicti,
1687 2485 1788 2538 aut
1813 2481 1875 2537 in

218 2568 756 2625 murmurationem
788 2572 891 2624 aut
917 2568 978 2624 in
995 2567 1477 2640 desperationem
1494 2569 1871 2637 excedentes,

214 2661 276 2714 et
302 2657 658 2730 temporalia
683 2662 741 2714 et
766 2672 1059 2714 mansura
1087 2657 1313 2713 damna
1343 2656 1677 2729 incurrunt,
1729 2658 1872 2715 satis

215 2752 309 2803 est
329 2746 488 2803 unde
508 2746 907 2814 contristetur,
942 2750 1000 2801 et
1026 2745 1241 2816 lugeat
1299 2746 1409 2811 Qui
1458 2749 1661 2802 autem
1694 2762 1875 2821 super

216 2837 309 2893 his
337 2835 672 2893 contristari
692 2839 966 2908 possunt,
991 2836 1178 2891 Deum
1204 2834 1519 2907 dupliciter
1556 2836 1661 2908 qui
1694 2851 1875 2909 super

1983 1690 2165 1759 patet,
2196 1685 2364 1759 quod
2392 1685 2591 1742 omnis
2614 1684 2765 1742 ordo
2788 1684 3093 1754 religionis
3116 1690 3221 1741 aut
3244 1684 3645 1743 Christianita-

1984 1774 2057 1832 tis
2083 1774 2437 1831 immutatus
2469 1779 2575 1841 est,
2620 1789 2733 1831 nec
2785 1772 3063 1846 impietas
3109 1773 3241 1844 jam
3293 1772 3645 1830 erubescere

1985 1863 2197 1921 saltem
2220 1863 2522 1934 dignatur,
2546 1863 2650 1920 sed
2682 1863 3028 1936 iniquorum
3076 1861 3508 1935 multiplicitate
3553 1878 3646 1919 ro-

1985 1952 2197 2009 borata
2225 1957 2405 2026 caput
2434 1951 2658 2025 ubique
2686 1951 2959 2009 locorum
3007 1950 3292 2008 extulisse
3342 1951 3639 2009 videatur.

2057 2038 2269 2093 XXXIX.
2296 2035 2407 2102 Qui
2428 2040 2629 2092 autem
2648 2035 2767 2091 sint
2788 2051 2945 2108 quos
2967 2036 3090 2091 suis
3106 2034 3644 2093 ditionibusisdem

1986 2124 2176 2181 hostis
2222 2124 2550 2198 mancipat,
2607 2139 2717 2197 per
2766 2124 2881 2180 hoc
2923 2123 3279 2192 ostenditur,
3318 2124 3486 2198 quod
3540 2140 3643 2181 rex

1986 2229 2119 2271 esse
2144 2229 2325 2288 super
2354 2229 2568 2270 omnes
2602 2212 2759 2269 ﬁlios
2789 2212 3088 2286 superbiae
3117 2212 3481 2285 perhibetur.
3535 2215 3643 2271 Su-

1985 2301 2196 2375 perbia
2226 2317 2370 2358 vero
2399 2306 2458 2358 et
2485 2300 2707 2358 multos
2735 2301 2798 2357 in
2855 2300 3243 2357 saecularibus
3298 2300 3529 2370 studiis,
3589 2306 3647 2358 et

1986 2390 2207 2447 multos
2235 2391 2297 2447 in
2326 2389 2523 2462 gradu
2546 2390 2848 2461 religionis
2895 2390 3122 2464 positos
3170 2390 3506 2463 prosternit.
3566 2393 3646 2447 De

1984 2479 2110 2535 istis
2138 2495 2404 2553 namque
2463 2479 2752 2552 scriptum
2800 2483 2889 2535 est
2933 2496 2946 2534 :
2998 2480 3165 2535 Misit
3193 2479 3449 2536 caudam
3474 2495 3645 2537 suam

1984 2569 2190 2637 draco,
2222 2575 2278 2626 et
2310 2571 2503 2626 traxit
2525 2571 2764 2627 tertiam
2783 2575 3019 2639 partem
3071 2569 3389 2626 stellarum
3433 2569 3643 2642 (Apoc.

1984 2675 2083 2727 xn,
2111 2662 2187 2726 4).
2224 2659 2400 2726 Quod
2424 2664 2512 2716 est
2539 2664 2806 2716 extrema
2831 2659 3220 2732 persuasione
3278 2659 3498 2716 multos
3525 2664 3638 2716 ter-

1981 2747 2140 2804 renis
2171 2748 2481 2804 amoribus
2512 2748 2839 2814 involvere,
2871 2749 2977 2821 qui
3002 2748 3201 2805 studio
3230 2748 3363 2805 vitae
3386 2749 3641 2806 caelestis

1983 2837 2263 2893 videntur
2290 2836 2602 2893 inhaerere.
2631 2839 2785 2893 Sane
2815 2836 2891 2892 de
2918 2836 3031 2892 illis
3062 2838 3212 2899 alias
3247 2855 3258 2893 :
3294 2839 3645 2896 Circumda-

206 2925 486 2981 miserias
512 2924 774 2981 ﬁliorum
800 2923 980 2980 Israel
1001 2924 1216 2995 legitur
1244 2923 1526 2994 doluisse,
1560 2940 1742 2996 super
1770 2940 1873 2997 pe-
1915 2964 1956 3019 Β
1987 2927 2133 2982 bunt
2164 2941 2314 2989 eum,
2338 2925 2552 2998 inquit,
2582 2926 2791 2981 salices
2837 2926 3120 2981 torrentis
3176 2926 3331 2992 (Job.
3386 2942 3480 2997 XL,
3538 2929 3639 2998 I7).

210 3015 468 3071 rituram
499 3012 865 3069 Hierusalem
896 3012 1155 3068 ﬂevisse.

282 3104 548 3159 XXXVIII.
581 3101 669 3158 Oh
692 3101 809 3157 hoc
837 3103 1040 3157 autem
1061 3099 1346 3173 iniquitas
1379 3100 1663 3156 undatius
1709 3101 1876 3158 ebul—

209 3192 301 3264 lit,
332 3195 400 3248 ut
418 3191 601 3247 Isaias
624 3190 726 3259 ait,
751 3189 896 3263 quia
914 3189 1131 3246 veritas
1156 3189 1219 3245 in
1277 3189 1580 3247 oblivione
1635 3190 1761 3258 erit,
1820 3193 1877 3245 et

210 3282 394 3351 longe
420 3279 653 3352 justitia
682 3282 797 3336 stat
828 3297 841 3333 ε
874 3278 1044 3351 quia,
1076 3277 1229 3335 sicut
1251 3279 1382 3349 jam
1413 3277 1699 3350 diximus,
1732 3283 1877 3336 tem-

211 3367 720 3443 porapericulosa
746 3371 1062 3437 venerunt,
1094 3370 1149 3423 et
1179 3367 1298 3423 ﬁne
1333 3382 1443 3423 suo
1476 3366 1747 3423 mundus
1774 3384 1874 3424 ur-

212 3463 407 3532 getur.
440 3458 550 3525 Qui
573 3457 710 3514 ﬁnis
738 3473 875 3514 cum
904 3473 977 3513 ex
1006 3458 1143 3530 ipso
1172 3472 1283 3513 suo
1331 3456 1541 3513 ordine
1592 3457 1874 3530 pendeat,

211 3546 617 3622 perversiores
642 3551 845 3603 tamen
876 3560 1153 3618 quosque
1177 3544 1531 3601 inventurus
1554 3549 1666 3617 est,
1695 3546 1800 3619 qui
1820 3549 1877 3603 et

211 3628 374 3693 illius
397 3634 584 3691 ruinis
611 3632 792 3704 digne
820 3633 1300 3707 comprimantur
1320 3637 1378 3690 et
1398 3649 1466 3689 ex
1488 3632 1726 3691 illorum
1751 3650 1874 3691 me-

210 3725 343 3782 ritis
374 3740 547 3781 versa
573 3722 702 3780 vice
732 3722 1008 3795 ejusdem
1046 3722 1197 3779 ordo
1215 3739 1419 3780 rerum
1448 3722 1871 3781 confundatur.

214 3817 319 3871 Est
339 3828 583 3887 quoque
612 3815 670 3868 et
698 3812 818 3869 alia
844 3811 1020 3884 ratio,
1050 3812 1196 3886 quia
1223 3827 1335 3884 pro
1367 3827 1439 3869 eo
1468 3811 1635 3885 quod
1677 3811 1874 3868 homi-

209 3917 327 3959 nes
350 3906 489 3975 post
503 3900 831 3958 revelatam
861 3900 1116 3971 gratiam
1145 3900 1480 3957 dilexerunt
1504 3900 1698 3970 magis
1721 3904 1877 3957 tene-

210 3992 360 4048 bras
383 4007 571 4064 quam
602 3991 822 4061 lucem,
855 3990 1043 4047 vocati
1089 3993 1246 4057 sunt,
1307 3994 1373 4046 ut
1422 3989 1507 4046 ait
1560 3988 1873 4062 propheta,

208 4084 274 4138 et
302 4095 425 4137 non
452 4078 913 4154 responderunt,
945 4082 1163 4152 etquae
1192 4078 1384 4135 noluit
1414 4076 1705 4134 Dominus
1758 4076 1875 4134 ele-

213 4174 451 4243 gerunt,
498 4174 556 4225 et
600 4171 1031 4240 cognoscentes
1080 4171 1270 4225 Deum
1316 4183 1440 4225 non
1490 4167 1642 4223 sicut
1687 4168 1876 4222 Deum

213 4258 722 4330 gloriﬁcaverunt,
753 4261 997 4332 propter
1024 4258 1140 4315 hoc
1166 4257 1361 4315 tradet
1410 4256 1543 4313 illos
1602 4257 1759 4312 Deus
1814 4255 1876 4311 in

212 4347 513 4405 desideria
558 4347 756 4404 cordis
786 4350 899 4419 sui,
932 4347 1084 4404 sicut
1111 4346 1187 4403 de
1214 4346 1583 4420 quibusdam
1629 4348 1876 4419 Aposto-

209 4437 313 4495 lus
340 4435 485 4494 dicit
514 4454 526 4493 :
567 4437 639 4494 Ut
664 4437 955 4507 impleant
970 4441 1222 4505 peccata
1250 4450 1361 4493 sua
1388 4450 1636 4505 semper,
1670 4440 1725 4492 et
1773 4435 1880 4506 qui

206 4530 278 4585 in
308 4527 580 4584 sordibus
606 4532 710 4595 est,
743 4526 1047 4583 sordescat
1079 4526 1281 4583 adhuc
1332 4526 1392 4596 (Ι
1425 4524 1623 4581 Thess.
1647 4541 1712 4592 ιι,
1765 4525 1873 4596 I6).

212 4621 285 4674 Et
312 4618 457 4691 quia
484 4616 803 4673 illuminati
824 4616 989 4688 justa
1020 4631 1199 4687 agere
1253 4614 1663 4684 neglexerunt,
1720 4615 1876 4685 justc

210 4707 422 4764 caecati
452 4706 654 4763 adhuc
674 4706 898 4763 faciant
926 4705 1088 4762 unde
1103 4704 1364 4778 amplius
1386 4703 1585 4778 puniri
1608 4718 1878 4760 merean-

209 4802 337 4856 tur.
372 4797 462 4854 Ad
491 4796 659 4870 quod
689 4796 964 4854 videlicet
987 4795 1315 4867 agendum,
1370 4798 1429 4851 et
1477 4793 1878 4850 immissiones

210 4901 327 4961 per
353 4886 602 4956 angelos
632 4885 827 4942 malos
848 4885 1021 4957 juxta
1046 4883 1448 4952 Psalmistam,
1477 4883 1768 4939 Dominus
1791 4898 1878 4938 se-

209 4976 429 5033 mitam
457 4976 561 5032 iras
590 4991 714 5033 suae
734 4974 894 5044 facit,
927 4978 994 5030 ut
1024 4990 1127 5031 cor
1153 4972 1457 5046 prioribus
1501 4972 1727 5029 meritis
1773 4987 1879 5041 ag-

209 5069 536 5139 gravatum
585 5066 744 5137 justc
796 5064 1103 5138 permittat
1144 5062 1324 5119 etiam
1372 5061 1880 5134 subsequentibus

213 5153 626 5224 malignorum
654 5152 929 5226 spiritum
981 5148 1474 5226 persuasionibus
1519 5150 1661 5206 falli.
1717 5148 1881 5206 Unde

212 5245 281 5300 in
308 5242 669 5317 Apocalypsi
694 5242 945 5299 dicitur:
972 5242 1119 5297 Cum
1155 5240 1438 5309 completi
1454 5240 1691 5309 fuerint
1715 5239 1883 5294 mille

214 5334 389 5400 anni,
412 5335 680 5390 solvetur
707 5334 985 5390 Satanas
1016 5331 1221 5403 (Apoc.
1246 5347 1334 5391 xx,
1365 5332 1441 5399 7).
1499 5328 1647 5392 Quia
1674 5326 1880 5381 videli-

214 5427 314 5478 cet
370 5422 456 5478 vel
507 5422 585 5478 ad
630 5422 943 5477 utilitatem
991 5420 1341 5484 electorum,
1402 5417 1496 5471 vel
1577 5417 1653 5472 ad
1712 5416 1883 5470 detri-

216 5515 494 5568 mentum
551 5510 949 5584 rcproborum
992 5513 1163 5564 tanto
1221 5507 1418 5565 acrius
1471 5520 1660 5577 quam
1708 5508 1885 5560 antea

218 5599 477 5668 fecisset,
502 5601 563 5655 in
595 5599 730 5655 totis
760 5598 988 5655 viribus
1039 5597 1162 5651 suis
1212 5614 1274 5651 se
1328 5596 1389 5652 in
1445 5595 1629 5651 tinem
1684 5593 1885 5649 saeculi

620 5691 865 5743 PATROL.
908 5685 1171 5743 CXXXIII.

1987 3013 2207 3072 Salices
2230 3013 2617 3070 infructuosae
2641 3013 2889 3069 arbores
2920 3017 3082 3082 sunt,
3114 3013 3220 3069 sed
3267 3016 3519 3070 torrente
3574 3015 3648 3070 ri-

1986 3107 2223 3174 gantur.
2273 3106 2525 3159 Torrens
2583 3101 2947 3159 hiemalibus
3016 3101 3231 3174 pluviis
3284 3101 3641 3168 intumescit,

1986 3193 2092 3249 sed
2138 3196 2343 3249 aestate
2387 3191 2661 3248 siccatur.
2709 3193 2815 3247 Per
2860 3189 3071 3247 salices
3125 3205 3269 3260 ergo
3327 3190 3643 3247 saeculares

1983 3280 2210 3355 quique
2241 3278 2657 3351 signiﬁcantur
2703 3296 2739 3334 a
2782 3277 2958 3334 bonis
3015 3276 3303 3334 virtutum
3353 3277 3645 3334 fructibus

1985 3369 2182 3426 alieni.
2224 3371 2330 3425 Per
2386 3371 2705 3425 torrentem
2760 3382 2901 3423 vero
2948 3365 3217 3423 mortalis
3266 3365 3475 3439 gloria,
3506 3383 3641 3440 quas

1984 3458 2229 3516 caducis
2282 3456 2613 3515 honoribus
2666 3460 2953 3529 tanquam
3013 3453 3374 3512 hiemalibus
3426 3454 3645 3528 pluviis

1984 3547 2249 3620 inﬂatur,
2282 3545 2392 3603 sed
2424 3545 2558 3602 vita:
2584 3545 2766 3617 hujus
2795 3544 3050 3601 termino
3096 3543 3440 3601 annulatur.
3493 3544 3646 3602 Mali-

1986 3652 2175 3707 gnum
2230 3636 2431 3710 itaque
2478 3634 2753 3709 spiritum
2801 3633 3011 3691 salices
3067 3632 3343 3690 torrentis
3396 3633 3644 3690 circum-

1985 3724 2152 3795 dant,
2196 3724 2488 3798 quoniam
2536 3723 2620 3792 hi,
2675 3738 2831 3796 quos
2879 3723 2941 3779 in
2995 3721 3117 3779 suis
3176 3721 3642 3793 cogitationibus

1985 3829 2158 3870 amor
2228 3813 2360 3870 vitae
2415 3811 2673 3869 carnalis
2735 3811 3011 3880 inebriat,
3058 3815 3224 3867 tanto
3275 3810 3357 3866 illi
3425 3810 3644 3866 arctius

1984 3903 2296 3973 inhaerent,
2340 3906 2571 3975 quanto
2640 3900 2866 3970 largius
2919 3899 3231 3956 delectatio
3288 3899 3642 3955 transitoria:

1984 3991 2309 4063 voluptatis
2340 4005 2444 4046 eos
2469 3988 2745 4044 infundit.
2780 3987 2890 4053 Qui
2915 3985 3135 4042 scilicet
3183 4000 3348 4041 more
3388 3985 3644 4050 salicum

1984 4078 2213 4135 fructus
2260 4093 2385 4134 non
2453 4076 2669 4144 ferunt,
2729 4075 2833 4131 sed
2898 4074 2961 4129 in
3009 4072 3161 4129 foliis
3230 4072 3641 4140 viridescunt;

1985 4168 2130 4241 quia
2153 4166 2481 4240 aliquando
2532 4164 2716 4222 verba
2760 4162 3089 4220 honestatis
3146 4161 3475 4235 proferunt,
3536 4161 3644 4217 sed

1984 4256 2222 4313 nullum
2245 4256 2383 4313 vitae
2416 4254 2656 4328 pondus
2686 4268 2759 4311 ex
2788 4251 2965 4308 bonis
2992 4250 3276 4324 operibus
3298 4248 3639 4306 ostendunt.

1988 4348 2068 4404 De
2097 4346 2318 4420 quibus
2361 4345 2652 4419 scriptum
2704 4347 2791 4400 est
2838 4360 2849 4397 :
2885 4342 3213 4399 Imitantur
3241 4347 3439 4397 autem
3468 4341 3643 4396 illum

1985 4437 2091 4509 qui
2124 4442 2265 4492 sunt
2305 4451 2380 4493 ex
2406 4440 2584 4505 parte
2611 4435 2738 4504 ejus
2767 4433 2933 4504 (Sap.
2965 4447 3026 4501 ιι,
3052 4430 3162 4502 25),
3194 4428 3466 4486 videlicet
3490 4444 3645 4485 sem-

1984 4542 2094 4599 per
2121 4523 2546 4598 superbiendo,
2576 4538 2893 4594 nunquam
2920 4518 3349 4592 resipiscendo.
3385 4519 3531 4573 Item
3569 4518 3644 4575 de

1985 4617 2078 4673 his
2104 4620 2163 4673 et
2183 4615 2331 4672 illud
2363 4632 2376 4669 :
2410 4615 2568 4671 Huic
2595 4619 2819 4669 montes
2846 4611 3059 4667 herbas
3104 4612 3315 4679 ferunt
3371 4608 3518 4680 (Job.
3549 4624 3641 4671 XL,

1990 4711 2100 4775 15).
2133 4709 2239 4761 Per
2269 4706 2505 4760 montes
2538 4706 2737 4758 tumor
2793 4697 3215 4771 superborum,
3269 4712 3377 4768 per
3426 4695 3644 4751 herbas

1985 4795 2164 4850 ﬂuxae
2194 4792 2532 4865 voluptates
2561 4804 2769 4846 eorum
2799 4786 3233 4859 exprimuntur.
3289 4788 3439 4855 Ergo
3471 4799 3643 4840 mon-

1988 4887 2075 4940 tes
2101 4882 2241 4937 huic
2274 4879 2553 4937 Beemoth
2582 4876 2804 4933 herbas
2837 4875 3053 4941 ferunt,
3112 4874 3257 4947 quia
3312 4889 3552 4947 semper
3584 4876 3643 4929 in

1989 4972 2073 5029 eis
2097 4984 2344 5043 pmnam
2373 4971 2608 5024 internae
2633 4964 2841 5021 mortis
2891 4962 3178 5030 esuriens,
3228 4962 3375 5018 dum
3429 4961 3546 5035 ipsi
3584 4979 3645 5017 se

1988 5060 2184 5117 eidem
2209 5058 2289 5114 ad
2316 5071 2498 5114 omne
2527 5054 2736 5111 vitium
2766 5055 3056 5117 sternunt,
3088 5051 3236 5108 dum
3258 5051 3490 5107 nullum
3521 5067 3647 5105 ma—

1988 5148 2117 5205 lum
2177 5150 2281 5203 aut
2353 5141 2675 5213 cogitando
2724 5145 2829 5197 aut
2875 5139 3184 5213 operando
3266 5140 3643 5212 praetereunt,

1990 5237 2135 5309 quia
2188 5250 2428 5306 semper
2480 5234 2540 5288 in
2594 5231 2678 5286 eis
2739 5247 2851 5285 sua
2901 5228 3197 5284 desideria
3251 5223 3640 5291 recognoscit,

1992 5326 2161 5398 quasi
2195 5339 2431 5394 semper
2458 5322 2516 5376 in
2545 5320 2851 5375 montilms
2906 5318 3121 5371 lim-bas.
3151 5316 3395 5371 itm-nil,
3423 5310 3644 5380 quibus

1994 5434 2117 5472 sum
2168 5414 2408 5469 malitia?
2465 5415 2721 5465 ventrem
2784 5408 3005 5471 tendat,
3061 5418 3242 5473 quem
3304 5407 3464 5455 tanta
3546 5400 3645 5455 de-

1992 5503 2323 5561 lectabilius
2371 5500 2626 5573 quisque
2678 5494 2868 5569 pascit
2917 5494 3144 5562 quanto
3209 5488 3507 5546 sordidius
3564 5490 3646 5542 in-

1996 5593 2299 5665 quinatur.
3193 5669 3212 5723 1

3224 5673 3256 5723 9
