4092 6158
592 142 692 195 587
1639 132 1696 187 S.
1739 131 1997 188 ODONIS
2033 130 2325 187 ABBATIS
2363 131 2863 190 CLUNIACENSIS
2906 137 2972 189 ll.
3813 151 3890 205 ωε

660 262 763 317 XL.
798 256 1116 315 Sciendum
1153 269 1297 311 vero
1316 251 1481 326 quod
1502 252 1562 308 in
1588 252 1702 309 hac
1742 251 2236 325 peregrinatione,
2279 254 2329 308 A
2357 252 2650 311 sollicitat.
2677 254 2789 312 Sed
2819 256 2946 311 haec
2977 270 3164 311 causa
3205 259 3291 311 est
3333 256 3490 327 quod
3527 261 3696 316 omnis
3731 267 3895 335 pariter

589 346 691 402 ubi
706 344 1047 417 Babyloniei
1063 347 1122 399 et
1138 342 1603 415 Hierosolymitas
1617 341 1840 397 mistim
1858 346 2239 415 procurrunt,
2352 342 2603 399 morbus
2631 343 2909 410 obtinuit,
2941 348 2998 400 et
3013 349 3298 415 tanquam
3319 346 3369 399 si
3386 346 3619 414 eveniat,
3637 351 3800 409 multis
3815 356 3899 411 sub

587 440 643 491 et
662 434 901 507 reprobi
920 434 1260 506 frequenter
1288 431 1620 504 superbire,
1651 435 1709 488 et
1745 430 1913 487 electi
1941 429 2244 487 humiliari
2355 446 2474 488 uno
2501 431 2929 501 languentibus
2958 437 3174 505 praesto
3212 448 3342 488 esse
3395 435 3670 491 neminem
3717 455 3898 498 sanum.

586 525 836 580 soleant.
875 524 989 581 Sed
1007 522 1283 596 superbis
1305 521 1606 578 mentibus
1653 521 1957 578 humilitas
1985 520 2105 577 alta
2135 523 2242 578 est.
2350 520 2587 577 Certum
2613 526 2702 577 est
2723 521 2891 593 quod
2919 521 3116 578 omnis
3143 520 3357 592 pariter
3382 530 3696 595 corrumpat
3709 532 3757 581 et
3771 528 3904 586 absu-

585 618 651 671 Et
679 614 902 671 idcirco
930 630 1070 670 cum
1098 614 1257 669 hanc
1285 612 1658 685 specietenus
1705 611 2107 667 conscendere
2154 609 2242 665 ni-
2349 614 2477 667 mat
2503 610 2753 676 incuria,
2787 611 2933 666 dum
2979 626 3161 667 nemo
3216 616 3303 667 est
3355 612 3453 683 qui
3504 612 3586 668 vel
3637 623 3904 687 opportuna

585 707 809 772 tuntur,
865 703 971 759 diu
1000 703 1063 757 in
1127 717 1202 757 ea
1259 700 1479 757 morari
1521 716 1912 772 nequaquam
1968 702 2240 772 possunt,
2349 698 2633 770 prmbeat,
2661 698 2753 754 vel
2785 698 3131 770 importuna
3153 698 3476 769 prohibeat.
3507 701 3585 756 Ita
3603 702 3816 760 etnohis
3840 722 3905 761 ac-

583 792 876 866 quoniam
893 791 1158 848 alienum
1179 788 1455 862 estquod
1471 789 1923 862 apprehendere
1942 791 2241 860 quaerunt,
2351 786 2491 843 cidit
2518 806 2530 843 :
2562 787 2712 843 dum
2736 787 2897 843 enim
2930 803 3111 843 nemo
3139 802 3322 842 sanus
3351 791 3439 844 est
3466 788 3647 849 corde.
3685 791 3775 846 sed
3819 811 3908 849 om-

585 886 642 937 et
666 881 845 954 quasi
864 897 900 936 a
929 879 1166 937 clivosis
1195 878 1507 935 itineribus
1538 894 1680 935 mox
1699 878 2071 934 relabuntur.
2096 881 2243 933 Nam
2349 890 2456 931 nes
2483 874 2841 945 languemus
2882 892 2918 932 a
2956 874 3148 931 salute
3192 875 3424 945 mentis,
3453 876 3545 932 alii
3588 878 3801 948 majore,
3839 881 3910 937 alii

460 970 465 971 “
583 985 904 1043 quousque
933 970 1090 1025 hanc
1121 967 1426 1037 abjiciant,
1454 971 1513 1024 et
1533 967 1613 1023 ad
1644 972 1997 1024 consuetam
2045 966 2244 1022 elatio-
2350 964 2581 1021 minore
2609 970 2794 1037 peste,
2823 981 3003 1021 nemo
3020 964 3224 1037 utique
3252 966 3456 1037 estqui
3494 971 3661 1023 curet.
3681 969 3860 1026 Etenim
3878 972 3911 1025 si

584 1073 728 1115 nem
754 1057 1024 1129 redeant,
1050 1072 1202 1130 quas
1228 1072 1408 1127 grave
1436 1056 1678 1129 pondus
1699 1056 1758 1112 in
1786 1056 1966 1112 corde
2004 1055 2242 1129 patiun-
2349 1053 2487 1125 quis
2516 1056 2818 1126 utcunque
2850 1053 3114 1117 adesset,
3140 1053 3246 1125 qui
3277 1053 3368 1108 vel
3419 1060 3694 1127 praecepta
3732 1057 3911 1117 Christi.

585 1152 701 1204 tur.
731 1150 810 1203 De
830 1146 953 1203 istis
982 1161 1125 1216 ergo
1154 1144 1409 1201 dicitur:
1438 1145 1616 1202 Omni
1644 1145 1926 1217 equidem
1971 1149 2243 1217 tempore
2349 1143 2444 1199 vel
2475 1143 2977 1213 transgressiones
3007 1148 3243 1200 nostras
3288 1142 3648 1211 discerneret,
3697 1146 3861 1202 nescio
3881 1147 3915 1203 si

585 1236 718 1293 vitm
740 1235 1098 1309 superbiunt
1124 1234 1314 1307 impii,
1336 1233 1484 1307 quia
1500 1233 1638 1291 licet
1657 1234 1918 1308 speciem
1947 1233 2246 1290 humilita-
2352 1231 2507 1288 ullos
2527 1231 2675 1289 alios
2695 1233 2891 1303 magis
2918 1248 3107 1305 quam
3134 1248 3248 1288 nos
3286 1233 3449 1305 ipsos
3502 1234 3779 1307 prteceptis
3818 1235 3914 1307 ejus

584 1324 657 1381 tis
681 1329 1016 1393 assumant,
1050 1324 1380 1380 hoctamen
1409 1322 1492 1380 ad
1521 1323 1953 1396 acquirendam
2000 1323 2243 1379 inanem
2351 1321 2683 1379 contrarios
2708 1321 3023 1393 judicaret.

584 1414 837 1487 gloriam
865 1413 1109 1481 faciunt,
1141 1417 1199 1470 et
1220 1412 1303 1470 ita
1331 1412 1406 1469 de
1433 1413 1568 1486 ipsa
1600 1413 1738 1469 ficta
1759 1412 2094 1469 humilitate
2117 1412 2244 1483 glo-
2422 1411 2578 1467 XLII.
2611 1414 2719 1467 Pro
2749 1411 2840 1467 his
2895 1415 2955 1468 et
3001 1409 3347 1482 hujusmodi
3393 1427 3525 1484 quas
3548 1410 3605 1467 in
3651 1412 3805 1483 hujus
3820 1412 3915 1468 vite

582 1504 834 1574 riantur,
860 1507 928 1560 ut
944 1503 1125 1563 etiam
1155 1502 1296 1558 inde
1326 1502 1696 1575 superbiant,
1727 1502 1776 1557 si
1805 1506 2015 1558 contra
2034 1517 2243 1574 super-
2352 1502 2569 1555 nostrae
2600 1503 2776 1569 statu,
2803 1499 2933 1570 jam
2961 1498 3312 1568 frigescente
3348 1499 3640 1570 charitate,
3681 1505 3731 1557 et
3776 1501 3916 1558 abun-

580 1593 749 1651 biam
778 1593 1073 1649 subtiliter
1089 1592 1395 1664 disputare
1410 1596 1654 1648 norunt.
1687 1591 1889 1647 Solent
1914 1592 2144 1664 quippe
2189 1594 2248 1648 ct
2276 1608 2316 1662 Β
2352 1588 2532 1644 dante
2573 1587 2901 1660 iniquitate,
2964 1593 3269 1657 geruntur,
3325 1588 3603 1647 Dominus
3653 1605 3744 1661 per
3785 1594 3917 1645 Amos

582 1681 755 1738 electi
781 1680 1230 1755 superbire,sed
1255 1695 1380 1736 non
1399 1682 1568 1736 omni
1592 1684 1876 1753 tempore,
1899 1679 2043 1753 quia
2056 1680 2248 1753 prius-
2350 1675 2620 1749 queritur
2644 1676 2852 1733 dicens
2888 1695 2901 1732 :
2930 1678 3225 1749 Nunquid
3251 1693 3374 1735 non
3404 1683 3467 1734 ut
3491 1679 3606 1747 [itii
3628 1678 3914 1747 AE'thiopum

582 1784 775 1843 quam
803 1770 990 1826 vitam
1020 1769 1249 1840 tiniant,
1279 1784 1382 1825 cor
1403 1769 1485 1825 ab
1512 1769 1767 1826 elatione
1816 1768 1895 1825 ad
1949 1768 2223 1825 humilita
2352 1780 2454 1822 vos
2479 1766 2617 1822 estis
2646 1766 2934 1835 mihi/itii
2959 1768 3172 1837 Israel,
3195 1768 3278 1823 ait
3310 1768 3586 1823 Dominus
3614 1767 3839 1837 “Amos.
3860 1782 3917 1830 ιι,

584 1864 707 1916 tem
725 1862 1121 1916 commutant.
1154 1857 1505 1931 Superbisse
1552 1858 1733 1923 enim,
1795 1856 2077 1915 cecidisse
2130 1861 2242 1914 est.
2354 1856 2431 1925 7.)
2462 1858 2595 1912 Post
2623 1854 3067 1912 dealbationem
3086 1870 3226 1927 quis
3247 1856 3315 1913 ﬁt
3336 1856 3398 1912 in
3424 1855 3669 1924 Seimon,
3690 1855 3760 1913 ad
3775 1855 3915 1926 nigre-

587 1948 758 2004 Unde
788 1952 846 2004 et
866 1962 971 2021 per
1000 1947 1377 2004 Psalmistam
1404 1946 1623 2003 dicitur
1653 1964 1667 2003 :
1700 1949 1835 2004 Non
1870 1948 2067 2004 veniat
2098 1946 2251 2003 mihi
2350 1943 2556 2000 dinem
2585 1944 2816 2017 peccati
2840 1944 3107 2001 redimus
3137 1961 3152 2001 :
3184 1946 3357 2013 Nive,
3377 1944 3580 2017 inquit,
3625 1945 3915 2003 dealbabuu-

579 2050 686 2108 pes
708 2037 1003 2107 superﬂue
1029 2036 1219 2108 (Psat.
1244 2051 1417 2104 xxxv,
1454 2037 1560 2107 l2).
1595 2039 1724 2103 Pes,
1752 2035 1967 2108 inquit,
1996 2051 2118 2092 non
2140 2050 2245 2109 pc-
2354 2038 2457 2089 tur
2481 2034 2543 2090 in
2569 2033 2809 2090 Selmon
2838 2032 3026 2104 (Psal.
3061 2049 3237 2099 uva,
3272 2035 3381 2104 t5).
3447 2036 3510 2089 Et
3536 2048 3664 2090 cum
3689 2031 3917 2104 Scriptura

580 2125 691 2181 des
725 2142 740 2181 :
780 2124 967 2197 liquet
996 2124 1159 2180 enim
1184 2123 1353 2197 quod
1378 2123 1580 2179 nullus
1611 2136 1736 2180 uno
1764 2123 1919 2197 pede
1947 2122 2054 2179 diu
2116 2138 2246 2193 gra-
2353 2121 2514 2178 dicat
2543 2138 2558 2177 :
2590 2122 2959 2180 Vmcundos
2983 2128 3040 2179 et
3065 2122 3417 2180 reverendus
3434 2122 3613 2193 facite
3630 2122 3769 2190 ﬁlios
3780 2121 3917 2177 Israel

583 2214 764 2271 ditur.
789 2214 879 2272 Ob
908 2213 970 2271 id
998 2228 1142 2285 ergo
1170 2214 1444 2287 quolibet
1469 2212 1586 2271 alio
1613 2214 1751 2271 vitio
1778 2214 1993 2271 tentari
2009 2214 2249 2287 permit-
2351 2211 2610 2270 abomni
2628 2212 3013 2268 immunditia
3040 2224 3062 2283 ,'
3085 2227 3212 2284 quo
3245 2211 3516 2269 videlicet
3541 2211 3710 2269 verbo
3737 2225 3915 2280 genere-

583 2308 809 2378 tuntur,
836 2309 902 2361 ut
920 2305 1309 2362 humilientur
1336 2323 1351 2373 ;
1383 2304 1678 2361 humiliati
1701 2318 1842 2361 vero
1870 2304 2096 2361 diaboli
2117 2319 2244 2361 esse
2353 2299 2483 2357 liter
2510 2300 2709 2357 omnis
2754 2301 3090 2373 inquinatio
3136 2300 3230 2357 vel
3268 2301 3508 2360 occulta
3554 2300 3642 2357 vel
3678 2298 3916 2356 manifesta

584 2394 881 2467 desinant,
910 2395 1011 2451 cui
1066 2393 1470 2468 superbiendo
1525 2392 1883 2450 militabant.
1937 2393 2081 2449 Hinc
2138 2409 2246 2466 per
2354 2390 2901 2464 comprehenditur,
2929 2406 3088 2464 quis,
3120 2395 3185 2448 ut
3206 2390 3596 2463 Hieronymus
3612 2388 3755 2456 dicit,
3778 2387 3915 2445 nomi-

580 2483 956 2557 Sophoniam
984 2482 1239 2540 dicitur:
1271 2484 1352 2538 At
1379 2489 1596 2551 tamen,
1634 2482 1949 2549 subaudis,
1979 2482 2116 2538 licet
2164 2483 2243 2539 ad
2354 2494 2499 2536 nare
2523 2478 2933 2551 turpissimum
2962 2483 3051 2535 est
3080 2498 3094 2547 ;
3125 2496 3237 2536 nos
3263 2484 3508 2537 econtra
3535 2480 3591 2536 in
3607 2475 3918 2552 passionede-

584 2574 801 2630 horam
829 2570 1165 2645 superbius,
1197 2572 1423 2629 timebis
1448 2587 1540 2628 me
1582 2578 1637 2629 et
1679 2572 1933 2641 accipies
1974 2572 2243 2642 discipti-
2353 2568 2552 2625 siderii
2580 2569 2732 2625 sicut
2754 2572 2965 2639 gentes
2996 2573 3354 2636 aestuamus,
3414 2574 3470 2625 et
3512 2584 3725 2634 omnes,
3774 2572 3826 2622 ut
3862 2563 3920 2621 ait

586 2676 727 2719 nam
751 2661 959 2733 (Soph.
991 2676 1073 2729 in,
1098 2660 1175 2733 8).
2355 2658 2557 2727 lsaias,
2589 2658 2670 2714 ad
2699 2658 3015 2715 avaritiam
3042 2657 3423 2716 declinamus
3455 2674 3492 2716 a
3519 2672 3737 2714 summo
3782 2668 3919 2726 usque

656 2751 786 2807 XLI.
827 2749 1001 2815 Quod
1028 2752 1231 2806 autem
1259 2748 1411 2805 inter
1434 2748 1643 2805 omnia
1672 2748 1835 2805 mala
1861 2750 2105 2819 gravius
2139 2766 2246 2806 no-
2352 2747 2433 2803 ad
2454 2747 2795 2811 minimum,
2830 2751 2894 2803 ut
2913 2763 3105 2819 equus
3131 2746 3484 2804 emissarius
3537 2745 3844 2809 hinnienms,
3878 2746 3921 2796 ut

580 2842 696 2908 oet,
748 2838 837 2895 ita
858 2837 1156 2910 pessimus
1182 2836 1474 2910 peccandi
1501 2839 1668 2908 {usus
1734 2837 1871 2911 ipsa
1917 2838 2048 2909 jam
2102 2854 2243 2895 con-
2353 2836 2565 2893 merito
2590 2837 2765 2909 quasi
2792 2837 3120 2906 degeneres
3148 2851 3188 2892 a
3217 2836 3444 2893 ccelesti
3460 2836 3620 2893 Patre
3638 2833 3918 2892 audientum:

586 2927 903 3020 suetudine
930 2926 1249 3020 roboratus
1274 2930 1386 2995 est,
1414 2930 1484 2983 ut
1509 2942 1664 3020 pene
1688 2926 1896 3020 nullus
1932 2927 2094 2998 justo
2145 2930 2241 3000 ju-
2269 2964 2315 3020 ρ
2349 2927 2643 3020 Nunquid
2671 2942 2769 2984 vos
2795 2942 2914 3020 1.0a
2969 2927 3089 2995 ﬁlii
3143 2926 3397 2993 scelesti,
3441 2940 3624 2984 semen
3682 2922 3922 2981 mendax?

584 3016 742 3075 dicio
769 3018 1085 3090 peccatum
1113 3014 1450 3072 discernere
1470 3019 1676 3088 queat.
1702 3015 1819 3071 Sed
1848 3014 2004 3072 sicut
2043 3019 2243 3074 Aaron
2282 3014 2313 3020 '
2352 3016 2494 3087 (Isa.
2521 3031 2653 3083 Lvu,
2682 3018 2762 3084 4.)
2795 3018 2860 3071 Et
2888 3014 3027 3071 item
3056 3016 3184 3088 ipse
3218 3034 3230 3071 :
3264 3017 3341 3072 In
3368 3016 3723 3086 indulgentia
3740 3026 3828 3069 sua
3862 3022 3921 3064 re-
4018 3066 4019 3097 1

583 3104 722 3162 ﬁliis
748 3104 927 3163 Israel
953 3104 1099 3161 deos
1121 3104 1535 3178 quaerentibus
1558 3119 1683 3161 non
1708 3104 1938 3177 re~titit,
1988 3106 2079 3162 sic
2107 3122 2238 3163 om-
2344 3104 2530 3161 demit
2546 3119 2664 3177 eos,
2692 3110 2748 3161 et
2775 3105 2873 3159 itii
2886 3104 2971 3160 ad
2998 3104 3383 3162 iracundiam
3412 3104 3857 3175 prouocauerunt,
3885 3102 3921 3151 et

582 3208 692 3251 nes
709 3198 817 3251 aut
841 3192 1033 3266 iniqui
1043 3196 1200 3262 sunt,
1223 3196 1327 3250 aut
1340 3191 1638 3265 iniquitati
1653 3192 1898 3250 cedunt.
1921 3194 2240 3267 Quaprcp-
2344 3194 2707 3264 afﬂirerunt
2734 3194 3030 3263 Spiritum
3085 3200 3368 3253 sanctum
3388 3197 3537 3267 dus,
3586 3200 3637 3251 et
3681 3199 3924 3250 convent!

582 3288 673 3341 ter
698 3270 1085 3357 illacryman's
1116 3282 1299 3339 Isaias
1327 3284 1445 3337 Deo
1497 3281 1637 3338 dicit
1704 3300 1717 3338 :
1778 3281 1963 3349 Quem
2011 3283 2240 3340 docebit
2344 3290 2433 3339 est
2462 3285 2543 3339 eis
2569 3284 2635 3339 in
2663 3283 2972 3339 mimicum
2992 3284 3141 3351 (Isa.
3177 3299 3324 3351 eun,
3364 3290 3423 3354 9,
3454 3284 3559 3354 10).
3588 3281 3720 3339 llinc
3749 3288 3927 3352 quoque

583 3374 914 3440 scientiam,
971 3376 1027 3429 et
1073 3386 1249 3443 quem
1304 3372 1645 3442 intelligere
1679 3371 1867 3440 faciet
1908 3372 2188 3428 auditum
2212 3375 2241 3427 ?
2345 3371 2408 3428 in
2439 3387 2698 3445 persona
2723 3372 2851 3442 ejus
2871 3371 3055 3428 Jacob
3076 3371 3260 3428 dicit:
3286 3373 3448 3430 Sine
3469 3373 3607 3442 ﬁliis
3629 3372 3804 3441 factus
3820 3381 3928 3421 M-

582 3460 871 3518 Sacerdcs
892 3463 953 3516 et
972 3460 1274 3529 propheta
1298 3460 1656 3527 nescierunt,
1683 3473 1813 3528 pra:
1828 3458 2117 3516 ebrietate
2137 3460 2239 3516 αὐ·
2348 3464 2495 3517 Ecce
2519 3460 2720 3534 qualis
2751 3466 2840 3517 est
2870 3461 3052 3532 hujus
3079 3461 3213 3517 vitae
3244 3465 3467 3534 statim,
3494 3461 3546 3521 si
3572 3465 3752 3519 tamen
3791 3459 3928 3511 status

580 3552 774 3621 sorpti
799 3555 938 3606 sunt
964 3563 1002 3605 α
1028 3550 1186 3618 vino,
1207 3548 1552 3605 nescierunt
1584 3548 1901 3619 videntem,
1926 3547 1987 3602 id
2014 3552 2106 3604 est
2130 3550 2240 3605 Do-
2341 3549 2639 3609 dicendus
2664 3554 2777 3621 est,
2802 3549 2907 3622 qui
2933 3553 3018 3606 tot
3035 3549 3281 3607 casibus
3296 3548 3737 3609 delictorumad
3755 3544 3927 3603 utinam

580 3640 842 3713 minum,
864 3648 921 3697 et
940 3640 1377 3711 ignoraverint
1403 3639 1702 3708 judicium
1757 3638 1897 3710 (Isa.
1945 3654 2155 3709 xwi,
2182 3646 2236 3709 7,
2344 3638 2554 3710 vergit,
2581 3642 2647 3695 ct
2666 3654 2855 3712 quem
2886 3642 3055 3696 tanta
3082 3656 3207 3696 sue
3234 3640 3551 3713 pravitatis
3577 3637 3747 3696 moles
3766 3631 3928 3690 adima

580 3731 655 3796 9),
686 3730 749 3786 id
773 3733 863 3786 est
884 3728 1227 3785 discernere
1256 3726 1499 3801 pondus
1545 3726 1793 3800 peccati.
1832 3728 1993 3795 Quin
2038 3728 2240 3799 potius
2345 3727 2660 3800 demergit.
2682 3731 2793 3785 Pro
2816 3728 2912 3785 his
2932 3732 2996 3786 et
3012 3729 3400 3801 hujusmodi,
3453 3747 3591 3805 quae
3639 3733 3747 3786 tam
3796 3718 3929 3779 malii-

580 3820 892 3883 adulteris,
925 3833 1069 3891 quos
1094 3828 1353 3888 meiere
1378 3817 1734 3887 debuerant,
1794 3820 1860 3873 ut
1884 3816 1971 3873 ibi
2001 3816 2235 3883 dicitur,
2344 3817 2526 3892 plicia
2551 3822 2708 3887 sunt,
2738 3822 2803 3875 ut
2826 3817 3022 3890 magis
3048 3818 3276 3887 deﬂeri,
3300 3836 3501 3893 quam
3525 3816 3712 3876 referri
3734 3810 3923 3889 possint,

578 3909 909 3968 sacerdotes
939 3906 1414 3978 apptaudebant,
1446 3912 1502 3963 et
1528 3907 1790 3977 populus
1834 3920 1998 3963 meus
2022 3907 2239 3965 ditarit
2342 3906 2679 3978 lugendum
2703 3912 2793 3964 est
2813 3907 2906 3963 his
2926 3908 3036 3981 qui
3066 3907 3549 3968 consolationem
3569 3908 3708 3965 Iesu
3749 3913 3927 3973 exspec-

578 3996 751 4053 talia.
813 3995 1067 4066 Contigit
1118 4009 1265 4066 ergo
1322 3995 1501 4051 nobis
1550 3993 1719 4067 quod
1748 3994 1861 4050 illis
1890 3995 2059 4065 solet,
2084 3996 2239 4051 sicut
2344 4001 2493 4053 tant.
2527 3998 2571 4054 Ο
2601 4012 2789 4070 quam
2816 3996 3051 4053 bonum
3076 4003 3190 4065 est,
3223 3998 3586 4057 venerabilis
3608 3999 3775 4070 pater,
3795 4000 3926 4060 ευριπ

576 4087 841 4143 Joannes
866 4086 1332 4157 Ghrysostomus
1358 4085 1526 4151 dicit,
1556 4085 1660 4158 qui
1674 4084 1767 4141 vel
1788 4085 2113 4158 phrenesin
2132 4100 2238 4159 pa-
2344 4086 2487 4144 talia
2514 4085 2847 4143 cmuristari
2877 4087 2891 4142 ι
2922 4086 3206 4161 Quisquis
3248 4087 3417 4145 enim
3455 4087 3550 4146 ille
3594 4090 3699 4156 est,
3741 4075 3927 4151 ancellis

574 4174 824 4243 tiuntur,
853 4173 947 4230 vel
980 4178 1179 4231 mente
1196 4173 1359 4247 capti
1385 4178 1542 4244 sunt,
1588 4188 1627 4230 a
1646 4172 1868 4246 quibus
1886 4189 2028 4230 cum
2049 4174 2238 4231 multa
2347 4176 2515 4251 pacis
2542 4175 2868 4240 vocabitur,
2889 4176 3062 4249 juxta
3088 4177 3238 4234 illud
3274 4179 3448 4236 lenite
3498 4175 3661 4252 quod

574 4263 773 4336 turpia
801 4267 859 4319 et
878 4263 1216 4337 periculosa
1240 4263 1338 4319 vel
1365 4262 1640 4319 dicantur
1675 4262 1765 4318 vel
1793 4268 2094 4333 gerantur,
2124 4279 2235 4320 nec
2274 4318 2319 4341 ἢ
2348 4282 2486 4323 mus
2506 4267 2635 4338 jam
2664 4283 2683 4322 τ
2708 4265 2936 4338 Angcti
2948 4268 3122 4337 pacis
3145 4281 3357 4325 om
3370 4270 3597 4341 ﬂebunt
3624 4266 3754 4335 (lsa.
3771 4269 3925 4319 xm“.

574 4318 826 4426 pudoris
845 4318 1065 4409 sua
1090 4351 1317 4424 aliquid
1343 4318 1453 4408 nec
1496 4318 1886 4425 paenitudinis
1938 4318 2191 4425 capiunt
2213 4318 2229 4422 ξ
2266 4318 2320 4376 D
2346 4318 2987 4429 ἦῖἶῖιῖωἷὲιὲὦξ
3000 4318 3300 4428 ὦέᾷὲὲ
3324 4318 3667 4423 REI-EQ,"
3683 4318 3814 4409 iam
3852 4356 3928 4418 per

574 4441 849 4514 quinimo
878 4445 937 4497 et
960 4441 1266 4511 magniﬁci
1289 4441 1403 4496 sibi
1434 4456 1503 4497 ac
1532 4441 1926 4513 sapientiores
1952 4442 2122 4498 sanis
2149 4442 2233 4499 vi-
2346 4445 2710 4503 Ezechietem
2738 4446 2958 4503 dicitur
2986 4464 3000 4502 :
3034 4447 3226 4518 Signa
3249 4449 3380 4505 Tau
3404 4444 3774 4519 inﬂantibus
3806 4437 3927 4509 ,νῦν

576 4531 793 4588 dentur
819 4548 889 4587 ac
910 4530 1299 4604 sapientibus.
1335 4534 1418 4586 ita
1443 4545 1609 4601 ergo,
1637 4534 1693 4587 et
1722 4547 1834 4587 nos
1858 4547 1998 4587 cum
2026 4534 2233 4589 omnia
2345 4551 2479 4592 rum
2497 4536 2835 4607 lugentium
2862 4537 3093 4607 (Exerit.
3120 4551 3199 4607 ιιι,
3229 4536 3307 4609 4).
3341 4540 3468 4595 'i‘au
3494 4537 3677 4594 litta'a
3724 4525 3926 4603 θροεὶαω

574 4636 707 4694 quae
737 4620 973 4677 sanitati
998 4619 1305 4677 contraria
1336 4622 1475 4675 sunt
1504 4632 1807 4689 geramus,
1831 4635 1942 4677 nec
1979 4621 2095 4677 hoc
2144 4621 2232 4694 ip-
2342 4629 2563 4681 sancite
2588 4624 2782 4681 crucis
2811 4625 2977 4696 gerit.
3038 4624 3236 4681 Videte
3266 4640 3421 4697 ergo
3472 4639 3659 4699 quam
3697 4623 3926 4689 magnum

573 4727 708 4767 sum
731 4711 976 4785 quidem
993 4710 1160 4785 quod
1185 4714 1275 4767 est
1294 4708 1565 4766 insanius
1587 4709 1764 4766 nobis
1784 4710 2226 4781 cognoscimus.
2334 4711 2572 4769 bonum
2600 4712 2676 4768 sit
2694 4712 2900 4770 dolere
2925 4729 3036 4786 pro
3060 4713 3263 4786 malis,
3292 4727 3409 4788 pro
3435 4698 3561 4788 quo
3602 4711 3792 4769 dolens
3826 4698 3925 4774 qui-

572 4800 639 4856 Et
659 4800 819 4856 enim
849 4800 898 4856 si
926 4801 987 4855 in
1018 4813 1266 4873 corpore
1292 4814 1510 4871 parum
1532 4798 1761 4871 aliquid
1788 4799 1987 4856 morbi
2028 4800 2228 4873 pulsa-
2336 4799 2484 4857 libet
2510 4802 2813 4859 schemate
2839 4802 3157 4874 [stigmate]
3178 4807 3402 4860 sancta
3414 4802 3607 4860 crucis
3624 4799 3848 4859 meum!
3866 4789 3926 4843 ίιιο

569 4889 737 4955 verit,
770 4889 973 4945 statim
1013 4894 1069 4945 et
1093 4889 1360 4945 medicos
1401 4887 1782 4957 adhibemus,
1818 4892 1881 4945 et
1909 4889 2228 4962 pecuniam
2334 4890 2582 4960 signari.
2615 4893 2747 4947 Hinc
2774 4890 2955 4962 igitur
2979 4890 3312 4949 consolatio
3338 4908 3445 4949 vos
3473 4890 3701 4949 interim
3718 4880 3924 4944 mane“,

563 4977 1009 5051 profundimus,
1028 4982 1084 5034 et
1101 4977 1266 5033 omni
1288 4976 1669 5033 observantia
1701 4992 1933 5046 curam,
1948 4994 2087 5052 quae
2110 4996 2228 5036 me-
2333 4984 2401 5036 ut
2420 4979 2569 5035 dum
2594 4980 2896 5053 principes
2917 4980 3320 5039 Sodomorum
3330 4970 3924 5056 caspiaextollunt!“l

568 5067 782 5123 dicina:
804 5067 1105 5139 competit,
1122 5067 1530 5136 gerimus,nec
1555 5066 1721 5139 prius
1737 5072 2227 5142 cessatur,quam
2332 5067 2440 5125 ﬁlii
2465 5069 2811 5126 Gomorrhsc
2842 5070 3164 5138 luxuriant,
3195 5070 3260 5127 hi
3659 5064 3790 5124 Loth
3826 5053 3923 5114 ili'

562 5171 703 5232 quae
732 5155 985 5214 molesta
1006 5158 1147 5212 sunt
1173 5155 1538 5226 mitigentur,
1571 5155 1620 5211 si
1638 5160 1944 5231 utcunque
1964 5157 2093 5214 ﬁeri
2114 5175 2225 5231 po-
2333 5157 2445 5216 tari
2473 5158 2796 5216 meruerint
2820 5159 3083 5217 videndo
3106 5163 3170 5216 et
3195 5159 3501 5218 audiendo
3526 5158 3697 5224 mala,
3721 5164 3839 5211 cum
3857 5145 3921 5216 Ψ·

526 5249 694 5325 .test.
724 5246 940 5303 Anima
968 5260 1111 5303 vero
1132 5260 1274 5301 cum
1295 5244 1560 5318 quotidie
1574 5244 1936 5316 vulneretur,
1957 5263 2098 5303 cum
2118 5263 2226 5320 per
2333 5262 2401 5304 so
2428 5248 2785 5319 crucientur,
2812 5248 2929 5306 sub
2958 5248 3176 5306 umbra
3198 5248 3437 5307 alarum
3465 5248 3786 5306 divinarum
3826 5245 3921 5307 $P°‘

562 5336 802 5409 singula
826 5335 1100 5406 lanietur,
1129 5338 1353 5404 uratur,
1376 5334 1782 5409 participetur,
1812 5340 1869 5393 et
1887 5337 2086 5393 modis
2100 5354 2225 5394 om-
2328 5339 2530 5393 rantes
2552 5337 3026 5395 donec-transeat
3052 5338 3359 5412 iniquitas.

560 5424 741 5480 nibus
770 5431 991 5498 pereat,
1017 5440 1128 5482 nec
1156 5440 1342 5498 parva
1370 5423 1619 5496 quidem
1649 5440 1760 5498 pro
1790 5441 1863 5482 ea
1915 5441 2063 5483 cura
2109 5442 2221 5482 nos
