4092 6158
1193 178 1681 236 GGLLATIONUM
1711 173 1894 232 LIBRI
1923 175 2117 232 TRES.
2150 205 2218 217 -—
2247 177 2374 232 LIB.
2409 179 2498 233 ΙΙΙ.

1391 521 1729 609 LIBER
1817 519 2318 607 TERTIUS.

225 920 444 976 Libello
491 921 603 976 hoc
634 927 938 993 utcunque
966 923 1218 996 expleto,
1251 930 1374 979 tam
1417 924 1593 980 nobis
1617 939 1805 996 quam
1834 908 1882 959 Α
1919 935 2074 977 mur.
2112 923 2452 980 Universam
2493 923 2706 980 Christi
2744 925 3056 996 familiam,
3088 927 3144 982 id
3195 931 3284 984 est
3323 943 3569 987 omnem

148 1009 380 1064 domno
411 1009 616 1064 abbati
649 1009 812 1080 satis,
838 1016 900 1065 ut
931 1010 1148 1066 frustra
1175 1011 1418 1079 credidi,
1447 1026 1543 1067 me
1567 1011 1693 1082 jam
1724 1010 1805 1063 l'e-

148 1098 300 1153 cisse
323 1099 613 1170 putabam
647 1099 783 1154 :sed
815 1099 1078 1155 domnus
1109 1100 1269 1156 abba
1285 1102 1617 1171 jussionem
1648 1099 1806 1166 lega-

147 1187 325 1242 tionis
364 1193 596 1248 vestrae.
630 1204 818 1260 quam
865 1189 1047 1244 semel
1086 1191 1364 1262 suscepit,
1403 1191 1602 1257 nimis,
1635 1194 1699 1244 ut
1727 1189 1808 1244 ita

144 1275 370 1340 dicam,
391 1277 710 1348 imperiose
742 1277 941 1345 exigit.
975 1281 1121 1333 Nam
1145 1278 1278 1334 licet
1309 1277 1802 1351 promptariolum

143 1364 345 1420 crdis
371 1366 485 1420 mei
511 1368 869 1421 exhaustum
895 1368 1021 1437 jam
1054 1369 1804 1440 pronuntiaverim,tamen

143 1456 299 1510 sicut
328 1457 759 1527 praecedentem
808 1455 1094 1524 libellum,
1129 1459 1207 1512 ita
1250 1473 1492 1531 quoque
1523 1459 1682 1514 hunc
1722 1473 1807 1512 se-

138 1550 430 1616 quentem
459 1545 704 1614 aggredi
739 1545 948 1613 coegit.
989 1549 1061 1600 Ea
1096 1552 1291 1602 tamen
1331 1547 1648 1603 occasione
1688 1547 1805 1602 {ac-

144 1638 273 1687 tum
325 1638 432 1700 est,
467 1633 630 1705 quod
683 1634 740 1687 in
781 1634 1259 1705 prmeedentibus
1310 1635 1550 1690 duobus
1590 1635 1803 1691 libellis

142 1721 220 1777 de
252 1721 612 1777 afﬂictorum
644 1722 1056 1778 consolatione
1084 1739 1280 1796 pauca
1305 1724 1463 1780 dicta
1489 1723 1622 1791 sint,
1658 1723 1801 1780 etad

144 1811 468 1866 consilium
515 1810 778 1883 pontiﬁci
811 1812 1107 1883 dandum,
1137 1814 1311 1883 cujus
1361 1818 1623 1869 mentem
1655 1814 1807 1870 sicut

145 1900 333 1972 Moysi
361 1900 658 1955 malorum
709 1901 969 1973 pravitas
999 1902 1337 1968 exacerbat,
1384 1918 1497 1972 ego
1529 1918 1674 1958 sane
1702 1902 1807 1975 qui

145 2006 259 2045 nec
291 1993 592 2062 praecepto
622 1991 916 2055 resistere,
965 2007 1075 2046 nec
1108 1991 1225 2046 alia
1264 1991 1380 2046 nisi
1409 2007 1480 2047 ea
1510 2007 1648 2063 quae
1698 2008 1806 2048 vos

141 2077 364 2133 melius
394 2079 605 2144 nostis,
637 2093 887 2150 possum
920 2080 1153 2144 referre,
1180 2078 1335 2134 facio
1360 2079 1606 2151 quidem
1639 2079 1806 2152 quod

141 2167 324 2223 valeo
353 2184 366 2222 :
394 2167 499 2223 sed
545 2167 694 2222 dum
726 2172 926 2223 vestra
972 2167 1146 2222 vobis
1175 2173 1298 2223 tam
1338 2168 1564 2240 prolixe
1590 2169 1802 2234 refero,

142 2255 456 2312 fastidium
513 2271 796 2325 generare
826 2258 1201 2328 pertimesco.
1229 2257 1332 2313 Cui
1361 2261 1561 2313 tamen
1585 2257 1804 2312 ductus
1835 2258 1878 2311 Β

143 2344 477 2400 verborum
511 2345 659 2400 forte
696 2344 1084 2417 displicuerit,
1117 2349 1427 2417 comparet
1468 2345 1636 2400 illum
1664 2361 1804 2418 pro-

141 2433 344 2488 telatis
369 2448 698 2506 pravorum
723 2433 1020 2505 nequitiis,
1053 2434 1154 2506 qui
1190 2449 1371 2506 supra
1399 2435 1581 2490 dorsa
1605 2433 1805 2506 pusilli

143 2521 350 2592 gregis
391 2523 602 2578 Christi
657 2522 1014 2578 fabricantes
1043 2523 1405 2596 prolongant
1432 2523 1806 2596 iniquitatem

144 2628 347 2678 suam,
394 2613 596 2684 eisque
649 2611 848 2684 potius
905 2612 1294 2680 indignentur
1346 2612 1450 2684 qui
1503 2613 1806 2670 trahentes

141 2706 493 2771 peccatum,
527 2707 592 2757 ut
643 2702 823 2756 lsaias
874 2702 1034 2770 dicit,
1086 2703 1146 2756 in
1196 2703 1488 2772 funiculis
1520 2705 1806 2758 vanitatis

143 2793 296 2856 (Isa.
325 2807 383 2860 v,
421 2794 528 2859 t8),
558 2791 803 2859 exigunt
833 2794 900 2846 ut
941 2795 1145 2846 contra
1192 2806 1254 2844 se
1295 2795 1459 2846 tanta
1505 2791 1801 2846 dicantur.

145 2883 266 2935 Vos
298 2895 438 2949 ergo
461 2880 788 2952 praevidere
819 2880 1106 2935 debuistis
1139 2880 1233 2934 cui
1254 2885 1310 2935 et
1330 2880 1474 2952 quid
1494 2879 1802 2951 juberetis,

147 2968 317 3022 dicta
345 2968 473 3023 haec
503 2967 682 3023 veluti
714 2967 1026 3039 quoddam
1062 2983 1171 3023 vas
1217 2968 1404 3023 modo
1440 2967 1805 3024 transfusum

141 3056 546 3125 considerate,
569 3056 940 3129 etsuperﬂua
955 3072 1211 3128 quisque
1233 3061 1524 3129 tanquam
1547 3055 1806 3125 guttulas

142 3145 279 3202 vasi
310 3145 652 3202 deformiter
682 3145 1054 3201 adhaerentes
1085 3145 1229 3202 lima
1254 3145 1626 3201 discretionis
1659 3145 1804 3200 reci-

140 3235 291 3292 dite.
325 3237 394 3291 Ut
412 3235 597 3290 acidis
644 3234 915 3305 trugibus
939 3233 1221 3307 quaedam
1251 3239 1487 3290 matura
1507 3234 1805 3304 leguntur,

141 3323 224 3380 ita
257 3324 321 3378 in
359 3322 472 3379 isto
519 3323 774 3389 calamo,
807 3338 946 3378 cum
991 3323 1270 3394 plurima,
1305 3337 1442 3394 quae
1482 3323 1694 3378 merito
1721 3335 1809 3378 re-

141 3411 500 3486 probentur,
524 3412 672 3468 forte
702 3411 1064 3482 inveneritis,
1085 3426 1284 3484 pauca
1307 3411 1515 3468 saltem
1544 3413 1806 3468 utilitatis

140 3501 444 3576 quiddam
475 3500 740 3572 gerentia
761 3500 1087 3572 reperietis.

1917 1011 2241 1067 electorum
2271 1009 2702 1083 collectionem,
2735 1013 2838 1087 qui
2861 1016 2955 1072 vel
2982 1016 3042 1072 in
3075 1015 3352 1084 clericali,
3373 1019 3469 1075 vel
3506 1019 3568 1074 in

1915 1099 2110 1156 laicali
2132 1101 2362 1168 ordine,
2387 1102 2568 1158 autin
2599 1101 2844 1166 divitiis,
2864 1110 2968 1161 aut
2987 1111 3337 1179 paupertate
3353 1108 3573 1177 degen-

1916 1193 2022 1257 tes,
2067 1190 2260 1244 eidem
2311 1191 2558 1258 Christo,
2591 1191 2865 1248 videlicet
2911 1193 3123 1250 humili
3169 1195 3312 1265 regi,
3359 1194 3571 1252 humili

1916 1277 2095 1332 corde
2124 1278 2400 1343 militant,
2439 1293 2548 1350 per
2568 1279 2806 1345 ludam,
2840 1279 2901 1335 id
2929 1285 3017 1337 est
3043 1297 3150 1354 per
3174 1281 3432 1350 domum
3464 1286 3572 1340 Da-

1916 1367 2033 1430 vid,
2081 1382 2264 1438 supra
2318 1367 2580 1423 diximus
2625 1369 2953 1438 designari.
3013 1374 3119 1426 Per
3163 1371 3373 1428 decem
3431 1387 3570 1428 vero

1916 1455 2124 1520 tribus,
2156 1472 2294 1528 quae
2328 1455 2463 1512 licet
2501 1458 2576 1512 de
2617 1471 2832 1527 genere
2871 1459 3368 1532 patriarcharum,
3417 1463 3570 1518 sicut

1915 1548 1971 1598 et
2009 1544 2198 1599 tribus
2225 1545 2397 1610 Juda,
2429 1545 2864 1613 descenderint,
2890 1552 3091 1603 tamen
3135 1565 3170 1604 a
3200 1551 3296 1604 Dei
3338 1550 3570 1607 cultura

1915 1633 2288 1688 discedentes
2338 1633 2554 1689 vitulos
2605 1633 2666 1689 in
2717 1635 2985 1692 Samaria
3027 1636 3378 1707 coluerunt,
3434 1639 3568 1695 illos

1917 1721 2281 1776 Christianos
2331 1721 2577 1791 ﬁgurari
2623 1722 2728 1794 qui
2769 1723 3072 1795 mysteriis
3133 1725 3381 1798 quidem
3429 1725 3569 1782 ﬁdei

1915 1816 2360 1879 regenerantur,
2414 1810 2520 1866 sed
2567 1807 2896 1882 avaritiam,
2941 1825 3079 1885 quae
3124 1818 3217 1869 est
3270 1813 3571 1872 idolorum

1917 1899 2189 1964 servitus,
2221 1899 2502 1966 colentes,
2540 1905 2646 1956 aut
2666 1899 2796 1956 aliis
2840 1902 3208 1974 quibuslibet
3259 1899 3570 1960 desideriis

1917 1987 2073 2042 male
2115 1988 2490 2055 inhaerentes,
2534 1991 2740 2056 Deum,
2783 2003 2963 2062 quem
3004 1991 3260 2047 vocibus
3290 1993 3574 2050 conﬁten-

1918 2080 2029 2143 tur,
2059 2077 2229 2132 factis
2257 2083 2479 2147 negant
2519 2095 2532 2133 ε
2571 2092 2682 2151 per
2723 2079 3003 2150 Assyrios
3028 2085 3230 2137 autem
3273 2082 3572 2155 quaslibet

1918 2171 2122 2235 gentes
2160 2167 2434 2239 exprimi,
2472 2167 2575 2239 qui
2616 2170 2803 2222 Deum
2850 2182 2975 2224 non
3023 2169 3357 2226 coluerunt.
3389 2171 3573 2241 Igitur

1917 2261 1973 2310 et
2019 2260 2160 2311 tunc
2197 2255 2309 2310 illm
2341 2255 2548 2312 decem
2600 2256 2788 2312 tribus
2827 2256 2906 2312 ab
2946 2255 3298 2328 alienigenis
3336 2259 3569 2316 afﬂictis

1916 2343 2174 2398 fuerunt.
2207 2342 2298 2398 Sic
2337 2349 2394 2399 et
2444 2344 2628 2399 modo
2658 2343 2922 2416 perversi
2951 2341 3265 2402 Christiani
3299 2359 3570 2418 pagano-

1914 2447 2048 2487 rum
2067 2431 2417 2487 exterminio
2433 2432 2913 2502 subjiciuntur,et
2926 2431 3243 2490 sicdomus
3256 2434 3572 2508 Juda,qum

1914 2519 2126 2578 decem
2149 2521 2467 2594 praedictas
2491 2521 2681 2577 tribus
2705 2521 2767 2576 in
2786 2522 2964 2578 malis
2980 2523 3214 2578 actibus
3229 2523 3572 2596 frequenter

1917 2615 2118 2665 secuta
2145 2611 2354 2677 fuerat,
2389 2615 2509 2666 tam
2539 2609 2618 2666 ab
2647 2609 2795 2682 ipsis
2821 2610 3031 2666 decem
3058 2611 3355 2684 tribubus,
3377 2626 3566 2685 quam

1915 2698 1995 2754 ab
2041 2698 2391 2769 alienigenis
2426 2700 2804 2756 vehementer
2844 2699 3059 2770 legitur
3101 2713 3396 2774 oppressa
3423 2706 3567 2759 tunc

1916 2787 2116 2843 fuisse.
2144 2788 2236 2843 Sic
2263 2793 2320 2844 et
2352 2803 2516 2844 nunc
2543 2789 2688 2844 boni
2713 2789 2964 2861 quilibet
2988 2789 3325 2861 Christiani,
3357 2805 3470 2863 pro
3497 2804 3570 2848 co

1914 2877 2080 2948 quod
2108 2877 2303 2932 malos
2327 2877 2672 2950 frequenter
2697 2877 3022 2944 imitantur,
3057 2883 3114 2934 et
3137 2893 3173 2934 a
3198 2879 3480 2952 paganis,
3510 2886 3572 2939 et

1916 2965 1995 3020 ab
2007 2966 2150 3036 ipsis
2163 2965 2335 3021 malis
2354 2967 2696 3022 Christianis
2714 2966 3071 3040 plerumque
3085 2968 3447 3024 cruciantur.
3467 2973 3572 3027 Per

1915 3053 2045 3108 illos
2061 3055 2242 3122 igitur
2254 3053 2474 3126 quibus
2486 3053 2693 3110 omnia
2709 3054 2769 3108 in
2783 3054 2980 3122 ﬁgura
2991 3054 3440 3127 contingebant,
3455 3057 3570 3113 hoc

1918 3143 2059 3198 satis
2079 3142 2429 3210 ostenditur,
2467 3143 2634 3215 quod
2663 3142 2820 3199 ﬁlios
2851 3143 3124 3198 Ecclesiae
3146 3158 3270 3200 non
3303 3145 3500 3202 solum
3533 3159 3571 3202 a

1917 3233 2190 3304 paganis,
2241 3232 2346 3288 sed
2401 3233 2581 3288 etiam
2643 3233 2725 3288 ab
2765 3231 2912 3304 ipsis
2959 3233 3081 3288 suis
3129 3233 3568 3291 contribulibus

1918 3321 2104 3377 multa
2141 3325 2414 3395 Oporteat
2441 3322 2583 3394 pati.

1987 3410 2202 3466 11.11am
2228 3426 2376 3467 sane
2399 3411 2734 3483 captivitas,
2751 3423 2889 3483 quae
2912 3410 3053 3466 foris
3080 3411 3389 3482 ingeritur,
3405 3416 3572 3470 tanto

1915 3499 2106 3554 levius
2125 3498 2435 3556 toleranda
2447 3503 2552 3566 est,
2571 3503 2798 3571 quanto
2813 3503 2870 3555 et
2881 3499 3225 3556 animarum
3240 3496 3417 3556 saluti
3437 3516 3573 3572 pro-

216 3590 262 3646 Ι.
317 3589 471 3644 Inter
505 3587 605 3644 illa
635 3587 888 3644 miriﬁca
916 3604 1051 3660 quae
1085 3585 1164 3644 ad
1193 3588 1616 3660 exprimendos
1646 3589 1804 3644 ordi-
1834 3611 1875 3664 ο
1914 3588 2886 3645 baturaccommodataﬂteterum
2904 3588 3122 3644 estalia
3135 3587 3571 3657 vastatio,vide-

140 3696 254 3736 nes
280 3678 551 3734 Ecclesia:
568 3680 720 3733 Deus
734 3677 812 3734 ad
831 3678 1078 3734 beatum
1093 3677 1202 3734 Job
1221 3677 1503 3750 loquitur,
1524 3677 1807 3751 quaedam

140 3767 436 3825 animalia
464 3767 790 3837 ﬁguraliter
810 3767 1154 3834 nominans,
1178 3766 1362 3822 ibices
1389 3783 1634 3840 quoque
1647 3767 1806 3840 pari-

140 3863 232 3914 ter
264 3856 610 3930 interponit.
645 3856 832 3912 Ibices
855 3862 1054 3912 autem
1076 3856 1358 3927 quaedam
1389 3856 1809 3929 quadrupedia

140 3950 291 4004 sunt
321 3949 379 4001 et
411 3949 724 4002 morantur
749 3945 808 4001 in
835 3945 1035 4018 petris.
1066 3948 1204 4011 Quae
1243 3945 1516 4001 videlicet
1542 3945 1726 4001 ibices
1758 3946 1807 4002 si

137 4035 400 4110 quando
416 4035 488 4092 de
506 4036 637 4092 altis
650 4035 1066 4091 cacuminibus
1080 4049 1363 4090 saxorum
1382 4038 1584 4097 ruunt,
1606 4035 1806 4092 sesein

138 4125 272 4181 suis
304 4123 584 4179 carnibus
601 4123 811 4179 illaesas
833 4121 1184 4194 suscipiunt,
1212 4121 1292 4178 ita
1324 4127 1386 4178 ut
1403 4123 1702 4193 jacturam
1715 4123 1808 4179 sui

137 4231 328 4272 casus
372 4228 495 4269 non
531 4213 806 4269 sentiant.
842 4214 952 4268 Per
985 4211 1169 4267 ibices
1199 4211 1378 4280 igitur
1407 4211 1633 4285 quique
1664 4212 1808 4268 boni

137 4305 253 4361 viri
283 4308 342 4360 et
385 4302 541 4359 cauti
572 4302 986 4373 designantur,
1027 4300 1133 4374 qui
1177 4301 1238 4356 in
1261 4300 1443 4373 petris
1494 4301 1804 4369 habitant;

138 4394 291 4468 quia
336 4391 668 4448 secundum
727 4395 964 4447 Patrum
1009 4389 1286 4463 exempla
1321 4391 1516 4447 vivere
1547 4391 1804 4447 student.

136 4482 253 4550 Qui
286 4485 346 4538 et
369 4497 597 4537 cornua
617 4480 859 4547 habent,
891 4479 1165 4536 videlicet
1184 4479 1518 4552 Scripturas
1545 4479 1806 4536 duorum

138 4574 684 4636 Testamentorum,
733 4569 808 4624 de
855 4568 1078 4641 quibus
1129 4571 1217 4624 est
1251 4567 1399 4623 illud
1429 4584 1441 4622 :
1478 4567 1721 4625 Cornua
1743 4569 1808 4624 in

137 4660 425 4718 manibus
458 4663 585 4729 eius
628 4659 880 4730 (Habac.
916 4674 994 4725 ιιι,
1028 4661 1106 4725 4).
1145 4657 1207 4713 Hi
1251 4655 1413 4712 velut
1440 4657 1626 4713 ibices
1669 4671 1810 4715 cum

138 4749 513 4821 ceciderunt,
578 4764 701 4804 non
759 4747 1124 4804 colliduntur
1171 4763 1186 4802 :
1229 4747 1374 4820 quia
1426 4747 1474 4802 si
1521 4746 1668 4820 quid
1725 4747 1809 4803 eis

135 4842 334 4898 ruinae
389 4838 734 4912 temporalis
779 4837 1114 4906 accesserit,
1179 4836 1490 4909 scripturae
1546 4836 1808 4894 duorum

140 4931 678 4988 Testamentorum
725 4927 900 5001 quasi
952 4927 1212 4984 duorum
1247 4941 1544 4983 cornuum
1593 4941 1806 4999 excep—
1835 4967 1878 5021 Β

140 5019 295 5078 tioni
347 5019 666 5076 innitentes
701 5017 986 5088 evadunt,
1031 5019 1087 5073 et
1131 5031 1207 5072 ne
1252 5017 1311 5071 in
1361 5016 1807 5089 perturbatione

140 5109 470 5180 deﬁciant,
539 5108 982 5180 Scripturarum
1039 5104 1254 5162 solatio
1323 5121 1386 5160 se
1452 5109 1805 5162 sustentant.

141 5200 311 5255 Sicut
374 5196 624 5265 Paulus,
674 5195 780 5269 qui
829 5195 888 5251 in
958 5193 1168 5250 mundi
1217 5193 1398 5264 hujus
1457 5194 1811 5251 adversitate

140 5289 418 5360 dejectus
471 5286 710 5342 dicebat
750 5304 762 5342 :
820 5286 1198 5354 Quaecunque
1242 5283 1469 5352 scripta
1509 5287 1680 5354 sunt,
1733 5284 1814 5339 ad

144 5384 420 5433 nostram
475 5376 812 5431 doctrinam
854 5374 1081 5441 scripta
1129 5377 1287 5439 sunt,
1322 5377 1384 5427 ut
1431 5386 1543 5441 per
1582 5373 1807 5440 patien-

144 5470 297 5523 tiam
347 5473 400 5523 et
442 5467 904 5522 consolationem
937 5465 1392 5530 Scmpturarum
1419 5476 1577 5530 spem
1604 5461 1814 5516 habea-

143 5572 282 5612 mus
316 5556 501 5626 (Rom.
554 5572 642 5622 xv,
672 5555 748 5624 4).
785 5552 916 5606 Haec
947 5550 1025 5607 ad
1065 5550 1302 5619 legendi
1349 5550 1617 5606 studium
1656 5550 1814 5606 dicta

146 5645 290 5714 sint,
309 5660 471 5702 nunc
492 5660 583 5712 ea,
599 5657 735 5716 quae
761 5638 964 5697 animo
984 5639 1302 5712 praeposita
1326 5643 1482 5707 sunt,
1503 5638 1812 5710 aggredia-

1912 3677 2048 3732 licet
2071 3675 2370 3749 spiritalis,
2389 3692 2512 3750 qua
2540 3691 2662 3732 non
2679 3677 2861 3734 rebus
2888 3677 2990 3733 sed
3018 3677 3340 3734 virtutibus
3356 3677 3574 3751 spolia-

1914 3782 2084 3835 mur;
2115 3783 2254 3840 quae
2283 3771 2448 3824 tanto
2468 3767 2880 3823 vehementior
2903 3771 3011 3833 est,
3035 3773 3269 3839 quanto
3295 3773 3354 3825 et
3372 3767 3573 3824 occul-

1915 3857 2029 3912 tius
2054 3857 2412 3929 perstringit.
2441 3859 2632 3922 Quam
2655 3856 2878 3913 scilicet
2898 3857 3298 3913 vastationem
3320 3857 3420 3913 illa
3437 3873 3574 3931 cap-

1913 3945 2109 4001 tivitas
2162 3945 2495 4018 specialiter
2539 3945 2858 4014 designat,
2900 3959 3025 4017 qua
3075 3945 3262 4001 tribus
3300 3945 3454 4002 Iuda
3508 3945 3574 4004 in

1915 4034 2282 4106 Babylonem
2306 4034 2596 4090 translata
2623 4039 2730 4089 est.
2756 4037 2834 4089 De
2864 4033 2962 4089 illa
2988 4048 3253 4106 namque
3274 4033 3571 4104 scribitur,

1912 4123 2057 4196 quia
2085 4139 2188 4179 rex
2201 4123 2523 4194 Babylonis
2535 4137 2736 4193 regem
2751 4123 3024 4178 Joachim
3054 4123 3211 4195 capti
3220 4123 3397 4192 vavit,
3421 4127 3478 4178 et
3495 4123 3570 4178 de

1912 4212 2066 4268 Juda
2092 4212 2391 4285 principes
2424 4217 2481 4268 et
2518 4211 2723 4268 fabros
2759 4217 2815 4268 et
2844 4211 3176 4268 inclusores
3205 4215 3262 4268 et
3291 4211 3570 4268 sacerdo—

1917 4305 2033 4358 tem
2057 4302 2342 4373 primum,
2357 4306 2413 4357 et
2429 4300 2800 4357 sacerdotem
2816 4301 3171 4368 secundum,
3187 4305 3244 4356 et
3260 4300 3570 4372 janitorcs,

1914 4395 1971 4447 et
1995 4391 2340 4446 eunuchum
2366 4405 2578 4460 unum,
2612 4394 2669 4446 et
2689 4391 2956 4463 quinque
2979 4390 3140 4446 viros
3162 4391 3266 4464 qui
3285 4393 3574 4447 steterunt

1915 4497 2117 4537 coram
2148 4495 2307 4552 rege,
2340 4484 2395 4537 et
2424 4481 2656 4552 Sophar
2692 4480 2797 4554 qui
2824 4479 3124 4554 probabat
3171 4479 3409 4537 tirones.
3449 4481 3572 4536 Rex

1915 4571 2092 4640 igitur
2104 4573 2145 4623 Β
2166 4570 2702 4643 .ubylonisJoachim
2719 4585 2854 4640 rege
2871 4570 3171 4643 captivato
3188 4569 3570 4634 Mathaniam,

1915 4660 2019 4731 qui
2047 4659 2484 4732 interpretatur,
2519 4661 2753 4724 mimus,
2767 4675 2876 4730 pro
2889 4658 3239 4725 eoinstituit,
3258 4662 3315 4713 et
3334 4658 3575 4713 vocavit

1915 4764 2054 4804 cum
2079 4749 2406 4815 Sedeciam,
2421 4748 2687 4820 quodest
2701 4747 2899 4817 justus
2915 4746 3145 4802 Domini
3166 4746 3357 4819 :quia,
3376 4745 3577 4802 utilie—

1916 4851 2209 4909 ronymus
2230 4837 2311 4894 ait
2323 4837 2382 4892 in
2396 4835 2764 4903 Ecclesiaste,
2778 4835 3075 4901 diabolus,
3091 4835 3194 4906 qui
3213 4839 3300 4890 est
3320 4849 3424 4890 rex
3437 4849 3574 4890 cono

1917 4926 2188 4995 fusionis,
2212 4926 2271 4980 id
2302 4925 2442 4995 agit,
2474 4928 2540 4980 ut
2566 4924 2868 4996 sapientes
2900 4928 2956 4979 et
2986 4921 3243 4992 religiosi
3267 4923 3376 4979 viri
3395 4923 3573 4996 quasi

1917 5014 2062 5071 viles
2093 5019 2458 5086 premantur,
2486 5025 2560 5068 ne
2576 5010 2636 5067 in
2667 5012 2907 5084 populis
2929 5015 3281 5085 appareant,
3298 5013 3465 5085 quod
3487 5018 3578 5068 est

1917 5102 2185 5160 Joachim
2221 5115 2445 5171 regem,
2474 5115 2548 5156 ne
2577 5100 3275 5173 appareat,absentasse,
3309 5105 3366 5156 et
3393 5099 3573 5172 hiqui

1919 5191 2072 5247 servi
2090 5193 2227 5246 sunt
2243 5189 2520 5245 vitiorum
2553 5203 2660 5262 per
2679 5187 2922 5261 aliquod
2957 5203 3181 5244 munus
3210 5187 3412 5243 locum
3435 5200 3574 5240 san-

1919 5280 2133 5338 ctitatis
2149 5277 2648 5351 obtineant,quod
2664 5282 2755 5333 est
2769 5293 2876 5349 per
2888 5274 3441 5334 Nabuchodonosor
3456 5273 3578 5328 Ma-

1921 5370 2185 5425 thaniam
2222 5368 2282 5422 in
2318 5367 2624 5424 Sedeciam
2656 5367 2820 5422 verti.
2879 5366 3022 5420 Hinc
3053 5364 3373 5419 Salomon:
3419 5361 3573 5428 Vidi,

1919 5457 2131 5531 inquit,
2162 5471 2359 5513 servos
2386 5459 2448 5514 in
2478 5458 2640 5528 equis
2677 5455 2894 5527 (Eccle.
2920 5470 2975 5518 x,
3010 5455 3083 5521 7).
3120 5451 3264 5505 Hinc
3309 5461 3578 5523 namque

1920 5549 2018 5603 illa
2035 5547 2374 5604 Simoniaca
2385 5547 2649 5613 haeresis,
2669 5559 2858 5617 quam
2874 5541 3152 5614 princeps
3165 5537 3578 5612 apostolorum

1919 5639 1981 5694 in
2001 5639 2136 5711 ipso
2168 5641 2432 5709 auctore,
2460 5642 2515 5692 et
2543 5637 2756 5692 beatus
2790 5630 3105 5702 Gregorius
3125 5630 3184 5686 in
3213 5627 3576 5703 sequacibus
