4150 6128
567 169 662 220 591

1611 158 1670 214 S.
1711 155 1972 213 ODONIS
2025 151 2322 208 ABBATIS
2373 151 2876 210 CLUNIACENSIS
2915 150 2958 205 ll

3881 152 3982 204 592

565 281 695 358 ej'us
715 279 956 340 terribili
973 280 1356 338 anathemate
1379 279 1676 336 multavit.
1707 279 1812 334 Hic
1843 293 1988 349 ergo
2005 275 2222 334 Matha-
2249 278 2296 330 Α
2337 274 2619 332 libentius
2659 277 2991 347 sequuntur
3027 272 3330 330 Simonem
3383 285 3651 358 magum,
3699 269 3786 326 vel
3837 273 3986 328 Ana-

469 421 474 426 .
563 374 696 430 nias
722 369 1006 428 undecim
1029 369 1204 425 annis
1235 368 1526 439 regnavit,
1558 369 1662 442 qui
1683 383 1973 424 numerus
1997 381 2108 438 pro
2152 380 2223 421 eo

563 461 728 535 quod
758 458 1076 516 denarium
1105 458 1353 526 excedit,
1386 457 1654 528 decalogi
1683 455 2224 526 transgressionem

563 550 776 620 signat.
814 549 1020 620 Itaque
1071 547 1187 602 sub
1219 547 1318 603 tali
1365 561 1504 615 rege
1543 545 1921 618 captivantur
1948 543 2022 598 de
2065 542 2228 598 Juda

563 639 890 712 principes,
914 635 1058 710 quia
1089 635 1364 692 videlicet
1387 635 1478 692 his
1501 635 1560 690 in
1591 633 1859 690 Ecclesiae
1885 631 2226 706 principatu

560 727 882 784 insidiante
931 723 1176 781 diabolo
1219 723 1569 790 constitutis,
1631 722 1710 778 ita
1753 722 1814 777 in
1868 725 1992 778 toto
2045 735 2226 791 grege

565 817 731 874 fraus
763 814 952 888 ipsius
993 812 1216 870 diaboli
1259 811 1684 880 debacchatur,
1715 814 1780 867 ut
1810 809 2135 884 principes,
2163 807 2226 863 id

562 909 655 962 est
689 904 822 962 illos
851 903 956 976 qui
999 901 1144 958 boni
1176 900 1373 974 operis
1417 899 1674 969 agilitate
1727 903 1974 956 caeteros
2012 897 2224 972 praeire

563 993 914 1061 debuerant,
965 1006 1071 1064 per
1108 988 1416 1062 quodlibet
1444 987 1652 1044 vitium
1693 987 1802 1044 sibi
1835 987 2176 1044 substernat
2209 1002 2221 1040 :

563 1087 620 1140 et
639 1083 842 1140 fabros
871 1077 1233 1152 captivat,1d
1254 1081 1342 1133 est
1365 1076 1494 1132 illos
1519 1077 1622 1150 qui
1645 1076 1877 1150 spicula
1897 1075 2224 1132 verborum

564 1172 626 1228 in
655 1171 792 1242 igne
819 1169 1000 1225 divini
1035 1166 1140 1224 zeli
1170 1165 1460 1222 conﬁcere
1491 1165 1846 1234 debuerant,
1876 1169 2056 1238 atque
2073 1162 2223 1219 alios

563 1259 644 1316 ad
697 1256 954 1331 spiritale
1003 1259 1305 1312 certamen
1361 1270 1616 1320 armare,
1673 1253 1960 1310 talentum
2003 1251 2226 1323 ingenii

563 1346 756 1418 coegit
785 1345 846 1401 in
869 1344 1114 1401 terrenis
1145 1342 1376 1399 actibus
1405 1342 1736 1414 implicare.
1769 1345 1838 1398 Et
1867 1341 2222 1408 inclusores,

561 1435 626 1492 id
654 1439 742 1492 est
761 1450 863 1491 eos
894 1434 998 1508 qui
1039 1449 1246 1489 muros
1285 1432 1571 1487 virtutum
1611 1447 1716 1504 per
1737 1431 1982 1503 aliquod
2009 1429 2220 1486 vitium

559 1525 924 1597 interruptos
971 1524 1264 1578 caemento
1311 1519 1751 1592 prtedicationis
1793 1519 2080 1576 resarcire
2119 1518 2224 1574 de-

561 1613 840 1678 buerant,
883 1610 960 1666 ab
993 1609 1190 1666 studio
1223 1607 1556 1678 corrigendi
1589 1623 1826 1664 cessare
1857 1607 2012 1664 facit.
2041 1610 2106 1662 Et
2135 1621 2224 1662 sa-
2254 1627 2296 1678 Β

565 1699 868 1756 cerdotem
898 1697 1186 1770 primum,
1207 1695 1268 1751 id
1301 1700 1393 1752 est
1413 1695 1750 1768 episcopos,
1776 1701 1858 1752 et~
1879 1695 2222 1752 acerdotem

565 1787 925 1858 secundum,
953 1786 1016 1842 id
1040 1791 1128 1842 est
1154 1785 1302 1840 alios
1321 1784 1616 1840 inferioris
1647 1784 1894 1856 gradus,
1921 1783 2026 1857 qui
2058 1787 2222 1840 tanto

565 1875 798 1932 facilius
825 1874 887 1930 in
917 1889 1187 1947 praeceps
1217 1876 1417 1940 ruunt,
1451 1877 1680 1944 quanto
1709 1871 1956 1928 eosdem
1995 1871 2226 1944 episco-

563 1979 698 2036 pos.
729 1961 836 2036 qui
867 1961 978 2018 sibi
1007 1961 1086 2018 ad
1119 1961 1480 2016 imitandum
1509 1960 1740 2033 praelati
1763 1963 1921 2026 sunt,
1955 1959 2130 2032 quasi
2157 1957 2225 2013 li-

566 2053 677 2110 cite
707 2055 1059 2124 sequuntur.
1090 2052 1156 2104 Et
1169 2049 1481 2120 janitores,
1511 2047 1570 2103 id
1601 2053 1690 2104 est
1718 2063 1844 2118 eos,
1869 2047 1972 2120 qui
1995 2047 2226 2104 haben-

567 2146 654 2199 tes
705 2141 932 2198 clavem
973 2138 1232 2195 scientlae
1275 2137 1536 2210 reliquos
1581 2136 1956 2194 introducere
1999 2135 2225 2192 debue-

567 2233 728 2296 rant,
775 2229 858 2285 ita
887 2226 1196 2295 subvertit,
1237 2231 1302 2283 ut
1347 2241 1458 2282 nec
1493 2225 1608 2299 ipsi
1643 2226 1880 2294 intrent,
1935 2241 2046 2282 nec
2074 2224 2226 2282 alios

563 2319 784 2376 intrare
842 2317 1058 2374 sinant.
1091 2317 1160 2372 Et
1195 2315 1544 2372 eunuchum
1573 2331 1786 2384 unum,
1817 2313 1878 2370 id
1927 2319 2018 2370 est
2047 2313 2268 2372 absti-..

565 2411 794 2464 nentes.
831 2408 992 2462 Unus
1023 2404 1258 2474 dicitur,
1291 2403 1370 2460 ob
1387 2403 1754 2474 singularem
1776 2401 2226 2473 continentiam,

565 2499 624 2552 et
679 2494 997 2552 eunuchus
1035 2491 1116 2548 ob
1163 2491 1500 2564 professam
1539 2490 1874 2548 castitatem
1908 2507 1919 2544 :
1952 2505 2108 2562 quos
2145 2489 2227 2548 ita

563 2584 924 2658 plerumque
949 2579 1116 2651 fallit,
1167 2583 1232 2636 ut
1277 2579 1350 2636 de
1393 2579 1542 2652 ipsis
1575 2579 1890 2636 virtutibus
1931 2595 2057 2636 non
2083 2582 2226 2648 Dco,

567 2673 674 2729 sed
701 2671 1050 2728 hominibus
1082 2669 1318 2742 placere
1357 2669 1636 2740 gestiant.
1667 2667 1836 2726 Tollit
1864 2673 1922 2726 et
1955 2667 2226 2741 quinque

565 2763 748 2834 viros,
777 2762 882 2836 qui
912 2764 1194 2818 steterant
1219 2775 1424 2816 coram
1455 2775 1612 2830 rege,
1647 2760 1706 2816 id
1731 2763 1820 2816 est
1834 2759 1988 2829 illos,
2021 2759 2125 2832 qui
2148 2760 2226 2816 ad

564 2857 840 2910 sanctum
885 2850 1088 2908 altaris
1147 2849 1542 2908 ministerium
1587 2849 1854 2923 deputati
1903 2849 2222 2906 servientes

563 2941 743 3016 quasi
783 2939 1201 3015 prmsentiores
1249 2943 1368 2996 Deo
1398 2939 1700 3010 assistunt,
1733 2939 2002 3012 quinque
2033 2939 2221 2995 sensi-

561 3031 678 3088 bus
700 3030 966 3104 corporis
1001 3029 1219 3086 servire
1249 3027 1405 3084 facit.
1435 3030 1500 3084 Et
1527 3027 1758 3100 Sophar
1787 3027 1894 3099 qui
1925 3027 2226 3100 probabat

561 3121 804 3192 tirones,
845 3120 907 3177 id
956 3123 1046 3176 est
1075 3118 1394 3189 magistros
1424 3133 1750 3190 puerorum
1781 3116 1870 3172 vel
1901 3132 2221 3172 converso-

559 3225 717 3270 rum,
761 3223 917 3282 quos
949 3206 1028 3263 ad
1059 3206 1174 3262 hoc
1205 3206 1265 3262 in
1297 3221 1407 3260 suo
1453 3203 1817 3276 discipulatu
1865 3204 2219 3278 suscipiunt,

559 3303 626 3354 ut
646 3313 749 3354 eos
787 3297 848 3352 in
879 3295 1180 3364 dissipans
1213 3291 1445 3348 Domini
1478 3292 1770 3349 erudiant.
1809 3291 1924 3350 Sed
1953 3308 1985 3348 e
2008 3299 2219 3349 contra

558 3385 830 3456 magistri
856 3387 960 3441 aut
979 3398 1086 3456 per
1109 3381 1496 3438 immaturam
1527 3380 1882 3448 libertatem,
1916 3385 2019 3438 aut
2039 3382 2221 3438 etiam

555 3490 664 3547 per
695 3473 926 3530 malum
955 3470 1320 3543 exemplum,
1353 3469 1484 3526 illos
1533 3473 1930 3542 corrumpunt
1957 3474 2016 3526 et
2041 3469 2218 3525 dissi-

557 3567 724 3636 pant.
755 3561 920 3618 Unde
949 3565 1008 3616 et
1033 3559 1264 3632 Sophar
1292 3558 1598 3632 dissipans
1631 3557 2067 3630 interpretatur.
2103 3561 2219 3615 Hos

555 3650 740 3722 igitur
779 3665 991 3706 omnes
1035 3664 1140 3704 rex
1173 3646 1498 3720 Babylonis
1547 3651 1686 3702 tunc
1735 3645 2116 3704 historialiter
2143 3648 2218 3705 de

553 3740 710 3796 Juda
749 3738 1090 3812 captivavit,
1129 3741 1184 3793 et
1217 3735 1522 3809 quosdam
1565 3735 1875 3806 interfecit,
1917 3737 2216 3808 quosdam

553 3845 696 3886 vero
719 3829 780 3886 in
811 3827 1184 3901 Babylonem
1213 3825 1404 3892 duxit,
1437 3825 1580 3899 quia
1597 3841 1759 3881 nunc
1777 3841 1880 3882 rex
1911 3827 2215 3883 confusio-

551 3917 644 3974 nis
676 3917 956 3974 diabolus
984 3915 1206 3972 multos
1235 3915 1340 3988 qui
1359 3915 1420 3970 in
1451 3913 1710 3970 Ecclesia
1740 3917 1962 3970 statum
1985 3913 2216 3985 religio-

549 4008 644 4064 nis
677 4007 886 4064 fulcire
914 4005 1267 4072 debuerant,
1293 4009 1396 4062 aut
1424 4019 1532 4078 per
1553 4019 1637 4072 se,
1679 4009 1784 4060 aut
1809 4020 1916 4078 per
1935 4005 2215 4078 exempla

552 4097 888 4156 carnalium
917 4113 954 4152 a
979 4095 1264 4165 religione
1293 4093 1626 4166 detorquet.
1654 4097 1720 4150 Et
1742 4093 1894 4150 sicut
1911 4093 2006 4150 ille
2027 4109 2210 4167 quos-

549 4185 692 4242 dam
711 4183 1019 4250 interfecit,
1041 4183 1125 4238 sic
1140 4183 1246 4239 iste
1263 4181 1632 4238 irrevocabili
1640 4185 1721 4238 ter
1735 4181 2058 4238 nonnullos
2073 4198 2212 4250 pee-

549 4275 662 4330 cati
697 4273 898 4344 gladio
929 4271 1203 4329 trucidat.
1251 4271 1334 4326 Illi
1365 4287 1528 4342 vero,
1559 4286 1712 4344 quos
1743 4272 2080 4344 captivavit,
2099 4288 2203 4329 eos

548 4361 886 4430 significant
926 4359 1032 4432 qui
1075 4359 1350 4436 miseriis
1389 4358 1572 4429 hujus
1615 4359 1745 4414 vitae
1793 4363 2086 4432 tanquam
2142 4361 2204 4416 in

549 4450 744 4507 aliena
789 4449 982 4522 patria
1025 4447 1448 4519 subjiciuntur,
1505 4451 1570 4504 ut
1615 4448 1986 4521 resipiscant.
2040 4449 2206 4504 Unde

543 4539 840 4613 propheta
867 4537 1072 4594 talium
1113 4536 1428 4608 cujuslibet
1451 4536 1762 4609 pristinam
1791 4537 2208 4610 repromittens

538 4628 778 4700 justitize
819 4627 1174 4692 libertatem,
1229 4626 1412 4682 dicit:
1473 4627 1664 4696 Usque
1703 4626 1784 4681 ad
1831 4626 2204 4696 Babylonem

541 4720 756 4788 venies,
781 4725 833 4774 et
861 4717 942 4773 ibi
971 4717 1314 4774 (iberaberis
1349 4715 1552 4787 (Mich.
1589 4731 1662 4782 ιν,
1701 4719 1808 4782 10).

613 4811 698 4862 Ill.
761 4811 892 4863 Haec
963 4805 1242 4861 vitiorum
1295 4805 1561 4876 vastitas,
1619 4820 1692 4860 ex
1763 4805 1935 4876 cujus
1993 4805 2204 4862 merito

537 4897 790 4952 exterior
817 4895 1048 4962 accidit,
1085 4896 1214 4966 jam
1241 4893 1352 4950 sibi
1383 4897 1574 4950 totum
1599 4893 1808 4950 orbem
1833 4893 2198 4965 subjugavit,

537 4984 760 5057 ubique
813 4984 997 5054 saevit,
1041 4983 1266 5054 ubique
1305 4985 1652 5053 grassatur:
1688 4987 1746 5039 et
1793 4987 1996 5040 tamen
2033 4987 2200 5040 tanto

534 5074 734 5130 minus
801 5091 1012 5130 omnes
1099 5071 1174 5128 de
1259 5071 1374 5128 hac
1439 5087 1502 5128 se
1573 5071 1904 5145 plangunt,
1969 5077 2199 5144 quanto

531 5163 726 5235 magis
787 5161 1046 5220 universi
1115 5175 1336 5216 manus
1393 5160 1665 5218 dominio
1723 5163 1853 5234 ejus
1901 5161 2195 5218 submise-

529 5255 664 5311 rint.
729 5253 1086 5310 Exteriorem
1141 5267 1284 5306 vero
1329 5250 1527 5306 cuncti
1595 5250 1850 5318 fugiunt,
1907 5267 2065 5322 quae,
2133 5255 2197 5306 ut

527 5345 754 5398 dictum
805 5347 911 5406 est,
971 5341 1312 5395 animarum
1375 5340 1548 5394 saluti
1597 5343 1886 5412 prodesse
1939 5356 2192 5394 consue-

529 5435 630 5484 vit.
697 5433 806 5486 Scd
864 5435 1070 5486 contra
1117 5431 1452 5484 interiorem
1515 5429 1704 5485 fuerat
1759 5429 2186 5492 laborandum,

525 5527 582 5575 et
647 5521 974 5588 suffugium
1057 5521 1323 5574 certatim
1389 5519 1806 5590 quaerendum.
1869 5517 1980 5572 Sed
2049 5518 2188 5588 quis

521 5607 860 5666 medebitur
937 5611 1072 5676 his,
1137 5609 1240 5682 qui
1307 5613 1518 5681 sponte
1585 5609 2012 5674 vulnerantur,
2075 5607 2182 5679 qui

2333 363 2525 434 niam,
2583 363 2688 436 qui
2743 361 3151 419 haeresiarchas
3207 359 3388 431 hujus
3441 357 3682 414 malitim
3731 359 3986 426 fuerunt,

2335 469 2526 526 quam
2583 457 2823 510 sanctos
2875 467 3085 508 omnes
3140 449 3244 522 qui
3303 449 3381 506 ab
3423 447 3670 505 exordio
3725 447 3990 505 fidelium

2335 548 2548 599 contra
2577 541 3023 616 perversitatem
3055 540 3229 594 istam
3261 553 3496 611 semper
3519 535 3990 610 pugnaverunt?

2336 630 2616 688 Malitiam
2646 631 2924 696 dicimus,
2955 643 3076 701 qua
3109 625 3408 698 malignus
3435 625 3622 682 hostis
3657 625 3740 680 ita
3765 629 3992 681 mentes

2335 719 2667 778 carnalium
2693 717 2897 786 inﬁcit,
2931 723 2995 774 ut
3022 733 3090 774 ea
3122 731 3257 790 quae
3288 716 3388 772 Dei
3410 719 3549 772 sunt
3569 729 3694 770 non
3715 730 3830 788 pro
3855 716 3992 788 Deo,

2337 809 2440 866 sed
2487 825 2598 883 pro
2633 809 2801 866 lucro
2827 811 3080 875 terreno,
3115 805 3208 862 vel
3237 821 3345 878 pro
3391 803 3676 860 humanis
3709 803 3996 860 laudibus

2335 904 2548 972 gerant
2584 918 2595 955 :
2641 900 2940 956 imitantes
2977 897 3282 954 Simonem
3323 909 3595 965 magum,
3625 894 3733 968 qui
3763 893 3998 950 donum

2335 989 2528 1045 sancti
2561 987 2810 1062 Spiritus
2840 986 2916 1044 ad
2966 985 3081 1042 hoc
3127 999 3480 1057 comparare
3511 982 3718 1050 voluit,
3752 986 3821 1038 ut
3870 981 4001 1037 aliis

2335 1077 2414 1135 ad
2465 1076 2699 1134 lucrum
2729 1075 3011 1132 venderet
3043 1093 3055 1130 :
3088 1073 3182 1129 vel
3220 1089 3293 1130 ea
3337 1088 3474 1146 quae
3501 1087 3610 1144 pro
3657 1073 3780 1128 Deo
3826 1069 4002 1126 relin-

2336 1183 2521 1240 quere
2575 1167 2816 1234 debent,
2873 1163 3153 1236 cupidine
3197 1161 3594 1230 lenocinante,
3643 1161 3800 1217 sicut
3847 1163 4002 1216 Ana-

2335 1256 2489 1328 nias,
2523 1259 2812 1328 repetant.
2859 1258 2936 1310 Ne
2983 1255 3142 1309 enim
3175 1252 3274 1308 illa
3309 1251 3556 1308 vastitas
3585 1249 3794 1306 fideles
3828 1265 4006 1304 occu-

2335 1349 2523 1418 paret,
2565 1343 2788 1400 civitati
2825 1357 2970 1411 suae,
3009 1357 3146 1414 quae
3195 1345 3284 1396 est
3335 1337 3614 1404 Ecclesia,
3651 1341 3808 1394 Deus
3837 1339 4006 1392 Pater

2339 1433 2546 1490 Filium
2589 1449 2700 1506 pro
2731 1447 2904 1488 muro
2933 1429 3118 1498 dedit,
3160 1430 3334 1500 juxta
3363 1427 3510 1484 illud
3542 1445 3554 1482 :
3590 1427 3890 1484 Salvator
3911 1441 4006 1496 po-

2335 1529 2515 1578 netur
2541 1523 2606 1578 in
2650 1537 2716 1578 ea
2765 1536 2974 1576 murus
3005 1535 3028 1575 .·
3057 1522 3114 1574 et
3141 1516 3513 1590 patriarchas
3555 1519 3612 1572 et
3647 1515 4004 1588 prophetas,

2335 1612 2490 1668 sicut
2511 1609 2629 1666 illic
2676 1610 2967 1682 sequitur,
2994 1623 3108 1678 pro
3157 1606 3531 1664 antemurali
3555 1607 3694 1676 (Isa.
3737 1621 3910 1672 xxvi,
3937 1605 4004 1674 t).

2336 1703 2394 1756 et
2435 1697 2770 1772 apostolos,
2799 1696 2904 1770 qui
2949 1711 3130 1768 super
3159 1709 3368 1750 muros
3401 1693 3532 1764 ejus
3561 1693 3657 1750 die
3703 1709 3776 1748 ac
3827 1695 4004 1748 nocte

2339 1792 2562 1844 stantes
2609 1803 2734 1844 non
2773 1790 3031 1842 taceant.
3079 1787 3144 1840 Et
3180 1782 3331 1856 quid
3366 1781 3588 1854 plura?
3639 1797 3892 1855 semper
3935 1781 4008 1837 ab

2340 1875 2624 1934 omnibus
2658 1874 3006 1932 doctoribus
3055 1871 3532 1946 propugnacula,
3581 1875 3640 1928 et
3671 1871 4006 1927 verborum

2341 1965 2573 2039 spicula
2602 1964 3020 2030 conficiuntur,
3054 1961 3276 2035 quibus
3329 1977 3366 2018 a
3405 1959 3690 2016 cordibus
3731 1959 4008 2016 ﬁdelium

2337 2055 2456 2111 ista
2479 2053 2710 2112 malitia
2752 2053 3091 2126 repellatur,
3123 2067 3248 2124 qua
3277 2049 3530 2120 gloriam
3561 2049 3898 2106 hominum
3925 2047 4006 2104 di-

2335 2143 2530 2213 ligunt
2564 2143 2760 2212 magis
2787 2157 2974 2214 quam
3005 2139 3124 2196 Dei.
3175 2139 3290 2196 Sed
3314 2143 3514 2195 tamen
3547 2137 4008 2210 superabundat

2335 2231 2638 2304 iniquitas.
2680 2229 2832 2296 Quia
2867 2244 3008 2286 vero
3055 2243 3216 2284 nunc
3245 2227 3397 2283 hora
3433 2226 3738 2282 malorum
3788 2229 3910 2297 est,
3957 2229 4010 2282 et

2335 2323 2602 2394 potestas
2641 2317 3048 2386 tenebrarum,
3099 2315 3144 2371 si
3197 2315 3492 2390 praedictae
3531 2313 3798 2372 vastitati
3841 2313 4010 2370 resis-

2339 2413 2462 2466 tere
2493 2407 2842 2482 nequimus,
2875 2423 2986 2480 pro
3019 2406 3112 2462 his
3146 2405 3377 2472 saltem,
3405 2421 3560 2478 quos
3591 2403 4009 2478 captivat,do-

2337 2497 2590 2566 leamus,
2636 2502 2694 2554 et
2721 2497 2802 2553 ad
2831 2511 2902 2553 ea
2949 2511 3084 2568 quae
3123 2494 3198 2551 de
3229 2493 3502 2551 exteriori
3533 2493 3892 2566 captivitate
3935 2493 4014 2548 di-

2341 2587 2536 2644 cenda
2561 2590 2702 2643 sunt
2729 2586 3076 2643 redeamus.

2411 2677 2496 2732 IV.
2541 2675 2732 2732 Judex
2761 2677 2964 2730 noster
3009 2673 3201 2729 dulcis
3241 2678 3296 2729 et
3331 2677 3528 2728 rectus
3553 2675 3660 2736 est,
3709 2671 4014 2728 universae

2337 2764 2449 2820 viae
2487 2763 2616 2834 ejus
2661 2760 3070 2832 misericordia
3121 2765 3178 2816 et
3223 2759 3538 2831 judicium,
3577 2762 3634 2814 et
3673 2759 3912 2816 idcirco
3957 2759 4014 2814 in

2337 2853 2472 2924 ipsa
2510 2850 3030 2908 animadversione
3057 2865 3185 2917 sua,
3231 2864 3416 2922 quam
3444 2848 3621 2919 justis
3653 2863 3767 2920 pro
3799 2863 4014 2920 pecca-

2337 2941 2408 2997 tis
2439 2940 2635 3010 infert,
2679 2939 3160 2996 blandimentum
3213 2935 3634 2993 misericordim
3661 2934 3872 2992 dulcis
3929 2936 4014 2993 in-

2338 3029 2648 3084 termiscet.
2706 3026 2879 3095 Quod
2921 3025 3098 3082 etiam
3149 3026 3208 3081 in
3257 3023 3517 3098 praefatis
3576 3022 3874 3094 gentibus
3921 3025 4012 3081 de-

2335 3119 2734 3172 monstratum
2761 3119 2866 3172 est.
2903 3114 3157 3181 Quando
3188 3113 3348 3170 enim
3379 3113 3457 3169 ab
3481 3111 3822 3168 Israelitieis
3863 3113 4012 3170 Juda

2334 3205 2774 3278 captivabatur,
2805 3204 3024 3260 missus
3063 3209 3155 3260 est
3177 3202 3494 3276 propheta,
3526 3201 3628 3274 qui
3661 3199 4010 3275 principem

2331 3295 2552 3366 arguit,
2585 3299 2642 3350 et
2689 3309 2901 3350 omnes
2947 3293 3217 3365 captivos
3267 3291 3518 3348 relaxari
3549 3290 3706 3347 fecit.
3742 3294 3812 3348 Et
3875 3309 4012 3349 cum

2329 3383 2493 3440 idem
2521 3387 2546 3440 J
2557 3383 2676 3439 uda
2707 3384 2770 3439 in
2815 3381 3212 3454 Babyloniam
3239 3381 3575 3444 duceretur,
3625 3381 4004 3437 Ezechielem

2331 3477 2486 3529 Deus
2517 3489 2656 3529 cum
2705 3473 2788 3529 eis
2820 3471 3122 3545 proficisci
3167 3471 3320 3537 fecit,
3351 3471 3458 3542 qui
3487 3469 3782 3526 afﬂictum
3809 3487 4012 3545 pepu-

2329 3561 2458 3618 lum
2489 3561 2920 3618 consolaretur.
2955 3559 3272 3616 Jeremiam
3315 3563 3516 3615 autem
3565 3573 3706 3614 cum
3757 3559 4008 3634 reliquis

2329 3653 2436 3724 qui
2497 3653 2556 3708 in
2615 3651 2978 3708 Hierusalem
3051 3655 3488 3720 remanserant,
3559 3653 3716 3704 stare
3789 3649 4006 3707 voluit.

2331 3743 2494 3807 Quos
2517 3741 2694 3797 etiam
2717 3741 2778 3795 in
2807 3741 3158 3812 Egyptum,
3191 3739 3322 3796 licet
3349 3753 3530 3810 super
3559 3739 3689 3809 ejus
3719 3737 4009 3794 interdic-

2331 3833 2462 3885 tum
2491 3827 2943 3894 descendentes,
2977 3827 3170 3883 isdem
3211 3827 3496 3882 Jeremias
3525 3825 3861 3882 comitatus
3904 3829 4005 3884 est.

2335 3917 2448 3974 Sed
2477 3921 2534 3974 et
2561 3933 2723 3974 nunc
2745 3919 2895 3973 inter
2919 3916 3304 3990 quotidianas
3335 3929 3674 3988 pressuras,
3699 3915 3944 3988 quibus
3975 3931 4008 3970 a

2329 4005 2586 4079 paganis
2619 4005 2774 4062 vela
2793 4005 2968 4062 malis
3003 4003 3350 4062 Christianis
3381 4003 3698 4074 cingimur,
3724 4003 4000 4060 nonnul-

2324 4107 2420 4164 los
2445 4093 2723 4168 quamvis
2779 4109 3008 4166 paucos
3053 4097 3284 4148 constat
3335 4091 3620 4148 divinitus
3673 4091 4004 4161 reservari,

2326 4199 2588 4256 quorum
2621 4187 2723 4238 aut
2767 4180 3078 4254 exemplis,
3117 4185 3222 4238 aut
3249 4179 3470 4248 verbis,
3503 4183 3606 4236 aut
3647 4179 3844 4236 etiam
3881 4195 4008 4253 pre-

2325 4271 2498 4328 cibus
2551 4275 2607 4328 et
2655 4269 2856 4326 amicti
2895 4268 3296 4340 consolentur,
3341 4271 3398 4324 et
3442 4267 3762 4324 afﬂictores
3825 4268 4010 4342 repri-

2324 4363 2586 4416 mantur.
2623 4357 2795 4424 Quod
2841 4357 3088 4414 omnino
3135 4357 3287 4412 mira
3329 4354 3786 4428 dispensatione
3829 4357 3920 4426 iit,
3945 4359 4010 4410 ut

2321 4452 2570 4522 peccata
2595 4463 2702 4520 per
2731 4446 2956 4504 illatam
2986 4444 3373 4502 aﬂlictionem
3393 4445 3744 4517 puniantur,
3769 4451 3840 4502 et
3863 4461 4008 4518 pec-

2321 4543 2550 4595 catores
2581 4553 2688 4610 per
2715 4535 3010 4592 indultam
3039 4533 3516 4591 consolationem
3537 4533 3616 4590 ad
3647 4549 3832 4606 spem
3851 4535 4006 4592 refe-

2321 4632 2548 4684 rantur.
2583 4629 2626 4684 Ο
2653 4625 2980 4683 ineffabilia
3011 4624 3230 4680 divinae
3267 4623 3505 4697 pietatis
3535 4623 3802 4680 viscera!
3843 4629 4006 4682 Deus

2318 4717 2530 4790 culpas
2563 4716 2915 4789 insequitur,
2935 4719 3204 4770 ettamen
3228 4719 3570 4787 peccatores
3593 4715 3886 4786 protegit.
3909 4715 4004 4772 Sic

2315 4805 2470 4862 filios
2485 4804 3054 4872 Israel,cumvellent
3067 4803 3343 4876 postejus
3359 4803 3758 4860 offensionem
3775 4809 4002 4860 contra

2315 4893 2518 4950 hostes
2530 4893 2874 4961 ascendere,
2893 4909 3000 4964 per
3021 4895 3260 4964 Moysen
3279 4891 3606 4964 prohibuit,
3631 4890 3850 4948 dicens
3879 4893 4002 4947 :Ne

2313 4983 2672 5051 ascendatis,
2717 4997 2791 5038 ne
2821 4981 3051 5038 cadetis
3090 4997 3110 5035 .·
3140 4995 3262 5036 non
3299 4980 3454 5036 enim
3501 4996 3634 5036 sum
3681 4981 3998 5037 vobiscum

2315 5071 2528 5143 (Exod.
2561 5087 2682 5141 xix,
2725 5073 2834 5136 t2).
2865 5073 3086 5126 Iratum
3117 5084 3179 5125 se
3206 5067 3450 5136 indicat,
3475 5074 3532 5126 et
3567 5073 3772 5126 tamen
3793 5069 3882 5126 ab
3913 5069 4000 5124 in-

2313 5161 2504 5228 teritu,
2530 5175 2714 5234 quem
2731 5158 3136 5227 merebantur,
3151 5173 3254 5214 eos
3270 5173 3479 5214 cavere
3503 5159 3730 5214 monet.
3755 5157 3854 5214 Sic
3873 5157 3997 5230 ple-

2312 5261 2573 5320 rumque
2585 5246 2840 5319 parvulo
2868 5261 2977 5300 suo
2990 5244 3146 5300 delin
3153 5245 3358 5318 quenti
3371 5249 3565 5302 mater
3577 5243 3886 5312 irascitur,
3901 5245 3994 5300 in-

2308 5341 2511 5409 crepat
2539 5353 2700 5398 eum,
2719 5341 2776 5390 et
2801 5337 2950 5390 irata
2975 5335 3264 5402 verberat,
3291 5351 3361 5388 ac
3379 5335 3420 5388 si
3455 5351 3574 5388 non
3611 5333 3848 5398 diligat,
3875 5333 3992 5386 Sed

2307 5427 2350 5482 si
2383 5429 2541 5482 hunc
2569 5427 2624 5481 in
2657 5441 2926 5498 pra-ceps
2953 5426 3034 5480 irc
3064 5425 3464 5496 conspexerit,
3491 5441 3742 5478 manum
3761 5424 3990 5490 tendit,

2303 5521 2360 5572 et
2389 5517 2472 5572 sic
2493 5515 2796 5584 diligendo
2821 5515 3050 5583 retinet,
3082 5530 3152 5568 ac
3180 5514 3226 5568 si
3251 5513 3400 5569 irata
3423 5529 3542 5569 non
3571 5511 3990 5574 verberasset,

2305 5607 2700 5678 Quapropter,
2739 5601 3092 5660 venerabilis
3145 5605 3334 5668 Pater,
3387 5605 3678 5674 superest,
3725 5601 3794 5656 ut
3849 5617 3988 5656 vos.
