4150 6128
189 121 288 173 593

183 256 369 314 quem
385 238 626 295 arﬁculo
653 238 940 310 temporis
961 239 1146 310 hujus
1163 254 1199 295 a
1213 241 1328 294 Deo
1346 236 1646 294 credimus
1665 251 1857 292 reser-

184 334 410 394 vatum,
439 327 513 383 ad
540 326 683 382 illud
735 326 1142 398 apostolicum
1197 326 1503 397 studeatis,
1554 324 1857 396 corripere

186 418 457 475 videlicet
485 417 802 490 inquietos,
851 417 1152 473 consolari
1196 417 1632 490 pusillanimes,
1663 415 1858 470 susci-

186 525 325 583 pere
346 508 635 574 inﬁrmos,
653 511 710 562 et
733 507 814 563 ita
831 506 1160 579 patientem
1187 523 1316 563 esse
1341 507 1421 564 ad
1445 521 1678 562 omnes.
1696 505 1862 561 Beati

189 596 446 667 Gregorii
477 595 776 669 quosdam
806 601 1084 668 raptores
1115 595 1528 668 aequanimiter
1560 593 1816 650 toleratis
1839 609 1863 650 .'

187 685 555 759 quibusdam
586 699 726 741 vero
756 683 870 740 sub
902 684 1103 740 studio
1140 689 1388 741 servatze
1418 682 1724 740 charitatis
1755 682 1863 739 ob-

188 774 373 831 vietis.
407 773 524 830 Sed
552 789 628 829 ne
657 773 730 829 de
764 773 1006 830 raritate
1035 773 1339 829 bonorum
1370 772 1620 829 fratrum
1653 787 1861 828 cause—

189 864 352 931 mini,
381 867 741 920 mementote
771 862 918 935 quia
948 861 1112 918 solus
1143 867 1270 918 erat
1297 861 1579 929 Ezechiel,
1615 861 1779 918 solus
1805 865 1862 917 et

186 952 497 1018 Jeremias,
530 954 587 1007 et
609 954 805 1007 tamen
833 965 960 1006 non
983 949 1305 1006 cessabant
1334 949 1523 1022 loqui.

256 1042 318 1095 V.
337 1041 406 1095 Ut
435 1044 639 1096 autem
667 1038 930 1112 pontifex
962 1037 1322 1110 pontificum
1353 1038 1636 1094 innitatur
1659 1052 1856 1093 exem-

181 1129 320 1202 plis,
351 1143 466 1200 par
494 1132 589 1184 est
613 1127 685 1184 de
714 1127 1084 1200 quibusdam
1115 1127 1336 1183 sanctis
1365 1125 1684 1200 episcopis,
1705 1126 1856 1199 quid

180 1216 553 1291 pertulerint,
611 1222 712 1274 aut
765 1215 1021 1288 qualiter
1073 1231 1136 1272 se
1166 1216 1230 1272 in
1257 1215 1557 1288 augustiis
1606 1215 1855 1287 egerint,

181 1322 400 1379 parum
430 1305 671 1362 referre.
725 1311 803 1360 Ac
855 1305 1121 1377 primum
1151 1305 1227 1360 de
1280 1309 1447 1377 patre
1496 1304 1856 1376 Augustino.

185 1393 308 1451 Sub
337 1395 469 1465 ejus
513 1408 775 1466 namque
819 1397 1084 1465 tempore
1127 1391 1338 1449 civitas
1399 1391 1720 1466 Hipponia,
1759 1391 1856 1448 cui

1247 113 1740 174 COLLATIONUM
1775 115 1960 170 LIBRI
1991 114 2199 170 TRES.
2235 145 2301 154 —-
2335 116 2461 171 LIB.
2493 118 2584 172 Ill.
3535 130 3638 182 594

1972 238 2117 310 plus
2153 238 2237 293 eis
2265 237 2546 308 prodesse
2578 255 2683 311 per
2711 241 3141 312 providentiam
3175 244 3382 314 possit,
3407 251 3633 317 quanto

1972 327 2227 382 terrenis
2253 327 2436 383 rebus
2467 329 2738 384 animum
2768 345 2888 384 non
2921 330 3220 402 supponit.
3254 336 3332 387 Ac
3363 333 3579 390 deinde
3614 353 3627 390 :

1969 417 2014 471 Ο
2047 432 2240 488 quam
2270 417 2412 471 mihi
2440 417 2591 473 dura
2618 418 2885 475 suntista
2914 434 3049 489 qua:
3088 417 3321 491 loquor,
3357 421 3502 492 quia
3533 438 3630 478 me

1966 505 2177 577 ipsum
2206 505 2509 578 loquendo
2541 507 2718 563 fcrio!
2755 507 2862 562 sed
2887 506 3108 575 dicam,
3131 505 3328 562 dicam
3360 514 3424 565 ut
3448 509 3629 567 etiam

1966 608 2078 666 per
2105 610 2205 651 me
2255 611 2451 651 sermo
2483 596 2579 652 Dei
2613 601 2784 653 sonet
2835 599 3042 652 contra
3066 611 3182 650 me.
3237 599 3428 666 Cogor
3455 615 3628 656 nam-

1965 699 2089 756 que
2116 683 2301 740 modo
2330 684 2738 752 ecclesiarum,
2757 685 2940 740 modo
2969 684 3470 742 monasteriorum
3493 703 3630 744 cau-

1967 788 2067 829 sas
2101 773 2417 837 discutere,
2453 773 2831 844 singulorum
2859 774 3042 830 vitam
3072 777 3361 844 actusque
3408 789 3626 845 pensa-

1963 878 2047 929 re,
2064 861 2250 918 modo
2279 863 2561 934 quadam
2593 863 2812 918 civium
2843 861 3084 932 negotia
3113 861 3627 930 sustinere,modo

1962 951 2328 1008 irruentibus
2360 952 2757 1008 barbarorum
2789 952 3002 1024 gladiis
3054 951 3283 1021 timere,
3319 951 3506 1008 modo
3535 968 3628 1011 ra-

1964 1046 2167 1114 ptores
2219 1041 2526 1114 quosdam
2560 1042 2976 1114 aequanimiter
3023 1041 3270 1113 perpeti,
3330 1041 3516 1098 modo
3545 1042 3631 1098 eis

1967 1131 2081 1187 sub
2113 1130 2310 1187 studio
2343 1135 2588 1186 servatas
2638 1130 2938 1187 charitatis
2968 1128 3235 1185 obviare.
3294 1128 3436 1189 Quis
3482 1146 3626 1201 ergo

1963 1224 2069 1276 aut
2098 1219 2296 1292 qualis
2330 1219 2668 1291 speculator
2697 1234 2808 1288 ego
2854 1235 3007 1284 sum,
3041 1216 3146 1289 qui
3178 1216 3378 1272 adhuc
3432 1221 3518 1274 tot
3542 1235 3631 1274 re-

1964 1324 2100 1364 rum
2130 1307 2594 1380 perturbationis
2625 1307 2969 1379 depressus,
2989 1306 3049 1361 in
3075 1304 3440 1361 infirmitatis
3472 1304 3626 1361 valle

1956 1396 2176 1466 jaceo?
2203 1399 2493 1452 Tacemus
2522 1395 2596 1450 de
2627 1395 2725 1451 illo
2777 1395 3012 1452 famoso
3043 1410 3113 1450 ac
3163 1393 3414 1450 miriﬁco
3444 1397 3628 1450 Mora-

180 1486 459 1575 prazerat,
522 1497 638 1575 per
682 1480 1134 1575 quatuordecim
1193 1496 1434 1575 menses
1493 1497 1530 1537 a
1578 1479 1856 1575 barbaris
1893 1523 1934 1575 Β
1960 1485 2109 1540 lium
2139 1484 2293 1540 libro
2319 1499 2499 1557 quem
2524 1483 2698 1540 valde
2728 1483 3005 1538 inﬁrmus
3036 1483 3317 1555 patravit.

183 1572 432 1627 obsessa
462 1575 571 1626 est.
609 1570 756 1636 Quia
792 1585 931 1624 vero
989 1568 1216 1624 eisdem
1248 1569 1621 1642 praedicandi
1661 1568 1852 1625 facul-

185 1666 273 1717 tas
302 1661 356 1715 ei
394 1675 520 1715 non
566 1663 707 1725 erat,
765 1657 1171 1732 coepiscopos,
1233 1663 1292 1714 et
1348 1657 1651 1730 quoslibet
1703 1657 1854 1714 alios

185 1750 288 1822 qui
318 1754 448 1805 tum
480 1747 630 1803 forte
659 1745 734 1803 ad
787 1745 995 1801 urbem
1027 1746 1446 1816 confugerant,
1479 1746 1558 1802 ad
1592 1747 1854 1802 toleran-

187 1840 332 1895 tiam
363 1836 715 1903 instruebat,
743 1851 919 1892 orans
943 1835 1162 1906 jugiter
1183 1827 1384 1891 'Deum
1413 1840 1720 1908 quatenus
1752 1840 1857 1892 aut

186 1927 486 1983 civitatem
516 1924 808 1994 liberaret,
839 1929 941 1980 aut
970 1939 1031 1978 se
1055 1923 1129 1978 de
1163 1923 1384 1979 saeculo
1406 1938 1619 1980 vocare
1643 1923 1856 1994 digna-

189 2022 369 2073 retur.
403 2015 516 2081 Qui
547 2029 669 2071 non
695 2017 827 2087 post
855 2011 1110 2069 multum
1167 2013 1449 2068 effectum
1482 2028 1608 2067 suae
1639 2013 1854 2086 prmcis

187 2106 446 2178 adeptus
475 2109 584 2160 est.
617 2103 802 2159 Tertio
829 2102 1124 2176 siquidem
1145 2100 1480 2158 obsidionis
1514 2117 1729 2158 mense
1757 2101 1858 2157 de-

188 2194 417 2261 cubuit,
444 2192 548 2266 qui
574 2193 724 2247 inter
753 2195 961 2248 caetera
988 2190 1210 2263 quibus
1238 2190 1464 2246 exitum
1485 2190 1857 2246 communie-

187 2283 315 2346 bat,
348 2287 577 2354 septem
608 2279 872 2352 psalmos
898 2277 1335 2352 pcenitentiales
1395 2277 1597 2333 flendo
1627 2277 1853 2334 decan-

188 2373 375 2428 tabat.
409 2371 502 2426 Ait
555 2369 713 2425 enim
758 2373 892 2441 post
942 2371 1292 2442 perceptum
1351 2366 1746 2439 baptismum,
1799 2371 1857 2423 et

187 2459 469 2517 laudatos
501 2455 857 2514 Christianos
908 2461 965 2512 et
992 2454 1329 2512 sacerdotes
1377 2453 1610 2526 absque
1667 2453 1855 2526 digna

189 2555 247 2606 et
271 2545 637 2620 competenti
662 2545 1008 2618 paenitentia
1044 2560 1167 2601 non
1215 2543 1436 2599 debere
1465 2542 1540 2598 de
1599 2557 1854 2617 corpore

190 2639 369 2695 exire.
405 2637 509 2691 Hic
541 2650 660 2691 non
683 2634 877 2690 solum
909 2635 1173 2704 clericos,
1207 2632 1314 2688 sed
1345 2633 1528 2688 etiam
1552 2631 1740 2688 laicos
1771 2632 1851 2689 ab

190 2727 360 2784 omni
384 2726 728 2798 juramento
749 2723 1186 2796 compescebat.
1209 2719 1656 2794 Loquacitatem
1683 2737 1849 2787 vero,

191 2822 247 2872 et
274 2813 724 2882 detractionem,
755 2829 889 2885 quas
917 2813 977 2868 in
1004 2810 1290 2867 conviv1is
1333 2809 1646 2866 abundare
1679 2809 1848 2879 solet,

191 2905 273 2960 ita
301 2901 740 2975 comprimebat
769 2907 830 2958 ut
857 2902 966 2958 hos
994 2916 1128 2956 vers
1141 2916 1204 2954 ,ιε
1236 2898 1297 2954 in
1329 2914 1444 2954 sua
1467 2913 1683 2955 mensa
1711 2897 1852 2954 scri-

191 2993 358 3048 beret
376 3010 388 3046 ε

314 3094 565 3160 Quisquis
585 3103 720 3143 amat
741 3093 893 3160 dictis
931 3092 1195 3141 absentum
1222 3091 1398 3160 rodere
1420 3089 1601 3160 vitam,

381 3153 516 3206 Hanc
544 3170 760 3207 mensam
787 3156 1042 3219 indignam
1068 3153 1261 3204 noverit
1290 3167 1399 3203 esse
1435 3153 1534 3203 sui.

191 3257 363 3312 Veste
392 3270 533 3310 vero
561 3253 692 3325 ejus
744 3258 802 3310 et
829 3252 1255 3317 calceamenta,
1290 3249 1381 3306 vel
1432 3249 1730 3320 lectualia,
1778 3265 1849 3305 ex

191 3343 501 3400 moderato
531 3348 588 3398 et
637 3341 998 3415 competenti
1052 3339 1260 3396 habitu
1291 3344 1479 3406 erant,
1525 3353 1634 3394 nec
1661 3337 1849 3394 nitida

190 3438 294 3490 aut
314 3432 584 3505 speciosa
614 3431 866 3487 nimium
899 3429 987 3486 vel
1018 3429 1253 3499 abiecta
1282 3427 1630 3501 plurimum.

263 3525 348 3578 Vl.
404 3521 564 3576 Libet
616 3535 860 3594 quoque
889 3519 1074 3575 verba
1101 3520 1160 3573 Β.
1195 3516 1476 3587 Gregorii,
1537 3515 1628 3572 vel
1656 3515 1850 3588 queri-

193 3611 430 3668 monias
455 3609 585 3681 ejus
635 3609 712 3666 ad
738 3608 1005 3665 medium
1036 3607 1284 3663 deferre.
1313 3610 1462 3663 Nam
1487 3605 1736 3678 quando
1767 3603 1849 3660 ul-

192 3702 368 3757 timas
403 3698 717 3754 Ezechielis
771 3702 968 3770 partes
995 3711 1317 3767 aggressus
1343 3700 1452 3762 est,
1503 3693 1846 3751 nuntiatum

192 3791 244 3847 ei
271 3791 466 3844 fuerat
491 3786 658 3860 quod
710 3785 1033 3857 Agistulfus
1081 3784 1411 3856 [Agilulfus,
1442 3784 1535 3842 vel
1555 3782 1848 3854 Aigulfus]

191 3892 292 3931 rex
316 3875 848 3946 Langobardorum
868 3875 948 3932 ad
991 3874 1393 3931 obsidendam
1442 3876 1693 3929 Romam
1718 3872 1846 3944 jam

189 3964 424 4021 Padum
445 3965 738 4021 transiens
763 3979 1146 4038 summopere
1175 3963 1495 4020 festinaret.
1528 3961 1620 4017 Ait
1643 3960 1803 4016 enim
1829 3978 1842 4016 :

191 4057 374 4109 Nemo
400 4059 600 4110 autem
630 4069 726 4109 me
789 4052 1206 4125 reprehendat,
1236 4051 1284 4106 si
1316 4054 1454 4123 post
1508 4049 1665 4105 hanc
1704 4046 1846 4104 allo-

190 4147 488 4198 cutionem
545 4157 879 4208 cessavero,
911 4140 1058 4213 quia
1109 4139 1262 4194 sicut
1312 4152 1523 4194 omnes
1583 4134 1842 4201 cernitis,

191 4230 598 4287 tribulationes
616 4235 836 4286 nostra:
853 4233 1187 4297 creverunt,
1212 4227 1476 4298 undique
1497 4222 1847 4280 circonfossi

189 4337 422 4390 sumus,
440 4321 761 4377 imminens
790 4318 1122 4392 periculum
1154 4317 1452 4374 timemus.
1473 4313 1581 4369 Alii
1606 4313 1848 4368 detrun-

192 4409 335 4465 catis
363 4407 444 4464 ad
473 4425 583 4464 nos
610 4405 890 4464 manibus
920 4407 1186 4473 veniunt,
1237 4403 1334 4459 alii
1361 4402 1540 4475 capti,
1581 4400 1681 4457 alii
1703 4400 1848 4456 inte-

191 4497 404 4568 rempti
457 4497 826 4553 nuntiantur.
859 4497 924 4551 Et
947 4495 1077 4566 jam
1133 4507 1317 4563 cogor
1347 4491 1425 4548 ab
1475 4489 1844 4563 expositione

189 4586 459 4656 linguam
489 4585 757 4652 retinere,
809 4583 954 4656 quia
983 4582 1160 4638 taedet
1191 4581 1461 4637 animam
1508 4578 1639 4635 vitae
1670 4593 1842 4634 meas.

187 4677 325 4731 Jam
348 4675 410 4729 in
442 4690 537 4729 me
566 4673 766 4729 nullus
797 4672 948 4728 sacri
995 4670 1214 4743 eloquii
1269 4668 1534 4724 studium
1563 4666 1846 4739 requirat,

186 4762 334 4836 quia
360 4777 536 4817 versa
566 4766 653 4817 est
679 4761 740 4816 in
767 4761 993 4816 luctum
1033 4759 1260 4815 cithara
1285 4772 1439 4813 mea.
1499 4758 1564 4810 Et
1612 4755 1718 4827 qui
1745 4769 1847 4811 co-

185 4868 296 4921 gor
323 4850 590 4923 quotidie
617 4866 828 4908 amara
856 4849 1081 4916 bibere,
1101 4845 1412 4920 quomodo
1438 4860 1688 4918 possum
1718 4843 1848 4899 dul-

185 4941 280 4996 cia
308 4937 676 5012 propinare?
707 4938 861 5004 Quid
892 4937 1068 5008 igitur
1092 4939 1294 5001 restat,
1327 4934 1439 4990 nisi
1465 4938 1531 4989 ut
1567 4933 1718 4989 inter
1740 4931 1847 4988 ﬂa-

185 5029 362 5099 gella,
396 5045 530 5102 quae
557 5044 629 5085 ex
651 5027 868 5085 nostris
887 5025 1114 5083 meritis
1139 5023 1423 5097 patimur,
1456 5023 1678 5092 gratias
1709 5036 1850 5091 aga-

187 5120 375 5177 mus?
408 5119 538 5189 Qui,
598 5123 661 5176 ut
717 5117 1070 5176 ostendatur
1121 5118 1418 5188 quantum
1469 5113 1647 5169 etiam
1698 5112 1850 5168 inter

184 5227 327 5266 suos
357 5209 440 5265 ob
467 5209 867 5265 domesticam
922 5223 1130 5262 curam
1190 5207 1626 5274 angustaretur,
1683 5201 1847 5258 dica-

181 5316 320 5355 mus
351 5298 504 5372 quid
534 5299 594 5353 in
625 5299 834 5371 primis
871 5296 1147 5368 ejusdem
1175 5293 1502 5366 prophetia:
1553 5289 1844 5357 homeliis,

180 5405 318 5444 cum
351 5389 428 5442 (le
453 5388 827 5459 speculatore
858 5386 1222 5459 loqueretur,
1253 5383 1370 5439 ait:
1428 5379 1725 5452 Quisquis,
1768 5378 1850 5432 in-

177 5477 330 5550 quit,
364 5477 710 5550 speculator
739 5477 1002 5550 ponitur,
1033 5475 1095 5530 in
1125 5473 1314 5530 altum
1356 5470 1536 5527 debet
1563 5473 1738 5535 stare,
1796 5471 1852 5522 et

181 5566 572 5624 subditorum
601 5581 785 5639 opera
822 5562 1260 5628 transcendere,
1318 5562 1636 5633 quatenus,
1689 5559 1851 5614 tanto

1469 5741 1632 5796 irai"

2033 1573 2150 1628 VII.
2184 1571 2241 1627 Si
2271 1587 2412 1642 ergo
2441 1576 2674 1628 tantum
2701 1587 2771 1627 ac
2805 1571 2982 1627 talem
3037 1570 3234 1626 virum
3282 1575 3366 1626 tot
3393 1569 3629 1640 flagella

1961 1661 2313 1728 manebant,
2374 1659 2601 1732 quippe
2652 1675 2837 1732 quem
2887 1658 3067 1714 etiam
3124 1657 3252 1729 ipso
3315 1657 3630 1713 Mauricius

1962 1749 2304 1820 imperator,
2334 1747 2438 1820 qui
2469 1763 2607 1803 eum
2631 1747 2886 1802 invitum
2909 1745 3175 1802 ordinari
3202 1745 3438 1812 fecerat,
3458 1745 3629 1802 vehe-

1962 1842 2191 1893 menter
2217 1836 2490 1907 urgebat,
2540 1835 2688 1908 quid
2719 1836 2942 1891 mirum
2997 1835 3046 1890 si
3079 1834 3394 1907 pontiﬁces
3443 1833 3631 1890 nostri

1964 1926 2250 1999 temporis
2280 1925 2628 1996 afﬂiguntur
2648 1928 2675 1981 ἱ)
2704 1927 2858 1981 Sane
2888 1924 3032 1996 quia
3081 1924 3451 1980 mentionem
3484 1923 3629 1980 tanti

1962 2016 2199 2088 patroni
2229 2013 2501 2081 fecimus,
2535 2013 2862 2069 dicendum
2883 2012 3092 2086 paucis
3114 2016 3489 2085 quantopere
3517 2027 3629 2068 suo

1962 2103 2179 2176 pudori
2207 2117 2451 2176 suaeque
2479 2103 2653 2159 famae
2711 2101 3097 2158 consuluerit.
3127 2101 3218 2157 Sic
3268 2116 3536 2173 namque
3567 2101 3628 2156 in

1963 2193 2064 2249 illa
2093 2196 2364 2248 Romana
2393 2191 2538 2261 vita,
2580 2191 2754 2262 cujus
2804 2205 2988 2262 supra
3018 2189 3433 2256 meminimus,
3490 2188 3628 2244 scri-

1961 2287 2133 2356 ptum
2163 2281 2437 2338 habetur.
2472 2284 2600 2338 Mox
2634 2285 2696 2336 ut
2760 2295 3069 2335 summum
3099 2278 3478 2351 pontiﬁcium
3508 2293 3630 2334 sor-

1960 2373 2100 2428 titus
2127 2376 2233 2439 est,
2264 2369 2742 2442 superstitiosum
2773 2366 3122 2423 universalis
3149 2366 3517 2424 vocabulum
3541 2382 3628 2423 re-

1960 2460 2192 2526 futavit,
2221 2459 2608 2532 primumque
2667 2473 2729 2514 se
2781 2472 3021 2512 servum
3075 2471 3388 2512 servorum
3440 2455 3537 2512 Dei
3565 2455 3626 2511 in

1962 2549 2086 2606 suis
2114 2546 2380 2620 epistolis
2407 2545 2758 2602 nominavit.
2791 2550 2848 2601 et
2875 2543 3286 2600 mediocribus
3312 2545 3628 2602 indumen-

1963 2638 2034 2694 tis
2065 2636 2144 2692 ad
2177 2651 2299 2690 suae
2352 2633 2701 2690 humilitatis
2733 2631 3019 2688 indicium
3071 2631 3132 2686 in
3172 2633 3625 2705 pontiﬁcalibus

1961 2724 2260 2781 utebatur.
2294 2722 2523 2778 Etenim
2553 2722 2868 2778 advertens
2892 2736 2952 2776 se
2981 2720 3116 2775 ideo
3141 2736 3454 2777 summum
3480 2737 3628 2795 pon-

1961 2813 2183 2869 tificem
2205 2828 2241 2866 a
2268 2813 2386 2867 Deo
2416 2810 2828 2876 constitutum,
2861 2812 2944 2876 ut,
2989 2809 3164 2878 juxta
3194 2808 3344 2864 illud
3370 2811 3626 2884 prophe-

1891 2876 1930 2931 (δ
1961 2900 2166 2966 ticum,
2219 2898 2486 2955 radicem
2544 2897 2824 2954 vitiorum
2902 2876 3201 2960 evelleret,
3259 2876 3624 2970 virtutesque

1961 2990 2274 3063 plantaret,
2303 3003 2517 3044 omnes
2541 2985 3002 3044 consuetudines
3036 2999 3192 3056 quas
3231 2991 3441 3044 contra
3471 3003 3620 3060 apo-

1959 3078 2229 3134 stolicam
2259 3075 2639 3132 traditionem
2673 3073 2903 3130 noviter
2942 3071 3273 3144 pullulasse
3319 3089 3618 3145 cognove-

1958 3172 2070 3235 rat,
2129 3166 2242 3222 sub
2295 3163 2695 3222 anathematis
2754 3161 3235 3219 interminatione
3284 3163 3618 3220 damnavit.

1956 3261 2106 3314 Tum
2133 3272 2274 3312 vero
2306 3273 2342 3312 a
2368 3271 2476 3312 suo
2505 3252 2782 3309 cubiculo
2827 3267 2950 3307 non
3001 3250 3196 3306 solum
3237 3252 3614 3322 juvenculos,

1959 3345 2066 3401 sed
2089 3350 2143 3400 et
2167 3359 2346 3400 omne
2378 3341 2689 3398 saeculares
2713 3339 3058 3408 excludeus,
3091 3339 3443 3396 clericorum
3470 3357 3617 3414 quo-

1959 3448 2106 3505 sque
2139 3431 2232 3488 vel
2262 3431 2702 3487 monachorum
2747 3426 3249 3500 prudentissimos
3303 3427 3416 3484 sibi
3441 3428 3615 3484 fami-

1958 3521 2135 3578 liares
2163 3519 2653 3592 consiliariosque
2682 3517 2917 3586 delegit.
2948 3518 3094 3572 Cum
3120 3515 3342 3588 quibus
3371 3517 3466 3572 die
3505 3533 3614 3574 no-

1960 3613 2171 3682 cteque
2200 3606 2651 3677 versatus,nihil
2675 3605 3024 3662 monasticae
3049 3603 3445 3677 perfectionis,
3469 3601 3614 3658 nihil

1957 3697 2315 3772 pontiﬁcalis
2369 3695 2772 3762 institutionis,
2823 3694 2960 3750 licet
2989 3709 3170 3765 super
3209 3696 3414 3763 gentes
3443 3695 3498 3747 et
3527 3707 3614 3746 re-

1960 3804 2080 3859 gna
2110 3787 2484 3851 constitutus,
2515 3783 2731 3840 amisit.
2762 3783 3127 3838 Videbantur
3150 3781 3352 3852 itaque
3380 3779 3612 3852 passim

1959 3892 2098 3932 cum
2129 3873 2543 3930 eruditissimis
2573 3872 2798 3928 clericis
2816 3869 3079 3940 religiosi
3105 3868 3386 3924 monachi
3417 3867 3615 3924 adhae-

1958 3979 2086 4020 rere
2112 3960 2397 4035 pontifici,
2422 3965 2477 4016 et
2506 3960 2566 4014 in
2609 3958 2854 4015 diversis
2886 3955 3355 4029 professionibus
3386 3955 3610 4010 unifor-

1959 4053 2072 4108 mis
2103 4049 2420 4106 videbatur
2448 4049 2751 4114 honestas,
2803 4051 3088 4118 tantaque
3121 4060 3374 4100 censura
3415 4059 3612 4099 mores

1959 4140 2368 4197 ministrorum
2393 4135 2722 4204 excolebat,
2773 4138 2836 4190 ut
2886 4149 3095 4190 eorum
3152 4132 3351 4188 nullus
3396 4131 3612 4189 barba-

1889 4225 1928 4277 ί)
1959 4246 2097 4285 rum
2124 4227 2219 4284 vel
2246 4225 2393 4300 quid
2433 4226 2854 4282 inconsuetum
2893 4222 3161 4292 religioni
3202 4235 3478 4276 sermone
3519 4219 3613 4275 vel

1961 4316 2171 4374 habitu
2196 4316 2456 4389 preferre
2488 4315 2962 4386 praesumeret,et
2985 4310 3089 4383 qui
3120 4310 3268 4367 forte
3299 4309 3616 4367 sanctimo-

1957 4407 2060 4462 nia
2116 4405 2205 4461 vel
2260 4403 2552 4477 sapientia
2607 4401 2912 4468 caruisset,
2986 4398 3352 4456 subsistendi
3409 4413 3613 4455 coram

1958 4493 2239 4568 pontiﬁce
2267 4493 2553 4550 fiduciam
2579 4506 2701 4548 non
2743 4491 3011 4548 haberet.
3071 4491 3199 4554 Quo
3231 4488 3385 4544 facto
3415 4485 3614 4542 redar-

1959 4582 2158 4654 guitur
2185 4581 2285 4638 illa
2312 4579 2722 4653 quorumdam
2777 4578 3024 4635 lascivia
3053 4577 3158 4649 qui
3189 4577 3405 4632 talibus
3436 4577 3612 4631 coha-

1957 4671 2147 4727 bitare
2177 4669 2429 4736 malunt,
2457 4669 2560 4741 qui
2617 4672 2740 4724 tam
2765 4667 3052 4723 effrenata
3105 4665 3372 4722 libertate
3404 4663 3494 4720 vel
3531 4664 3613 4720 lo-

1956 4759 2202 4832 quendo
2229 4758 2451 4825 leviter,
2480 4757 2571 4814 vel
2594 4755 2830 4826 agendo
2862 4771 3067 4811 coram
3095 4755 3199 4818 eis,
3237 4769 3390 4827 quos
3418 4753 3612 4823 magis

1955 4848 2146 4904 vereri
2200 4846 2550 4912 debuerant,
2609 4845 2917 4918 potiuntur
2941 4863 2954 4900 :
2978 4848 3044 4899 ut
3097 4843 3260 4915 ipsos
3303 4842 3483 4900 etiam
3533 4842 3613 4899 ab

1962 4941 2119 4993 statu
2149 4935 2450 5006 gravitatis
2497 4932 2793 4990 emollitos
2822 4933 2900 4989 ad
2931 4949 3055 4988 suae
3112 4931 3367 4990 levitatis
3395 4931 3612 4988 lenoci-

1961 5025 2130 5082 nium
2159 5024 2492 5092 incurvent,
2524 5022 2605 5078 ita
2652 5025 2856 5078 utnec
2903 5021 2963 5077 in
3020 5020 3312 5078 memoria
3366 5019 3611 5093 quidem

1965 5129 2164 5170 sermo
2195 5111 2522 5184 disciplinae
2569 5110 2885 5178 habeatur,
2913 5115 3120 5167 contra
3169 5109 3332 5166 illam
3370 5105 3610 5179 superni

1961 5201 2314 5275 inspectoris
2363 5200 2827 5273 querimoniam,
2885 5217 3008 5272 qua
3062 5198 3238 5254 dicit:
3294 5193 3527 5251 Attendi
3556 5195 3614 5247 et

1960 5289 2314 5356 auscultavi,
2347 5303 2526 5345 nemo
2577 5289 2744 5362 quod
2769 5289 3001 5345 bonum
3053 5290 3140 5341 est
3185 5284 3483 5356 loquitur:
3530 5281 3612 5337 ita

1959 5383 2357 5452 perstrepunt,
2387 5383 2450 5434 ut
2476 5377 2524 5433 si
2548 5394 2796 5452 pauper,
2821 5378 2943 5432 imo
2973 5373 3237 5432 Christus
3262 5373 3321 5427 in
3347 5385 3611 5443 paupere

1961 5467 2327 5539 clamaverit,
2360 5467 2458 5524 vix
2485 5467 2678 5524 audiri
2729 5465 2934 5540 possit.
2964 5467 3170 5518 Nonne
3204 5467 3344 5518 tunc
3395 5459 3614 5516 videbi-

1963 5562 2059 5613 tur
2103 5556 2248 5613 illud
2296 5556 2424 5614 ﬁeri
2476 5558 2643 5630 quod
2715 5554 2895 5614 Isaias
2953 5551 3311 5622 illacrymat,
3367 5549 3608 5607 dicens:
