4150 6128
581 166 687 219 595

1650 153 1704 208 S.
1747 151 2005 210 ODONIS
2045 145 2340 204 ABBATIS
2377 144 2880 204 CLUNIACENSIS
2920 147 2982 202 ll.
3847 165 3932 218 593

585 283 750 340 Tibia
782 285 836 338 et
867 280 1006 348 lyra
1035 281 1100 334 in
1130 279 1415 335 conviviis
1455 279 1686 344 vestris,
1727 283 1782 332 et
1821 289 1966 345 opus
1997 269 2237 328 Domini
2264 271 2310 322 A
2349 269 2551 339 (Prov.
2581 286 2762 340 xxvu,
2817 273 2892 341 6).
2929 270 3083 328 Licet
3138 283 3280 338 ergo
3343 269 3572 330 inferior
3607 277 3676 334 sit
3719 281 3936 356 amicus,

580 387 698 428 non
723 369 1016 438 respicitis
1039 373 1066 425 ?
1100 369 1238 438 (Isa.
1273 383 1330 436 v,
1395 366 1502 438 l2).
1541 366 1866 422 Prtedictus
1903 379 2044 418 vero
2073 375 2238 434 papa

581 457 894 528 Gregorius
923 457 1006 513 ita
1035 455 1406 529 pauperibus
1455 455 1772 523 serviebat,
1835 457 1900 510 ut
1940 450 2240 523 quaslibet

579 550 852 607 ciborum
883 547 1112 620 species
1163 547 1250 602 eis
1301 563 1412 602 suo
1443 551 1707 618 tempore
1748 543 2126 599 ministraret.
2177 539 2240 596 Ei

501 679 504 682 ι
578 637 801 710 quibus
829 635 1198 708 pauperibus
1228 635 1376 690 dum
1398 651 1588 689 unum
1617 633 1676 688 in
1702 632 1972 704 quodam
1999 645 2240 686 recessu

581 725 938 800 vespillones
969 729 1274 780 mortuum
1323 723 1698 795 reperissent,
1739 721 2054 791 Gregorius
2083 719 2238 775 testi-

579 831 756 872 mans
787 829 926 872 eum
957 813 1124 885 stipis
1147 812 1352 884 inopia
1383 811 1624 884 perisse,
1659 826 1765 883 per
1790 810 2018 882 aliquot
2045 808 2172 864 dies
2204 825 2242 864 a

580 905 904 962 missarum
931 901 1324 958 celebratione
1379 900 1552 972 quasi
1601 899 1945 971 paenitendo
1967 897 2236 955 cessavit.

584 993 695 1060 Qui
725 991 816 1048 sui
845 989 1212 1063 apostolatus
1235 987 1488 1057 gloriam
1514 987 1596 1046 ita
1623 988 1870 1043 omnino
1893 985 2236 1058 vilipendat,

583 1085 650 1138 ut
675 1079 924 1150 angelus
950 1077 1028 1134 ad
1057 1077 1390 1150 quemdam
1419 1077 1754 1148 eremitam,
1785 1077 1888 1149 qui
1917 1093 2109 1132 unum
2139 1091 2238 1132 ca-

583 1173 712 1226 tum
735 1183 846 1240 pro
874 1166 1196 1224 relevando
1249 1181 1454 1221 secum
1509 1165 1796 1232 habebat,
1831 1165 2005 1222 taedio
2033 1164 2108 1220 de
2139 1179 2242 1220 eo-

583 1258 722 1314 dem
749 1255 1028 1324 Gregorio
1065 1259 1394 1324 testaretur,
1452 1253 1696 1310 dicens:
1749 1255 2028 1327 Major-em
2059 1254 2240 1310 dilec-

583 1347 804 1402 tionem
832 1344 1021 1400 habes
1051 1347 1114 1399 tu
1141 1345 1202 1398 in
1223 1345 1342 1399 hoc
1393 1349 1494 1400 tuo
1525 1349 1678 1412 cato,
1707 1361 1896 1416 quam
1927 1343 2242 1414 Gregorius

579 1435 640 1490 in
671 1431 838 1489 omni
865 1431 1116 1504 imperio
1169 1435 1460 1488 Romano.
1517 1434 1714 1488 Tantae
1771 1436 1972 1488 autem
2006 1430 2242 1487 humili-

580 1523 716 1580 tatis
765 1521 893 1589 fuit,
951 1524 1018 1576 ut
1061 1537 1200 1577 cum
1231 1519 1286 1576 ei
1331 1519 1582 1592 quidam
1639 1520 1990 1592 peregrinus
2045 1519 2106 1576 in
2151 1535 2244 1576 so-

2348 361 2551 414 tamen
2579 359 2628 412 si
2652 359 3008 432 poposcerit,
3053 363 3117 414 ut
3145 357 3438 428 objurget,
3483 361 3740 422 audistin;
3789 373 3941 441 quasi

2347 453 2542 518 paret
2573 448 2840 520 aequalis.
2905 451 2982 504 De
3037 447 3410 504 cubiculariis
3460 465 3592 506 vero
3641 452 3748 510 sic:
3792 458 3944 516 Deco~

2347 553 2506 600 rum,
2537 539 2748 610 inquit,
2777 537 2922 594 illud
2951 541 3060 604 est,
3092 543 3156 593 ut
3207 537 3602 608 adjungamur
3645 544 3944 614 probatissi-

2349 627 2464 682 mis
2495 628 2856 700 quibusque,
2890 633 2946 684 et
2975 627 3330 696 senioribus,
3371 644 3618 700 quorum
3647 648 3776 690 usus
3799 636 3947 694 tutior

2349 721 2454 773 est.
2509 717 2656 774 Nihil
2687 718 2848 774 enim
2905 717 3211 790 pulchrius
3263 731 3446 788 quam
3495 718 3632 776 boni
3672 723 3950 784 testimonii

2347 806 2508 862 viros
2543 811 2718 872 testes
2746 807 2986 864 habere.
3023 807 3296 872 Quicum
3319 807 3674 878 sapientibus
3700 812 3947 881 graditur,

2350 896 2588 966 sapiens
2613 896 2758 960 erit;
2803 901 2860 954 et
2887 901 3131 953 econtra
3181 895 3406 952 inimici
3456 897 3704 956 hominis
3751 900 3956 960 domes-

2349 983 2442 1038 tici
2475 985 2624 1054 ejus.
2655 989 2815 1050 Quos
2847 985 3116 1040 videlicet
3161 984 3460 1042 ministros
3485 985 3568 1043 ita
3610 988 3954 1058 castiﬁcabat,

2349 1077 2416 1128 ut
2452 1088 2560 1128 nec
2617 1071 3053 1129 verecundiora
3109 1073 3386 1130 membra
3435 1089 3542 1132 nec
3593 1091 3791 1132 eorum
3837 1095 3957 1134 usus

2349 1161 2442 1218 his
2471 1161 2693 1233 quibus
2724 1178 2760 1218 θ.
2810 1162 3046 1218 rusticis
3101 1162 3388 1236 appellari
3441 1163 3628 1220 solent
3655 1165 3959 1224 nominibus

2349 1256 2860 1323 nuncuparentur.
2885 1253 3100 1307 Beatus
3151 1267 3393 1323 quoque
3437 1253 3728 1320 Paulinus,
3757 1254 3960 1312 Nolanis

2351 1337 2598 1394 civitatis
2623 1337 2959 1411 episcogus,
2984 1355 3122 1394 eum
3149 1355 3184 1395 a
3213 1339 3486 1395 barbaris
3507 1345 3740 1413 propter
3765 1341 3964 1398 thesau-

2347 1443 2486 1484 rum
2511 1427 2946 1484 insinuandum
2997 1429 3366 1484 extimuisset
3422 1431 3774 1498 tormentari,
3825 1447 3966 1500 roga-

2352 1516 2458 1572 bat
2501 1516 2847 1586 Dominum,
2902 1517 3146 1573 dicens:
3199 1520 3242 1573 0
3289 1517 3559 1583 Domine,
3615 1534 3730 1576 non
3779 1520 3968 1576 cruciet

581 1612 766 1670 lemni
795 1613 1092 1683 apparatu
1111 1609 1462 1682 procedenti
1491 1609 1572 1666 ad
1599 1610 2082 1667 benedicendum
2110 1626 2242 1682 pro-
2272 1619 2316 1671 Β
2353 1609 2600 1679 propter
2623 1620 2863 1675 aurum,
2917 1607 3058 1679 quia
3087 1622 3210 1662 non
3245 1605 3428 1676 diligo
3465 1622 3695 1662 aurum.
3728 1610 3836 1662 Hoc
3861 1607 3970 1664 bea-

584 1708 844 1760 sternere
885 1699 1079 1768 vellet,
1133 1699 1264 1772 ipse
1319 1700 1516 1755 eidem
1583 1701 1898 1773 peregrino
1953 1701 2116 1772 prior
2169 1701 2244 1756 de

584 1807 742 1864 equo
793 1793 1136 1847 metaneam
1188 1789 1424 1846 faceret.
1488 1791 1750 1848 Crimina
1804 1792 1984 1848 semel
2041 1791 2244 1848 audita

582 1880 922 1936 nullatenus
978 1879 1315 1936 indiscussa
1363 1881 1728 1952 praeteribat.
1789 1881 2242 1937 Subdiaconum

585 1970 849 2027 ordinari
913 1970 1112 2036 vetuit,
1183 1969 1298 2026 nisi
1362 1970 1787 2027 continentiam
1843 1987 1878 2026 a
1964 1971 2244 2042 conjugio

585 2059 978 2132 proﬁteretur,
1037 2058 1392 2130 nullumque
1421 2057 1598 2114 altius
1623 2060 1900 2131 progredi
1954 2060 2242 2133 permisit,

585 2147 700 2204 nisi
725 2147 900 2218 cujus
929 2145 1166 2202 castitas
1196 2145 1256 2201 in
1308 2145 1752 2202 subdiaconatu
1803 2149 2059 2220 probata
2099 2148 2242 2202 tuis-

587 2241 692 2292 set.

657 2325 794 2380 Vill.
826 2325 1088 2379 Joannes
1119 2321 1475 2394 Eleymonos
1504 2339 1650 2379 mox
1698 2329 1762 2378 ut
1789 2324 2101 2380 ordinatus
2133 2331 2242 2391 est,

585 2429 799 2472 omnes
825 2411 1108 2468 dominos
1137 2426 1280 2465 suos
1321 2411 1428 2482 qui
1455 2416 1626 2468 erant
1679 2412 1740 2468 in
1779 2411 2134 2468 Alexandria
2159 2413 2244 2468 vi-

586 2503 746 2560 ritim
770 2501 952 2573 jussit
977 2499 1254 2566 describi,
1287 2503 1588 2571 quatenus
1635 2501 1718 2556 eis
1765 2501 2124 2558 sufﬁcienter
2151 2503 2248 2557 sti-

587 2609 730 2666 pem
767 2605 879 2664 pro
936 2604 1190 2644 numero
1236 2587 1424 2644 daret.
1480 2589 1584 2646 Cui
1638 2590 1928 2646 ministri:
1991 2592 2248 2656 Quinam

591 2685 749 2751 sunt,
779 2677 1078 2750 inquiunt,
1105 2693 1142 2732 ο
1179 2676 1539 2750 patriarcha,
1575 2677 1806 2734 domini
1839 2679 1924 2735 tui
1945 2681 1972 2734 ‘2
2004 2684 2075 2735 At
2101 2680 2196 2736 ille
2232 2699 2244 2735 :

592 2769 697 2840 illi,
747 2767 960 2840 inquit,
1017 2783 1174 2840 quos
1220 2782 1328 2822 vos
1387 2767 1698 2824 mendicos
1745 2769 2077 2840 appellatis.
2139 2771 2250 2836 Qui

590 2859 771 2916 etiam
797 2860 958 2914 certo
984 2859 1254 2928 tempore
1282 2871 1390 2928 per
1415 2855 1682 2926 singulos
1711 2857 1838 2914 dies
1867 2858 1928 2915 in
1959 2858 2250 2915 vestibulo

591 2947 812 3004 domus
877 2943 1198 3012 residebat,
1263 2948 1328 3000 ut
1389 2944 1663 3018 quisquis
1725 2945 1896 3002 vellet
1958 2946 2034 3002 ad
2110 2961 2248 3002 eum
2281 2973 2321 3029 ρ

591 3035 720 3094 sine
769 3031 1170 3108 prohibitione
1223 3047 1474 3090 causam
1531 3049 1704 3090 suam
1763 3034 1978 3091 referre
2021 3041 2246 3108 posset.

590 3123 836 3180 Dicebat
887 3121 1048 3178 enim
1099 3120 1246 3194 quia
1282 3119 1434 3176 sicut
1483 3135 1598 3178 nos
1656 3121 1936 3194 petitores
1993 3127 2247 3194 nostros,

593 3211 678 3268 sic
707 3214 862 3267 Deus
889 3225 1002 3265 nos
1057 3212 1326 3282 petentes
1381 3209 1644 3266 exaudit.
1679 3209 1934 3276 Quidam
1966 3227 2038 3268 ex
2069 3211 2252 3268 tribu-

595 3299 758 3358 tariis
785 3301 1068 3370 nepotem
1107 3297 1236 3368 ejus
1289 3297 1536 3370 turpiter
1583 3297 1913 3367 lacessivit;
1967 3301 2072 3372 qui
2111 3317 2250 3356 cum

593 3387 670 3444 de
694 3402 766 3444 eo
797 3385 1126 3442 vindictam
1151 3387 1467 3456 expeteret,
1525 3384 1622 3441 ille
1646 3390 1855 3458 peetus
1903 3387 2034 3458 ejus
2080 3388 2252 3444 deos-

594 3477 804 3532 culaus
830 3473 1012 3530 dixit:
1045 3473 1172 3543 Fili,
1206 3474 1255 3528 si
1283 3488 1471 3546 nepos
1501 3489 1674 3531 meus
1705 3491 1788 3542 es,
1849 3491 1948 3532 me
1973 3477 2206 3536 imitare
2235 3495 2248 3546 ;

591 3565 890 3637 jussitque
915 3567 981 3618 ut
1008 3563 1062 3619 ei
1117 3562 1298 3619 totius
1355 3563 1498 3619 anni
1541 3563 1812 3621 debitum
1864 3565 2248 3624 relaxaretur.

596 3654 802 3711 Eidem
855 3667 1121 3725 namque
1189 3652 1404 3709 Joanni
1471 3653 1869 3710 Misericordia
1939 3656 2000 3711 in
2057 3657 2253 3730 specie

595 3741 1008 3817 pulcherrimas
1057 3741 1320 3798 mulieris
1349 3742 1647 3814 apparuit,
1688 3743 1792 3816 qui
1821 3743 1896 3799 de
1927 3745 2066 3802 hinc
2100 3746 2252 3802 elee-

595 3831 866 3906 mosynis
895 3835 1203 3905 tantopere
1227 3830 1462 3886 deditus
1487 3835 1594 3897 est,
1630 3835 1692 3888 ut
1720 3831 1800 3888 ob
1837 3833 1952 3889 hoc
1981 3834 2252 3907 Eleymo-

595 3937 744 3990 nos;
775 3921 838 3977 id
869 3923 957 3976 est
983 3919 1342 3988 misericors,
1373 3919 1683 3975 vocitetur.
1721 3922 1970 3978 Sanctus
1999 3923 2252 3980 Ambro-

597 4011 720 4068 sius
747 4009 914 4066 nullo
941 4023 1182 4066 excessu
1211 4007 1395 4066 tidem
1452 4007 1535 4063 sic
1559 4008 1702 4064 dicit
1760 4011 2014 4079 gravari,
2066 4029 2254 4084 quam

597 4100 649 4156 si
675 4099 1056 4155 innocentem
1083 4112 1414 4171 pauperem
1447 4097 1728 4153 sacerdos
1755 4087 1988 4170 arguat,
2021 4105 2077 4156 et
2105 4101 2254 4159 divi-

598 4191 720 4242 tem
747 4201 920 4242 reum
962 4189 1220 4241 excuset.
1255 4188 1322 4240 Et
1362 4185 1466 4257 qui
1514 4199 1636 4241 non
1681 4185 1945 4244 defendit
1983 4189 2248 4262 inopem,

598 4274 648 4330 si
671 4273 848 4342 valet,
879 4272 1088 4328 similis
1116 4277 1205 4330 est
1255 4271 1514 4328 laedenti.
1563 4277 1744 4330 Item:
1777 4274 1892 4344 His,
1925 4276 2140 4349 inquit,
2172 4279 2254 4334 fa-

597 4379 812 4419 vemus
839 4379 876 4420 a
931 4362 1152 4434 quibus
1199 4361 1392 4418 vicem
1450 4377 1804 4436 speramus;
1865 4365 1971 4421 sed
2001 4367 2253 4424 inﬁrmis

599 4452 912 4510 consulere
964 4451 1159 4522 magis
1215 4451 1512 4521 convenit,
1563 4469 1678 4526 pro
1707 4455 1928 4526 quibus
1989 4457 2252 4514 Christus

597 4546 1011 4600 renumerator
1032 4545 1138 4598 est.
1192 4545 1333 4598 Item
1363 4542 1426 4598 in
1455 4543 1669 4599 eodem
1699 4560 1712 4598 :
1773 4545 2025 4601 Grandis
2077 4547 2257 4622 culpa

599 4637 705 4702 est,
739 4632 808 4703 si,
833 4635 889 4689 te
921 4631 1241 4701 nesciente,
1267 4631 1461 4688 ﬁdelis
1491 4635 1682 4704 egeat,
1715 4633 1858 4706 quia
1887 4635 2016 4690 htec
2047 4641 2135 4693 est
2163 4637 2258 4694 lex

596 4727 826 4780 naturae
857 4725 924 4779 ut
949 4721 1098 4778 alter
1118 4721 1286 4778 alteri
1308 4725 1599 4794 tanquam
1651 4737 1794 4796 pars
1823 4726 2096 4797 corporis
2117 4741 2256 4800 par-

597 4816 718 4868 tem
742 4810 1028 4869 conferat.
1061 4811 1172 4880 Qui
1201 4827 1324 4868 non
1349 4811 1556 4868 tribuit
1581 4811 1767 4881 fratri,
1796 4827 1906 4870 nec
1935 4813 2072 4871 feris
2094 4833 2258 4874 com-

597 4899 909 4972 parandus
950 4902 1056 4969 est,
1089 4915 1226 4971 quae
1258 4899 1380 4955 suis
1405 4899 1622 4956 fetibus
1653 4899 1938 4960 tribuunt.
1958 4903 2110 4961 Nihil
2136 4909 2258 4961 tam

597 4991 806 5045 contra
833 4989 1112 5044 naturam
1144 5003 1332 5060 quam
1358 4988 1574 5045 laedere
1629 4987 1882 5046 alterum
1941 4991 2021 5048 tui
2051 5009 2256 5062 causa,

597 5076 766 5150 quod
794 5081 996 5132 tamen
1047 5076 1096 5132 si
1125 5091 1310 5133 causa
1367 5077 1468 5133 Dei
1521 5081 1610 5132 cst
1637 5075 1788 5134 ﬁdes
1839 5081 2254 5153 perpenderet.

599 5169 664 5223 In
689 5170 796 5224 tua
824 5181 1007 5222 causa
1037 5166 1206 5222 silere
1248 5166 1355 5224 tibi
1383 5167 1538 5237 licet,
1598 5167 1659 5223 in
1691 5181 1876 5226 causa
1935 5169 2036 5225 Dei
2091 5169 2260 5226 dissi-

598 5255 828 5314 mulare
877 5260 1194 5329 peccatum
1247 5260 1336 5313 est
1399 5271 1524 5312 non
1575 5255 1727 5312 leve.
1783 5257 1840 5314 Si
1869 5257 2016 5330 quid
2055 5263 2256 5316 autem

601 5345 720 5402 vitii
746 5347 809 5404 in
860 5345 1038 5404 fratre
1090 5345 1460 5418 cognoveris,
1520 5345 1790 5420 corripe;
1823 5351 1880 5403 et
1911 5347 1960 5403 si
2005 5363 2070 5404 se
2121 5348 2259 5405 laedi

597 5436 782 5505 putet,
836 5435 944 5491 etsi
999 5436 1272 5492 animum
1327 5435 1456 5506 ejus
1514 5437 1806 5508 correptio
1859 5436 2146 5507 vulneret,
2197 5441 2260 5493 tu

601 5525 800 5578 tamen
828 5539 902 5579 ne
953 5525 1257 5594 verearis;
1313 5525 1480 5598 quia,
1537 5529 1601 5580 ut
1649 5527 1938 5598 scriptum
1985 5529 2090 5581 est.
2139 5527 2258 5582 Me-

599 5609 755 5668 liora
773 5620 914 5670 sunt
935 5615 1117 5672 amici
1141 5617 1394 5672 vulnera
1420 5631 1600 5688 quam
1631 5615 2016 5674 adulantium
2045 5617 2252 5676 oscula

2355 1699 2450 1750 tus
2498 1694 2864 1763 Augustinus
2911 1695 2972 1750 in
3021 1695 3177 1750 libro
3226 1695 3300 1750 de
3334 1695 3578 1752 Civitate
3635 1696 3731 1751 Dei
3773 1696 3965 1752 fatetur.

2355 1784 2492 1838 Haec
2529 1783 2606 1838 de
2649 1783 2870 1838 sanctis
2923 1783 3308 1855 pontificibus
3364 1783 3526 1839 dicta
3581 1784 3712 1848 sint,
3769 1791 3826 1840 ut
3872 1800 3968 1840 non

2351 1888 2561 1928 recens
2591 1872 2736 1944 quid
2794 1871 2888 1927 vel
2919 1889 3140 1928 novum
3200 1873 3382 1930 nostri
3415 1873 3700 1944 temporis
3732 1874 3970 1946 episcopo

2352 1961 2650 2032 videatur,
2681 1961 2732 2016 si
2761 1960 2902 2017 talia
2953 1961 3074 2016 sive
3103 1967 3258 2018 certe
3313 1962 3505 2018 multo
3561 1961 3775 2018 leviora
3803 1967 3968 2034 pertu-

2351 2050 2500 2106 lerit.

2429 2143 2510 2194 l.\'.
2590 2142 2702 2194 Nec
2781 2140 2942 2211 piget
3015 2139 3302 2209 qua-dam
3355 2139 3430 2194 de
3485 2137 3760 2211 apologia
3817 2138 3970 2194 sancti

2356 2226 2620 2295 Gregorii
2671 2226 3018 2284 Nazianzeui
3077 2227 3264 2282 verba
3318 2226 3574 2282 referre:
3629 2226 3684 2280 Si
3725 2225 3872 2300 quis,
3907 2225 3972 2280 in-

2354 2317 2504 2388 quit,
2530 2316 2590 2370 in
2647 2321 2870 2370 rectore
2923 2314 3172 2370 morbus
3223 2315 3510 2372 vitiorum
3553 2320 3660 2380 est,
3691 2313 3780 2370 his
3810 2311 3974 2385 quiad

2355 2404 2902 2475 obtemperandum
2969 2403 3018 2458 ei
3079 2407 3296 2476 prrcsto
3355 2409 3502 2460 sunt
3553 2402 3739 2459 multo
3783 2401 3976 2458 facilius

2354 2492 2812 2558 transfunditur,
2843 2507 3028 2564 quam
3060 2492 3109 2548 si
3140 2491 3359 2564 aliquid
3387 2493 3630 2549 virtutis
3673 2491 3734 2548 in
3761 2507 3827 2546 eo
3851 2490 3980 2548 vidc-

2357 2582 2492 2636 rint.
2555 2583 2929 2654 Quapropter
2973 2595 3216 2636 necesse
3268 2586 3376 2651 est,
3413 2586 3482 2638 ut
3508 2580 3613 2654 qui
3669 2580 3811 2636 alios
3851 2577 3982 2636 insti-

2359 2669 2614 2724 tuendos
2651 2675 2832 2741 atque
2882 2669 3184 2724 curandos
3233 2670 3689 2742 praesumimus,
3741 2685 3812 2724 ne
3857 2667 3984 2724 inve-

2359 2758 2600 2814 niamur
2649 2758 2766 2830 ipsi
2829 2759 2954 2814 sine
2983 2758 3323 2832 disciplina,
3371 2764 3434 2816 et
3493 2764 3822 2816 excatentes
3865 2756 3983 2813 ulce-

2359 2847 2526 2904 ribus
2555 2847 2856 2904 vitiorum.
2919 2848 3032 2904 Sed
3075 2864 3270 2920 neque
3322 2849 3472 2905 satis
3531 2855 3623 2905 est
3651 2847 3866 2904 malum
3887 2859 3984 2902 non

2361 2954 2492 2992 esse
2549 2937 2876 2993 doctorem.
2931 2937 3102 3003 Quod
3135 2937 3336 3011 utique
3393 2939 3679 3012 culpatur
3703 2939 3762 2993 in
3797 2936 3880 2992 his
3905 2933 3986 3006 qui

2360 3027 2670 3095 docentur,
2700 3025 2814 3081 nisi
2839 3030 2894 3082 et
2918 3027 3200 3081 omnibus
3258 3027 3440 3082 bonis
3499 3028 3733 3084 actibus
3767 3023 3987 3098 praedicti

2361 3118 2495 3186 sint,
2529 3133 2639 3174 nec
2665 3118 2852 3174 vitam
2884 3133 3060 3174 suam
3088 3125 3447 3176 mansurent
3475 3135 3554 3176 ex
3582 3115 3984 3190 comparatione

2359 3207 2868 3279 imperfectorum,
2903 3205 2948 3260 si
2975 3205 3160 3275 digna
3189 3205 3322 3262 loco
3344 3211 3402 3262 et
3429 3207 3630 3279 gradu
3661 3221 3771 3262 suo
3800 3205 3986 3275 gerant,

2361 3300 2426 3351 ut
2476 3299 2793 3367 provectus
2840 3311 3048 3350 eorum
3113 3296 3304 3368 possit
3351 3295 3581 3353 illicere
3665 3300 3895 3352 caeteros
3930 3287 3985 3344 ad

2363 3383 2560 3439 studia
2611 3383 2919 3450 virtutum,
2976 3399 3308 3456 eorumque
3339 3389 3464 3444 tam
3519 3383 3802 3457 exemplo
3843 3393 3990 3454 quam

2362 3471 2774 3528 exhortatione
2829 3473 2971 3530 vitia
3024 3489 3304 3545 purgare,
3361 3475 3750 3547 propositum
3799 3471 3870 3528 ad
3901 3483 3992 3524 me-

2361 3558 2510 3615 liora
2562 3565 2926 3631 convertere,
2986 3577 3422 3635 summumque
3501 3577 3720 3619 eorum
3771 3557 3992 3616 studium

2364 3649 2436 3704 sit
2463 3649 2596 3704 illos
2643 3650 2900 3720 vincere,
2955 3650 3060 3716 qui
3114 3667 3174 3707 se
3202 3652 3528 3708 carnaliter
3577 3655 3788 3708 amant
3829 3651 3994 3704 contra

2365 3739 2618 3794 salutem
2649 3755 2822 3796 suam
2880 3740 3335 3810 dominicantes,
3395 3745 3457 3798 et
3503 3741 3654 3798 vitia
3685 3755 3796 3796 sua
3841 3747 3994 3810 quan-

2363 3831 2492 3884 tum
2518 3833 2772 3901 possunt
2795 3829 3076 3899 celantes,
3135 3831 3404 3886 odientes
3433 3847 3546 3888 eos
3606 3831 3716 3903 qui
3761 3827 3994 3898 arguunt.

2363 3923 2420 3973 et
2445 3933 2654 3976 eorum
2683 3935 3024 3976 sermonem
3073 3925 3557 3993 contemnentes,
3614 3927 3674 3978 et
3705 3927 3996 3991 nunquam,

2362 4007 2528 4078 quod
2554 4007 2728 4080 pejus
2758 4011 2864 4070 est,
2893 4013 3141 4080 peccata
3171 4025 3280 4064 sua
3329 4009 3582 4082 publice
3613 4008 3994 4066 defendentes:

2361 4095 2608 4170 insuper
2655 4097 2836 4154 etiam
2887 4097 3040 4154 alios
3089 4113 3162 4154 ne
3222 4101 3612 4169 corrigantur
3669 4097 3999 4156 excusantes

2365 4190 2544 4258 atque
2569 4191 2818 4243 tuentes.
2849 4190 2913 4242 Et
2961 4188 3243 4259 equidem
3275 4190 3536 4260 quando
3569 4190 3720 4246 mali
3771 4185 4003 4262 prmlatos

2365 4275 2530 4347 ipsos
2559 4291 2682 4333 non
2732 4275 2972 4345 laedant,
3029 4277 3174 4348 quin
3230 4279 3411 4334 etiam
3453 4285 3842 4346 venerentur,
3893 4270 4002 4345 quia

2368 4367 2568 4421 tamen
2623 4365 2677 4422 ei
2748 4366 2991 4422 obviare
3049 4383 3160 4439 pro
3237 4367 3472 4438 justitia
3546 4369 3883 4439 negligant,
3943 4361 4008 4415 in-

2367 4456 2603 4510 terdum
2649 4471 2792 4512 vero
2843 4462 3286 4529 persequuntur
3337 4473 3466 4515 eos.
3505 4459 3692 4524 Quod
3733 4453 4006 4513 insidiante

2365 4543 2610 4602 diabolo
2656 4543 2740 4613 ﬁt,
2799 4549 2864 4600 ut
2913 4563 3053 4602 eum
3105 4546 3220 4620 ipsi
3294 4549 3744 4604 concutiuntur
3791 4563 3826 4603 a
3873 4537 4012 4598 vacil-

2367 4632 2620 4690 lantium
2651 4637 3078 4692 sustentatione
3107 4636 3472 4710 pigrescant.
3505 4637 3628 4695 Sed
3667 4643 3731 4693 ut
3762 4635 4008 4706 scriptum

2368 4727 2477 4789 est,
2509 4723 2616 4792 qui
2639 4723 2827 4778 Deum
2859 4725 3043 4788 timet,
3065 4726 3220 4782 nihil
3251 4726 3506 4795 negligi!
3538 4728 3773 4796 (Eccle.
3809 4739 3898 4788 vn,
3931 4719 4010 4782 l9}.

2369 4813 2426 4866 et
2479 4809 2557 4866 ob
2613 4810 2674 4866 id
2731 4813 2904 4884 cujus
2985 4817 3248 4869 mentem
3323 4829 3468 4871 vera
3538 4817 3812 4872 charitas
3865 4803 4012 4884 possi-

2369 4899 2486 4967 det,
2547 4899 2595 4954 si
2647 4899 2873 4972 justitia
2925 4919 3060 4974 quae
3116 4903 3303 4976 diligit
3357 4905 3419 4958 in
3473 4905 3620 4962 aliis
3675 4903 3898 4968 feritur,
3919 4899 4014 4970 ipse

2368 4989 2799 5045 nihilhominus
2818 4991 3032 5048 eadem
3063 4993 3453 5065 percussione
3483 4995 3860 5050 confoditur.
3881 4981 4010 5051 Quod

2371 5078 2418 5133 si
2477 5082 2533 5133 et
2587 5077 2716 5151 ipse
2759 5081 3077 5153 appetitur,
3128 5083 3190 5138 in
3242 5083 3446 5138 dolore
3475 5081 3896 5151 tribulationis
3921 5087 4014 5130 3113‘

2369 5183 2577 5225 curam
2627 5184 2752 5225 non
2804 5169 3020 5226 deserit
3063 5172 3324 5228 utilitatis
3382 5173 3632 5230 alienae.
3695 5178 3844 5232 Nam
3878 5161 4012 5240 quasi

2369 5273 2626 5329 magnus
2683 5258 2934 5332 quidam
2987 5260 3255 5316 medicus
3307 5277 3673 5334 percussus.
3753 5260 3856 5334 qui
3909 5263 4016 5311 cum

2366 5349 2492 5422 ipse
2531 5347 2823 5405 scissuras
2853 5349 3118 5406 vulneris
3157 5353 3381 5418 toleret,
3428 5351 3572 5408 aliis
3604 5345 4018 5409 medicamenta

2367 5438 2634 5494 sanitatis
2680 5437 2981 5511 proferat:
3031 5439 3110 5495 ita
3140 5443 3196 5495 et
3233 5441 3339 5496 iste
3389 5441 3532 5497 licet
3583 5442 3650 5498 in
3707 5457 3772 5496 se
3803 5437 4016 5496 adversa

2367 5528 2596 5594 sentiat,
2663 5525 2780 5582 alia
2861 5526 3063 5585 tamen
3128 5530 3464 5586 necessaria
3549 5531 3844 5587 docendo
3903 5535 4020 5598 prie-

2365 5615 2542 5676 videt.
2597 5615 2780 5675 Valde
2836 5621 3036 5676 autem
3082 5617 3274 5678 levius
3331 5624 3417 5678 est
3465 5624 3588 5679 aut
3641 5621 3864 5678 docere
3907 5619 4018 5668 cum
