4150 6128
193 193 280 246 597

1203 185 1696 246 COLLATIONUM
1739 188 1922 246 LIBRI
1975 189 2182 248 TRES.
2223 221 2290 229 -—
2333 189 2460 247 LIB.
2505 194 2590 247 ΙΙΙ.

3514 195 3618 249 598

190 310 321 369 nihil
359 309 585 378 toleres,
641 311 748 364 aut
797 309 1049 368 tolerare
1089 329 1227 369 cum
1267 313 1481 368 docere
1519 325 1643 366 non
1675 311 1832 367 indi-
1868 316 1914 366 A
1945 314 2149 369 solum
2202 315 2597 384 Evangelium
2629 359 2641 381 ,
2701 316 2804 371 sed
2853 318 3028 373 etiam
3086 319 3318 374 animas
3376 321 3616 373 nostraS

192 416 332 467 geas.
364 396 471 453 Sed
504 412 744 452 necesse
775 401 865 454 est
897 399 1086 457 sancti
1123 400 1231 455 viri
1281 415 1407 457 sese
1457 397 1533 455 ad
1576 405 1836 473 utraque

192 488 414 546 solerter
469 485 812 553 extendant,
875 488 959 544 sic
1008 489 1292 546 nimirum
1344 487 1664 559 utrobique
1727 488 1835 546 cir-

191 575 518 648 cumspecti,
557 579 858 652 quatenus
887 581 945 634 et
974 578 1234 634 audaces
1260 584 1396 635 ante
1425 593 1488 633 se
1509 577 1836 634 verborum

187 667 382 740 jaculis
407 666 774 737 confodiant,
805 672 860 722 et
886 667 1115 726 debiles
1144 670 1316 742 quasi
1347 669 1571 742 positos
1597 674 1734 741 post
1774 684 1837 723 se

193 762 342 815 scuto
398 757 819 813 consolationis
864 757 955 814 vel
1001 758 1080 814 ab
1127 759 1364 816 illorum
1415 759 1645 830 impetu
1678 759 1770 814 vel
1803 775 1838 813 a

192 845 664 904 murmurationis
691 845 934 903 vulnere
962 847 1305 905 defendant.
1351 849 1510 906 Sicut
1539 847 1709 904 miles
1738 857 1869 902 ca-‘

191 941 434 992 strorum
457 935 557 990 Dei
577 934 814 1006 Paulus,
846 935 953 1008 qui
977 953 1118 994 cum
1145 941 1307 996 tanta
1336 953 1405 994 ac
1435 937 1572 996 talia
1606 943 1837 1010 patere-

191 1029 292 1094 tur,
323 1039 457 1096 quae
488 1039 596 1080 nec
619 1023 744 1096 ipse
773 1024 1013 1093 referre,
1044 1041 1156 1081 nec
1182 1041 1292 1082 nos
1333 1041 1685 1082 enumerare
1713 1025 1836 1080 suf-

191 1113 432 1182 ﬁcimus,
467 1111 810 1184 disputabat
841 1116 1043 1169 tamen
1073 1130 1214 1170 cum
1255 1114 1490 1182 Graecis,
1546 1119 1602 1170 et
1640 1114 1835 1170 revin-

189 1201 347 1258 cebat
366 1200 625 1257 Judeeos.
660 1205 805 1258 Nam
831 1207 1076 1277 propter
1105 1203 1360 1260 alterum
1399 1205 1618 1261 horum
1647 1203 1790 1260 dicit
1822 1222 1834 1260 :

189 1289 413 1348 Gravati
462 1306 672 1348 sumus
722 1307 908 1364 supra
952 1291 1230 1363 modum,
1261 1297 1324 1348 ut
1354 1293 1588 1350 taederet
1616 1310 1728 1351 nos
1758 1294 1839 1349 vi-

186 1395 330 1436 vere.
364 1379 614 1451 Propter
644 1377 890 1436 alterum
921 1396 1085 1445 vero,
1129 1382 1201 1447 si,
1249 1381 1461 1454 inquit,
1507 1383 1585 1438 ab
1625 1382 1837 1440 bestias

183 1469 446 1538 pugnavi
473 1467 696 1538 Ephesi
719 1469 776 1539 (Ι
797 1468 932 1526 Cor.
967 1485 1060 1537 xv,
1089 1472 1201 1541 32).
1225 1469 1333 1534 Qui
1363 1474 1563 1528 tamen
1596 1471 1731 1543 plus
1763 1471 1838 1528 de

185 1555 556 1611 inﬁrmorum
587 1556 1087 1629 pusillanimitate,
1139 1575 1327 1631 quam
1358 1559 1432 1614 de
1455 1560 1698 1632 proprio
1713 1561 1836 1616 ‘do-

1949 403 2115 474 (Ibid
2145 448 2157 472 ,
2191 409 2241 472 7,
2276 408 2352 464 8).
2379 406 2596 461 Verum
2625 420 2747 459 non
2778 405 2904 460 sine
2941 406 3209 476 quadam
3251 404 3615 463 verecundia

1948 493 2304 562 hujusmodi
2333 493 2512 548 verba
2542 492 2919 566 proferimus,
2946 509 3080 565 quae
3112 495 3343 566 prolata
3371 499 3613 563 tangere

1946 582 2250 640 videntur.
2288 582 2402 640 Sed
2435 581 2482 637 si
2507 581 2654 654 quid
2685 585 2789 640 aut
2815 581 2878 637 in
2907 582 3102 639 relatis
3125 583 3398 656 superius
3418 599 3613 637 exem-

1945 671 2090 744 plis,
2121 677 2224 730 aut
2253 672 2312 730 in
2342 671 2610 744 qualibet
2643 671 2936 728 sententia
2974 670 3195 726 durum
3247 673 3323 728 ad
3371 672 3609 728 imitan-

1945 761 2098 817 dum
2130 760 2225 820 vel
2250 761 2605 818 mordaciter
2633 775 2848 820 sonare
2877 759 3131 829 videtur,
3180 759 3311 816 illos
3350 765 3608 816 tantum-

1947 849 2136 905 modo
2166 849 2462 920 suggillat,
2495 849 2599 922 qui
2629 849 2778 906 ferre
2799 850 3018 921 jugum
3055 847 3264 906 Christi
3311 852 3608 903 recusant.

1950 941 2030 995 De
2057 938 2230 994 nobis
2260 939 2420 995 enim
2451 939 2834 1006 conﬁdimus,
2863 939 3010 1011 quia
3035 953 3158 994 non
3188 936 3368 992 vultis
3396 937 3613 991 imitari

1949 1027 2158 1097 Nabal,
2191 1028 2307 1096 cui,
2344 1032 2405 1084 ut
2437 1028 2724 1101 scriptum
2771 1031 2880 1098 est,
2925 1042 3106 1082 nemo
3154 1024 3389 1081 valebat
3425 1023 3612 1096 loqui,

1947 1117 2050 1176 sed
2114 1117 2456 1189 apostolum
2515 1120 2768 1187 Petram,
2823 1117 2928 1188 qui
2968 1131 3108 1171 cum
3147 1119 3304 1171 esset
3335 1114 3614 1186 princeps

1947 1206 2380 1279 apostolorum,
2415 1211 2470 1262 et
2499 1222 2536 1262 a
2583 1206 2760 1262 beato
2807 1205 2988 1262 Paulo
3041 1202 3453 1277 condiscipulo
3503 1219 3614 1258 suo

1948 1312 2008 1352 se
2058 1295 2589 1368 reprehensibilem
2641 1295 2939 1352 nominari
2990 1293 3232 1367 publice
3285 1292 3611 1358 didicisset,

1946 1401 2067 1441 non
2098 1385 2531 1454 indignaretur,
2563 1385 2666 1439 sed
2693 1383 2975 1440 eumdem
3016 1382 3268 1438 Paulum
3311 1381 3613 1438 nihilomi-

1946 1489 2061 1530 nus
2086 1474 2160 1530 de
2192 1473 2303 1530 sibi
2333 1473 2475 1530 data
2503 1473 2740 1545 publice
2772 1472 3066 1546 sapientia
3093 1471 3419 1528 laudasset.
3444 1470 3613 1527 Dica-

1947 1580 2081 1618 mus
2109 1563 2287 1632 igitur
2315 1567 2373 1618 et
2400 1563 2513 1618 hoc
2541 1561 2708 1633 quod
2738 1561 2967 1618 intortis
3008 1560 3278 1618 moribus
3321 1576 3613 1634 quorum-

185 1643 298 1700 lore
327 1643 633 1709 sollicitus,
667 1644 900 1704 aiebat:
932 1647 1118 1704 Nemo
1144 1655 1460 1704 moveatur
1490 1650 1552 1705 in
1582 1651 1838 1706 vinculis
1865 1665 1911 1718 Β
1947 1653 2091 1710 dam
2150 1653 2397 1710 minime
2449 1650 2795 1718 concordat,
2844 1655 2901 1707 et
2949 1649 3118 1722 quod
3163 1649 3315 1720 illos,
3357 1649 3465 1721 qui
3502 1649 3615 1705 sibi

186 1734 302 1787 istis
324 1735 382 1804 (Ι
418 1734 616 1789 Thess.
642 1739 714 1805 3).
749 1734 970 1792 Etitem
1002 1753 1013 1790 :
1043 1737 1299 1794 Obsecro
1327 1753 1425 1794 vos
1446 1753 1522 1794 ne
1549 1739 1840 1806 deﬁciatis

185 1825 242 1878 in
265 1823 751 1882 tribulationibus
777 1826 916 1882 meis
965 1825 1318 1896 (Ep/138.111,
1357 1829 1462 1898 l3).
1514 1829 1840 1900 Utrumque

185 1913 287 1971 Job
311 1919 538 1984 egerat,
570 1914 668 1986 qui
695 1914 886 1972 dicere
909 1922 1144 1990 poterat
1175 1934 1188 1973 :
1223 1917 1410 1974 Auris
1436 1917 1686 1975 audiens
1706 1918 1839 1975 bea-

188 2003 446 2072 tiﬁcabat
477 2017 570 2057 me
599 2002 722 2073 (Job
751 2021 914 2072 xxxx,
948 2005 1052 2070 ll),
1085 2004 1255 2078 quod
1287 2005 1493 2078 utique
1525 2005 1602 2061 ad
1631 2006 1840 2078 praedi-

187 2088 481 2146 cationem
520 2089 782 2164 pertinet,
841 2107 910 2148 eo
957 2093 1122 2164 quod
1170 2091 1452 2149 liberaret
1508 2109 1838 2167 pauperem

185 2177 625 2238 vociferantem.
668 2179 834 2245 Quod
861 2181 1111 2252 pertinet
1153 2180 1235 2238 ad
1283 2181 1615 2240 tuitionem.
1666 2183 1838 2251 Quod

185 2272 381 2324 autem
407 2267 756 2340 praedicator
784 2269 1012 2329 etiamsi
1039 2269 1166 2342 ipse
1198 2285 1233 2324 a
1265 2270 1438 2328 malis
1486 2287 1612 2327 non
1652 2271 1839 2345 impe-

184 2355 397 2424 diatur,
426 2362 627 2414 tamen
653 2374 759 2430 pro
790 2358 1041 2418 aliorum
1081 2375 1268 2416 causa
1306 2359 1485 2416 debet
1530 2361 1617 2417 eis
1671 2361 1837 2418 obsi-

185 2450 356 2518 stere,
388 2462 507 2502 vox
537 2445 634 2502 illa
666 2447 759 2502 Dei
785 2447 1177 2516 demonstrat,
1209 2448 1352 2522 quia
1383 2448 1496 2506 sub
1519 2455 1664 2524 typo
1695 2466 1839 2523 prse-

183 2535 516 2595 dicatorum
569 2536 641 2591 de
694 2552 850 2609 equo
905 2537 1119 2595 dicitur
1153 2555 1165 2594 :
1199 2539 1260 2594 in
1292 2554 1601 2596 occursum
1638 2542 1838 2611 pergit

184 2625 432 2681 armatis
456 2624 584 2695 (Job
613 2642 814 2697 xxxrx,
844 2629 952 2698 2t).
1011 2629 1387 2701 Quapropter
1438 2628 1499 2684 in
1538 2632 1837 2702 quantum

184 2729 366 2770 causa
421 2714 618 2784 exigit,
673 2715 730 2770 in
779 2722 1074 2789 quantum
1117 2717 1287 2774 locus
1331 2717 1611 2790 admittit,
1661 2718 1843 2778 debet

182 2809 373 2863 rector
396 2820 508 2876 pro
535 2805 780 2861 subditis
807 2806 928 2862 suis
959 2807 1352 2882 semetipsum
1396 2807 1674 2880 objicere.
1723 2811 1839 2867 Nec

182 2892 406 2962 timeat,
437 2893 483 2948 si
511 2909 750 2950 necesse
789 2901 900 2964 est,
932 2911 1139 2953 eorum
1194 2896 1514 2954 inimicitiis
1560 2913 1671 2970 pro
1722 2898 1837 2956 fra-

183 2985 352 3038 terna
383 2997 530 3054 pace
562 2981 819 3050 obviare,
844 2999 952 3044 nec
982 3000 1090 3057 per
1138 2984 1512 3044 audientium
1555 2985 1837 3043 duritiam
1869 3023 1910 3078 ε

183 3087 220 3126 a
248 3070 586 3142 corrigendi
617 3071 810 3130 studio
835 3073 1195 3131 cessandum
1221 3090 1371 3145 esse,
1423 3078 1487 3130 ut
1527 3073 1703 3132 docet
1730 3075 1841 3134 Eli-

186 3177 344 3229 seus,
405 3161 509 3233 qui
563 3161 621 3218 in
665 3179 921 3236 persona
964 3164 1172 3222 Christi
1220 3169 1428 3222 contra
1465 3166 1608 3224 Joas
1636 3181 1840 3235 regem

183 3249 354 3323 quasi
380 3255 585 3306 eontra
611 3252 1009 3324 negligentem
1036 3253 1427 3327 praepositum
1457 3254 1749 3323 irascitur,
1767 3271 1841 3313 eo

183 3337 348 3410 quod
382 3342 617 3407 terram,
647 3339 706 3397 id
735 3346 823 3398 est
838 3347 1235 3415 peccatorem,
1254 3341 1348 3398 cui
1369 3341 1582 3398 dicitur
1614 3359 1628 3397 :
1655 3344 1842 3401 Terra

181 3443 240 3488 es
273 3427 442 3496 (Gen.
471 3444 551 3498 ιιι,
584 3431 691 3502 19),
725 3446 846 3490 non
877 3431 1138 3504 amplius
1168 3447 1355 3503 quam
1403 3436 1488 3486 ter
1530 3447 1839 3504 percusse-

179 3517 277 3573 rit.
325 3516 418 3574 Ait
463 3518 642 3586 enim,
701 3520 845 3592 quia
887 3520 935 3577 si
978 3520 1298 3594 quinquies
1329 3525 1432 3578 aut
1463 3520 1680 3594 septies
1710 3537 1840 3594 per-

182 3606 482 3673 cussisset,
515 3607 754 3681 plenam
786 3609 1095 3669 victoriam
1111 3614 1386 3681 caperet;
1413 3609 1558 3682 quia
1578 3610 1626 3665 si
1650 3614 1842 3667 rector

181 3694 380 3750 dicere
409 3696 660 3774 poterit:
694 3698 1073 3758 Annuntiavi
1099 3698 1401 3769 justitiam
1435 3703 1600 3755 tuam
1647 3697 1839 3768 (Psal.

179 3800 382 3851 mu,
418 3786 518 3853 tO),
547 3786 822 3858 quamvis
852 3785 964 3861 ipsi
989 3791 1397 3852 contemnant,
1438 3775 1617 3860 plena
1637 3788 1841 3844 tamen

181 3872 460 3934 mercede
481 3874 822 3935 donabitur.

253 3965 315 4018 Χ.
359 3965 484 4020 Non
515 3969 733 4030 autem,
768 3968 831 4021 ut
856 3964 981 4036 jam
1009 3962 1290 4029 diximus,
1314 3978 1520 4020 recens
1546 3961 1837 4030 videatur,

177 4051 349 4124 quod
380 4057 566 4111 mater
596 4052 871 4121 Ecclesia,
902 4053 1000 4111 vel
1027 4057 1285 4110 rectores
1312 4053 1465 4125 ejus,
1495 4056 1598 4108 aut
1618 4051 1844 4109 familia

177 4156 306 4196 non
338 4139 535 4198 solum
562 4158 598 4198 a
627 4143 900 4218 paganis,
943 4141 1050 4200 sed
1087 4142 1268 4198 etiam
1298 4157 1334 4198 a
1361 4140 1484 4197 suis
1512 4139 1646 4196 ﬁliis
1676 4143 1843 4217 tanta

175 4235 389 4286 nostro
419 4235 683 4304 tempore
714 4232 953 4304 patitur.
987 4230 1492 4304 Quandoquidem
1507 4229 1672 4304 apud
1698 4244 1841 4302 prse-

175 4319 374 4376 dictos
403 4322 619 4390 Patres,
647 4321 752 4396 qui
777 4320 1069 4394 sapientia
1105 4324 1164 4378 et
1186 4319 1502 4376 virtutibus
1531 4318 1840 4391 signisque

173 4408 511 4479 fulgebant,
543 4414 850 4485 tantopere
873 4409 1208 4483 persecutio
1239 4413 1514 4480 grassata
1549 4408 1642 4464 sit.
1692 4411 1844 4464 Nam

175 4497 458 4570 quisquis
509 4499 593 4555 eis
654 4499 921 4556 Patribus
976 4498 1039 4556 in
1076 4497 1196 4553 ﬁde
1241 4502 1299 4554 et
1334 4495 1527 4568 gradu
1554 4495 1841 4563 succedit,

173 4603 426 4644 necesse
455 4593 543 4646 est
565 4594 628 4645 ut
655 4588 833 4662 quasi
861 4586 1034 4660 plebs
1062 4587 1142 4643 ad
1168 4586 1427 4658 speciem
1473 4585 1681 4642 matris
1721 4600 1843 4641 em-

172 4681 285 4748 pta
307 4679 508 4732 Patres
539 4693 678 4733 suos
730 4676 946 4732 eadem
985 4675 1270 4748 patiendo
1311 4678 1618 4748 sequatur.
1671 4672 1844 4740 Quod

171 4770 387 4822 autem
408 4766 682 4839 quisquis
706 4766 917 4822 doctor
947 4764 1058 4821 sibi
1083 4763 1371 4838 primum,
1418 4767 1546 4821 tum
1592 4761 1845 4819 subditis

173 4854 526 4926 spiritaliter
551 4853 838 4912 sollicitus
866 4854 959 4922 sit,
989 4853 1188 4910 verbis
1234 4851 1500 4926 Apostoli
1545 4855 1844 4909 monstra-

171 4948 296 5012 tur,
353 4944 458 5018 qui
510 4944 585 5000 de
635 4942 1266 5002 Thessalonicensibus
1323 4941 1404 4998 ait
1448 4959 1461 4999 :
1520 4942 1626 4998 Vos
1676 4947 1846 4998 testes

169 5035 342 5101 estis,
375 5040 431 5089 et
480 5035 656 5102 Deus,
697 5034 978 5105 quoniam
1031 5037 1236 5089 sancte
1287 5036 1343 5088 et
1379 5033 1547 5101 juste
1595 5031 1846 5100 fuimus,

167 5122 468 5193 subaudi,
501 5123 666 5196 apud
708 5139 834 5189 vos,
880 5127 934 5178 et
972 5121 1135 5179 scitis
1164 5121 1428 5192 qualiter
1457 5135 1847 5192 unumquem-

164 5227 294 5284 que
325 5218 587 5269 vestrum
615 5218 903 5284 tanquam
921 5217 1103 5282 pater
1146 5210 1301 5280 ﬁlios
1349 5223 1484 5265 suos
1521 5208 1846 5278 deprecan-

165 5309 259 5360 tes
294 5318 402 5359 vos
433 5308 486 5361 et
509 5303 882 5359 consolantes
914 5300 1234 5369 testiﬁcati,
1268 5303 1332 5353 ut
1372 5297 1552 5369 digne
1588 5297 1849 5353 ambule-

167 5397 250 5451 tis
281 5396 412 5452 Deo
434 5394 494 5464 (Ι
526 5394 724 5451 Thess.
755 5409 816 5462 ιι,
852 5393 1077 5464 10,12).
1127 5391 1237 5457 Qui
1279 5389 1462 5463 paulo
1509 5392 1644 5445 ante
1691 5403 1846 5460 prse-

163 5485 435 5541 miserat
464 5503 476 5540 :
512 5485 690 5541 Facti
715 5498 917 5540 sumus
945 5482 1196 5552 parvuli
1226 5481 1285 5538 in
1331 5478 1523 5536 medio
1565 5481 1846 5543 vestrum,

162 5581 224 5630 et
260 5580 567 5648 tanquam
594 5574 649 5630 si
675 5573 892 5630 nutrix
912 5573 1115 5642 foveat
1161 5570 1317 5640 ﬁlios
1364 5583 1516 5631 suos,
1574 5567 1663 5625 ita
1705 5565 1852 5622 desi-

159 5664 468 5725 derantes
497 5677 598 5721 vos
627 5662 842 5736 cupide
872 5661 1211 5720 volebamus
1241 5657 1481 5717 tradere
1527 5655 1688 5715 vobis
1729 5669 1849 5712 non

1951 1741 2182 1798 solliciti
2211 1746 2370 1810 sunt,
2399 1740 2694 1798 cautiores
2724 1739 2954 1796 reddat.
2991 1738 3125 1795 Scio
3163 1738 3325 1795 enim
3348 1753 3460 1794 nec
3490 1753 3616 1794 cor-

1949 1831 2112 1903 poris
2141 1830 2386 1903 quidem
2415 1829 2683 1886 maculas
2730 1829 2793 1884 in
2832 1826 3246 1884 sacerdotibus
3281 1842 3390 1899 per
3420 1826 3616 1896 legem

1948 1920 2336 1992 praetermitti,
2370 1918 2478 1976 sed
2508 1917 2868 1990 perscrutari
2897 1920 2953 1973 et
2990 1915 3215 1989 requiri
3261 1915 3490 1983 omnia,
3541 1931 3618 1972 ne

1949 2009 2195 2081 aliquod
2223 2009 2432 2066 vitium
2462 2007 2748 2063 sacerdos
2771 2006 3012 2078 habeat,
3053 2006 3150 2064 cui
3179 2010 3239 2061 et
3265 2021 3431 2062 mors
3457 2020 3618 2062 com-

1949 2099 2210 2154 minatur
2236 2099 2283 2154 si
2309 2097 2540 2169 absque
2581 2094 3018 2161 tintinnabulis,
3074 2093 3243 2168 quod
3293 2098 3382 2152 est
3429 2109 3618 2150 sonus

1947 2186 2406 2259 praedicationis,
2436 2184 2759 2241 incesserit.
2795 2183 2911 2241 Sed
2937 2183 3218 2256 quisquis
3248 2182 3344 2238 ille
3370 2186 3478 2252 est,
3509 2183 3612 2253 qui

1947 2291 2044 2331 me
2075 2279 2366 2347 tanquam
2410 2279 2909 2346 praesumptorem
2954 2271 3107 2328 forte
3165 2269 3616 2328 succedentium

1946 2364 2365 2431 nominaverit,
2398 2362 2904 2420 reminiscendum
2945 2361 2999 2418 ei
3042 2366 3131 2418 est
3169 2361 3338 2434 quod
3382 2363 3612 2432 Moyses

1945 2455 2266 2512 concilium
2291 2454 2492 2512 Jethro
2521 2469 2642 2512 non
2674 2451 3032 2526 despexerit,
3072 2451 3181 2524 qui
3209 2451 3390 2510 etiam
3435 2465 3615 2507 vexa-

1947 2549 2041 2600 tus
2070 2544 2284 2600 dicitur
2312 2547 2558 2616 propter
2582 2559 2686 2598 eos
2717 2541 2821 2614 qui
2859 2540 3309 2600 exacerbabant
3335 2539 3610 2612 spiritum

1946 2634 2097 2706 ejus.
2132 2635 2325 2700 Quam
2355 2631 2577 2688 scilicet
2605 2629 2983 2687 vexationem
3019 2628 3215 2690 multa
3261 2628 3456 2698 magis
3481 2627 3613 2700 qui-

1946 2723 2089 2780 libet
2135 2721 2417 2796 praelatus
2469 2721 2747 2791 incurret,
2797 2718 2845 2774 si
2889 2718 3100 2790 culpas
3131 2717 3611 2792 delinquentium

1947 2829 2070 2870 non
2096 2811 2422 2882 redarguit.
2455 2809 2600 2865 Hinc
2627 2809 2704 2864 ad
2738 2807 2997 2864 Ezechiel
3025 2807 3244 2864 dicitur
3292 2827 3304 2864 :
3342 2809 3468 2865 Fili
3512 2809 3612 2864 ho-

1947 2902 2146 2966 minis,
2182 2901 2312 2957 noli
2365 2913 2730 2968 exasperans
2783 2911 2904 2953 esse
2955 2895 3192 2966 (Ezech.
3229 2913 3287 2965 ιι,
3319 2900 3396 2965 8).
3451 2896 3611 2955 Sicut

1948 2989 2109 3047 enim
2138 2987 2284 3045 mali
2311 2990 2500 3044 Deum
2526 2984 2888 3044 exacerbant
2925 2983 3088 3040 mala
3113 2983 3398 3056 quaslibet
3424 2999 3608 3055 agen-

1947 3079 2048 3146 do,
2081 3077 2164 3133 sic
2193 3081 2250 3132 et
2273 3075 2417 3131 boni
2448 3074 2550 3147 qui
2583 3073 2756 3129 malis
2785 3071 3014 3145 praelati
3053 3076 3212 3143 sunt,
3259 3072 3424 3130 bona
3470 3073 3605 3128 reti-

1949 3166 2164 3223 cendo.
2190 3164 2308 3222 Nisi
2337 3164 2498 3220 enim
2527 3163 2840 3236 propheta,
2873 3176 3010 3217 cum
3043 3160 3123 3217 ad
3151 3160 3460 3232 loquenda
3477 3177 3607 3217 ver-

1947 3255 2028 3311 ba
2055 3252 2420 3321 mittebatur,
2452 3250 2742 3320 obediret,
2771 3247 3243 3320 omnipotentem
3262 3248 3602 3314 Dominum,

1950 3344 2105 3400 sicut
2130 3341 2394 3415 populus
2423 3340 2500 3398 de
2528 3354 2811 3413 perverso
2838 3353 3041 3411 opere,
3075 3337 3160 3393 sic
3189 3337 3267 3393 de
3291 3353 3402 3392 suo
3433 3337 3607 3394 silen-

1948 3433 2029 3490 tio
2059 3434 2494 3504 exasperasset.
2540 3427 2701 3486 Malis
2742 3427 2943 3499 itaque
2987 3425 3167 3500 culpa
3213 3429 3304 3482 est
3323 3441 3608 3498 perversa

1949 3536 2148 3590 agere,
2177 3519 2355 3577 bonis
2381 3520 2542 3576 recta
2569 3517 2833 3574 reticere.
2867 3516 2931 3572 In
2956 3514 3072 3572 hoc
3099 3529 3244 3584 ergo
3267 3531 3410 3571 cum
3434 3514 3607 3572 malis

1949 3610 2130 3667 etiam
2184 3608 2328 3666 boni
2375 3610 2562 3663 Deum
2619 3605 2798 3662 simul
2852 3607 3228 3676 exasperant,
3282 3603 3426 3676 quia
3467 3620 3607 3661 cum

1948 3714 2231 3774 perversa
2258 3714 2382 3756 non
2432 3697 2762 3770 increpant,
2822 3696 2909 3752 eis
2957 3710 3064 3770 per
3102 3710 3278 3749 suum
3309 3693 3610 3751 silentium

1947 3785 2303 3862 proﬁciendi
2331 3785 2633 3842 licentiam
2662 3789 2972 3856 praestant.
3022 3787 3174 3840 Nam
3214 3781 3483 3854 plerique
3522 3783 3608 3838 sic

1947 3875 2363 3949 imprudentes
2384 3877 2544 3939 sunt,
2572 3876 2639 3928 ut
2674 3871 2768 3928 vel
2804 3871 3035 3928 malum
3064 3885 3189 3926 non
3217 3875 3604 3938 cognoscant,

1948 3964 2117 4038 quod
2145 3961 2544 4028 committunt,
2577 3959 2672 4017 vel
2696 3963 2860 4018 tanto
2907 3959 3172 4016 minores
3210 3953 3420 4030 culpas
3466 3973 3607 4014 suas

1951 4053 2267 4123 testiment,
2297 4054 2530 4123 quanto
2552 4048 2750 4106 minor
2777 4063 2881 4106 eas
2909 4047 3162 4104 invectio
3190 4045 3462 4114 castigat.
3511 4045 3608 4100 Isti

1949 4141 2130 4212 igitur
2170 4139 2220 4198 si
2276 4142 2436 4196 recta
2479 4151 2603 4193 non
2651 4135 2926 4198 audiunt.
2965 4134 3027 4194 in
3065 4133 3189 4192 suis
3215 4132 3610 4207 pravitatibus

1947 4231 2236 4302 jacentes,
2267 4241 2374 4300 per
2407 4224 2811 4295 ignorantiam
2841 4222 3030 4279 securi
3058 4225 3218 4280 sunt.

2024 4320 2110 4374 XI.
2154 4320 2304 4375 Sunt
2330 4319 2531 4373 autem
2556 4313 2826 4387 plerique
2851 4312 2958 4385 qui
2984 4312 3170 4372 verba
3199 4311 3302 4368 Dei
3324 4327 3435 4368 nec
3465 4325 3610 4367 aure

1954 4407 2221 4481 corporis
2251 4405 2459 4464 audire
2485 4404 2832 4475 dignantur,
2881 4418 3038 4475 quos
3073 4401 3380 4471 malignus
3425 4399 3612 4457 hostis

1952 4499 2034 4556 ita
2061 4495 2351 4571 possidet,
2384 4499 2450 4552 ut
2471 4509 2577 4552 eos
2605 4493 2773 4554 nullo
2812 4492 3118 4552 confessos
3167 4490 3609 4564 praedicationis

1947 4587 2152 4660 jaculo
2205 4585 2583 4658 derelinquat
2640 4602 2653 4642 :
2705 4583 2857 4641 sicut
2900 4599 2940 4640 a
2976 4585 3096 4642 Deo
3125 4581 3206 4638 ad
3230 4581 3477 4640 beatum
3501 4580 3612 4637 Job

1953 4677 2029 4734 de
2087 4677 2302 4734 eodem
2342 4675 2516 4732 hoste
2566 4673 2782 4730 dicitur
2830 4689 2844 4728 :
2888 4673 3025 4729 Non
3068 4670 3308 4741 fugabit
3355 4685 3489 4726 eum
3519 4668 3613 4723 vir

1954 4767 2309 4838 sagittarius
2338 4763 2472 4835 (Job
2500 4778 2616 4833 xu,
2656 4760 2760 4832 19).
2808 4759 3045 4831 Sagitta
3090 4762 3230 4816 sunt
3262 4757 3451 4815 verba
3496 4759 3609 4812 Do-

1955 4854 2124 4923 mini,
2154 4857 2216 4911 ut
2245 4856 2333 4909 est
2359 4850 2507 4910 illud
2538 4868 2551 4907 :
2583 4851 2834 4921 Sagittae
2863 4854 2980 4906 tuas
3005 4853 3201 4906 acuta:
3237 4848 3426 4920 (Psal.
3459 4862 3609 4912 xuv,

1956 4944 2031 5014 6).
2089 4943 2279 4998 Arcus
2335 4954 2478 4998 vero
2529 4937 2633 5011 qui
2684 4953 2754 4996 ex
2803 4952 2992 4995 cornu
3041 4935 3109 4994 ﬁt
3164 4938 3223 4993 et
3265 4935 3471 5008 corda,
3512 4937 3613 4991 Ve-

1955 5035 2053 5088 tus
2085 5030 2534 5086 Testamentum
2565 5030 2808 5100 propter
2830 5025 3046 5095 rigoris
3075 5025 3378 5095 duritiam,
3425 5028 3482 5081 et
3505 5027 3615 5080 No-

1956 5137 2103 5178 vum
2159 5123 2403 5193 propter
2435 5115 2856 5174 misericordiae
2903 5115 3331 5172 ﬂexibilitatem
3389 5112 3612 5182 signiti-

1957 5214 2054 5267 cat
2086 5226 2098 5265 :
2131 5208 2278 5282 quia
2319 5205 2593 5280 quisquis
2648 5205 2728 5262 ab
2768 5205 2870 5263 illo
2911 5204 3087 5278 plene
3131 5203 3384 5276 capitur,
3426 5199 3613 5255 verba

1958 5297 2417 5373 praedicandum
2443 5297 2573 5367 jam
2603 5294 2813 5353 audire
2839 5294 3219 5364 dedignatur.
3272 5289 3436 5346 Unde
3477 5302 3613 5358 pec-

1959 5387 2105 5444 catis
2142 5383 2618 5459 praecedentibus
2661 5383 2925 5440 irascens
2970 5380 3278 5443 Dominus,
3323 5375 3416 5431 his
3458 5389 3613 5447 quos

1955 5477 2118 5548 justo
2137 5475 2365 5547 judicio
2391 5473 2610 5530 deserit
2635 5489 2742 5548 per
2770 5471 3130 5544 prophetam
3166 5465 3309 5522 dicit
3338 5482 3351 5520 :
3383 5466 3612 5522 Immit-

1961 5571 2084 5622 tam
2113 5565 2178 5622 in
2207 5563 2369 5621 vobis
2397 5569 2695 5634 serpentes
2725 5560 2983 5630 regulos,
3009 5557 3228 5627 quibus
3265 5571 3389 5613 non
3413 5560 3502 5613 est
3525 5556 3618 5610 in-

1958 5652 2224 5712 cantatio
2249 5652 2398 5725 (Jer.
2421 5668 2549 5723 vm,
2582 5651 2712 5723 l7);
2748 5646 2812 5706 id
2856 5648 2949 5707 est
2984 5643 3206 5705 talibus
3235 5641 3618 5703 daemonibus
