4150 6128
509 175 618 234 899

1541 169 1599 228 s.
1641 156 1900 228 ono'ms
1937 161 2247 225 ABBATIS
2286 159 2793 226 CLUNIACENSIS
2834 160 2898 224 ιι.
3808 169 3897 231 eoo

513 314 626 357 vos
655 297 912 359 tradam,
943 295 1052 369 qui
1087 293 1255 352 nulla
1277 291 1736 368 praedicantium
1763 289 2174 348 exhortatione
2204 291 2254 344 Α
2292 289 2384 345 Ne
2416 291 2641 357 timeas,
2674 288 2882 363 inquit,
2944 290 3090 362 Quia
3134 279 3421 345 Dominus
3462 290 3796 362 exasperatis
3829 291 3900 354 est

516 385 693 460 quasi
745 383 1185 442 incantantium
1239 381 1608 440 carminibus
1668 397 1705 438 a
1750 379 1924 437 vobis
1993 393 2174 434 excu~

519 477 758 532 tiantur.

590 565 697 622 XII.
731 565 842 623 Alii
866 564 1121 622 subdole
1153 562 1538 630 seducuntur,
1585 577 1696 634 pro
1743 575 1814 617 eo
1857 557 2024 632 quod
2063 561 2176 614 Do-

517 655 721 712 minus
767 655 910 712 dicit
969 671 982 710 :
1037 655 1259 711 Servus
1304 653 1492 710 sciens
1533 652 1897 708 voluntatem
1952 648 2184 705 domini

517 743 632 811 sui,
693 749 747 798 et
805 759 923 798 non
970 743 1223 812 faciens,
1273 739 1586 810 vapulabit
1633 738 1837 794 multis
1877 736 2043 807 (Luc.
2075 745 2178 804 xn,

518 832 652 903 47);
683 834 966 904 putantes
995 828 1396 900 ignorantiam
1425 826 1845 900 impunitatem
1883 839 2012 880 esse
2040 839 2181 897 pec-

403 988 424 1003 ,
521 919 657 976 cati.
688 919 917 985 Quibus
945 919 1062 974 hoc
1090 917 1493 974 intimandum
1532 919 1638 984 est,
1684 913 1828 988 quia
1877 912 2040 1003 aliud
2097 915 2184 1003 est

521 1009 772 1078 nescire,
832 1007 996 1064 aliud
1049 1012 1136 1064 est
1191 1006 1347 1062 nolle
1405 1025 1416 1061 :
1458 1006 1572 1062 hoc
1601 1019 1867 1076 namque
1889 1000 2185 1060 tarditatis

522 1101 634 1165 est,
667 1096 813 1153 illud
843 1095 1160 1168 superbiae.
1192 1094 1358 1152 Tales
1383 1093 1562 1163 igitur
1587 1091 2032 1149 excusationem
2060 1105 2184 1146 non

521 1183 771 1253 habent,
827 1183 991 1256 quia,
1045 1183 1096 1238 si
1139 1182 1370 1249 vellent,
1426 1181 1574 1238 scire
1617 1183 1912 1254 poterant.
1971 1182 2185 1237 Contra

523 1289 678 1346 quos
705 1271 991 1328 nimirum
1019 1272 1082 1328 in
1107 1271 1216 1328 Job
1237 1270 1312 1327 de
1339 1273 1456 1327 Deo
1487 1271 1701 1328 dicitur
1725 1288 1737 1326 :
1766 1270 1882 1337 Qui
1906 1271 1970 1324 in
2000 1283 2185 1326 manu

525 1363 787 1418 omnium
826 1362 1042 1432 signat,
1099 1368 1162 1416 ut
1222 1362 1498 1418 noverint
1557 1360 1788 1431 singuli
1838 1374 2021 1429 opera
2076 1373 2186 1414 sua

526 1450 656 1522 (Job
686 1466 913 1520 xxxvn,
944 1455 1034 1518 7);
1075 1451 1260 1506 homo
1285 1450 1510 1523 quippe
1559 1449 1641 1505 sic
1687 1447 2056 1506 rationabilis
2101 1452 2190 1504 est

524 1539 827 1606 conditus,
860 1544 924 1594 ut
951 1539 1117 1612 quod
1145 1540 1331 1610 egerit
1353 1539 1630 1608 ignorare
1659 1551 1782 1594 non
1821 1537 2025 1610 possit.
2079 1541 2189 1594 Na-

2295 378 2528 452 (Ezech.
2563 393 2628 451 ιι,
2655 379 2743 452 6);
2776 376 2966 437 timeri
2995 374 3158 436 enim
3182 379 3366 435 homo
3395 373 3688 448 debuerat,
3719 380 3764 438 si
3794 383 3903 458 ipse

2291 471 2600 526 auctorem
2625 467 2898 525 omnium
2921 472 2988 525 ut
3011 467 3196 526 homo
3229 466 3533 524 timuisset.
3561 468 3665 534 Qui
3686 471 3829 528 enim
3847 479 3903 530 ut

2291 572 2476 630 supra
2513 557 2794 625 diximus,
2829 559 3017 614 Deum
3046 572 3169 614 non
3199 556 3384 626 timet,
3433 556 3610 614 homo
3651 575 3765 616 non
3811 567 3902 619 est.

2291 649 2440 702 Nam
2466 646 2572 719 qui
2597 645 2846 704 rationis
2873 655 3117 703 sensum
3148 643 3227 702 ad
3248 644 3516 702 timorem
3540 646 3634 702 Dei
3669 653 3783 704 non
3814 647 3903 706 ha:

2290 733 2438 798 buit,
2469 737 2638 793 tanto
2667 727 2869 792 minus
2895 722 3200 792 timendus
3227 737 3335 804 est,
3366 737 3588 808 quanto
3615 731 3724 792 hoc
3769 733 3907 810 quod

2291 816 2423 880 esse
2452 823 2658 881 debuit
2681 839 2804 880 non
2836 829 2942 881 est.
2969 823 3194 880 Debent
3223 828 3422 881 autem
3446 823 3504 879 in
3544 829 3698 881 metu
3725 825 3907 884 haberi

2292 912 2386 969 isti
2413 913 2518 986 qui
2546 913 2822 970 membra
2854 918 2994 970 sunt
3022 913 3446 986 omnipotentis
3492 913 3608 980 Dei,
3655 918 3709 970 et
3741 914 3786 970 si
3811 915 3908 988 ipsi

2293 1002 2735 1072 contristantur,
2770 1005 2922 1060 Deus
2950 1003 3056 1078 qui
3085 1001 3146 1059 in
3177 1002 3322 1076 ipsis
3348 1001 3573 1059 habitat
3600 1003 3907 1075 offenditur,

2293 1096 2350 1148 et
2377 1091 2491 1165 ipsi
2535 1093 2597 1148 in
2645 1097 2802 1150 terra
2853 1085 3290 1166 reprehendere
3347 1087 3536 1148 solent
3575 1089 3731 1165 quod
3777 1089 3911 1150 Deus

2293 1176 2596 1252 redarguit
2625 1196 2657 1236 e
2687 1179 2858 1237 coelo.
2889 1179 3020 1238 Mali
3049 1195 3210 1248 vero,
3257 1182 3324 1236 ut
3368 1179 3647 1248 diximus,
3692 1179 3912 1254 timendi

2294 1281 2415 1321 non
2442 1271 2599 1324 sunt.
2634 1267 2798 1324 Unde
2827 1271 3034 1324 rursus
3089 1267 3283 1324 eidem
3320 1265 3618 1342 praphetaa
3663 1255 3858 1324 dicitur
3898 1286 3908 1325 :

2294 1355 2384 1412 Ne
2411 1357 2619 1412 timeas
2647 1362 2760 1425 eos,
2806 1361 2862 1415 et
2898 1358 3046 1430 quia
3089 1354 3236 1414 tales
3283 1355 3570 1426 derogare
3599 1355 3793 1423 solent,
3821 1357 3912 1414 ad-

2291 1443 2568 1516 junctum
2597 1451 2708 1518 est,
2737 1462 2922 1520 neque
2959 1462 3255 1504 sermones
3285 1461 3487 1504 eorum
3536 1445 3747 1518 (Ibid.),
3791 1449 3914 1520 quia

2295 1535 2582 1592 increduli
2612 1540 2671 1592 et
2699 1537 3091 1594 subversores
3122 1541 3263 1593 sunt
3288 1540 3508 1593 tecum.
3556 1535 3659 1600 Qui
3690 1541 3838 1592 tanto
3862 1537 3911 1593 in

525 1629 703 1686 turali
728 1629 890 1684 enim
915 1627 1046 1698 lege
1073 1629 1221 1684 scire
1251 1621 1648 1701 compellitur,
1677 1643 1782 1684 seu
1795 1643 2052 1701 pravum
2082 1643 2186 1684 seu
2215 1643 2258 1698 Β
2298 1625 2424 1681 suis
2450 1625 2936 1696 derogationibus
2959 1626 3355 1699 timendignon
3387 1631 3542 1694 sunt,
3575 1629 3790 1698 quanto
3809 1631 3912 1682 non

524 1721 756 1774 rectum
783 1717 858 1772 sit
884 1717 1052 1789 quod
1078 1721 1381 1790 operatur.
1397 1721 1546 1774 Nam
1571 1733 1608 1774 a
1632 1717 1792 1789 justo
1817 1715 2019 1788 judice
2045 1721 2187 1774 tunc

527 1820 639 1878 pro
687 1804 858 1861 factis
915 1805 1037 1860 suis
1080 1809 1184 1863 aut
1239 1805 1484 1878 punitur
1533 1809 1634 1862 aut
1670 1809 2108 1874 remuneratur,
2141 1806 2189 1862 si

526 1909 650 1950 non
677 1893 872 1967 potuit
901 1894 1051 1951 scire
1078 1894 1244 1968 quod
1275 1894 1426 1950 fecit.
1463 1893 1577 1968 Ipsi
1598 1895 1818 1951 etenim
1836 1895 1938 1968 qui
1967 1894 2189 1951 erudiri

527 1987 941 2053 contemnunt;
975 1983 1087 2040 sibi
1115 1987 1294 2040 testes
1351 1987 1507 2052 sunt,
1561 1985 1706 2057 quia
1753 1984 1947 2041 sciunt
1993 1983 2188 2041 dicere

527 2070 698 2144 quod
743 2074 948 2141 agunt.
1006 2069 1283 2143 Alioquin
1329 2087 1436 2128 cur
1482 2071 1556 2127 de
1604 2071 1976 2144 quibusdam
2020 2063 2189 2129 factis

530 2165 825 2231 tanquam
875 2159 950 2215 de
1003 2159 1154 2215 bene
1207 2160 1386 2230 gestis
1414 2159 1476 2216 in
1506 2159 1904 2217 ostentatione
1935 2159 2192 2230 glorian-

529 2251 626 2304 tur
652 2248 682 2304 ‘I
705 2252 762 2304 et
789 2263 998 2304 rursus
1029 2263 1134 2304 cur
1169 2248 1230 2304 in
1261 2247 1563 2321 aliquibus
1589 2249 1711 2305 suis
1741 2248 1972 2306 actibus
2002 2248 2189 2306 videri

526 2335 938 2394 erubescunt?
967 2339 1128 2394 unde
1152 2336 1404 2410 quidam
1435 2337 1676 2410 sapiens
1706 2337 1848 2394 dicit
1879 2354 1892 2394 :
1936 2340 2084 2395 Cum
2115 2339 2192 2396 sit

527 2424 741 2481 timida
767 2425 1034 2498 nequitia
1057 2426 1434 2482 conscientiae
1464 2425 1568 2482 dat
1594 2426 2003 2483 testimonium
2051 2444 2190 2484 con-

527 2513 858 2582 demnatio,
889 2514 1033 2586 quia
1060 2514 1210 2570 dum
1256 2515 1435 2572 timor
1488 2515 1914 2574 conscientiam
1973 2517 2188 2589 arguit,

533 2602 664 2674 ipse
693 2601 806 2657 sibi
847 2601 1256 2659 testimonium
1311 2603 1602 2676 perhibet,
1656 2605 1800 2678 quia
1849 2606 1924 2662 sit
1958 2607 2190 2664 malum

531 2704 664 2746 esse
695 2689 860 2762 quod
889 2689 1025 2746 sciri
1053 2689 1354 2748 formidat.
1381 2691 1634 2762 Fugiant
1660 2709 1804 2764 ergo
1852 2694 2039 2768 iniqui
2085 2695 2192 2753 hu-

531 2793 749 2834 manos
773 2777 1002 2840 oculos.
1054 2779 1408 2854 semetipsos
1457 2785 1610 2837 certe
1658 2783 1863 2852 fugere
1905 2799 2029 2840 non
2055 2799 2192 2858 pos-

531 2869 692 2923 sunt.
725 2871 791 2922 In
819 2871 1135 2939 peccatum
1163 2868 1324 2924 enim
1376 2868 1542 2942 quod
1598 2871 1980 2930 committunt
2024 2872 2191 2946 prius

533 2959 744 3012 contra
774 2971 836 3012 se
865 2955 1155 3028 judicium
1187 2957 1434 3015 rationis
1461 2959 1792 3030 inveniunt,
1839 2965 1895 3018 et
1943 2966 2082 3036 post
2113 2962 2190 3019 ad

530 3041 960 3100 districtionem
1009 3045 1210 3100 aeterni
1244 3045 1463 3117 judieis
1506 3047 1935 3120 perducuntur.
1983 3053 2049 3106 Et
2076 3051 2191 3108 hoc

531 3134 622 3188 est
650 3131 798 3188 forte
823 3131 990 3204 quod
1031 3147 1139 3205 per
1179 3133 1558 3191 Psalmistam
1605 3133 1820 3194 dicitur
1870 3156 1882 3193 :
1925 3139 2190 3210 Abyssus

531 3222 814 3290 abyssum
843 3223 1084 3278 invocat
1111 3222 1297 3291 (Psat.
1326 3239 1448 3292 XLI,
1469 3225 1546 3294 8).
1564 3224 1799 3298 Abysso
1831 3227 1991 3284 enim
2015 3228 2194 3302 abys‘

531 3323 668 3364 sum
689 3307 972 3365 invocare
996 3314 1084 3365 est
1107 3310 1182 3366 de
1207 3310 1435 3382 judicio
1474 3312 1551 3369 ad
1578 3313 1872 3384 judicium
1919 3317 2190 3390 perveni-

529 3411 616 3452 re.
676 3398 826 3452 Eant
845 3395 1024 3464 igitur
1071 3397 1495 3470 praedicatores
1563 3403 1775 3474 sancti,
1829 3403 2195 3476 redarguant

529 3483 691 3540 facta
716 3483 1117 3558 peccantium,
1147 3487 1450 3545 auditores
1479 3495 1678 3547 autem
1711 3493 1880 3564 pravi
1931 3498 2192 3550 contem-

531 3577 684 3628 nant
708 3571 894 3629 verba
919 3572 1193 3643 istorum,
1226 3575 1552 3634 defendant
1579 3584 1874 3652 quantum
1901 3577 2194 3640 voluerint

530 3660 857 3733 pravitates
903 3677 1065 3729 suas,
1121 3668 1301 3737 atque
1343 3665 1726 3739 impudenter
1763 3675 1958 3740 gestas
1998 3671 2192 3744 impu-

532 3749 768 3806 dentius
796 3749 1176 3808 defendendo
1201 3754 1614 3828 multiplicent.
1650 3761 1812 3816 Certe
1843 3760 1954 3832 ipsi
1985 3760 2097 3817 sibi
2128 3762 2190 3818 in

531 3835 896 3896 conscientia
915 3843 1093 3895 testes
1129 3846 1289 3914 sunt,
1320 3844 1465 3917 quia
1489 3847 1862 3904 excusabiles
1887 3864 2008 3906 non
2031 3855 2190 3907 sunt.

603 3924 740 3980 XIII.
770 3925 1030 3993 Quidam
1060 3944 1202 3987 vero
1232 3946 1354 3988 non
1385 3932 1581 3990 solum
1611 3935 2038 3994 admonitionis
2068 3955 2192 3995 ver-

529 4010 614 4069 ba
640 4019 1052 4084 contemnunt,
1081 4019 1185 4076 sed
1215 4021 1392 4079 etiam
1416 4029 1624 4082 contra
1647 4026 2054 4085 admonitores
2095 4045 2192 4084 ve-

529 4100 841 4161 hementer
854 4107 1354 4166 scandalizentur.
1387 4114 1452 4169 Et
1479 4113 1624 4186 quia
1643 4115 2000 4174 scandalum
2017 4116 2191 4174 valde

530 4189 937 4278 periculosum
957 4199 1064 4266 est,
1096 4196 1316 4254 idcirco
1341 4197 1486 4256 boni
1531 4201 1638 4258 viri
1678 4203 2015 4278 frequenter
2067 4222 2192 4263 ma—

528 4276 663 4334 lunt
691 4283 906 4349 tacere,
950 4299 1138 4356 quam
1182 4287 1376 4345 malos
1415 4289 1722 4364 loquendo
1765 4276 2184 4354 sicandalizare.

676 4371 878 4426 tamen
903 4386 1014 4428 nec
1048 4376 1299 4433 tacendo
1329 4378 1520 4436 securi
1550 4385 1688 4439 sunt
1715 4387 1959 4458 propter
1995 4385 2141 4442 illud
2171 4406 2184 4444 :

531 4455 603 4511 Si
645 4471 765 4548 nou
806 4462 1266 4522 annuntiaveris
1318 4468 1522 4540 iniquo
1572 4455 1946 4544 iniquitatem
1993 4491 2186 4548 suam,

531 4545 885 4614 sanguinem
913 4551 1041 4619 eius
1071 4552 1146 4610 de
1171 4569 1356 4611 manu
1390 4562 1497 4614 tua
1529 4561 1830 4632 requiram
1850 4561 2088 4634 (Ezech.
2109 4545 2186 4630 ut,

535 4634 644 4700 18).
681 4636 762 4690 Ex
786 4651 911 4709 qua
937 4654 1001 4696 re
1025 4641 1202 4700 nobis
1229 4645 1738 4706 considerandum
1785 4656 1892 4722 est,
1945 4653 2091 4726 quia
2128 4653 2188 4710 in

529 4727 830 4796 quantum
861 4727 988 4786 sine
1018 4738 1264 4802 peccato
1292 4747 1642 4810 possumus,
1674 4738 1859 4798 vitare
1887 4742 2189 4816 proximo-

529 4826 666 4867 rum
723 4816 1079 4876 scandalum
1125 4821 1456 4894 debemus;
1503 4827 1550 4882 si
1599 4833 1797 4885 autem
1839 4829 1914 4886 de
1944 4831 2188 4890 veritate

529 4901 886 4988 scandalum
915 4909 1190 4977 sumitur,
1216 4912 1418 4970 utilius
1442 4917 1799 4988 permittitur
1827 4922 1992 4978 nasci
2019 4938 2191 4979 scan-

527 4985 759 5078 delum,
790 5007 978 5066 quam
1007 4998 1225 5056 veritas
1257 4985 1652 5078 relinquatur.
1710 5008 1878 5074 Quod
1931 5009 2187 5068 veritatis

525 5076 810 5172 magister
863 5098 973 5141 suo
1027 5085 1184 5145 facto
1229 5076 1466 5163 probat,
1515 5095 1634 5169 qui-
1673 5096 1732 5152 in
1777 5099 2185 5172 quorumdam

525 5167 812 5264 cordibus
843 5173 1198 5264 scandalum
1225 5195 1302 5237 ne
1333 5167 1692 5258 gigneretur,
1713 5167 1998 5246 tributum
2019 5189 2186 5264 quod

523 5271 648 5315 non
676 5259 883 5320 debuit
906 5262 1071 5322 dedit
1103 5283 1116 5321 :
1147 5273 1206 5326 et
1233 5285 1474 5328 rursum
1515 5277 1785 5344 generari
1825 5259 2182 5336 scandalum

524 5352 730 5405 contra
757 5351 1068 5410 veritatem
1094 5355 1593 5431 inquorumdam
1623 5366 1906 5424 cordibus
1947 5367 2178 5435 videns,

522 5449 625 5529 eos
645 5437 712 5529 in
739 5455 852 5529 suo
879 5445 1172 5502 seandalo
1201 5463 1511 5510 remanere
1550 5456 1884 5529 permiserit
1931 5456 2135 5514 dicens
2163 5474 2176 5518 :

517 5521 713 5614 Siuite
740 5527 898 5614 illos,
922 5533 1070 5589 caeci
1091 5542 1252 5606 sunt,
1284 5538 1462 5597 duces
1491 5521 1782 5602 caecorum
1816 5545 2052 5614 (Matth.
2080 5562 2174 5614 xv.

521 5609 624 5680 14).
659 5612 784 5672 Hoc
802 5613 861 5676 in
889 5615 1042 5679 libro
1071 5637 1154 5677 vn
1203 5625 1537 5689 Ezechielis.
1585 5633 1732 5696 Item
1772 5609 1834 5691 in
1872 5632 2031 5706 libro
2068 5651 2106 5690 x
2159 5609 2171 5690 έ

2297 1713 2531 1788 placere
2559 1715 2679 1772 Deo
2707 1710 3062 1790 probantur.
3097 1710 3352 1774 Stultum
3382 1715 3544 1772 enim
3567 1709 3731 1771 valde
3755 1719 3849 1781 est,
3875 1715 3913 1770 si

2295 1801 2409 1858 illis
2435 1802 2670 1876 placere
2698 1803 3046 1876 quaerimus,
3079 1821 3233 1878 quos
3261 1819 3385 1860 non
3406 1803 3638 1877 placere
3677 1805 3784 1860 Deo
3827 1802 3915 1858 sci-

2296 1907 2454 1947 mus.
2480 1895 2662 1948 Nemo
2684 1892 2845 1948 enim
2869 1897 3064 1974 potest
3085 1893 3147 1948 in
3181 1909 3300 1950 una
3341 1891 3674 1974 eademque
3694 1970 3698 1974 ι
3715 1898 3791 1972 τε,
3814 1892 3914 1948 Deo

2297 1979 2476 2036 simul
2525 1984 2582 2036 et
2635 1981 2767 2053 ejus
2805 1973 3078 2038 hostibus
3126 1986 3330 2052 gratus
3368 1970 3635 2039 existere.
3675 1970 3912 2036 Amicum

2297 2083 2442 2138 ergo
2469 2069 2566 2126 Dei
2597 2087 2658 2126 se
2688 2070 2964 2141 denegat,
2986 2071 3091 2144 qui
3121 2071 3252 2143 ejus
3280 2070 3529 2128 inimico
3550 2069 3752 2144 placet.
3779 2069 3916 2126 Unde

2297 2162 2354 2214 et
2379 2159 2568 2216 sancti
2595 2159 2704 2216 viri
2733 2176 2835 2218 eos
2862 2160 2940 2217 ad
2990 2177 3100 2218 sua
3155 2161 3294 2218 odia
3340 2159 3601 2218 excitare
3656 2175 3772 2216 non
3819 2175 3918 2214 me-

2299 2251 2489 2320 tuunt,
2520 2265 2676 2322 quos
2709 2251 2896 2304 Deum
2943 2265 3066 2306 non
3115 2249 3358 2320 diligere
3405 2253 3788 2319 cognoscunt.
3829 2247 3920 2304 Ho-

2295 2352 2432 2393 rum
2484 2337 2684 2410 itaque
2731 2337 3037 2408 derogatio
3084 2337 3218 2395 vitae
3273 2343 3505 2396 nostra;
3543 2336 3804 2412 probatio
3831 2337 3918 2405 est,

2297 2424 2440 2498 quia
2475 2425 2588 2483 nisi
2617 2426 2845 2501 aliquid
2891 2427 3035 2484 boni
3076 2427 3470 2495 haberemus,
3521 2425 3688 2484 malis
3722 2435 3832 2484 non
3855 2421 3923 2482 di-

2299 2515 2702 2588 spliceremus.
2735 2516 3055 2574 Sciendum
3085 2527 3226 2575 vero
3257 2515 3363 2584 est,
3394 2511 3551 2591 quia
3589 2505 3810 2588 linguas
3845 2512 3925 2572 de-

2298 2605 2662 2660 trahentium
2692 2602 2844 2662 slcut
2865 2611 3070 2662 nostro
3111 2606 3307 2663 studio
3331 2621 3470 2663 non
3499 2606 3775 2664 debemus
3801 2605 3926 2661 exci-

2299 2697 2422 2750 tare
2451 2709 2527 2750 ne
2558 2692 2673 2767 ipsi
2699 2699 2966 2768 pereant,
2999 2694 3080 2752 ita
3111 2711 3219 2768 per
3247 2711 3433 2752 suam.
3477 2695 3754 2753 malitiam
3797 2693 3924 2749 exci-

2297 2786 2451 2840 tatas
2481 2783 2772 2839 debemus
2799 2783 3210 2858 aequanimiter
3243 2783 3516 2854 tolerare,
3542 2789 3604 2842 ut
3632 2783 3794 2842 nobis
3819 2798 3921 2839 me-

2297 2871 2478 2928 ritum
2499 2871 3096 2946 crescat.Aliquando
3121 2877 3322 2930 autem
3349 2871 3534 2932 etiam
3559 2879 3918 2947 compescere,

2220 2995 2260 3050 α
2298 2972 2396 3032 ne,
2423 2957 2573 3016 dum
2603 2960 2678 3017 de
2708 2961 2883 3017 nobis
2913 2961 3074 3018 mala
3113 2961 3534 3034 disseminant,
3591 2978 3787 3020 eorum
3821 2951 3920 3045 qui

2301 3049 2506 3106 audire
2535 3065 2648 3105 nos
2678 3049 2756 3106 ad
2786 3049 2950 3108 bona
2985 3056 3282 3124 poterant,
3333 3052 3524 3110 corda
3575 3051 3919 3108 innocentum

2299 3145 2708 3212 corrumpant.
2741 3139 2884 3196 Hinc
2910 3145 2998 3198 est
3021 3132 3182 3198 enim
3204 3132 3372 3214 quod
3394 3139 3650 3199 Joannes
3670 3134 3921 3198 obtrecta-

2297 3226 2440 3285 tOris
2471 3227 2563 3284 sui
2587 3227 2858 3298 linguam
2887 3228 3210 3300 redarguit,
3234 3229 3446 3286 dicens
3481 3249 3492 3287 :
3537 3232 3588 3286 Is
3641 3229 3738 3303 qui
3786 3228 3923 3285 amat

2298 3315 2628 3390 primatum
2657 3333 2860 3389 gerere
2887 3318 2948 3374 in
2979 3318 3062 3374 eis
3091 3318 3395 3392 diotrepes
3428 3336 3552 3377 non
3591 3318 3785 3393 recipit
3810 3323 3917 3372 nos.

2300 3407 2545 3479 Propter
2572 3405 2688 3484 hoc
2719 3405 2767 3461 si
2794 3417 3013 3464 venero
3029 3415 3456 3466 commoneam
3479 3410 3608 3481 ejus
3624 3420 3798 3482 opera
3809 3407 3920 3478 quas

2298 3493 2438 3551 facit
2463 3493 2660 3550 verbis
2700 3493 2996 3565 malignis,
3048 3495 3314 3566 garriens
3362 3497 3428 3554 in
3470 3514 3602 3554 nos.
3654 3497 3920 3564 Quantum

2299 3598 2442 3654 ergo
2471 3599 2545 3640 ex
2571 3583 2745 3639 nobis
2775 3589 2882 3654 est,
2903 3590 2968 3640 ut
2998 3585 3396 3659 Hieronymus
3418 3587 3498 3644 ad
3529 3586 3761 3645 Galatas
3785 3581 3921 3649 dicit,

2298 3671 2518 3728 nullius
2547 3672 2918 3730 inimicitiam
2949 3690 3329 3732 commovere
3361 3677 3674 3733 debemus.
3707 3672 3858 3736 Quod
3887 3670 3926 3724 si

2297 3760 2609 3835 loquentes
2637 3761 2946 3820 veritatem
2977 3763 3212 3838 aliquos
3239 3767 3639 3823 meruerimus
3664 3761 3924 3830 inimicos,

2297 3867 2424 3908 non
2447 3856 2644 3909 tamen
2673 3866 2784 3908 nos
2809 3852 3032 3909 inimici
3061 3871 3271 3911 sumus
3299 3871 3540 3927 eorum,
3567 3853 3842 3928 quoniam
3861 3847 3926 3905 illi

2299 3939 2523 3998 inimici
2549 3945 2686 3998 sunt
2711 3941 2990 4000 veritatis.
3027 3942 3190 4000 Unde
3219 3949 3276 4001 et
3301 3943 3441 4017 ipsa
3473 3945 3691 4002 Veritas
3713 3940 3842 3997 dicit
3865 3935 3929 3994 ad

2302 4027 2608 4086 Abraham
2639 4046 2652 4086 :
2687 4028 2972 4088 Inimicus
3001 4047 3100 4089 ero
3128 4029 3388 4090 inimicis
3417 4036 3536 4090 tuis
3562 4032 3771 4102 (Exod.
3792 4041 3928 4096 χχιιι,

2299 4117 2414 4190 22).
2431 4117 2603 4184 Quod
2625 4118 2828 4192 utique
2848 4134 2970 4175 non
3000 4118 3164 4176 ﬁeret
3192 4119 3240 4176 si
3269 4120 3584 4178 Abraham
3599 4135 3702 4194 per
3721 4117 3929 4189 culpam

2302 4221 2478 4263 suam
2501 4207 2839 4264 inimicitias
2868 4224 3076 4264 eorum
3105 4209 3443 4266 meruisset.
3493 4215 3637 4266 Item
3667 4209 3786 4282 ipse
3827 4203 3934 4258 Hie-

2301 4311 2596 4368 ronymus
2627 4295 2686 4352 in
2711 4296 2924 4352 eadem
2949 4296 3198 4371 epistola
3226 4298 3305 4354 ad
3337 4299 3580 4356 Galatas
3599 4315 3612 4353 :
3631 4298 3686 4353 Si
3709 4293 3824 4351 ﬁeri
3847 4305 3932 4366 p0-

2301 4386 2413 4440 test
2441 4389 2505 4440 ut
2533 4383 2752 4458 pariter
2775 4390 2832 4442 et
2858 4387 2974 4442 Deo
3003 4389 3061 4442 et
3089 4385 3441 4444 hominibus
3459 4389 3817 4460 placeamus,
3828 4379 3935 4454 pla-

2300 4473 2560 4531 cendum
2593 4479 2680 4530 est
2719 4473 3088 4532 hominibus.
3125 4474 3180 4532 Si
3211 4480 3419 4533 autem
3465 4476 3634 4533 aliter
3675 4487 3790 4530 non
3827 4467 3932 4542 pla-

2299 4577 2544 4620 ceamus
2588 4563 2938 4621 hominibus
2986 4563 3102 4620 nisi
3161 4566 3280 4620 Deo
3331 4564 3779 4639 displiceamus,
3832 4559 3933 4614 Deo

2296 4652 2492 4724 magis
2520 4668 2707 4726 quam
2745 4650 3094 4710 hominibus
3122 4652 3356 4726 placere
3389 4655 3703 4711 debemus.

2366 4745 2498 4800 XIV.
2540 4741 2656 4800 Sed
2683 4743 2832 4800 dum
2863 4743 2978 4799 hoc
3009 4743 3242 4810 dicitur,
3283 4741 3436 4800 illud
3485 4760 3598 4801 nos
3649 4741 3934 4799 vehemeuv

2297 4833 2412 4888 tius
2439 4833 2762 4900 contristet,
2793 4831 2938 4906 quia
2963 4838 3193 4888 mentes
3227 4848 3562 4905 pravorum
3595 4835 3752 4888 tanto
3779 4823 3935 4884 obsti-

2295 4921 2494 4979 natius
2548 4937 2788 4978 summa
2836 4921 3048 4978 odiunt
3081 4966 3094 4992 ,
3180 4927 3412 4995 quanto
3471 4921 3690 4978 arctius
3735 4911 3931 4974 intimis

2294 5009 2664 5068 inhaeserant
2713 5027 2726 5066 :
2785 5010 3010 5084 quibus
3065 5027 3261 5085 neque
3305 5012 3422 5068 hoc
3477 5010 3694 5067 sufficit
3731 5011 3792 5063 ut
3831 5000 3928 5076 ipsi

2293 5104 2561 5176 pereant,
2621 5101 2726 5158 sed
2774 5100 2974 5158 adhuc
3007 5141 3021 5166 ,
3095 5103 3262 5175 quod
3313 5106 3404 5158 est
3452 5099 3711 5159 deterius
3738 5140 3756 5170 ,
3809 5105 3928 5176 cuin

2292 5189 2593 5266 quoslibet
2643 5193 2816 5261 argui
2865 5191 3265 5264 conspiciunt,
3331 5190 3706 5264 corripientis
3767 5186 3928 5242 incre-

2291 5279 2635 5354 pationibus
2687 5279 2953 5347 obviant,
3003 5295 3078 5336 nc
3129 5279 3336 5337 saltem
3407 5279 3507 5336 alii
3564 5275 3922 5348 corrigantur.

2293 5368 2458 5424 Unde
2487 5367 2640 5424 bene
2670 5372 2728 5423 et
2753 5365 2830 5422 de
2854 5367 3045 5439 capite
3075 5384 3284 5424 eorum
3324 5367 3546 5424 dicitur
3578 5385 3590 5422 :
3623 5359 3927 5431 Protegunt

2291 5457 2518 5513 umbrae
2547 5457 2819 5514 umbram
2847 5458 2976 5526 ejus
3004 5458 3138 5528 (Job
3169 5475 3262 5521 XL,
3290 5459 3398 5528 t7).
3453 5455 3682 5513 Umbrae
3725 5448 3922 5525 quich

2293 5551 2434 5602 sunt
2487 5545 2712 5603 diaboli
2764 5561 2976 5602 omnes
3021 5545 3232 5619 iniqui,
3280 5545 3386 5618 qui
3437 5545 3588 5602 dum
3640 5532 3920 5598 imitationi

2293 5634 2619 5716 iniquitatis
2647 5634 2777 5712 ejus
2803 5633 3158 5705 inserviunt,
3182 5633 3357 5707 quasi
3402 5633 3483 5691 ab
3531 5633 3658 5705 ejus
3699 5633 3921 5696 corpore
