4092 6158
250 167 346 222 601
1284 168 1774 237 COLLATIONUM
1814 180 1873 235 LI

1989 183 1991 192 '
2028 171 2223 238 TRES.
2263 213 2330 223 —-
2372 177 2496 241 LIB.
2556 185 2645 243 IIl.
3563 186 3667 241 ³02

246 288 541 380 imaginis
556 293 820 365 speciem
845 297 1102 355 trahunt.
1137 300 1371 357 Umbrae
1400 302 1681 360 umbram
1701 306 1895 376 prote-
1934 306 1982 359 Α
2014 316 2124 360 sua
2143 303 2380 363 difﬁcile
2409 307 2756 380 pronuntiat
2774 310 2992 379 audiri,
3027 322 3135 366 cur
3180 303 3391 366 doctor
3415 308 3669 366 contris-

245 380 417 450 gunt,
442 379 588 451 quia
634 387 978 454 peccatores
1020 386 1265 460 quique,
1320 389 1382 444 in
1412 406 1536 463 quo
1589 391 1703 446 sibi
1741 390 1898 447 male
2010 395 2161 449 tetur
2182 393 2232 450 si
2258 394 2319 451 in
2347 379 2754 454 admonitione
2781 415 2892 455 sua
2917 403 3336 457 contemnatur
3362 398 3392 453 ‘l

244 471 385 523 sunt
411 468 657 539 conscii,
690 469 751 527 in
775 486 848 529 eo
871 477 928 529 et
952 470 1138 531 alium
1164 483 1516 548 peccantem
1545 479 1894 536 defendunt.
2076 484 2208 539 XVI.
2234 486 2557 542 Pravorum
2596 501 2742 543 sane
2767 486 2986 544 duritia
3032 488 3213 544 nimis
3245 470 3550 546 obcalluit.
3586 486 3671 547 8i-

245 558 421 651 Ωιιοά
452 559 577 651 hoc
597 559 885 651 nimirum
915 564 1114 622 studio
1142 566 1387 639 faciunt,
1417 585 1491 626 ne
1516 569 1665 626 dum
1696 564 1893 642 culpa,
2006 575 2105 627 cut
2142 573 2464 647 unicuique
2494 575 2703 632 talium
2731 577 2887 633 Deus
2938 588 3046 650 per
3071 577 3431 651 prophetam
3475 577 3619 634 dicit
3647 594 3663 634 :

235 647 300 746 in
332 652 543 746 quaet
564 648 674 746 ipsi
705 650 954 746 obligati
976 659 1134 746 sunt,
1167 655 1228 712 in
1280 656 1409 746 aliis
1436 658 1768 730 corrigitur,
1816 658 1896 715 ad
2002 661 2134 717 Scio
2163 656 2305 733 quia
2334 663 2523 720 durus
2550 680 2607 721 es
2638 671 2724 737 tu,
2756 671 2812 722 et
2840 647 3058 723 nervus
3073 647 3303 736 wferiens
3326 668 3532 724 cervix
3557 672 3664 723 tua

234 728 401 828 ipsos
429 728 797 812 quanquue
826 740 1040 799 veniat.
1075 745 1233 810 Quos
1263 745 1424 802 enim
1456 728 1663 803 similis
1694 728 1895 803 reatus
2005 751 2145 821 (Isa.
2172 728 2371 821 invni,
2406 754 2483 823 4).
2527 728 2876 819 Quod'dum
2907 771 3017 811 vos
3057 728 3446 828 perpenditls,
3482 755 3666 811 timeo

451 827 735 922 concordi
753 829 1098 922 pertinacia,
1124 833 1304 890 etiam
1317 828 1586 893 defensio
1614 852 1896 922 perversa
2002 839 2321 897 molestum
2340 841 2510 898 vobis
2538 842 2687 912 ﬂeri,
2720 844 2864 918 quia
2896 824 3132 902 tantum
3162 824 3242 901 ad
3288 840 3663 901 incitandum

232 915 552 1005 constipat,
588 920 653 1005 ut
679 915 754 972 de
806 916 1172 977 facinoribus
1206 922 1329 978 suis
1360 923 1589 980 alterna
1631 940 1691 980 se
1750 918 1896 980 inv'ia
2002 929 2372 1001 praedicandi
2401 930 2669 989 ofﬁcium
2698 915 3174 1005 eiaggeramus:
3209 932 3267 990 et
3292 931 3516 989 idcirco
3547 931 3665 987 vel-

232 1013 368 1094 cem
413 999 756 1094 defensione
814 1010 1109 1065 tueantur.
1175 1012 1245 1067 Se
1293 1011 1471 1082 igitur
1500 1016 1708 1083 tegunt
1745 1012 1894 1069 dum
1999 999 2117 1074 lem
2146 1022 2210 1076 ut
2238 1016 2388 1077 alius
2417 1020 2634 1094 aliquis
2662 999 2939 1079 exitus'in
2990 1023 3105 1080 hac
3160 1021 3515 1081 necessitate
3550 1037 3665 1093 pa-

229 1083 385 1145 alios
413 1093 753 1163 protegunt,
783 1094 929 1168 quia
974 1113 1149 1154 suam
1181 1099 1367 1155 vitam
1421 1101 1753 1174 praevident
1779 1101 1892 1157 im-

228 1174 373 1262 peti,
421 1177 580 1254 unde
638 1179 787 1237 alios
846 1183 1227 1243 considerant
1284 1186 1495 1244 libera'
1519 1189 1891 1262 correptione

227 1260 536 1323 cbnfundi.
598 1262 809 1342 Sicque
867 1270 932 1327 tit
969 1277 1033 1329 ut
1089 1289 1329 1332 summa
1389 1260 1712 1333 criminum
1742 1277 1892 1333 dum

224 1351 567 1411 defenditur
590 1362 902 1427 augeatur,
935 1363 992 1416 et
1019 1359 1492 1437 uniuscujusque
1521 1365 1788 1439 nequitia
1814 1379 1885 1422 eo

226 1442 305 1499 sit
321 1442 401 1499 ad
428 1447 901 1518 perpetrandum
954 1449 1163 1521 facilis,
1195 1469 1320 1525 quo
1352 1453 1610 1510 dimcilis
1666 1454 1747 1511 ad
1776 1470 1888 1528 pu-

226 1533 541 1592 niendum.
594 1536 826 1595 Scelera
871 1538 1096 1614 quippe
1132 1543 1511 1615 peccantium
1551 1549 1715 1601 tanto
1758 1560 1888 1601 ma-

2001 1108 2224 1165 tuisset.
2250 1112 2396 1166 Nam
2435 1110 2560 1166 scio
2582 1113 2938 1186 prophetam
2969 1112 3190 1169 dixisse
3225 1130 3238 1169 :
3270 1114 3344 1169 In
3373 1113 3664 1170 salicibus

1999 1196 2062 1252 in
2092 1198 2284 1253 medio
2310 1201 2439 1269 ejus
2477 1201 2893 1271 suspendimus
2944 1215 3177 1272 organa
3224 1207 3431 1259 nostra
3462 1202 3655 1274 (Psal.

1998 1301 2222 1355 cxxxvr,
2252 1288 2332 1359 2),
2362 1287 2423 1343 id
2470 1294 2579 1358 est,
2608 1289 2760 1347 inter
2798 1290 2969 1346 valde
2999 1289 3357 1359 obstinatos,
3385 1289 3660 1347 videlicet

1996 1373 2140 1446 quia
2162 1375 2312 1431 sicut
2342 1375 2551 1432 salices
2574 1375 2835 1434 fructum
2876 1377 3024 1434 boni
3053 1377 3253 1450 operis
3280 1392 3404 1434 non
3434 1376 3659 1448 ferunt,

1996 1462 2182 1520 verba
2239 1465 2677 1536 praedicationis
2735 1467 3073 1524 reticemus.
3131 1468 3281 1523 Hinc
3337 1467 3469 1540 ipse
3527 1466 3657 1523 ait:

1999 1551 2281 1608 Obmutui
2302 1558 2357 1610 et
2386 1555 2530 1610 silui
2556 1570 2593 1610 a
2618 1555 2803 1623 bonis,
2837 1561 2891 1612 et
2923 1556 3273 1613 humiliatus
3302 1571 3431 1612 sum
3461 1552 3652 1625 (Psal.

218 1622 359 1692 jora
385 1623 752 1713 incrementa
780 1627 1134 1713 percipiunt,
1165 1636 1393 1704 quanto
1441 1648 1550 1706 per
1599 1633 1890 1691 defensio-
1929 1654 1969 1707 Β
1996 1656 2235 1711 xxxvm,
2277 1643 2351 1713 3).
2412 1645 2476 1698 Et
2523 1622 2806 1701 Ieremias
2864 1658 3002 1700 cum
3059 1660 3120 1700 se
3178 1642 3423 1699 minime
3461 1622 3657 1700 audiri

226 1720 370 1768 nem
398 1706 733 1787 potentium
764 1712 869 1773 diu
887 1713 1077 1776 inulta
1105 1717 1448 1778 tolerantur.

296 1802 409 1858 XV.
443 1804 794 1879 Quicunque
838 1817 981 1864 vero
1033 1810 1215 1867 verba
1270 1809 1370 1867 Dei
1429 1811 1635 1869 audire
1678 1811 1891 1869 nolunt

239 1891 375 1963 ipso
405 1898 752 1968 contemptu
781 1912 903 1954 non
928 1913 1059 1954 esse
1088 1913 1162 1955 ex
1191 1906 1358 1972 parte
1385 1899 1487 1957 Dei
1525 1918 1587 1958 se
1625 1901 1893 1975 produnt

223 1980 341 2036 Sed
398 1984 841 2055 quantumlibet
885 1986 1210 2061 calcitrent,
1262 1989 1632 2047 admonendi
1689 1996 1891 2048 tamen

224 2074 387 2138 sunt,
414 2086 491 2127 ne
523 2073 772 2144 sanguis
798 2084 1007 2133 eorum
1033 2076 1109 2134 de
1131 2093 1320 2135 manu
1340 2079 1600 2151 pastoris
1627 2080 1893 2152 requira'

219 2164 321 2215 tur
353 2179 365 2215 :
401 2162 487 2231 Si,
513 2160 728 2235 inquit,
748 2171 813 2221 tu
840 2168 1301 2226 annuntiaveris
1325 2169 1528 2238 impio,
1558 2174 1614 2226 et
1637 2169 1744 2225 ille
1770 2184 1887 2225 non

213 2250 417 2319 fuerit
440 2266 775 2317 conversus,
811 2254 935 2323 ipse
962 2255 1023 2310 in
1069 2256 1386 2326 iniquitate
1412 2272 1522 2313 sua
1553 2259 1878 2313 morietur:

222 2343 290 2393 tu
323 2345 522 2396 autem
560 2342 826 2399 animam
858 2348 1022 2400 tuam
1063 2344 1334 2402 liberasti
1375 2344 1610 2415 (Ezech.
1657 2361 1739 2417 ιιι,
1772 2348 1880 2412 19).

219 2424 387 2481 Tunc
417 2427 598 2495 enim,
627 2428 779 2487 sicut
806 2429 867 2486 in
897 2430 1268 2503 expositione
1307 2432 1490 2503 hujus
1543 2432 1707 2488 verbi
1737 2431 1882 2488 dici-

221 2519 343 2587 tur,
376 2510 679 2588 subjectus
701 2514 951 2576 moritur
980 2510 1106 2576 sine
1138 2524 1212 2593 te,
1242 2520 1492 2593 quando
1543 2520 1604 2576 in
1649 2521 1882 2578 actione

219 2604 438 2661 mortis
465 2606 963 2664 contradictorem
986 2608 1265 2666 habuerit
1282 2613 1355 2666 te.
1382 2612 1529 2665 Nam
1563 2609 1759 2677 morti,
1784 2610 1880 2664 cui

215 2709 347 2750 non
405 2695 855 2766 contradixeris,
901 2697 1268 2769 adjungeris.
1316 2701 1437 2754 Hoc
1493 2713 1634 2767 ergo
1688 2701 1881 2753 rector

218 2784 424 2853 iaciat,
454 2800 526 2842 ne
576 2785 864 2842 moriente
895 2786 1139 2843 subdito
1164 2787 1473 2854 moriatur,
1512 2785 1688 2842 malis
1716 2786 1877 2842 vide-

207 2873 354 2931 licet
401 2875 632 2932 actibus
689 2875 1078 2947 contradicat,
1132 2882 1194 2933 ut
1244 2876 1535 2949 scriptum
1586 2881 1678 2932 est
1709 2893 1721 2931 :
1750 2877 1882 2932 Dis-

211 2979 419 3032 curre,
453 2966 701 3037 festina,
752 2965 974 3023 suscita
1026 2966 1285 3023 amicum
1328 2972 1496 3022 tuum
1549 2967 1752 3034 (Prov.
1793 2982 1872 3034 Vl,
1914 3003 1955 3059 ο

208 3055 295 3127 3).
331 3055 389 3111 Si
440 3069 577 3110 vero
630 3050 1006 3128 speculatore
1055 3059 1286 3112 tacente
1342 3054 1564 3128 impius
1603 3055 1875 3125 moritur,

203 3144 452 3199 constat
471 3142 717 3215 quidem
747 3144 891 3217 quia
916 3144 1138 3215 dignus
1168 3159 1292 3200 non
1333 3143 1445 3200 fuit
1473 3149 1540 3201 ut
1581 3143 1663 3200 ad
1690 3147 1875 3200 Deum

206 3247 420 3289 sermo
450 3232 650 3289 ﬁeret:
685 3232 781 3289 ille
807 3237 1009 3290 tamen
1040 3249 1181 3289 eum
1210 3233 1444 3301 occidit,
1477 3233 1580 3306 qui
1608 3233 1770 3289 hunc
1794 3238 1876 3291 ta-

207 3321 415 3378 cendo
436 3322 611 3378 morti
653 3319 934 3396 prodidit.
994 3323 1141 3379 Hinc
1201 3323 1362 3379 enim
1407 3323 1621 3380 beatus
1661 3325 1877 3395 Grego-

200 3408 338 3463 rius
394 3409 643 3468 subdit:
678 3411 1061 3468 Pensandum
1110 3416 1197 3469 est
1251 3415 1550 3485 quantum
1605 3426 1878 3468 connexa

201 3496 337 3571 sint
390 3505 634 3571 peccata
712 3500 1089 3558 subditorum
1146 3506 1325 3575 atque
1394 3500 1872 3574 praepositorum.

205 3586 394 3653 Quod
421 3588 581 3645 enim
608 3604 719 3647 nos
750 3590 915 3660 digni
941 3595 1216 3663 pastores
1243 3606 1366 3647 non
1397 3596 1631 3657 sumus,
1649 3605 1722 3646 ex
1752 3605 1876 3646 ves-

200 3680 309 3733 tra
340 3676 518 3749 culpa
547 3684 637 3735 est
665 3697 679 3747 ;
711 3683 769 3735 et
795 3680 961 3751 quod
991 3697 1100 3737 vos
1130 3679 1210 3736 ad
1235 3679 1611 3753 iniquitatem
1648 3678 1877 3735 deﬂui—

200 3768 310 3831 tis,
342 3781 417 3821 ex
441 3771 646 3823 nostro
672 3768 787 3823 hoc
817 3773 986 3825 reatu
1024 3774 1135 3838 est,
1188 3769 1354 3841 quod
1411 3768 1765 3824 obsistentes
1814 3767 1874 3823 in

194 3854 397 3926 culpa
423 3869 547 3910 non
575 3855 1017 3913 habetis.Vobis
1045 3873 1187 3927 ergo
1218 3862 1274 3913 et
1302 3856 1480 3912 nobis
1494 3856 1756 3929 parcitis,
1775 3855 1878 3911 sia

189 3959 403 4019 pravo
434 3960 614 4017 opere
657 3944 920 4001 cessatis.
976 3945 1154 4001 Vobis
1200 3950 1258 4002 et
1305 3944 1482 4002 nobis
1540 3945 1872 4018 parcimus,

190 4032 461 4107 quando
490 4033 603 4089 hoc
632 4033 798 4106 quod
824 4032 1098 4105 displicet
1119 4049 1241 4089 non
1272 4038 1565 4090 tacemus.
1618 4033 1732 4089 Sed
1762 4048 1877 4089 nos

192 4122 437 4180 alienas
487 4128 709 4178 mortes
748 4122 966 4178 nostris
995 4122 1255 4195 peccatis
1286 4121 1651 4189 addidimus,
1706 4125 1766 4178 et
1794 4126 1879 4180 tot

194 4210 562 4277 occidimus,
591 4214 738 4284 quot
758 4209 911 4267 mori
937 4209 1204 4283 quotidie
1253 4213 1514 4267 tacentes
1572 4209 1870 4267 videmus.

200 4297 447 4356 Nullum
476 4299 722 4372 quippe,
756 4299 910 4355 sicut
950 4298 1144 4355 isdem
1172 4298 1381 4355 doctor
1428 4298 1723 4371 perhibet,
1755 4296 1873 4354 tale

199 4388 570 4446 sacriﬁcium
602 4392 720 4445 Deo
750 4393 855 4456 est,
885 4388 1037 4445 sicut
1060 4392 1148 4444 est
1168 4388 1327 4443 zelus
1356 4387 1720 4444 animarum.
1748 4387 1874 4443 Hoc

202 4478 336 4534 zelo
391 4477 535 4550 quia
590 4478 836 4535 Phinees
915 4493 1105 4533 unum
1184 4476 1528 4534 adulterum
1607 4476 1873 4549 pugione

202 4566 526 4634 transfixit,
585 4567 738 4624 iram
798 4566 896 4623 Dei
961 4566 1235 4639 protinus
1284 4565 1364 4623 ab
1425 4566 1592 4622 omni
1645 4564 1875 4638 populo

207 4656 485 4714 removit.
547 4660 708 4714 Hunc
773 4656 919 4730 quia
968 4656 1092 4712 Heli
1167 4672 1291 4713 non
1339 4655 1571 4723 habuit,
1629 4654 1874 4711 tandem

209 4747 368 4803 iram
422 4747 521 4802 Dei
568 4752 775 4803 contra
840 4762 902 4801 se
969 4744 1526 4817 inexstinguibiliter
1578 4743 1869 4800 accendit.

213 4837 287 4892 Ut
315 4840 518 4891 autem
549 4836 608 4891 in
635 4837 752 4892 hac
782 4833 1127 4891 ditﬁcultate
1158 4834 1462 4902 audiendi,
1516 4849 1641 4906 qua
1668 4833 1874 4890 docto-

210 4940 313 4981 res
362 4929 846 4991 contemnuntur,
903 4924 1057 4980 Deus
1108 4939 1211 4979 eos
1250 4923 1681 4991 consolaretur,
1734 4938 1875 4979 cum

212 5013 575 5070 Ezechielem
608 5014 967 5088 prophetam
1025 5012 1105 5069 ad
1151 5011 1306 5068 ﬁlios
1365 5012 1539 5069 Israel
1593 5012 1872 5079 mitteret,

215 5101 480 5159 sermoni
509 5119 621 5159 suo
648 5102 989 5175 frequenter
1032 5100 1356 5172 interponit
1390 5118 1403 5156 ε
1449 5100 1521 5157 Si
1565 5102 1727 5170 forte
1772 5116 1877 5157 au-

215 5191 368 5261 diat,
397 5195 473 5255 et,
502 5192 557 5247 si
578 5193 741 5263 forte
769 5192 1076 5263 quiescant
1115 5188 1355 5261 (Ezech.
1405 5205 1464 5257 ιι,
1505 5192 1582 5256 7).
1643 5192 1706 5243 In
1753 5204 1876 5261 quo

217 5279 506 5336 adverbio
534 5280 865 5337 dubitativo
887 5279 1225 5337 notandum
1254 5282 1366 5350 est,
1400 5278 1544 5351 quia
1583 5277 1877 5351 propheta

218 5373 275 5424 et
294 5369 561 5440 mittitur,
593 5374 650 5425 et
679 5368 1053 5425 audientium
1093 5368 1314 5425 duritia
1347 5366 1700 5436 designatur
1730 5383 1742 5421 :
1769 5380 1878 5437 per

219 5472 375 5530 quos
410 5456 992 5527 videlicetinnuitur,
1037 5457 1182 5530 quia
1215 5474 1325 5513 nec
1359 5461 1550 5513 tacere
1598 5453 1776 5510 debet
1825 5454 1876 5507 is

220 5547 323 5618 qui
349 5546 719 5621 praedicandi
745 5545 1011 5604 ofﬁcium
1042 5548 1323 5620 suscepit,
1352 5562 1463 5603 nec
1489 5561 1599 5618 pro
1644 5542 1879 5600 audito-

222 5649 356 5693 rum
387 5637 606 5698 duritia
634 5636 1024 5696 constristari.
1058 5636 1116 5693 Si
1144 5636 1304 5693 enim
1347 5637 1477 5709 ipse
1508 5638 1663 5691 Deus
1693 5631 1877 5689 verba

1998 1728 2385 1801 conspiceret,
2440 1730 2740 1788 silentium
2787 1732 3013 1805 appetit
3059 1731 3265 1788 dicens
3318 1732 3501 1787 :Non
3566 1747 3656 1787 re-

1997 1817 2292 1874 cordabar
2345 1821 2473 1889 eius
2525 1834 2712 1890 neque
2768 1822 2984 1893 loquar
3012 1822 3180 1877 ultra
3202 1819 3267 1877 in
3321 1820 3561 1876 nomine
3586 1819 3658 1874 il-

2000 1905 2116 1963 lius
2140 1907 2286 1978 (Jer.
2310 1922 2412 1980 xx,
2441 1909 2514 1980 9).
2542 1909 2656 1966 Sed
2703 1909 2827 1965 veri
2857 1910 3279 1983 praedicatores
3308 1908 3457 1964 dum
3486 1923 3661 1964 cons~

1997 1995 2226 2067 piciunt
2250 1997 2416 2069 quod
2446 1997 2593 2070 ipsis
2636 2013 2761 2054 non
2800 1998 3257 2072 corripientibus
3306 1998 3657 2071 iniquorum

1995 2082 2263 2140 facinora
2283 2089 2580 2153 crescunt,
2615 2085 2736 2141 vim
2782 2085 3115 2158 quamdam
3163 2086 3225 2143 in
3270 2085 3449 2143 corde
3475 2078 3652 2142 susti-

1994 2174 2156 2236 nent,
2211 2169 2405 2227 donec
2442 2171 2505 2227 in
2534 2177 2752 2244 apertae
2792 2174 3183 2246 correptionis
3211 2190 3425 2231 vocem
3449 2189 3653 2230 erum-

1992 2263 2159 2331 pant.
2193 2259 2357 2316 Unde
2378 2265 2433 2316 et
2455 2261 2603 2317 alter
2624 2278 2696 2317 ex
2718 2261 2941 2318 eisdem
2959 2263 3286 2335 prophetis,
3310 2279 3449 2319 cum
3470 2277 3651 2334 prop-

1992 2352 2077 2404 ter
2131 2348 2562 2419 incorrigibiles
2622 2354 2825 2407 tacens
2875 2351 3097 2409 diceret
3148 2350 3348 2408 :Silui
3400 2367 3437 2409 a
3483 2350 3649 2407 bonis

1989 2438 2178 2510 (Psal.
2209 2455 2453 2510 xxxvm,
2487 2441 2576 2511 3);
2628 2440 2754 2496 zelo
2806 2441 3110 2497 charitatis
3160 2441 3317 2498 illico
3372 2440 3655 2497 exardes-

1989 2541 2130 2582 cens
2153 2527 2419 2589 subdidit
2448 2546 2462 2584 :
2486 2530 2563 2584 Et
2589 2529 2765 2585 dolor
2785 2544 2948 2586 meus
2969 2536 3290 2588 renovatus
3315 2536 3401 2586 est
3420 2525 3645 2602 (Ibid.).
3758 2574 3767 2579 .

1991 2614 2296 2672 Concaluit
2323 2631 2426 2672 cor
2449 2633 2655 2674 meum
2693 2617 2847 2674 intra
2896 2634 3013 2687 me,
3046 2621 3103 2674 et
3148 2618 3211 2674 in
3260 2617 3648 2675 meditatione

1988 2718 2127 2759 mea
2176 2704 2525 2760 exardescet
2570 2704 2747 2774 ignis.
2813 2704 2973 2761 Alter
3027 2720 3170 2763 vero
3200 2721 3341 2762 cum
3378 2703 3644 2760 diceret:

1985 2791 2125 2847 Non
2154 2792 2373 2863 loquar
2395 2794 2563 2848 ultra
2592 2794 2830 2849 nomine
2848 2794 3016 2849 illius
3042 2794 3198 2864 (Act.
3226 2809 3307 2863 iv,
3344 2793 3432 2865 I7)
3459 2832 3474 2859 ,
3503 2807 3649 2848 mox

1986 2878 2199 2935 eodem
2228 2880 2366 2950 igne
2397 2895 2721 2936 succensus
2748 2880 3023 2951 adjunxit
3048 2898 3062 2937 :
3085 2882 3164 2937 Et
3185 2882 3387 2952 factus
3413 2885 3498 2937 est
3522 2896 3647 2937 ser-

1984 2984 2079 3023 mo
2095 2971 2227 3039 ejus
2253 2970 2316 3023 in
2338 2969 2516 3025 corde
2542 2984 2668 3024 meo
2688 2970 2860 3040 quasi
2878 2970 3035 3040 ignis
3056 2974 3319 3026 aestuans
3336 2970 3400 3025 in
3420 2969 3651 3026 ossibus

1983 3058 2146 3124 meis,
2179 3063 2235 3114 et
2260 3057 2454 3127 defeci
2473 3058 2642 3126 ferre
2663 3072 2781 3113 non
2804 3059 3102 3114 sustinens
3123 3059 3269 3125 (Jer.
3299 3073 3400 3127 xx,
3423 3058 3502 3129 9).
3529 3059 3649 3112 Ana

1984 3146 2104 3202 divi
2132 3146 2295 3202 enim
2351 3145 2744 3202 contumelias
2793 3146 3141 3203 multorum.
3194 3145 3286 3204 Sic
3314 3160 3457 3216 ergo
3487 3144 3651 3201 zelus

1985 3233 2287 3290 charitatis
2318 3234 2379 3289 in
2410 3232 2632 3289 sanctis
2663 3233 2807 3289 viris
2837 3234 2985 3290 dum
3014 3233 3357 3307 reprimitur
3395 3236 3653 3304 augetur

1984 3326 2089 3397 qui
2139 3322 2428 3379 nimirum
2465 3322 2549 3379 ita
2606 3338 2738 3378 sese
2796 3322 3208 3394 consolantur,
3265 3326 3328 3378 ut
3384 3322 3447 3379 in
3506 3337 3648 3378 voce

1986 3417 2370 3485 erumpentes
2414 3411 2584 3485 quod
2635 3412 2930 3482 corrigere
2976 3427 3101 3468 non
3168 3411 3370 3469 valent
3435 3410 3649 3467 saltem

1984 3501 2295 3574 increpare
2345 3516 2470 3557 non
2499 3504 2753 3557 cessent.
2811 3502 3091 3573 Superest
3118 3504 3319 3556 tamen
3369 3504 3452 3570 ut,
3496 3499 3652 3555 sicut

1985 3589 2129 3646 dicit
2155 3591 2432 3663 Prosper,
2456 3589 2561 3662 qui
2591 3589 2772 3645 verba
2801 3589 3159 3662 despiciunt,
3185 3604 3370 3661 opera
3393 3588 3557 3645 bona
3585 3588 3650 3643 in

1985 3679 2230 3735 doctore
2259 3678 2525 3748 videant,
2548 3694 2684 3750 quae
2712 3682 3069 3734 venerentur
3095 3696 3108 3746 ;
3155 3682 3214 3734 et
3261 3677 3309 3733 si
3338 3676 3651 3747 contigerit

1986 3773 2051 3823 ut
2080 3785 2116 3823 a
2146 3765 2580 3839 potentioribus
2605 3765 2699 3821 vel
2726 3765 2804 3821 ab
2827 3764 3176 3835 alienigenis
3206 3768 3646 3833 contemnatur,

1986 3856 2097 3913 sibi
2126 3856 2221 3913 vel
2249 3856 2371 3912 suis
2399 3855 2757 3929 praedicator
2783 3853 3221 3923 canat-dicens,
3253 3870 3395 3910 cum
3419 3856 3595 3910 Josue
3628 3871 3642 3908 :

1984 3947 2114 4016 Ego
2164 3951 2364 4002 autem
2422 3950 2477 4001 et
2536 3944 2745 4000 domus
2795 3957 2924 3999 mea
2976 3944 3283 4015 sequimur
3324 3943 3646 3998 Dominum

1986 4034 2183 4106 (Josue
2208 4049 2370 4103 xxxv,
2415 4034 2522 4103 I7).
2585 4036 2731 4089 Nam
2785 4036 2844 4088 et
2891 4031 3056 4104 ipsos
3101 4030 3310 4087 ﬁdeles
3358 4030 3494 4103 plus
3537 4045 3651 4102 per

1985 4122 2261 4195 exempla
2286 4137 2471 4194 quam
2499 4136 2607 4194 per
2630 4120 2816 4177 verba
2843 4120 3133 4193 proﬁcere
3172 4123 3402 4176 certum
3449 4125 3557 4189 est,
3589 4122 3649 4173 et

1985 4214 2237 4283 utraque
2268 4209 2381 4265 sibi
2409 4208 2751 4266 necessario
2777 4207 3183 4279 conjungitur,
3224 4211 3289 4263 ut
3339 4205 3505 4279 quod
3562 4205 3649 4261 lo»

1905 4351 1947 4405 Β
1984 4298 2229 4372 quendo
2249 4297 2384 4372 quis
2409 4296 2697 4370 praedicat
2714 4296 2992 4353 faciendo
3023 4296 3359 4353 conﬁrmet.

2058 4388 2189 4405 ιη...
2262 4394 2275 4405 .
2822 4384 2914 4405 μη,
3204 4383 3359 4405 μμι

2057 4388 2213 4444 XVII.
2247 4386 2422 4461 Apud
2452 4402 2555 4442 eos
2581 4390 2784 4442 autem
2813 4384 2919 4458 qui
2963 4385 3151 4442 verba
3204 4383 3646 4457 praedicationis

1986 4479 2289 4548 utcunque
2306 4474 2614 4547 patiuntur
2629 4474 2858 4544 audire,
2875 4472 3024 4529 illud
3040 4471 3647 4531 commemorandum

1982 4568 2072 4620 est
2097 4562 2266 4637 quod
2286 4565 2440 4619 Deus
2467 4562 2547 4618 ad
2573 4562 2934 4635 prophetam
2963 4561 3107 4617 dicit
3132 4579 3147 4618 :
3171 4562 3241 4618 Si
3254 4560 3499 4629 judicas
3529 4574 3644 4626 eos,

1979 4653 2076 4722 ﬁli
2103 4652 2377 4719 hominis,
2408 4652 2461 4707 si
2478 4651 2715 4722 iudicas
2740 4666 2855 4721 eos,
2881 4649 3226 4722 iniquitates
3234 4653 3486 4717 patrum
3514 4659 3648 4700 suo-

1982 4757 2120 4797 rum
2167 4740 2406 4796 ostende
2442 4739 2525 4795 eis
2581 4737 2817 4809 (Ezech.
2848 4751 2951 4807 xx,
2980 4737 3058 4806 4).
3102 4738 3169 4791 Et
3213 4734 3432 4790 iterum
3461 4731 3650 4789 :Filii

1984 4829 2259 4893 hominis.
2292 4828 2375 4885 ad
2402 4833 2603 4897 gentes
2630 4826 3020 4895 apostatrices
3055 4824 3228 4880 mitto
3269 4828 3344 4894 te,
3381 4822 3463 4878 ad
3485 4821 3648 4890 ﬁlios

1983 4918 2218 4988 Israel;
2246 4922 2455 4987 patres
2503 4930 2706 4972 eorum
2752 4913 3143 4984 praevaricati
3208 4917 3348 4969 sunt
3393 4916 3646 4981 pactum

1983 5022 2176 5064 meum
2202 5005 2439 5077 (Ezech.
2478 5021 2539 5076 ιι,
2573 5008 2647 5076 3),
2678 5007 2814 5075 etc.,
2843 5017 3167 5076 quousque
3197 5000 3510 5073 subjungit
3537 5017 3551 5057 :
3579 5000 3651 5055 Si

1982 5097 2143 5166 forte
2163 5094 2257 5151 vel
2277 5093 2395 5163 ipsi
2420 5092 2675 5149 audiant
2709 5089 3035 5158 hoc(1bid.,
3063 5089 3137 5159 5).
3169 5089 3323 5146 Sane
3351 5086 3522 5160 quod
3543 5101 3648 5141 eos

1985 5183 2378 5259 apostatrices
2399 5181 2664 5257 appellat
2686 5181 2799 5237 illis
2824 5180 3088 5238 maxime
3114 5178 3390 5250 congruit
3410 5174 3518 5248 qui
3540 5189 3649 5245 per

1984 5273 2386 5331 monasticam
2417 5270 2853 5344 professionem
2883 5269 2962 5327 ad
2989 5267 3297 5324 stncularia
3348 5259 3648 5319 desideria

1984 5364 2353 5421 relabuntur.
2374 5363 2454 5416 De
2484 5361 2706 5435 quibus
2736 5359 3025 5431 scriptum
3048 5360 3142 5411 est
3170 5371 3182 5409 :
3226 5355 3323 5409 Vw
3339 5351 3651 5420 peccatori

1986 5452 2349 5525 ingredienti
2403 5450 2635 5507 duabus
2693 5450 2799 5505 viis
2857 5445 3069 5512 (Eccli.
3101 5457 3162 5510 ιι,
3194 5441 3646 5512 14).⁹Αροεῐειῑδ.

1986 5556 2253 5614 namque
2273 5538 2650 5597 retrocedeus
2665 5528 3220 5605 interpretatur.Qui
3237 5544 3379 5585 vero
3391 5544 3644 5586 manum

1991 5646 2164 5688 suam
2192 5630 2253 5685 in
2284 5632 2481 5687 aratro
2521 5623 2763 5691 miserit,
2787 5621 2836 5677 si
2864 5623 3018 5676 retro
3065 5618 3405 5690 respexerit,
3440 5616 3643 5688 utique

3740 6024 4059 6122 ..ι
