4092 6158
257 141 364 194 605

1294 128 1786 188 οοιιΑτιοΝωι
1824 99 2006 179 metu
2042 121 2238 179 mss.
2275 150 2348 169 -ν
2385 126 2512 182 ue.
2555 130 2647 183 lli.

258 261 436 318 vicini
466 261 811 316 accurrunt.
836 257 938 314 ille
964 256 1267 329 collapsus
1297 254 1363 311 in
1390 258 1611 311 terram
1639 250 1913 307 verbera-
1951 248 2002 302 Α
2026 245 2161 317 quis
2190 261 2334 317 ergo
2353 263 2475 305 non
2496 249 2625 305 vult
2646 250 2757 318 uri,
2791 248 3159 306 exsilientem
3196 245 3527 318 igniculum
3554 260 3678 303 non

257 351 457 417 batur,
471 348 725 422 proinde
740 346 1070 403 vociferans
1092 344 1335 401 dicebat
1348 343 1497 417 quid
1511 342 1753 407 videret,
1770 335 1919 410 quid

261 438 520 496 sentiret.
541 440 689 496 Cum
711 438 826 493 hoc
850 436 957 491 diu
978 435 1164 504 ﬁeret,
1188 438 1247 490 et
1264 432 1596 506 phantasiaa
1617 425 1922 486 discessis-

262 533 411 591 sent,
445 528 508 584 hi
537 527 642 601 qui
670 525 812 583 foris
856 528 1025 581 erant
1053 523 1458 581 discedentem
1505 520 1748 577 turbam
1784 532 1918 572 mu-

260 619 476 675 lierum
508 633 616 692 per
643 620 892 690 pontem
922 613 1125 686 egredi
1150 614 1631 685 conspexerunt;
1664 608 1758 664 ille
1785 609 1923 680 post

266 706 585 782 paululum
609 705 776 761 obiit.
810 707 929 760 Hoc
959 702 1122 759 abba
1154 701 1490 758 Gorlantius
1522 699 1718 756 refert.
1746 695 1921 762 Quis-

263 796 399 870 quis
420 810 566 865 ergo
589 792 905 851 dulcedine
936 790 1261 847 meretricis
1282 794 1340 846 et
1362 788 1647 862 amplexu
1664 786 1921 843 delecta-

264 890 377 953 tur,
391 885 575 956 hujus
592 881 1059 940 amaritudinem
1076 878 1360 937 absinthii
1376 878 1580 935 animo
1601 879 1919 950 proponat.

2027 334 2183 391 sinat
2206 352 2386 409 super
2403 344 2602 395 cutem
2631 354 2827 404 suam,
2846 339 2979 396 licet
3007 336 3345 411 paululum,
3371 335 3674 392 remorari.

2027 426 2141 480 Nec
2170 427 2654 497 prmtereundum
2697 432 2809 497 est,
2839 427 3005 499 quod
3034 426 3095 482 in
3130 425 3383 499 praedito
3407 424 3680 481 caanobio

2029 512 2270 570 cuidam
2294 514 2509 587 puellae
2539 515 2815 572 morienti.
2839 513 3141 584 malignus
3168 513 3358 569 hostis
3379 511 3677 585 apparuit,

2028 617 2165 673 quae
2190 603 2572 661 vehementer
2598 603 3034 674 intremiscens,
3054 602 3368 659 recordata
3396 606 3485 658 est
3513 599 3681 674 quod

2030 706 2217 747 unam
2244 692 2483 749 aculam
2515 694 2641 750 sine
2669 693 2899 750 licentia
2924 691 3168 761 habere,
3207 705 3396 763 quam
3420 689 3497 746 de
3523 689 3679 760 loco,

2032 778 2136 835 ubi
2151 779 2309 837 hanc
2338 798 2467 839 esse
2492 783 2656 852 dixit,
2676 798 2909 839 sorores
2929 780 3289 851 detulerunt,
3312 778 3419 835 sed
3441 778 3684 835 damon

2031 882 2154 924 non
2180 870 2445 927 recessit.
2480 871 2581 928 Illa
2610 886 2753 928 vero
2790 869 3016 944 aliquid
3044 868 3357 942 proprium
3384 881 3448 922 se
3483 865 3683 922 adhuc

477 953 1081 1031 lleduensiscaenobii
1106 969 1463 1044 praepositus
1494 980 1924 1041 quamcunque
2030 958 2253 1014 habere
2323 975 2695 1030 cognoscens
2768 974 2880 1034 pro
2951 973 3076 1032 quo
3140 955 3443 1026 malignus
3494 953 3685 1009 hostis

276 1064 656 1124 occasionem
700 1063 959 1134 reperire
995 1041 1254 1134 poterat,
1297 1057 1579 1115 carnibus
1626 1055 1926 1113 inhianter
2030 1045 2294 1115 instaret,
2327 1048 2571 1105 tandem
2620 1048 2949 1105 Pecordatﬂ-
2980 1048 3151 1113 Tum.
3182 1044 3284 1112 ait,
3322 1042 3514 1100 ﬁlium
3539 1041 3687 1098 serie

264 1153 642 1212 vescebatur.
672 1130 847 1217 Quod
897 1130 1117 1205 scilicet
1140 1148 1353 1204 vitium
1395 1162 1534 1202 cum
1581 1144 1923 1202 nullatenus
2033 1151 2171 1191 cum
2202 1137 2281 1192 ad
2304 1137 2603 1210 spondam
2625 1138 2840 1206 habeo,
2862 1152 2987 1209 quo
3015 1135 3118 1191 vix
3142 1137 3377 1207 reperto
3400 1136 3458 1188 et
3480 1130 3684 1202 allato,

264 1245 474 1301 fratres
498 1240 824 1297 emendare
852 1242 1123 1312 possent,
1150 1238 1278 1310 ipse
1318 1252 1458 1292 cum
1501 1234 1771 1308 quadam
1796 1232 1925 1288 vice
2034 1240 2173 1280 mox
2203 1225 2481 1282 diabolus
2528 1227 2786 1293 recessit,
2817 1232 2876 1282 et
2901 1223 3103 1298 puella
3148 1222 3326 1295 quasi
3368 1220 3687 1277 subridens

264 1348 477 1391 carnes
519 1328 836 1387 comedere
852 1308 1060 1395 vellet,
1104 1308 1251 1391 offa,
1290 1341 1414 1398 qua
1443 1340 1511 1380 os
1549 1322 1922 1396 impleverat,
2033 1314 2330 1384 migravit.
2390 1319 2509 1372 ista
2556 1316 2805 1372 forsitan
2853 1329 3042 1388 parva
3090 1316 3148 1367 et
3193 1310 3443 1380 indigna
3496 1308 3688 1365 relatu

264 1420 676 1491 strangulatus
725 1418 890 1474 obiit.
918 1416 1082 1472 Alius
1115 1430 1360 1488 quoque
1392 1415 1468 1470 de
1504 1411 1783 1468 coenobio
1815 1414 1925 1466 Du-
2029 1402 2502 1474 judicabuntur;
2539 1405 2647 1461 sed
2692 1404 2742 1460 si
2789 1406 2964 1474 Deus,
3003 1402 3130 1474 qui,
3180 1404 3246 1456 ut
3295 1399 3524 1455 dictum
3576 1399 3686 1461 est,

262 1490 823 1583 rensiiprogressus
870 1505 950 1562 ad
997 1503 1333 1577 quamdam
1382 1501 1607 1570 villam,
1640 1498 1805 1572 petiit
1844 1496 1924 1554 ab
2034 1492 2171 1583 facit
2219 1508 2444 1583 magna
2479 1498 2535 1550 et
2581 1492 3009 1559 inscrutabilia,
3042 1490 3155 1546 ista
3182 1492 3388 1545 nostro
3417 1491 3688 1561 tempore

262 1575 500 1673 hospite
532 1575 645 1653 suo
691 1610 923 1651 carnes.
964 1575 1114 1651 Cum
1154 1592 1252 1648 ille
1298 1589 1745 1664 respondisset:
1780 1590 1927 1673 Ecce
1964 1599 2009 1654 Β
2035 1580 2228 1636 facere
2273 1580 2554 1651 dignatus
2601 1588 2710 1649 est,
2762 1597 2948 1654 quam
3002 1577 3551 1651 magnipendimus,
3582 1575 3688 1648 qui

260 1671 401 1759 jam
438 1685 811 1755 coquuntur;
836 1679 1134 1746 Accelera,
1159 1676 1373 1749 inquit,
1406 1677 1467 1732 in
1500 1675 1653 1748 spito
1699 1671 1927 1745 aliquid

268 1787 531 1845 coquere
562 1769 754 1827 citius.
782 1773 854 1824 At
876 1767 973 1824 ille
1000 1765 1260 1839 parabat
1286 1780 1497 1821 carnes
1531 1763 1593 1818 in
1618 1762 1793 1834 spito,
1822 1759 1929 1816 sed

268 1860 606 1918 monachus
655 1861 918 1913 aestuans
960 1859 1195 1928 partem
1231 1853 1307 1909 de
1365 1852 1519 1925 spito
1556 1850 1839 1924 praecidit,
1871 1853 1931 1905 et

270 1966 453 2023 super
478 1948 771 2005 carbones
795 1945 1043 2018 jactavit
1070 1961 1084 2001 :
1111 1959 1300 2016 quam
1340 1941 1612 1998 videlicet
1643 1939 1930 1996 torridam

270 2037 572 2096 cineribus
603 2035 881 2098 excussit,
912 2038 972 2091 et
1017 2032 1103 2089 ori
1135 2030 1400 2101 ingessit,
1442 2030 1547 2086 sed
1596 2044 1740 2085 mox
1788 2042 1930 2083 cum

271 2124 552 2200 praesenti
584 2121 901 2180 voracitate
932 2121 1118 2178 vitam
1147 2118 1358 2175 ﬁnivit.
1392 2116 1650 2183 Quidam
1696 2115 1773 2171 de
1795 2116 1932 2172 Cor-

271 2213 540 2272 marrino
564 2214 701 2285 (70),
730 2226 913 2284 quem
942 2224 1057 2279 ego
1085 2212 1143 2266 et
1165 2207 1428 2264 levitates
1457 2206 1587 2277 ejus
1641 2205 1773 2277 ipse
1817 2219 1928 2260 no-

273 2318 505 2373 veram,
537 2317 678 2358 cum
707 2297 1046 2356 laetissimus
1076 2312 1209 2353 sero
1258 2310 1321 2351 se
1347 2294 1616 2351 cubitum
1645 2291 1933 2349 collocas-

275 2396 384 2462 set,
430 2396 698 2463 tempore
739 2387 1018 2447 nocturni
1068 2385 1250 2445 ofticii
1296 2383 1612 2440 defunctus
1658 2384 1929 2455 repertus

275 2486 387 2538 est.
433 2478 607 2545 Quod
653 2480 712 2533 et
758 2475 967 2533 abbati
1013 2472 1309 2531 lammoni
1349 2470 1670 2541 contigisse
1697 2469 1790 2527 vel
1815 2468 1933 2540 ipsi

273 2587 388 2628 vos
418 2568 603 2625 scitis.
649 2566 764 2624 Sed
790 2570 846 2623 et
874 2564 1030 2624 alius
1059 2563 1306 2637 quidem
1337 2560 1529 2618 sancti
1573 2559 1798 2618 Martini
1828 2574 1928 2615 ca-

270 2660 528 2718 nonicus
556 2656 786 2715 domini
811 2654 1011 2712 Oberti
1037 2651 1405 2719 archiclavis,
1432 2648 1797 2707 camerarius
1817 2648 1931 2704 sci-

276 2750 435 2821 licet,
495 2764 532 2804 a
583 2747 860 2805 daemone
928 2747 1200 2816 arreptus
1259 2741 1467 2798 tandiu
1533 2742 1780 2797 vexatus
1846 2741 1933 2794 est

278 2853 601 2913 quousque
627 2835 901 2910 spiritum
925 2832 1242 2890 exhalavit.

352 2931 481 2985 XXI.
525 2927 664 2983 Duae
691 2921 1175 2983 sanctimoniales
1206 2920 1281 2978 de
1325 2918 1689 2977 monasterio
1713 2915 1936 2989 puella-
1968 2950 2010 3006 ο

278 3033 439 3087 rum,
469 3014 830 3088 quodjuxta
870 3016 1146 3069 nostrum
1184 3008 1392 3066 Balma
1438 3007 1617 3063 situm
1660 3008 1766 3071 est,
1799 3008 1935 3062 ante

280 3108 399 3163 hoc
429 3103 750 3163 triennium
781 3101 861 3158 ad
888 3099 1223 3157 secularem
1253 3097 1437 3155 vitam
1457 3110 1744 3165 regressae
1776 3096 1932 3149 sunt.

282 3196 552 3261 Quarum
595 3190 799 3264 junior
841 3190 1275 3245 intumescente
1316 3185 1566 3243 brachio
1592 3183 1775 3241 vitam
1803 3185 1941 3254 post

289 3281 607 3356 paululum
651 3279 860 3338 ﬁnivit.
891 3277 1076 3349 Major
1119 3291 1263 3333 vero
1310 3274 1553 3331 cuidam
1599 3270 1847 3328 scelesto
1876 3285 1938 3324 se

285 3368 619 3442 conjunxit,
645 3371 703 3425 et
732 3370 977 3441 partum
1012 3365 1097 3422 ita
1136 3366 1593 3422 monstruosum
1621 3358 1849 3432 peperit
1878 3361 1942 3414 ut

288 3458 531 3530 longius
579 3456 804 3515 collum
853 3454 1105 3513 haberet
1133 3468 1321 3527 quam
1351 3451 1425 3508 sit
1469 3466 1592 3507 una
1634 3448 1794 3505 ulna.
1827 3445 1942 3504 Sed

285 3563 425 3606 cum
479 3562 542 3605 se
608 3546 827 3605 iterum
879 3542 1297 3617 prostituisset,
1346 3538 1615 3612 concepit
1670 3535 1940 3610 quidem,

287 3635 399 3693 sed
439 3635 615 3693 edere
659 3638 902 3707 partum
939 3647 1064 3691 non
1105 3630 1298 3705 potuit
1323 3643 1657 3703 .quousque
1703 3625 1943 3697 dirupto

286 3730 493 3784 ventre
551 3723 789 3785 interiit.
819 3724 1079 3780 Fuerant
1130 3720 1293 3779 enim
1343 3733 1535 3791 usque
1579 3716 1662 3775 ad
1706 3720 1945 3787 tempus

285 3815 439 3874 illud
467 3829 591 3886 quo
628 3812 894 3870 exierant
938 3810 1093 3870 bene
1124 3812 1513 3867 conversatio.
1546 3806 1633 3863 Ad
1682 3807 1798 3863 hoc
1836 3819 1945 3860 au-

290 3910 413 3965 tem
441 3901 647 3974 egredi
665 3900 972 3974 permissae
996 3904 1154 3967 sunt,
1187 3902 1252 3956 ut
1278 3898 1353 3955 de
1382 3896 1564 3954 rebus
1604 3898 1945 3967 parentum,

290 3995 399 4069 qui
441 3993 593 4051 forte
635 4006 831 4063 nuper
872 3989 1167 4058 obierant,
1194 3987 1426 4059 aliquid
1453 3983 1819 4043 monasterio
1862 3997 1948 4038 re-

291 4087 617 4159 portarent.
653 4079 769 4139 Sed
797 4080 913 4137 hac
941 4078 1256 4136 occasione
1285 4074 1572 4133 saeculum
1602 4076 1952 4146 pergustan~

296 4181 384 4233 tes
414 4173 616 4232 oblitae
643 4174 784 4230 sunt
801 4172 1011 4226 Deum.
1044 4169 1127 4224 Ex
1155 4181 1279 4238 quo
1307 4166 1558 4237 apparet
1584 4178 1771 4235 quam
1798 4159 1951 4234 peri-

295 4264 502 4324 culosa
527 4263 602 4319 sit
627 4258 921 4335 peccandi
944 4256 1200 4314 licentia.
1235 4253 1409 4321 Quod
1438 4258 1497 4311 et
1541 4252 1772 4326 Alipius
1803 4249 1950 4308 ami-

296 4372 403 4413 cus
427 4352 616 4411 sancti
658 4348 977 4422 Augustini
1014 4347 1189 4421 lapsu
1241 4362 1352 4403 suo
1403 4343 1641 4418 probat,
1672 4341 1779 4416 qui
1810 4356 1951 4398 cum

296 4445 634 4502 hortaretur
671 4456 709 4497 a
748 4435 1117 4512 quibusdam
1164 4434 1374 4492 amicis
1418 4433 1717 4490 theatrum
1765 4430 1949 4495 adire,

297 4534 625 4590 detestatus
653 4534 742 4588 est
777 4528 977 4586 videre
1008 4523 1359 4597 hujusmodi
1405 4522 1607 4579 lusum
1641 4525 1953 4593 tamquam

298 4622 643 4696 profanum.
695 4623 764 4676 At
807 4617 890 4675 illi
928 4618 1091 4675 hunc
1146 4614 1432 4672 manibus
1470 4610 1806 4669 trahebant.
1857 4609 1953 4665 Ille

299 4712 590 4770 claudens
620 4708 849 4777 oculos,
876 4723 988 4765 nec
1014 4703 1505 4763 contrahentibus
1528 4699 1701 4757 reniti
1724 4698 1951 4764 valens,

293 4801 542 4875 jurabat
570 4815 694 4857 non
740 4814 801 4855 se
841 4796 924 4853 ibi
949 4795 1289 4870 quidquam
1317 4792 1609 4849 visurum.
1644 4788 1758 4848 Sed
1814 4804 1955 4845 cum

302 4889 504 4946 subito
557 4887 889 4944 cachinnus
933 4885 996 4941 in
1022 4884 1254 4940 theatro
1282 4880 1691 4953 increpuisset,
1736 4876 1957 4934 oblitus

299 4982 415 5048 est,
444 4982 502 5035 et
524 4975 734 5035 oculos
765 4973 1018 5048 aperuit.
1046 4975 1196 5029 Cum
1223 4969 1381 5027 illico
1409 4968 1492 5025 ita
1516 4983 1620 5025 cor
1644 4968 1775 5039 ejus
1802 4965 1957 5023 illec-

300 5073 432 5126 tum
461 5072 574 5137 est,
616 5070 680 5123 ut
718 5064 817 5123 vix
855 5067 999 5137 post
1043 5059 1303 5118 multum
1345 5061 1582 5131 tempus
1628 5056 1708 5114 ab
1754 5056 1962 5127 hujus-

300 5156 472 5216 modi
512 5155 659 5215 ludo
704 5157 909 5229 posset
945 5152 1026 5213 ab
1058 5148 1391 5221 Augustino
1426 5145 1735 5205 remorari.
1787 5142 1957 5209 Quis-

379 5321 489 5392 (70)
531 5318 808 5392 Quidam
840 5316 913 5392 de
949 5312 1383 5392 -Οοντηαννίηολ
1410 5306 1700 5392 ρωρρῦἱο
1742 5319 1960 5392 nempe

303 5378 843 5466 pa‘gi_'Turonens_is
864 5387 924 5442 in
949 5387 1175 5466 honore
1198 5380 1386 5465 sancti
1410 5378 1575 5466 Pauli
1596 5380 1957 5459 constructo,

302 5448 475 5536 quod
492 5461 745 5536 scriptor
766 5457 1038 5536 chronici
1058 5452 1493 5536 Lemovicensis
1515 5448 1961 5536 Coquzam‘censg

303 5516 500 5603 v‘déai,
527 5516 727 5605 aitziue
775 5530 1094 5605 fundatum
1136 5526 1215 5582 ab
1261 5521 1746 5605 lteriouquodam
1772 5516 1960 5605 sancti

306 5587 894 5664 martiniwnionacho
954 5597 1070 5656 sub
1117 5611 1350 5655 annum
1395 5587 1520 5663 782‘,
1568 5591 1662 5649 his
1713 5587 1951 5647 verbis:

2036 1684 2146 1725 nec
2173 1669 2392 1726 talibus
2421 1671 2588 1741 digni
2613 1671 2921 1727 fueramus
2944 1671 2973 1725 ‘i

2108 1762 2259 1816 XXII.
2303 1760 2361 1817 Si
2395 1760 2631 1817 somnio
2676 1760 2828 1816 ﬁdes
2870 1756 3217 1816 adhibenda
3258 1760 3368 1825 est,
3397 1753 3688 1809 visionem

2035 1863 2222 1920 quam
2249 1849 2439 1905 Guido
2485 1850 2821 1905 monachus
2868 1848 2943 1903 de
2972 1845 3346 1903 Solemniaco
3383 1842 3530 1899 vidit
3564 1856 3690 1898 non

2036 1937 2199 2008 piget
2220 1938 2454 1993 referre.
2489 1942 2759 2010 Namque
2808 1937 3123 1993 videbatur
3146 1934 3228 1991 illi
3267 1932 3434 2006 quod
3463 1929 3691 1987 Ganzil-

2037 2041 2207 2098 num,
2240 2028 2344 2099 qui
2386 2028 2571 2100 paulo
2608 2031 2745 2083 ante
2791 2027 3152 2096 migraverat
3197 2023 3260 2079 in
3313 2020 3588 2088 ecclesia,
3632 2023 3691 2076 et

2036 2115 2316 2172 blavinea
2342 2117 2575 2173 cuculla
2605 2117 2851 2173 vestitus
2878 2116 2941 2171 in
2974 2115 3188 2170 feretro
3216 2109 3687 2178 custodiebatur,

2038 2210 2174 2262 ante
2210 2207 2537 2277 quemdam
2586 2206 2868 2262 abbatem
2918 2201 3265 2260 veneranda
3306 2198 3520 2255 canitie
3547 2212 3688 2270 pro-

2040 2300 2291 2350 stratum
2350 2294 2720 2367 conspiceret
2790 2292 3030 2348 veniam
3085 2288 3521 2364 postulantem;
3583 2284 3690 2341 sed

2038 2382 2358 2455 prtedictus
2388 2382 2582 2440 abbas
2613 2380 3057 2451 dedignabatur
3082 2382 3325 2452 propter
3347 2374 3690 2432 blavineam

2040 2471 2359 2535 cucullam,
2418 2487 2543 2544 qua
2592 2470 2838 2528 indutus
2887 2472 3033 2535 erat,
3095 2465 3322 2530 dicens,
3374 2463 3520 2536 quia
3566 2476 3691 2517 non

2041 2566 2425 2632 cognosceret
2471 2576 2631 2631 eum,
2660 2575 2770 2616 nec
2818 2557 3059 2617 veniam
3086 2555 3169 2612 illi
3213 2557 3369 2611 esset
3414 2551 3690 2619 daturus,

2041 2666 2359 2723 quousque
2385 2648 2721 2720 regularem
2752 2651 2975 2703 vestem
3004 2643 3318 2716 acciperet.
3351 2643 3513 2697 Tunc
3553 2653 3695 2695 vero

2044 2741 2362 2812 praedictus
2427 2740 2745 2797 Ganzlinus
2820 2736 3090 2803 surrexit,
3141 2738 3201 2789 et
3263 2731 3342 2790 ad
3408 2726 3694 2787 eumdem

2045 2828 2377 2887 Guidonem
2420 2834 2681 2887 tremens
2735 2832 2794 2884 et
2847 2824 3024 2881 valde
3081 2821 3367 2880 confusus
3414 2815 3692 2874 cucurrit.

2046 2922 2159 2976 Nec
2206 2934 2317 2975 nos
2364 2917 2782 2975 discredimus.
2813 2918 2963 2973 Nam
3006 2912 3134 2984 ipse
3188 2907 3506 2967 Ganzlinus
3558 2919 3700 2962 cum

2046 3007 2328 3065 fratribus
2359 3006 2520 3063 cellae
2551 3003 2821 3063 Dolensis
2844 3017 3037 3075 nuper
3064 3000 3276 3065 fuerat,
3312 3012 3349 3053 a
3375 2994 3600 3068 quibus
3628 3007 3703 3049 ea

2047 3095 2351 3153 voluntate
2416 3093 2610 3161 rediit,
2671 3098 2740 3149 ut
2802 3095 3028 3149 vestem
3083 3086 3355 3161 protinus
3416 3081 3698 3150 mutaret,

2049 3184 2315 3257 nihilque
2364 3182 2675 3256 proprium
2731 3178 2946 3236 exinde
2999 3176 3264 3233 haberet.
3322 3167 3700 3257 Credendum

2049 3279 2135 3330 est
2184 3254 2385 3344 igitur,
2425 3254 2571 3344 quia
2602 3274 2775 3337 Deus,
2806 3268 2912 3341 qui
2934 3264 3168 3338 judicat
3212 3262 3365 3318 ﬁnes
3412 3264 3605 3328 terrm,
3638 3254 3703 3313 id

2050 3369 2138 3421 est
2169 3364 2377 3421 ultima
2423 3360 2685 3419 hominis
2704 3374 2909 3432 opera,
2939 3356 3102 3412 hunc
3144 3369 3255 3426 pro
3283 3351 3449 3407 bona
3494 3346 3703 3403 volun-

2052 3457 2168 3511 tate
2218 3452 2277 3509 iu
2332 3466 2455 3523 qua
2519 3448 2685 3516 obiit,
2728 3447 2808 3504 ad
2857 3441 3293 3513 indulgentiam
3354 3435 3700 3508 recepisset.

2050 3542 2270 3613 talique
2338 3538 2560 3597 indicio
2612 3536 2693 3593 ad
2746 3532 3122 3592 incitandum
3165 3529 3314 3588 alios
3366 3528 3705 3613 monstrare

2052 3612 2358 3689 voluisset.
2388 3632 2506 3685 Ista
2551 3642 2696 3683 vero
2741 3625 2915 3693 signa
2941 3622 3018 3677 de
3063 3618 3341 3694 proximo
3368 3612 3702 3678 retulimus,

2054 3726 2118 3777 ut
2179 3719 2287 3792 qui
2319 3718 2515 3792 prisca
2563 3731 2686 3771 non
2734 3711 3081 3781 formidant,
3106 3707 3203 3764 vel
3240 3703 3501 3763 recentia
3524 3698 3707 3792 pertis

2055 3788 2343 3866 meseant:
2376 3809 2527 3861 Nam
2569 3802 2650 3859 illi
2683 3816 2840 3874 quos
2872 3814 2979 3871 per
3005 3810 3249 3853 carnem
3280 3788 3704 3861 strangulatos,

2057 3902 2115 3954 et
2137 3897 2201 3953 hi
2219 3911 2373 3967 quos
2402 3909 2509 3965 per
2526 3889 2830 3947 luxuriam
2860 3884 3123 3943 daemoni
3143 3881 3393 3939 traditos
3421 3876 3704 3941 diximus,

2058 3985 2138 4042 ob
2184 3986 2298 4039 hoc
2346 3983 2405 4037 in
2450 3978 2731 4052 praesenti
2758 3975 2948 4049 puniti
3003 3977 3160 4039 sunt,
3196 3974 3259 4026 ut
3302 3968 3411 4041 qui
3436 3977 3704 4052 poenam,

2057 4089 2193 4146 quae
2224 4086 2327 4127 eos
2372 4048 2659 4142 sequitur,
2706 4048 3084 4122 considerare
3127 4057 3457 4129 negligant,
3488 4050 3582 4107 vel
3632 4048 3709 4146 de

2060 4139 2132 4219 ea
2155 4177 2280 4234 qua
2308 4139 2601 4232 perempti
2628 4158 2768 4211 sunt
2813 4152 3318 4224 compungantur.
3374 4148 3523 4201 Nam
3570 4139 3709 4214 quis

2060 4251 2293 4323 absque
2358 4251 2519 4305 metu
2573 4245 2780 4302 audiat
2830 4241 2997 4314 quod
3045 4239 3287 4296 daemon
3360 4249 3468 4323 per
3522 4245 3711 4323 unam

1989 4303 2031 4359 Β
2062 4303 2372 4399 leti
2396 4303 2587 4392 unum
2633 4332 2802 4389 ﬁlum
2840 4303 3053 4404 puellae
3105 4325 3337 4383 obitum
3363 4303 3710 4380 calumnia-

2060 4429 2259 4496 batur,
2289 4424 2408 4485 nisi
2448 4423 2597 4480 forte
2641 4421 2693 4478 is
2738 4419 2832 4476 cui
2870 4417 3165 4492 propheta
3200 4412 3386 4469 dicit:
3421 4406 3712 4496 Columba

2060 4494 2323 4582 seducta,
2358 4530 2475 4571 non
2508 4511 2730 4569 habens
2778 4511 2930 4566 cor?
2958 4508 3105 4578 (Ose.
3146 4519 3249 4573 vn,
3295 4501 3408 4573 lt.)
3438 4502 3505 4557 Et
3549 4494 3714 4554 unde

2062 4606 2297 4673 dicitur,
2345 4603 2490 4677 quia
2536 4616 2659 4658 non
2706 4599 3047 4662 timuerunt,
3105 4609 3214 4649 nec
3268 4589 3546 4646 homines
3591 4584 3714 4641 fue-

2061 4695 2243 4753 runt?
2277 4672 2334 4752 Si
2364 4672 2539 4750 enim
2568 4687 2831 4746 Ananias
2881 4688 2939 4741 et
2969 4681 3222 4755 Saphira
3249 4682 3493 4752 propter
3526 4672 3718 4733 avari-

2063 4786 2208 4843 tiam
2255 4780 2524 4855 percussi
2556 4782 2710 4847 sunt,
2738 4791 2878 4834 cum
2905 4774 2988 4831 ita
3041 4767 3487 4844 persecutiones
3535 4768 3594 4821 et
3622 4763 3715 4820 in-

2064 4854 2331 4929 numerae
2394 4867 2775 4925 necessitates
2842 4861 3143 4919 novellam
3220 4854 3719 4915 Christianitatem

2066 4961 2408 5032 cingebant,
2452 4972 2577 5030 qua
2615 4970 2798 5028 paena
2825 4948 3124 5025 plectendi
3150 4951 3309 5013 sunt,
3338 4944 3445 5018 qui
3469 4943 3635 5001 dictu
3662 4943 3720 5032 et

2067 5026 2344 5123 exempla
2368 5026 2758 5118 antiquorum
2781 5043 3100 5106 noverunt,
3130 5040 3188 5095 et
3230 5035 3463 5106 absque
3491 5026 3720 5123 ingenti

2068 5114 2419 5198 necessitate
2442 5114 2772 5209 plusquam
2792 5128 3179 5187 constitutum
3200 5128 3291 5181 est
3311 5129 3676 5190 usurpavere
3692 5114 3721 5167 ?

2072 5324 2098 5353 ‹‹
2130 5298 2469 5357 Fundatum
2500 5299 2591 5351 est
2618 5296 2733 5350 hoc
2762 5298 3030 5363 tempore
3054 5280 3497 5363 Cormari_cen§e
3527 5289 3726 5363 cceno-

2071 5349 2561 5428 biﬁESﬁiﬁEI-id
2575 5349 2816 5431 abbate,
2832 5349 2937 5433 qui
2959 5376 2994 5414 a
3014 5355 3169 5433 beati
3191 5349 3724 5433 Martini'l‘ui'onen-

2074 5417 2907 5499 sisiibclesiata—mﬁéordiuﬁi
2928 5442 3113 5500 quam
3135 5422 3568 5500 incrementum
3586 5417 3725 5473 sub-
3802 5490 3813 5499 ἢ

2074 5494 2335 5587 sequens
2354 5494 2584 5568 habuit.
2614 5531 2643 5558 ››
2664 5494 3036 5572 Vocaturque
3064 5494 3248 5564 vulgo
3278 5494 3576 5560 Cormery.
