4092 6158
460 167 562 220 607

1503 161 1558 218 S.
1601 159 1858 216 ODONIS
1895 157 2186 213 ABBATIS
2225 158 2724 218 CLUNIACENSIS
2765 165 2828 216 ll.
3733 173 3814 228 608

462 293 541 346 De
567 288 811 344 vestitus
841 290 1044 342 autem
1073 284 1359 358 qualitate
1404 284 1497 340 vel
1535 283 1949 340 immutatione
2001 280 2114 353 ipsi
2152 284 2200 338 Α
2225 281 2488 355 loquitur
2517 285 2597 342 ita
2625 285 3019 358 proferantur.
3055 286 3142 342 Ad
3181 302 3288 343 vos
3313 287 3458 343 mihi
3505 303 3681 346 sermo
3703 307 3818 350 con-

464 377 777 434 saeculares
801 379 1008 430 contra
1029 373 1360 429 monachos
1375 372 1783 442 indignantur,
1803 370 1946 443 quia
1967 385 2117 425 sem-

461 483 568 540 per
589 465 688 520 illa
710 463 992 538 superbia
1017 461 1423 519 detestabilior
1443 467 1549 532 est,
1575 478 1712 534 quae
1732 461 1813 516 ibi
1845 478 1906 516 se
1927 465 2119 516 osten-

461 556 566 622 dit,
584 554 820 625 ubimaj
829 570 897 610 or
913 553 1216 609 humilitas
1227 567 1478 621 regnare
1490 550 1798 606 debuerat.
1815 549 1908 604 Eis
1919 549 2114 619 igitur,

459 642 562 716 qui
610 643 672 697 in
701 641 1052 697 humilitatis
1081 639 1294 696 habitu
1319 639 1673 710 jactantiam
1715 638 1930 695 coloris
1959 653 2120 710 quee-

459 735 620 803 runt,
647 731 790 787 illud
827 729 1248 802 propheticum
1281 729 1558 798 congruit
1590 746 1601 784 :
1630 729 1822 784 Frons
1852 727 2119 783 mulieris

461 821 793 878 meretricis
820 821 994 891 facta
1037 826 1122 876 est
1153 819 1262 875 tibi
1289 819 1432 889 (Jer.
1467 834 1552 885 ιιι,
1586 819 1662 889 3).
1697 816 1926 882 Quibus
1953 815 2120 872 nimi-

461 926 598 966 rum
621 909 810 965 satius
835 908 1047 975 fuerat,
1072 913 1135 963 ut
1165 907 1540 964 voluntatem
1571 906 1669 962 Dei
1709 905 1902 975 magis
1932 919 2120 978 quam

466 1014 644 1055 suam
675 998 983 1062 facientes,
1007 997 1139 1052 Eliee
1169 1001 1226 1052 et
1255 996 1498 1052 Joannis
1525 994 1896 1051 imitarentur
1925 1009 2120 1050 exem-

464 1087 658 1160 plum,
691 1087 890 1159 potius
923 1102 1109 1158 quam
1138 1085 1352 1154 divitis,
1382 1085 1487 1156 qui
1507 1100 1776 1156 purpura
1794 1083 2038 1139 indutus
2066 1085 2124 1138 et

465 1176 654 1248 bysso
685 1192 721 1230 a
744 1175 974 1232 Christo
995 1173 1390 1242 redarguitur,
1410 1177 1468 1229 et
1493 1172 1734 1228 Herodis
1755 1171 1859 1244 qui
1877 1172 1936 1227 in
1959 1174 2122 1226 veste

467 1264 714 1334 fulgenti
739 1264 817 1319 ab
851 1263 1067 1333 angelo
1096 1263 1308 1333 legitur
1337 1277 1664 1334 percussus
1691 1260 1999 1317 interiisse.

537 1357 713 1410 XXIII.
754 1354 1077 1410 Occasione
1133 1353 1290 1408 illius
1333 1351 1522 1421 verbi,
1554 1368 1675 1424 quo
1701 1353 1852 1406 Deus
1881 1351 1962 1406 ad
1989 1366 2123 1422 pro-

467 1441 712 1513 phetam
765 1440 1021 1513 loquens
1073 1440 1228 1496 ﬁlios
1279 1440 1424 1496 Irael
1478 1438 1868 1512 apostatrices
1919 1441 2123 1506 gentes

463 1534 654 1596 vocat,
707 1529 1088 1585 occasionem
1143 1527 1538 1599 sumpsimus,
1591 1543 1712 1598 qua
1751 1530 1956 1582 contra
2011 1541 2124 1581 nos

2225 372 2485 428 vertitur.
2521 373 2672 438 Quid
2699 389 2841 444 ergo
2872 373 3122 430 dicetis?
3146 379 3398 447 putasne
3453 377 3748 448 patiemini,
3773 389 3822 438 ut

2225 475 2347 515 non
2379 462 2710 518 secundum
2741 479 3092 536 personam,
3121 463 3222 519 sed
3249 464 3529 521 veraciter
3555 481 3718 535 agam
3743 485 3822 526 vo-

2224 548 2508 606 biscum?
2535 555 2626 606 An
2669 551 2920 608 libenter
2967 551 3266 624 accipietis
3310 553 3474 626 quod
3519 553 3607 610 lex
3651 556 3824 614 Christi

2228 639 2581 696 sacerdotali
2609 657 2714 696 vos
2743 641 2983 712 subjicit
3009 642 3332 713 potestati?
3362 641 3526 698 Dedit
3575 645 3719 700 enim
3745 661 3826 702 no-

2227 727 2319 783 bis
2357 733 2718 800 potestatem
2763 729 2953 787 multo
3011 729 3422 803 perfectiorem
3478 731 3827 790 tribunalibus

2227 818 2456 874 vestris.
2514 823 2630 875 Aut
2683 819 2964 892 nunquid
3013 820 3241 890 justum
3293 825 3400 888 est,
3455 825 3518 878 ut
3566 837 3601 877 a
3639 826 3828 880 terreno

2229 905 2490 963 coelestia
2519 911 2875 980 superentur
2894 908 2922 963 ?
2949 923 3091 978 ergo
3131 909 3421 980 patienter
3464 925 3676 982 quaeso,
3705 917 3828 968 acci-

2229 995 2367 1068 pite,
2413 996 2748 1053 libertatem
2805 1003 3093 1053 nostram.
3141 997 3294 1054 Scito
3349 1002 3425 1065 te,
3469 998 3719 1071 quisquis
3763 1016 3829 1060 es.

2230 1101 2402 1142 ovem
2431 1085 2625 1156 gregis
2673 1103 2802 1142 esse
2833 1088 2951 1142 mei
2981 1102 3018 1143 a
3049 1086 3279 1142 Christo
3311 1087 3456 1142 mihi
3510 1103 3728 1144 summo
3753 1105 3834 1161 pa-

2232 1179 2386 1230 store
2417 1180 2900 1240 annumeratam,
2933 1181 2990 1231 et
3017 1191 3054 1231 a
3084 1180 3291 1231 sancto
3315 1175 3528 1248 Spiritu
3557 1178 3832 1246 consigna-

2229 1267 2376 1319 tam.
2430 1263 2584 1320 Scito
2615 1267 2670 1320 te
2708 1263 2860 1320 inter
2899 1279 3070 1320 sacra
3101 1263 3313 1320 altaria
3341 1279 3478 1320 cum
3502 1265 3834 1322 veneratione

2232 1353 2444 1424 subjici
2493 1353 2776 1409 manibus
2825 1353 3168 1410 sacerdotis.
3205 1353 3360 1410 Scito
3407 1353 3590 1410 beatae
3615 1354 3836 1410 Trinitati

2232 1442 2458 1498 cultum
2489 1442 2794 1516 fidemque
2820 1442 2973 1499 debe
2983 1459 3060 1499 re.
3087 1443 3377 1500 Nolumus
3405 1443 3708 1517 inaequales
3732 1445 3836 1516 qui-

2233 1530 2372 1586 dem
2427 1531 2632 1594 videri,
2681 1537 2745 1587 ut
2797 1531 3062 1603 abiectos
3111 1531 3383 1588 videlicet
3430 1531 3753 1602 doceamus,
3794 1537 3836 1588 et

467 1617 746 1684 miseros,
795 1632 918 1672 non
969 1616 1300 1671 monachos
1349 1621 1412 1670 ut
1440 1615 1591 1670 falso
1623 1614 1986 1680 nominatur,
2019 1613 2125 1669 sed
2164 1634 2204 1688 Β
2235 1625 2442 1676 vestrae
2471 1621 2749 1692 potentiae
2779 1620 3119 1689 credamus,
3154 1627 3260 1678 aut
3305 1637 3448 1692 erga
3495 1620 3618 1678 illos
3655 1624 3706 1677 et
3738 1635 3836 1677 non

468 1708 804 1762 surabaitas
837 1709 966 1778 (Ἠ),
1011 1707 1050 1762 il
1079 1711 1167 1762 est
1197 1707 1482 1776 renuitas,
1513 1706 1616 1777 qui
1640 1706 1857 1776 jugum
1887 1704 2124 1774 regula-

467 1796 548 1850 ris
588 1795 919 1866 disciplinae
964 1794 1277 1851 renuimus
1307 1794 1420 1850 ista
1449 1793 1801 1850 diceremus.
1837 1793 1950 1849 Sed
1981 1792 2127 1865 quid

469 1883 570 1939 ﬁet
621 1899 760 1938 cum
805 1885 936 1954 jam
991 1899 1101 1938 nec
1151 1883 1628 1955 patriarcharum
1683 1882 1978 1954 exempla,
2017 1897 2127 1938 nec

467 1973 903 2044 prophetarum
951 1973 1258 2042 mysteria,
1291 1989 1400 2028 nec
1445 1971 1858 2044 apostolorum
1899 1971 2128 2042 spicula

469 2076 581 2116 nec
631 2061 1041 2133 quorumlibet
1086 2066 1432 2116 sanctorum
1463 2063 1704 2116 Patrum
1747 2059 1951 2125 verba,
1980 2059 2126 2131 quin

470 2150 648 2206 etiam
689 2165 799 2205 nec
832 2150 1020 2205 sancti
1065 2149 1362 2218 Evangelii
1411 2150 1671 2205 tonitrua
1719 2149 1916 2204 cordis
1942 2147 2130 2204 nostri

469 2237 748 2292 duritiem
806 2237 1072 2292 emollire
1121 2237 1362 2292 valeant
1392 2240 1419 2293 ἶ)
1445 2241 1530 2292 Ita
1587 2237 1754 2292 omni
1814 2236 2019 2306 religio
2066 2235 2130 2291 in

471 2330 794 2397 contempti
860 2329 966 2392 est,
1044 2326 1123 2381 ita
1190 2326 1407 2397 cuique
1480 2325 1681 2381 libitus
1762 2325 2126 2392 dominatur,

471 2419 535 2470 ut
598 2414 746 2470 illud
811 2415 1114 2487 poeticum
1183 2415 1357 2470 nobis
1427 2415 1747 2471 convenire
1799 2413 2124 2470 videatur:

627 2522 817 2572 Caetera
841 2530 966 2572 sunt
995 2533 1147 2578 curae,
1181 2521 1315 2570 Deus
1347 2531 1422 2570 est
1453 2519 1646 2570 oblivio
1677 2522 1832 2570 solus.

473 2623 590 2674 Hoc
624 2624 826 2674 tamen
858 2618 1024 2690 quod
1063 2618 1357 2691 propheta
1397 2623 1539 2690 post
1560 2617 1704 2673 illud
1753 2616 2003 2672 verbum
2033 2632 2130 2671 su-

470 2707 674 2780 perius
705 2706 932 2762 dictum
985 2710 1139 2762 Deus
1191 2707 1520 2777 subjunxit,
1555 2707 1602 2761 si
1635 2706 1781 2761 forte
1831 2711 1888 2762 et
1913 2704 2129 2761 deinde

470 2796 566 2852 vel
589 2795 704 2868 ipsi
733 2795 1000 2864 audiant,
1029 2811 1397 2868 magnopere
1421 2794 1800 2868 pensandum
1826 2797 1912 2850 est
1941 2809 2131 2866 quan-

473 2890 598 2940 tam
622 2884 746 2940 vim
774 2883 1016 2940 habeat.
1051 2884 1108 2940 Si
1137 2884 1283 2939 forte
1324 2883 1540 2940 etenim
1589 2881 1986 2939 dubitativum
2032 2883 2131 2938 ad-

2235 1725 2376 1778 erga
2403 1727 2509 1766 vos
2537 1715 2778 1767 utamur
2805 1711 3095 1778 libertate,
3117 1727 3306 1784 quam
3331 1711 3507 1767 nobis
3537 1711 3770 1768 Christus
3789 1711 3836 1765 in

2237 1797 2494 1854 Ecclesia
2520 1798 2684 1854 dedit
2718 1817 2728 1854 :
2756 1797 3027 1871 alioquin
3049 1799 3162 1854 illis
3191 1799 3394 1872 potius
3425 1798 3728 1868 consulere,
3753 1813 3836 1854 vos

2235 1904 2376 1942 vero
2407 1887 2712 1960 descipere
2767 1905 2837 1944 ac
2885 1889 3184 1960 negligere
3227 1888 3586 1945 videremur.
3617 1889 3834 1952 Quorum

2237 1978 2436 2050 itaque
2466 1979 2758 2046 majorem
2787 1994 2998 2034 curam
3027 1979 3249 2034 habere
3271 1977 3524 2047 dignum
3544 1977 3659 2033 est?
3688 1980 3832 2045 tanto,

2237 2067 2506 2138 inquam,
2550 2067 2866 2137 majorem,
2897 2071 3129 2140 quanto
3177 2067 3258 2123 ad
3315 2067 3632 2123 multorum
3677 2065 3833 2138 perni-

2238 2157 2387 2212 ciem
2431 2157 2701 2229 pcrtinet.
2739 2157 2788 2212 si
2815 2157 2963 2229 quid
3013 2174 3050 2212 a
3095 2157 3267 2213 vobis
3321 2161 3566 2226 erratur,
3597 2160 3648 2212 et
3672 2169 3836 2211 rursus

2237 2246 2563 2301 multorum
2613 2245 2786 2302 saluti
2843 2245 3193 2313 consulitur,
3236 2246 3301 2302 in
3345 2246 3562 2318 quibus
3596 2244 3836 2316 justitiam

2240 2334 2540 2390 tenueritis
2581 2339 2638 2390 et
2677 2334 3074 2392 clementiam.
3125 2338 3230 2404 Tu,
3275 2351 3312 2391 o
3363 2336 3562 2402 homo,
3593 2333 3705 2406 qui,
3735 2331 3838 2386 licet

2239 2423 2368 2480 aliis
2407 2423 2688 2495 praelatus
2737 2423 2840 2492 sis,
2883 2424 3132 2497 aequalis
3179 2429 3389 2480 tamen
3417 2429 3622 2480 natura
3661 2421 3749 2478 tibi
3772 2424 3838 2475 est

2239 2529 2378 2569 cum
2416 2513 2568 2582 illis;
2603 2519 2906 2570 memento
2951 2514 3129 2584 igitur
3171 2519 3472 2586 quantum
3515 2516 3625 2569 Deo
3652 2510 3839 2566 debitor

2240 2604 2336 2667 sis,
2399 2602 2503 2675 qui
2555 2603 2658 2658 tibi
2705 2617 2885 2675 super
2943 2602 3205 2675 aequales
3265 2603 3470 2660 tribuit
3517 2605 3834 2675 potestatem.

2241 2691 2365 2748 Noli
2411 2691 2714 2747 attendere
2743 2691 2892 2763 quid
2919 2696 3092 2764 potes
3121 2707 3322 2761 agere,
3357 2691 3462 2748 sed
3511 2689 3646 2763 quid
3672 2687 3834 2744 debes.

2241 2780 2429 2852 Ipsius
2472 2779 2632 2835 enim
2675 2779 3062 2852 dispositione
3113 2779 3389 2850 gladium
3429 2783 3638 2852 portas,
3667 2777 3838 2832 nonut

2239 2867 2434 2938 ferias,
2467 2867 2573 2924 sed
2623 2872 2687 2924 ut
2735 2871 3164 2937 communeris,
3192 2885 3382 2942 quem
3429 2868 3644 2924 utinam
3669 2861 3838 2936 impol-

473 2971 748 3028 verbium
776 2977 881 3040 est,
917 2972 1081 3044 quod
1113 2971 1172 3028 id
1199 2971 1472 3028 videlicet
1497 2971 1749 3027 verbum
1781 2970 1880 3026 Dei
1906 2970 2128 3026 idcirco

2237 2957 2430 3013 lutum
2453 2957 2730 3013 restituas
2762 2957 3240 3014 commendatori
3269 2958 3516 3026 Christo,
3541 2955 3638 3030 qui
3660 2953 3835 3010 idcirco

475 3059 736 3116 sermoni
785 3075 894 3115 suo
948 3060 1258 3128 interserit,
1307 3065 1372 3116 ut
1415 3075 1644 3133 paucos
1677 3075 1809 3115 esse
1839 3057 2131 3129 signiﬁcet

472 3149 578 3221 qui
611 3149 1047 3221 correptionem
1075 3149 1204 3220 ejus
1233 3149 1528 3221 recepturi
1558 3137 1714 3204 sunt.
1750 3147 1863 3205 Sed
1902 3152 1959 3204 et
1980 3163 2131 3220 prte-

477 3237 772 3292 dicatores
803 3253 946 3292 suos
977 3236 1344 3300 consolatur,
1379 3241 1436 3291 et
1463 3237 1847 3302 exhortatur;
1883 3239 1944 3291 ut
1991 3251 2130 3290 cum

475 3323 859 3380 meminerint
886 3325 1053 3397 quod
1083 3325 1209 3396 ipse
1243 3328 1395 3379 Deus
1424 3325 1486 3380 in
1513 3325 1636 3380 suis
1659 3323 2038 3380 sermonibus
2069 3339 2131 3379 se

475 3413 986 3469 contemnendum
1017 3413 1296 3482 insinuet,
1329 3419 1386 3469 et
1415 3417 1616 3469 tamen
1642 3414 1720 3468 ad
1759 3417 2130 3486 contempto-

474 3517 571 3557 res
599 3518 742 3557 suos
763 3501 930 3574 loqui
952 3517 1074 3557 non
1101 3505 1313 3570 cessat,
1341 3517 1462 3557 non
1492 3502 1926 3568 contristentur,
1951 3501 2132 3557 iidem

457 3589 668 3672 \sancti
715 3589 1136 3661 praedicatores
1175 3589 1318 3644 dum
1371 3593 1856 3656 contemnuntur,
1887 3589 1994 3644 sed
2021 3603 2132 3645 nec

477 3677 724 3734 omnino
771 3695 808 3734 a
858 3679 1248 3751 correptionis
1296 3678 1494 3735 ofﬁcio
1543 3678 1845 3734 ullatenus
1876 3681 2127 3734 cessent.

475 3771 624 3825 Nam
655 3772 713 3824 et
743 3768 858 3824 hoc
889 3767 1054 3840 quod
1077 3767 1242 3823 addit
1268 3767 1364 3824 vel
1391 3768 1540 3840 ipse,
1572 3783 1866 3838 magnum
1891 3766 2133 3840 pondus

473 3855 676 3924 habet,
707 3856 910 3928 eisque
955 3855 1240 3911 nimirum
1289 3855 1563 3926 congruit
1605 3855 1708 3928 qui
1738 3855 2135 3928 praedecesso-

473 3961 568 4001 res
601 3961 742 4001 suos
774 3945 1044 4001 recolunt
1068 3945 1312 4018 punitos
1349 3963 1361 4012 ;
1391 3945 1496 4018 qui
1529 3949 1732 4000 tamen
1761 3960 1864 4000 eos
1915 3943 2134 4000 imitari

473 4049 596 4090 non
640 4034 943 4100 desinunt,
975 4039 1030 4090 et
1059 4034 1343 4104 evestigio
1375 4034 1786 4090 tribulationes
1841 4035 1991 4090 sicut
2020 4033 2134 4105 ipsi

473 4124 803 4196 patiuntur,
833 4124 928 4180 vel
956 4124 1090 4198 ipsi,
1123 4123 1334 4196 inquit,
1365 4123 1428 4178 id
1459 4128 1551 4179 est
1587 4123 1692 4196 qui
1723 4124 2131 4196 praedecesso-

473 4229 610 4268 rum
642 4229 889 4268 suorum
931 4213 1278 4284 exemplum
1307 4212 1368 4266 in
1415 4211 1782 4282 adjutorium
1812 4211 2132 4284 correptio-

2238 3051 2592 3119 potestatem
2643 3045 2928 3103 divinitus
2981 3046 3203 3114 tribuit,
3237 3051 3308 3104 ut
3334 3063 3486 3121 quos
3531 3047 3726 3101 sanctae
3758 3042 3836 3094 Ec-

2239 3133 2431 3190 clesiae
2487 3133 2810 3190 auctoritas
2859 3139 3102 3207 propter
3145 3135 3459 3207 propriam
3497 3134 3742 3190 virtutem
3777 3125 3835 3182 ab

2238 3224 2630 3296 oppressione
2673 3238 3014 3297 pauperum
3062 3222 3301 3280 frenare
3349 3239 3470 3280 non
3513 3219 3722 3288 sutﬁcit,
3757 3229 3836 3288 per

2239 3313 2486 3368 istorum
2515 3312 2968 3384 opitulationem
3023 3313 3420 3370 comminuat.
3463 3311 3598 3368 Hinc
3625 3312 3754 3364 Deus
3777 3300 3834 3360 ad

2239 3400 2386 3456 Job:
2419 3402 2710 3472 Nunquid
2753 3403 2908 3459 valet
2951 3402 3299 3459 rhinoceros
3351 3403 3566 3459 servire
3614 3397 3722 3462 tibi,
3759 3397 3836 3449 aut

2240 3491 2578 3561 confringet
2604 3491 2806 3562 glebas
2837 3492 3089 3548 vallium
3117 3497 3254 3561 post
3283 3495 3384 3548 te?
3429 3489 3558 3562 (Job
3584 3500 3758 3554 mm,
3781 3479 3838 3548 9-)

2239 3579 2545 3634 Subaudi:
2589 3579 2740 3635 sicut
2781 3585 2915 3652 post
2959 3595 3077 3646 me,
3109 3579 3254 3652 quia
3311 3595 3438 3637 non
3478 3575 3733 3644 hominis,
3759 3567 3839 3626 sed

2243 3669 2342 3725 Dei
2371 3668 2559 3723 virtus
2583 3673 2690 3736 est,
2725 3675 2784 3725 ut
2809 3673 3023 3742 potens
3053 3669 3302 3742 quilibet
3337 3668 3416 3726 ad
3447 3664 3680 3725 caelestis
3705 3657 3839 3717 disci-

2238 3757 2416 3830 plinae
2445 3763 2796 3831 provectum
2819 3759 3096 3830 potentiae
3123 3774 3248 3814 suae
3268 3759 3510 3816 culmen
3534 3752 3785 3814 humiliet,
3798 3750 3840 3802 et

2240 3851 2529 3914 exerceat,
2561 3861 3069 3920 oppressoresque
3097 3847 3423 3904 humilium
3467 3843 3634 3919 quasi
3676 3837 3838 3911 glebas

2240 3936 2514 3992 refrenet.
2547 3935 2661 3992 Sed
2690 3936 2836 4008 quid
2887 3937 2990 3992 ﬁet
3012 3938 3039 3992 ?
3086 3940 3236 3993 Nam
3259 3937 3437 4008 juxta
3465 3934 3681 3998 Isaiam,
3708 3926 3792 4001 qui
3811 3939 3837 3978 ὃ

2243 4026 2404 4082 malo
2435 4025 2656 4081 recedit
2701 4025 2923 4099 praedae
2951 4029 3134 4099 patet.
3183 4028 3484 4100 Principes
3513 4021 3645 4080 socii
3679 4020 3836 4075 furum

2244 4114 2498 4184 diligunt
2538 4129 2812 4184 munera,
2861 4114 3091 4188 pupillo
3144 4119 3201 4171 et
3225 4115 3426 4172 vidua:
3455 4129 3571 4170 non
3595 4107 3833 4182 judicent.

2243 4205 2466 4277 quibus
2494 4220 2602 4278 per
2633 4204 2997 4277 Sapientiam
3026 4205 3242 4262 dicitur
3273 4223 3286 4262 :
3327 4207 3374 4263 0
3404 4221 3499 4263 vos
3517 4203 3614 4276 qui
3629 4191 3836 4271 placetis

473 4299 568 4355 nis
598 4299 820 4355 habere
869 4279 1163 4372 poterant,
1196 4299 1300 4372 qui
1349 4304 1405 4354 et
1452 4279 1676 4368 atﬂicti,
1706 4299 1962 4366 obsessi,
1984 4279 2132 4354 con-
2171 4327 2216 4381 Β
2247 4294 2405 4350 vobis
2435 4295 2498 4349 in
2529 4293 2737 4360 turbis,
2771 4293 2917 4351 data
2947 4301 3031 4351 est
3056 4296 3218 4352 vobis
3246 4301 3508 4366 potestas
3553 4307 3587 4348 a
3611 4292 3731 4352 Deo,
3759 4279 3838 4354 qui

475 4388 644 4455 clusi,
683 4389 888 4444 omnia
919 4405 1058 4461 quae
1090 4389 1150 4444 in
1181 4389 1295 4444 hoc
1324 4387 1556 4444 mundo
1603 4389 1946 4445 habuerunt
1969 4389 2136 4445 bona

473 4476 883 4550 perdiderunt,
915 4477 1094 4533 urbes
1125 4482 1344 4543 erutas,
1377 4493 1582 4534 eversa
1617 4483 1834 4546 castra,
1859 4477 2134 4550 depopu-

471 4563 627 4621 latos
675 4580 874 4636 agros,
903 4565 1192 4621 suﬁ'ossas
1241 4564 1522 4621 ecclesias
1563 4565 1765 4621 vident
1797 4584 1808 4620 :
1839 4569 1896 4621 et
1932 4573 2132 4622 tamen

473 4654 719 4711 eosdem
777 4655 1248 4727 prtedecessores
1307 4669 1450 4710 suos
1501 4654 1579 4710 ad
1637 4654 1980 4727 iniquitates
2051 4670 2135 4710 se-

474 4749 767 4815 quuntur,
816 4760 925 4800 nec
980 4743 1058 4800 ab
1112 4761 1321 4800 eorum
1369 4743 1624 4800 elatione
1673 4747 2003 4812 mutantur,
2031 4748 2136 4800 aut

473 4832 782 4896 recedunt,
831 4839 1082 4906 propter
1137 4849 1324 4906 quam
1376 4849 1480 4889 eos
1551 4833 1720 4889 toties
1769 4831 1946 4904 plecti
1994 4847 2134 4888 eon-

476 4926 822 4993 spexerunt.

548 5011 724 5065 XXIV.
764 5010 1126 5065 Potentiores
1173 5009 1420 5082 quidem
1469 5015 1637 5067 tanto
1698 5011 1930 5068 cautius
1989 5011 2132 5068 allo-

474 5097 702 5170 quendj
729 5101 889 5167 sunt,
912 5103 1142 5171 quanto
1169 5103 1227 5155 et
1249 5098 1537 5155 laxiorem
1560 5099 1747 5156 vitam
1766 5101 1984 5157 ducere
2003 5116 2132 5174 per-

475 5187 808 5254 mittuntur,
838 5191 895 5242 et
921 5185 1037 5260 ipsi
1069 5203 1180 5244 sua
1209 5188 1477 5260 potentia
1521 5187 1702 5244 veluti
1729 5189 1998 5262 quadam
2033 5205 2132 5244 su-

477 5276 789 5346 perbiendi
813 5276 1063 5334 materia
1091 5292 1165 5333 ne
1219 5292 1280 5332 se
1307 5276 1622 5333 humilient
1667 5277 2003 5335 incitentur.
2037 5277 2133 5334 His

479 5377 622 5431 ergo
669 5367 856 5422 verba
907 5365 1167 5435 Gregorii
1222 5365 1592 5432 Nazianzeni,
1624 5382 1760 5438 quae
1789 5367 1849 5422 in
1883 5368 2134 5424 Ieremia

549 5469 664 5540 (7t)
701 5471 838 5526 Non
884 5473 1225 5540 monachos,
1255 5473 1357 5529 sed
1398 5473 1761 5540 sarabaitas,
1803 5473 1867 5527 id
1907 5478 1990 5528 est
2040 5489 2131 5528 re-

391 5543 400 5552 ‘
475 5539 700 5616 nuitqs.
734 5542 1159 5616 Monachorum
1187 5548 1448 5616 quatuor
1491 5558 1711 5616 genera
1741 5560 1755 5598 :
1798 5541 2130 5616 ccenoibitie,

481 5609 880 5680 anaehoretee,
899 5609 1232 5683 sarabaitae',
1257 5609 1570 5686 gyrovagi,
1591 5613 1742 5670 sicut
1760 5617 1930 5672 notat
1957 5615 2011 5671 S.
2037 5609 2138 5671 Be-

2245 4383 2640 4452 interrogabit
2683 4398 2866 4452 opera
2913 4389 2966 4440 et
3013 4385 3400 4455 cogitationes
3456 4386 3684 4444 vestras,
3725 4385 3834 4444 quo-

2243 4472 2406 4528 niam
2437 4487 2571 4527 cum
2618 4473 2814 4528 essetis
2861 4474 3128 4529 ministri
3157 4473 3334 4545 regni
3377 4473 3559 4538 illius,
3583 4482 3688 4523 non
3715 4463 3836 4518 recte

2231 4560 2576 4631 judicastis,
2623 4575 2813 4632 neque
2853 4563 3177 4618 secundum
3227 4563 3586 4618 voluntatem
3629 4553 3725 4610 Dei
3742 4562 3832 4604 am-

2244 4649 2512 4705 bulastis.
2533 4649 2848 4706 Horrende
2873 4656 2928 4706 et
2949 4651 3062 4706 cito
3084 4651 3398 4721 apparebit
3428 4648 3580 4706 vobis
3605 4639 3833 4716 quoniam

2231 4739 2534 4808 judicium
2566 4739 2954 4795 durissimum
2984 4740 3048 4795 in
3072 4739 3164 4796 his
3188 4741 3294 4811 qui
3305 4741 3574 4810 praesunt
3597 4728 3832 4802 ﬁet(50P-

2240 4843 2320 4899 v1,
2349 4829 2488 4898 3-6).
2523 4827 2748 4898 Exiguo
2775 4828 2934 4883 enim
2983 4829 3329 4886 conceditur
3377 4818 3767 4884 misericordia,
3791 4812 3834 4865 οι

2241 4914 2588 4970 fortioribus
2615 4915 2820 4971 fortior
2845 4915 3025 4972 instat
3057 4915 3374 4974 cruciatus.

2311 5013 2460 5067 XXV.
2501 5013 2582 5066 Ne
2611 5010 2811 5080 igitur,
2834 5028 2870 5068 ο
2895 5011 3214 5085 principes,
3239 5007 3710 5070 comminationes
3735 4999 3829 5054 istm

2239 5115 2346 5154 vos
2354 5103 2658 5168 maneant,
2666 5100 2715 5156 si
2725 5104 2994 5173 potentes
3005 5101 3144 5157 estis
3153 5097 3548 5159 humiliamini
3558 5093 3662 5152 sub
3671 5090 3832 5164 poten-

2243 5188 2282 5244 ti
2302 5203 2490 5244 manu
2515 5188 2633 5256 Dei;
2657 5193 3017 5247 mementote
3037 5189 3244 5262 qualia
3261 5190 3403 5248 vitia
3418 5186 3654 5246 vicinius
3667 5181 3829 5254 poten-

2241 5277 2386 5334 tiam
2416 5278 2788 5335 comitentur.
2817 5279 3018 5336 Solent
3053 5280 3214 5336 enim
3259 5283 3523 5354 potentes
3552 5264 3825 5344 superbire.

2241 5365 2316 5421 de
2337 5367 2769 5438 temporalibus
2789 5367 3074 5440 gaudere,
3091 5373 3148 5424 et
3167 5374 3232 5424 ut
3248 5365 3490 5441 sitquod
3507 5355 3828 5420 abundanter

2242 5473 2514 5550 nedictus
2543 5490 2676 5550 cap.
2703 5481 2726 5550 ﬁt
2767 5473 3024 5544 Regulae,
3056 5475 3160 5532 ubi
3189 5479 3248 5534 et
3273 5475 3517 5550 quinam
3566 5456 3826 5524 sarabaitw

2241 5543 2433 5601 forent
2462 5543 2732 5618 explicat.
