4092 6158
263 100 371 153 609

1291 104 1787 163 COLLA'I‘IONUM
1827 104 2008 165 LIBRI
2045 109 2238 169 TRES.
2281 145 2351 156 —
2390 115 2518 171 LIB.
2561 116 2655 171 III.

3591 125 3696 179 610

261 218 634 316 expendant,
662 220 757 278 vel
814 222 1094 316 habeant,
1124 224 1317 282 solent
1359 226 1555 284 aliena
1606 230 1922 302 concupis-
1952 244 1998 296 Α
2039 237 2106 292 Et
2133 235 2273 293 item
2300 256 2313 294 :
2346 238 2589 305 Audite,
2603 241 2932 313 principes,
2957 244 3066 313 qui
3083 243 3518 301 abominamini
3535 248 3702 316 judi-

262 324 418 365 cere.
448 312 668 365 Contra
713 311 1058 383 superbiam
1087 329 1354 387 namque
1403 316 1706 387 Scriptura
1734 317 1877 375 dicit
1908 339 1921 376 :

265 398 425 467 Quid
449 399 715 469 superbit
747 406 909 458 terra
952 408 1007 458 et
1037 404 1187 459 cinis
1206 407 1233 460 ?
1261 406 1472 472 (Eccli.
1505 424 1565 478 x,
1595 408 1668 479 9).
1711 410 1929 466 Contra

264 487 593 561 temporale
622 487 914 557 gaudium
960 490 1201 548 dicitur:
1234 495 1410 550 Risus
1435 495 1644 553 dolore
1668 498 1931 555 miscebi-

265 584 371 634 tur
398 578 604 649 (Prov.
637 595 758 648 xw,
807 580 912 652 13).
947 584 1097 638 Nam
1135 583 1447 656 quomodo
1492 585 1784 643 innocens
1820 587 1931 644 erit

264 666 545 741 cupidus,
574 668 867 740 quoniam
897 668 1170 728 videlicet
1197 672 1586 747 cupiditatem
1606 677 1930 749 Apostolus

265 759 512 812 sanctus
541 755 722 813 etiam
770 755 945 814 idolis
988 766 1322 834 comparat,
1354 762 1595 834 dicens;
1621 764 1926 829 Avaritia,

263 861 399 918 quae
427 851 509 902 est
537 846 836 904 idolorum
865 851 1120 906 servitus
1148 852 1393 923 (Ep/tes.
1417 869 1477 925 v,
1505 854 1581 927 5):
1608 857 1669 912 et
1688 859 1931 913 sanctus

265 933 588 1005 Gregorius
620 934 694 991 de
726 935 841 993 hac
879 936 1192 1011 disputans
1238 942 1538 1015 perhibet,
1578 944 1725 1018 quia
1762 944 1929 1019 quis-

264 1021 404 1095 quis
428 1022 691 1079 avaritite
712 1022 1016 1095 subjectus
1045 1032 1153 1098 est,
1173 1044 1208 1084 a
1224 1029 1388 1087 cultu
1406 1030 1709 1089 idolorum
1730 1032 1930 1090 adhuc

261 1111 415 1168 liber
453 1127 577 1168 non
623 1113 754 1169 est?
795 1113 1084 1173 Jubentur
1123 1134 1367 1193 quoque
1410 1136 1537 1177 non
1590 1137 1832 1196 sperare
1868 1122 1931 1178 in

263 1201 492 1258 incerto
520 1200 885 1271 divitiarum,
913 1205 1021 1262 sed
1048 1206 1109 1263 in
1133 1210 1319 1265 Deum
1338 1208 1493 1267 bene
1518 1210 1734 1283 facere,
1760 1210 1931 1269 facile

263 1290 542 1348 tribuere.
574 1293 640 1349 Et
668 1297 733 1349 ut
762 1294 887 1349 suis
918 1299 1172 1367 tantum,
1193 1302 1250 1355 et
1277 1315 1401 1356 non
1433 1300 1644 1358 alienis
1665 1305 1929 1359 utantur.

261 1379 406 1437 dicit
426 1381 511 1436 eis
557 1383 817 1438 Joannes
864 1384 1155 1457 Baptista:
1215 1387 1524 1447 Neminem
1577 1391 1932 1449 concutiatis

262 1484 454 1541 neque
472 1470 840 1528 calumniam
854 1472 1123 1542 faciatis,
1154 1484 1210 1532 et
1241 1478 1507 1535 contenti
1522 1484 1703 1537 estote
1714 1480 1935 1551 stipen-

263 1558 380 1615 diis
410 1559 621 1616 vestris
647 1559 810 1631 (Luc.
843 1576 925 1629 ιιι,
968 1563 1077 1635 14).

338 1651 512 1705 XXVI.
546 1647 665 1705 Illis
696 1665 839 1707 vero
867 1650 972 1723 qui
1014 1653 1242 1726 rapinis
1288 1671 1632 1730 pauperum
1675 1672 1930 1732 pascun-

266 1742 364 1795 tur
392 1738 658 1796 severius
711 1739 1087 1800 obviandum
1115 1748 1223 1801 est.
1257 1748 1406 1803 Nam
1448 1751 1506 1804 et
1528 1747 1613 1804 illi
1643 1747 1750 1820 qui
1779 1762 1931 1821 pau-

266 1842 441 1900 peres
475 1826 724 1900 quidem
771 1843 896 1886 non
934 1829 1230 1903 afﬂigunt,
1264 1833 1373 1890 sed
1404 1838 1610 1893 tamen
1637 1835 1935 1893 aﬂlictori-

266 1916 386 1973 bus
413 1931 624 1973 eorum
648 1917 918 1975 resistere
938 1935 1063 1975 non
1077 1926 1307 1993 curent,
1327 1924 1713 1981 vehementer
1729 1924 1933 1997 utique

270 2010 542 2079 peccant.
567 2006 664 2063 Isti
686 2021 831 2079 ergo
858 2008 1130 2066 noverint
1147 2010 1293 2083 quia
1316 2011 1594 2069 solatium
1636 2013 1728 2069 sui
1757 2013 1932 2084 adju-

271 2095 404 2153 torii
449 2099 567 2153 Deo
623 2096 1004 2167 subtrahunt,
1055 2098 1205 2156 dum
1256 2116 1556 2176 pauperes
1620 2103 1751 2174 ejus
1811 2118 1935 2159 non

271 2181 620 2241 defendunt.
636 2184 798 2242 Sicut
824 2186 985 2243 enim
1010 2187 1072 2244 in
1093 2188 1217 2244 suis
1229 2195 1528 2259 gravatur,
1544 2190 1628 2248 ita
1645 2191 1774 2246 etin
1786 2191 1935 2264 ipsis

267 2272 587 2330 refovetur.
639 2273 802 2331 Unde
859 2276 1150 2350 scriptum
1199 2281 1319 2334 est:
1357 2279 1438 2335 Et
1503 2280 1568 2335 in
1597 2281 1782 2336 servis
1810 2280 1933 2336 suis

269 2363 682 2420 consolabitur
727 2364 823 2436 (II
840 2365 999 2423 Mac.
1030 2382 1131 2435 vn,
1160 2371 1251 2439 6);
1292 2373 1348 2424 et
1378 2369 1503 2439 ipse
1536 2370 1641 2440 qui
1679 2384 1801 2425 non
1848 2375 1933 2425 est

268 2466 497 2509 mecum
549 2452 862 2510 adversum
900 2470 994 2512 me
1020 2461 1105 2513 est
1139 2455 1376 2528 (Matth.
1408 2464 1511 2527 x‘n,
1544 2458 1657 2528 30).
1688 2459 1759 2514 Et
1783 2458 1933 2514 Pau-

268 2540 392 2597 lus:
422 2541 750 2611 Adiutores
779 2544 890 2600 Dei
907 2559 1110 2602 sumus
1136 2545 1196 2617 (Ι
1214 2547 1336 2603 Cor
1362 2562 1452 2613 ιιι,
1480 2548 1556 2619 9).
1588 2549 1655 2603 Et
1677 2548 1934 2620 prophe-

270 2635 332 2689 ta
364 2649 378 2687 :
410 2632 546 2689 Non
575 2633 925 2690 ascendistis
955 2650 1029 2693 ex
1079 2636 1330 2693 adverso
1357 2651 1547 2708 neque
1575 2639 1932 2707 opposuistis

269 2737 510 2778 murum
547 2737 663 2793 pro
692 2723 1067 2781 Hierusalem
1097 2725 1333 2796 (Ezech.
1377 2743 1497 2786 xm.
1524 2729 1607 2785 5).
1644 2729 1931 2799 Raptores

270 2825 410 2867 vero
438 2810 699 2881 cogitent
739 2811 885 2884 quia
932 2812 1081 2869 dum
1121 2828 1419 2886 pauperes
1461 2813 1707 2884 lmdunt,
1739 2829 1932 2887 usque

271 2897 354 2954 ad
383 2898 485 2955 Dei
530 2898 718 2972 ipsius
771 2899 1084 2957 lassionem
1133 2916 1353 2958 manus
1407 2902 1755 2959 extendunt.
1801 2904 1931 2958 Vox

270 2986 433 3043 enim
461 2987 650 3060 ipsius
674 2992 793 3045 est:
825 2988 994 3056 Quod
1022 2990 1132 3046 uni
1153 3006 1229 3047 ex
1261 2990 1352 3047 his
1383 2991 1646 3047 minimis
1681 2992 1928 3061 fecistis,

269 3075 424 3131 mihi
441 3077 669 3146 fecistis
697 3076 938 3155 (Matth,
978 3094 1119 3147 xxv,
1149 3079 1262 3151 40).
1299 3081 1449 3136 Cum
1477 3094 1620 3151 ergo
1658 3078 1933 3151 afﬂigunt

270 3180 587 3238 pauperes,
619 3166 827 3239 utique
855 3167 1042 3223 Deum
1069 3166 1669 3241 aﬂligunt,sicutipse
1684 3171 1931 3225 testatur

270 3253 505 3311 dicens:
536 3256 737 3324 Saule,
768 3257 976 3322 Saule,
1013 3257 1159 3329 quid
1201 3273 1294 3314 me
1330 3258 1743 3329 persequeris?
1774 3258 1927 3329 (Act.

269 3359 423 3413 xxn,
449 3346 525 3416 7).
558 3344 787 3402 leum
811 3345 941 3417 jam
993 3345 1366 3414 ascenderat,
1412 3350 1469 3402 et
1525 3346 1722 3402 adhuc
1774 3345 1934 3403 Sauli

269 3434 610 3505 persecutio
639 3434 736 3490 hic
766 3450 878 3491 sua
905 3434 1183 3491 membra
1228 3434 1531 3506 tangebat.
1568 3435 1728 3492 Sicut
1772 3435 1935 3491 enim

269 3536 379 3593 per
405 3521 599 3579 bonos
626 3522 911 3596 loquitur,
943 3524 1179 3581 dict-nte
1205 3523 1423 3581 eodem
1454 3523 1670 3581 Paulo:
1700 3524 1801 3579 An
1829 3539 1932 3581 ea:-

264 3612 666 3680 perimentum
724 3614 993 3684 quaeritis
1049 3615 1177 3684 eius
1226 3614 1335 3686 qui
1388 3614 1452 3670 in
1514 3629 1606 3670 me
1667 3614 1936 3685 loquitur

273 3699 592 3756 Christus?
639 3701 733 3768 (ΙΙ
782 3701 920 3757 Cor.
953 3719 1069 3773 xui,
1104 3704 1178 3775 3).
1230 3703 1321 3760 Sic
1351 3703 1483 3777 ipse
1523 3702 1585 3758 in
1614 3700 1933 3759 afflictione

267 3786 592 3843 humilium
646 3788 960 3858 laceratur,
991 3790 1223 3847 dicente
1271 3791 1583 3848 Malachia:
1609 3791 1674 3846 Si
1701 3792 1936 3862 afﬂiget

270 3878 449 3933 homo
466 3876 675 3938 Deum,
700 3878 845 3948 quia
870 3893 968 3934 vos
998 3880 1293 3951 conﬁgitis
1324 3895 1434 3947 me,
1469 3881 1779 3941 maledicti
1798 3883 1933 3937 estis

269 3979 417 4036 gens
449 3969 574 4021 tota
599 3965 705 4037 qui
749 3968 1046 4037 conﬁgitis
1074 3984 1167 4025 me
1215 3967 1457 4039 (Malae.
1492 3984 1576 4038 ιιι,
1607 3971 1683 4035 9).
1717 3972 1785 4025 Et
1811 3984 1935 4025 non

274 4053 476 4111 solum
531 4054 637 4128 qui
691 4053 987 4126 aﬁligunt,
1013 4055 1121 4112 sed
1170 4056 1353 4113 etiam
1411 4057 1461 4113 si
1487 4057 1668 4113 nimis
1696 4074 1807 4114 sua
1830 4058 1936 4131 qui

272 4142 516 4200 ditiores
542 4147 684 4200 sunt
735 4143 1158 4215 vendiderunt,
1198 4145 1403 4218 utique
1459 4151 1729 4219 peccant.
1770 4146 1934 4203 Unde

273 4236 333 4289 et
367 4235 585 4290 Amos:
654 4234 878 4291 Audite
930 4236 1036 4305 qui
1090 4236 1395 4293 conteritis
1446 4250 1799 4306 pauperem,
1831 4237 1937 4308 qui

272 4321 506 4393 dicitis;
551 4322 958 4393 possideamus
1002 4338 1234 4394 egenos,
1284 4330 1341 4380 et
1399 4325 1755 4396 quisquilias
1804 4331 1937 4395 fru-

271 4413 460 4469 menti
477 4413 825 4470 vendamus.
846 4414 1091 4471 Juravit
1112 4414 1424 4477 Dominus,
1448 4416 1504 4471 si
1519 4415 1739 4472 oblitus
1758 4416 1935 4486 fuero

274 4515 459 4573 usque
509 4500 590 4558 ad
647 4503 829 4571 ﬁnem
848 4543 863 4569 ,
918 4506 975 4558 et
1037 4508 1381 4560 convertam
1442 4503 1642 4560 omnia
1699 4505 1938 4561 cantica

273 4594 475 4645 vestra
492 4589 556 4644 in
576 4589 913 4659 planctum,
939 4596 995 4647 et
1025 4592 1344 4647 novissima
1380 4592 1442 4647 in
1472 4592 1627 4648 diem
1662 4606 1938 4649 amarum

275 4677 483 4744 (Amos
498 4692 616 4741 vm,
643 4681 698 4746 4,
731 4683 784 4749 5,
817 4683 869 4747 6,
905 4680 1011 4750 10).
1045 4679 1189 4735 Item
1218 4680 1379 4753 ipse:
1426 4682 1521 4737 Va:
1542 4682 1649 4753 qui
1669 4682 1942 4751 opulenti

274 4767 414 4824 estis
459 4767 793 4836 optimates,
839 4769 1041 4837 capita
1076 4770 1466 4839 populorum,
1536 4770 1938 4842 ingredientes

272 4855 631 4926 pompatice,
661 4856 768 4926 qui
811 4857 1083 4914 dormitis
1110 4859 1174 4914 in
1198 4859 1362 4915 lectis
1413 4859 1710 4926 eburneis,
1734 4865 1790 4915 et
1819 4859 1939 4915 las-

273 4944 469 5000 civitis
496 4945 558 5000 in
582 4945 790 5001 stratis
820 4947 1048 5012 vestris,
1092 4946 1349 5003 bibentes
1381 4948 1586 5003 vinum
1615 4948 1678 5003 in
1710 4947 1939 5016 'phialis

273 5031 476 5104 (Amos
505 5049 580 5100 vx,
610 5037 661 5100 1,
706 5034 785 5105 2),
816 5033 959 5107 quia
987 5033 1259 5091 videlicet
1285 5034 1691 5106 dedignantur
1736 5034 1941 5092 bibere

272 5122 338 5178 in
368 5121 685 5179 rusticanis
709 5122 885 5192 vasis,
912 5127 971 5180 et
996 5122 1164 5197 quod
1194 5124 1462 5197 sequitur
1494 5141 1507 5179 :
1559 5125 1802 5180 Juravit
1826 5126 1942 5180 Do-

270 5211 473 5267 minus
490 5211 554 5267 in
568 5226 755 5269 manu
768 5212 1162 5281 sua,detestor
1191 5228 1297 5284 ego
1320 5213 1662 5282 superbiam
1681 5213 1740 5283 (Ι
1738 5213 1839 5268 bid
1844 5213 1940 5284 .8).

272 5304 344 5355 Et
370 5300 649 5357 Micheas:
679 5303 892 5357 Nonne
913 5303 1094 5356 verba
1121 5317 1253 5356 mea
1277 5302 1431 5357 bona
1451 5307 1614 5361 sunt,
1643 5307 1695 5355 et
1719 5317 1852 5356 cum
1879 5316 1943 5356 eo

269 5388 381 5456 qui
400 5394 555 5441 recte
582 5388 886 5458 graditur,
908 5394 962 5444 et
1004 5404 1034 5443 ρ
1062 5391 1368 5445 contrario
1414 5390 1675 5458 populus
1694 5404 1857 5443 mcus
1882 5390 1943 5442 in

269 5475 690 5533 adversarium
719 5477 1129 5532 consurrexit?
1164 5478 1383 5535 Viduas
1403 5479 1655 5549 ejecistis
1675 5476 1748 5533 de
1775 5477 1945 5533 domo

269 5570 329 5619 et
354 5580 395 5621 a
416 5566 699 5635 parvulis
721 5564 941 5621 tulistis
978 5565 1215 5622 laudem
1239 5582 1429 5624 meam
1462 5566 1666 5639 (Mich.
1700 5582 1756 5634 ιι,
1783 5572 1837 5634 7,
1868 5564 1944 5636 9).

2037 326 2215 395 cium,
2247 333 2303 383 et
2316 329 2517 384 omnia
2529 334 2693 385 recta
2703 332 3067 398 pervertitis,
3096 333 3458 390 abscondam
3480 335 3701 404 faciem

2036 430 2226 471 meam
2258 431 2295 471 a
2338 417 2519 483 vobis,
2548 418 2702 472 sicut
2748 420 2904 476 male
2950 421 3149 490 egistis
3178 420 3383 491 (Mich.
3417 438 3496 484 ιιι,
3528 428 3582 491 9,
3620 423 3696 493 4).

2037 505 2105 558 Et
2140 508 2204 559 ut
2244 505 2584 562 ostenderet
2610 521 2672 561 se
2701 522 2830 562 esse
2879 507 2986 579 qui
3026 507 3087 563 in
3127 509 3312 565 servis
3344 510 3467 566 suis
3496 511 3703 568 omnia

2014 592 2292 649 adversa
2329 597 2650 666 pateretur,
2682 594 2760 651 ad
2807 594 3054 651 beatum
3098 596 3210 652 Job
3236 598 3319 654 ait
3362 599 3702 672 :Nunquid

2036 682 2292 751 impetus
2322 697 2621 754 aquarum
2650 685 2871 754 operiet
2907 689 3005 741 te?
3027 685 3163 756 (Job
3192 702 3423 757 xxxvm,
3446 688 3559 759 34).
3590 690 3700 744 Su-

2035 768 2245 837 baudi,
2274 775 2337 827 ut
2366 787 2487 838 me,
2517 771 2806 845 quoniam
2851 772 3038 846 iniqui
3067 788 3175 845 per
3210 774 3700 847 praedicationem

2038 862 2388 915 sanctorum
2433 859 2779 933 loquentem
2816 861 3065 934 quidem
3106 862 3380 933 audiunt,
3418 863 3525 919 sed
3575 879 3699 920 non

2035 946 2391 1018 intelligunt,
2434 952 2491 1005 et
2532 965 2640 1022 per
2685 948 2915 1007 aﬂictos
2967 950 3293 1023 patientem
3339 950 3563 1019 vident,
3597 951 3703 1007 sed

2036 1051 2163 1093 non
2218 1036 2620 1094 considerant.
2657 1039 3032 1112 Quapropter
3079 1039 3329 1096 audiant
3382 1039 3703 1096 consilium

2039 1125 2230 1183 sancti
2247 1126 2453 1183 Jacobi
2472 1127 2754 1184 dicentis:
2789 1129 2966 1199 Agite
2992 1144 3175 1197 nunc,
3204 1129 3437 1196 divites,
3461 1131 3705 1199 plorate

2037 1216 2346 1272 ululantes
2389 1217 2455 1272 in
2484 1217 2742 1273 miseriis
2771 1232 2905 1289 quae
2942 1219 3361 1287 supervenient
3390 1218 3571 1274 vobis.
3604 1218 3704 1273 Di-

2039 1304 2198 1361 vitiae
2216 1309 2427 1360 vestrae
2449 1306 2813 1374 putrefactas
2844 1310 3005 1375 sunt,
3041 1312 3097 1361 et
3126 1306 3473 1362 vestimenta
3505 1310 3736 1362 vestra'

2039 1406 2079 1449 a
2107 1392 2268 1449 tinea
2296 1399 2551 1449 comesta
2578 1399 2740 1463 sunt,
2772 1408 2990 1450 aurum
3015 1399 3073 1449 et
3091 1398 3410 1463 argentum
3439 1399 3704 1451 vestrum

2041 1483 2421 1554 aeruginavit,
2449 1487 2506 1539 et
2528 1498 2732 1554 aerugo
2760 1497 2965 1539 eorum
2997 1483 3161 1539 vobis
3189 1484 3252 1539 in
3297 1484 3704 1541 testimonium

1963 1599 2004 1652 Β
2040 1571 2175 1638 erit,
2206 1580 2263 1627 et
2281 1571 2671 1627 manducabit
2700 1584 2910 1627 carnes
2940 1576 3165 1626 vestras
3186 1571 3340 1627 sicut
3362 1571 3519 1642 ignis
3546 1570 3699 1641 (Jac.

2042 1675 2097 1726 v,
2130 1658 2260 1730 1-3).
2291 1657 2572 1731 Alioquin
2623 1673 2764 1714 cum
2798 1657 2928 1713 haec
2956 1656 3196 1713 illorum
3229 1657 3570 1714 umbratilis
3598 1657 3704 1712 de-

2039 1746 2276 1805 lectatio
2293 1751 2353 1804 et
2382 1746 2722 1803 transitoria
2741 1761 3082 1819 pauperum
3101 1745 3499 1819 pervolaverit
3520 1744 3705 1802 afﬂic-

2040 1836 2143 1900 tio,
2166 1835 2270 1892 ﬁet
2317 1838 2582 1908 utrisque
2607 1835 2752 1892 illud
2787 1834 2984 1892 Isaiae:
3016 1836 3171 1892 Ecce
3187 1836 3348 1892 servi
3379 1835 3496 1892 mei
3522 1850 3707 1891 come-

2042 1926 2204 1997 dent,
2235 1930 2290 1982 et
2326 1940 2427 1981 vos
2456 1926 2748 1992 esurietis,
2781 1939 2911 1981 ecce
2949 1925 3112 1981 servi
3141 1925 3259 1981 mei
3282 1924 3501 1992 bibent,
3520 1930 3574 1980 et
3605 1938 3706 1980 vos

2041 2015 2271 2081 sitietis,
2302 2028 2434 2071 ecce
2460 2014 2620 2071 servi
2654 2014 2770 2071 mei
2801 2013 3170 2070 laetabuntur
3214 2019 3271 2069 et
3297 2029 3398 2071 vos
3447 2014 3705 2084 confun-

2042 2102 2428 2173 demini(Isa.
2458 2118 2595 2170 Lxx,
2628 2102 2736 2173 13),
2761 2106 2820 2158 et
2841 2101 2990 2174 quid
3035 2101 3269 2159 multa?
3298 2101 3496 2158 omnis
3525 2100 3706 2158 totius

2042 2191 2358 2265 Scriptura;
2383 2189 2773 2248 comminatio
2810 2189 3111 2261 jaculatur
3150 2190 3214 2246 in
3243 2206 3367 2259 eos,
3406 2190 3523 2246 nisi
3559 2188 3703 2246 resi-

1988 2316 2003 2325 -
2044 2280 2300 2354 puerint.

2112 2371 2325 2426 XXVII.
2356 2371 2484 2424 Non
2505 2383 2648 2438 ergo
2670 2367 2962 2436 laetentur,
2993 2372 3051 2424 et
3078 2366 3355 2424 dividant
3378 2365 3593 2440 spolia,
3611 2381 3703 2422 re-

2041 2456 2432 2515 mordeantur
2454 2456 2610 2513 illius
2638 2456 2804 2513 verbi
2832 2456 3146 2527 memoria,
3163 2471 3286 2528 quo
3316 2454 3565 2511 dicitur:
3609 2456 3706 2510 Vw

2040 2547 2146 2619 qui
2190 2546 2513 2616 praedaris,
2572 2560 2771 2602 nonne
2814 2551 2868 2601 et
2919 2546 3042 2614 ipse
3084 2544 3451 2614 przedaberis
3483 2547 3512 2599 ?
3559 2543 3704 2614 (Isa.

2039 2650 2243 2703 χχχιιι,
2271 2635 2342 2706 1.)
2365 2638 2423 2690 et
2450 2633 2617 2706 quod
2647 2633 2707 2689 in
2734 2633 2844 2689 Job
2876 2633 3238 2706 perhibetur,
3263 2632 3545 2702 aufertur
3582 2632 3705 2687 vio-

2044 2724 2237 2780 lentus
2273 2723 2492 2794 absque
2533 2738 2719 2780 manu
2772 2723 2905 2793 (Job
2948 2739 3150 2792 xxxrv,
3181 2722 3294 2793 26).
3340 2719 3506 2776 Videt
3545 2719 3708 2776 enim

2041 2816 2247 2884 raptor
2271 2827 2426 2884 quos
2456 2812 2630 2885 rapit,
2657 2811 2764 2866 sed
2795 2826 2899 2867 eos
2923 2811 3027 2883 qui
3066 2811 3128 2866 in
3157 2814 3349 2866 morte
3377 2808 3546 2866 illum
3576 2823 3709 2881 rap-

2043 2901 2159 2957 turi
2191 2904 2334 2956 sunt
2358 2915 2482 2956 non
2510 2899 2685 2967 videt,
2718 2900 2984 2955 aufertur
3023 2897 3225 2971 itaque
3254 2897 3487 2971 absque
3516 2912 3706 2954 manu

2042 2989 2147 3063 qui
2178 2989 2472 3045 violentus
2500 3003 2689 3044 manu
2715 2987 2841 3055 fuit,
2860 2987 3005 3060 quia
3021 2987 3219 3042 subito
3249 2986 3409 3042 exitu
3438 2988 3703 3055 urgente,

2041 3077 2415 3134 invisibiliter
2433 3077 2682 3149 rapitur,
2710 3075 2815 3149 qui
2840 3074 3140 3131 visibiliter
3165 3074 3461 3148 rapiebat,
3485 3077 3543 3130 et
3569 3088 3705 3147 rap-

2043 3171 2200 3224 tores
2231 3182 2373 3222 suos
2402 3180 2526 3222 non
2556 3165 2733 3234 videt,
2758 3169 2815 3220 et
2849 3168 3049 3220 tamen
3100 3163 3180 3220 ad
3206 3164 3432 3220 exitum
3455 3162 3705 3235 impelli-

2043 3261 2156 3312 tur.
2187 3259 2353 3312 Nunc
2382 3254 2545 3311 enim
2593 3254 2743 3310 dum
2796 3253 3052 3327 quisque
3085 3252 3382 3309 violentus
3411 3266 3566 3324 quos
3598 3266 3708 3306 vo—

2042 3344 2216 3402 luerit
2244 3344 2549 3419 opprimit,
2577 3343 2727 3399 dum
2756 3358 2935 3399 omne
2984 3341 3153 3415 quod
3181 3340 3453 3414 nequiter
3496 3355 3711 3396 concu-

2041 3434 2233 3508 piscit,
2266 3448 2539 3490 exercere
2593 3431 2972 3505 permittitur,
3003 3429 3071 3487 ﬁt
3101 3445 3261 3503 saepe
3293 3434 3356 3486 ut
3381 3430 3442 3485 in
3479 3428 3710 3500 majore

2042 3524 2240 3581 cordis
2266 3523 2528 3580 caecitate
2561 3521 2848 3595 prosiliat,
2880 3526 2938 3577 et
2963 3520 3109 3594 quia
3128 3535 3252 3576 non
3276 3519 3477 3576 statim
3503 3533 3710 3593 percu-

2042 3614 2201 3682 titur,
2234 3613 2378 3686 quia
2405 3628 2588 3686 pmna
2616 3611 2746 3682 ejus
2765 3611 2827 3666 in
2855 3615 3168 3683 posterum
3189 3608 3478 3677 differtur,
3502 3606 3709 3680 nequi-

2043 3702 2190 3758 tiam
2220 3718 2393 3758 suam
2418 3704 2523 3757 aut
2548 3716 2586 3756 a
2638 3703 2757 3755 Deo
2809 3697 2998 3754 videri
3034 3712 3160 3753 non
3183 3699 3372 3770 putet,
3405 3700 3511 3752 aut
3552 3695 3710 3751 hanc

2044 3795 2102 3848 et
2125 3807 2248 3847 non
2277 3789 2589 3862 disciplere
2614 3787 2835 3844 credat.
2867 3786 3032 3843 Unde
3072 3790 3130 3841 et
3167 3784 3445 3841 eamdem
3495 3783 3707 3857 nequi-

2044 3878 2189 3935 tiam
2223 3876 2518 3946 corrigere
2546 3873 2810 3945 negligit,
2844 3889 2955 3946 pro
3000 3888 3125 3945 qua
3154 3887 3278 3928 non
3308 3871 3510 3928 statim
3533 3870 3706 3926 ultio-

2044 3982 2187 4022 nem
2214 3964 2480 4020 incurrit.
2517 3962 2631 4020 Sed
2661 3960 2953 4035 superiori
2980 3959 3167 4016 verbo
3192 3958 3268 4015 de
3300 3962 3419 4015 Deo
3460 3958 3707 4029 subjun-

2047 4054 2231 4126 gitur:
2267 4052 2443 4109 Oculi
2490 4054 2618 4123 ejus
2655 4065 2837 4120 super
2883 4050 3011 4106 vias
3059 4048 3390 4119 hominum,
3422 4051 3478 4103 et
3507 4062 3708 4102 omnes

2047 4143 2174 4199 vias
2203 4156 2406 4199 eorum
2455 4140 2794 4197 considerat
2827 4138 2954 4210 (Job
2986 4152 3173 4204 xxxxv,
3206 4135 3320 4207 21).
3356 4137 3518 4191 Tunc
3548 4133 3708 4190 enim

2050 4234 2208 4289 Deus
2224 4246 2349 4287 non
2364 4228 2748 4288 considerare
2768 4226 3099 4301 nequitiam
3116 4223 3491 4294 credebatur,
3512 4239 3680 4296 quan
3691 4254 3708 4263 -

2047 4321 2129 4378 do
2159 4320 2456 4377 violentus
2484 4319 2594 4375 iste
2623 4333 2803 4375 omne
2823 4316 3054 4373 malum
3077 4313 3246 4387 quod
3265 4317 3501 4387 poterat
3524 4312 3709 4368 inulte

2049 4408 2452 4483 perpetrabat,
2482 4411 2540 4464 et
2566 4421 2792 4477 magna
2820 4405 2951 4477 ejus
2978 4402 3268 4477 patientia
3309 4402 3486 4475 quasi
3542 4417 3708 4474 qum-

2047 4498 2193 4555 dam
2237 4496 2599 4568 negligentia
2644 4494 2994 4569 putabatur.
3050 4489 3166 4550 Sed
3203 4495 3300 4549 eat
3326 4505 3510 4558 nunc,
3541 4493 3601 4547 et
3628 4489 3707 4546 ad

2048 4586 2381 4660 quamlibet
2404 4584 2745 4642 violentiam
2760 4582 3186 4657 praesumendo
3204 4582 3584 4654 prorumpat,
3609 4594 3708 4634 vo-

2046 4675 2339 4733 luntatem
2369 4690 2617 4730 suarum
2642 4672 2941 4745 nequitias
2969 4669 3235 4743 impleat,
3267 4668 3464 4724 aliena
3489 4666 3705 4740 rapiat,

2048 4766 2441 4822 innocentum
2469 4761 2863 4836 oppressione
2893 4759 3156 4826 satietur,
3189 4762 3248 4814 et
3269 4757 3415 4831 quia
3443 4755 3705 4813 necdum

2048 4854 2393 4929 percutitur,
2417 4853 2548 4909 vias
2576 4867 2717 4908 suas
2745 4867 2783 4908 a
2809 4849 3064 4905 Domino
3086 4852 3191 4905 aut
3212 4862 3335 4904 non
3351 4846 3541 4903 videri
3562 4845 3711 4903 exis-

2049 4944 2235 5013 timet,
2251 4945 2374 5012 aut,
2392 4940 2741 5014 quodpejus
2766 4942 2873 5007 est,
2887 4935 3233 5011 approbari.
3256 4935 3460 4993 Veniet
3474 4934 3708 5009 profec-

2050 5035 2131 5102 to,
2154 5030 2351 5087 veniet
2374 5033 2596 5086 aeterna
2614 5031 2674 5085 et
2699 5026 3012 5101 repentina
3029 5025 3357 5099 percussio,
3380 5028 3438 5081 et
3458 5027 3598 5080 tunc
3614 5038 3709 5077 co-

2053 5124 2299 5193 gnoscet
2312 5122 2528 5176 cuncta
2547 5134 2584 5177 a
2599 5120 2720 5174 Deo
2734 5115 3015 5191 prospici,
3032 5115 3281 5189 quando
3298 5129 3362 5169 se
3381 5109 3709 5183 improviso

2053 5210 2217 5267 exitu
2239 5208 2452 5267 viderit
2471 5223 2584 5281 pro
2614 5210 2969 5264 cunctorum
2996 5202 3381 5261 retributione
3406 5197 3704 5255 damnari.

2053 5304 2215 5356 Tunc
2244 5299 2305 5354 in
2336 5315 2516 5370 pmna
2563 5314 2674 5353 sua
2714 5296 2922 5352 oculos
2974 5292 3161 5365 aperit
3191 5305 3348 5362 quos
3391 5287 3495 5342 diu
3526 5286 3713 5341 tenuit

2056 5390 2295 5445 clausos
2312 5388 2369 5442 in
2389 5387 2586 5459 culpa.
2601 5390 2762 5441 Tunc
2779 5382 3156 5439 considerare
3176 5375 3381 5432 omnia
3400 5392 3609 5431 verum
3617 5376 3710 5445 ju—

2057 5477 2254 5534 dicem
2280 5475 2476 5544 sentit,
2501 5473 2750 5547 quando
2800 5471 3101 5526 malorum
3139 5480 3389 5522 suorum
3431 5464 3713 5521 meritum

2054 5566 2185 5636 jam
2198 5563 2449 5621 evadere
2459 5558 2768 5618 sentiendo
2783 5571 2907 5613 non
2929 5553 3136 5628 possit.
3150 5556 3372 5611 Tamen
3387 5549 3715 5627 quemlibet
