4092 6158
523 179 618 234 ou
1593 166 1648 220 S.
1685 159 1942 222 ODONIS
1972 155 2266 214 ABBATIS
2298 159 2794 218 CLUNIACENSIS
2825 159 2868 213 ll
3773 167 3854 220 an

517 301 840 370 raptorem,
872 297 938 350 ut
985 292 1046 348 in
1087 293 1446 346 Esamerum
1483 286 1716 352 dicitur,
1760 284 1913 342 bene
1952 280 2167 338 silurus
2197 282 2242 334 Α
2285 287 2498 338 morat.
2527 282 2852 338 Dicendum
2875 287 2966 336 est
2999 279 3345 351 hujusmodi
3373 279 3514 336 illud
3531 280 3662 336 Job:
3687 283 3860 342 Scitote

517 385 614 444 ille
643 383 824 457 piscis
855 378 1168 450 signiﬁcat,
1197 377 1302 450 qui
1345 393 1484 434 cum
1508 375 1729 447 jugiter
1775 371 1924 428 alios
1975 370 2170 444 pisces

517 475 776 536 devoret,
817 473 944 541 ipse
985 473 1186 524 tamen
1220 465 1452 538 capitur
1495 469 1550 520 et
1586 467 1845 520 voratur.
1891 459 2004 518 Sed
2034 474 2170 530 rap-

519 569 674 620 tores
700 560 930 615 utinam
947 569 1083 630 Quae
1100 573 1201 614 eos
1219 554 1511 629 supplicia
1529 555 1834 619 maneant,
1858 550 1948 606 vel
1967 554 2174 604 utcun-

515 664 634 720 que
663 647 1058 706 addiscerent.
1077 643 1272 700 Homo
1295 642 1390 700 ille
1421 643 1512 697 cui
1539 641 1768 696 dictum
1794 643 1882 696 est
1907 655 1918 694 :
1955 637 2172 704 Stulte,

517 742 688 794 nocte
710 741 979 806 repetant
1015 734 1278 788 animam
1321 737 1484 786 tuam
1517 729 1620 786 abs
1643 735 1734 784 te:
1775 743 1906 799 quae
1941 739 2176 795 praepa-

517 827 670 884 rasti
695 827 868 896 cujus
893 829 1074 882 emat
1097 826 1124 877 ?
1153 821 1316 892 (Luc.
1347 835 1447 888 xu,
1475 823 1566 884 20)
1594 833 1717 874 non
1743 817 2177 874 condemnatus

438 955 446 964 ι
516 917 687 989 quod
714 915 911 972 aliena
941 911 1344 984 rapuerit,sed
1363 909 1528 982 quod
1551 908 1611 964 in
1639 907 2017 964 multitudine
2039 903 2180 959 divi-

517 1006 738 1062 tiarum
765 1019 1014 1058 suarum
1043 1000 1330 1070 gloriatus
1359 999 1454 1054 sit.
1481 997 1596 1054 Sed
1617 1013 1813 1068 neque
1841 995 1934 1052 ille
1957 1007 2180 1068 purpu-

519 1098 686 1152 ratus
713 1097 952 1166 propter
979 1090 1256 1162 rapinam
1289 1087 1524 1156 interiit,
1556 1087 1660 1143 sed
1681 1086 1826 1158 quia
1854 1085 2180 1155 eleemosy-

519 1200 664 1240 nam
684 1197 804 1240 non
825 1181 980 1238 fecit.
996 1179 1212 1247 Quales
1229 1193 1372 1248 ergo
1395 1183 1535 1234 sunt
1551 1176 1866 1234 Christiani
1889 1180 2177 1247 raptores,

519 1273 614 1330 vel
653 1271 800 1345 quid
843 1273 1144 1328 merentur
1181 1267 1532 1340 qui‘fratres
1563 1283 1704 1322 suos
1743 1265 2041 1328 occidunt,
2071 1280 2181 1336 pro

518 1361 740 1434 quibus
761 1359 996 1416 animas
1013 1373 1235 1431 ponere
1249 1356 1574 1427 jubentur?
1591 1355 1892 1416 Occident,
1909 1354 2177 1425 inquam,

443 1471 448 1474 ·
517 1451 667 1508 dum
697 1448 990 1519 afﬂigunt,
1022 1446 1314 1520 quoniam
1361 1461 1484 1500 non
1517 1445 1714 1500 solum
1745 1444 1848 1516 qui
1873 1443 2042 1515 rapit,
2075 1442 2180 1498 sed

516 1538 624 1611 qui
649 1535 1094 1594 mercenarium
1121 1533 1460 1596 defraudat,
1489 1548 1602 1604 par
1635 1531 1951 1588 homicidas
1981 1529 2178 1602 perhi-

517 1625 712 1682 betur.

591 1714 976 1770 XXVlIl.Cum
1003 1711 1197 1768 omnis
1221 1715 1376 1766 esset
1405 1711 1668 1766 mundus
1697 1710 1758 1764 in
1786 1708 2052 1777 maligno
2077 1723 2180 1779 po-

521 1802 686 1868 situs,
735 1817 1098 1874 persuasum
1145 1805 1233 1856 est
1303 1804 1505 1856 tamen
1567 1797 1917 1854 horninibus
1979 1796 2180 1852 timere

521 1893 733 1959 Deum,
753 1896 814 1948 et
841 1905 964 1948 non
987 1889 1182 1946 solum
1212 1903 1336 1944 non
1366 1888 1610 1958 diligere
1639 1887 1960 1952 mundum,
1995 1887 2100 1942 sed
2125 1889 2182 1942 et

519 1986 922 2050 contemnere,
955 1985 1018 2036 ut
1043 1995 1152 2051 pro
1181 1994 1386 2034 amore
1417 1977 1720 2050 sequentis
1747 1977 1878 2032 vita:
1910 1976 2184 2048 semetip-

521 2087 622 2126 sos
659 2071 740 2126 ad
777 2068 1059 2142 quaelibet
1089 2071 1384 2123 tormenta
1411 2066 1801 2132 tradiderint;
1851 2081 2010 2120 nunc
2039 2080 2180 2120 vero

519 2175 662 2216 cum
687 2158 964 2214 universa
987 2157 1066 2214 ad
1091 2155 1486 2212 eruditionem
1515 2155 1986 2212 Christianorum
2007 2153 2180 2226 perti—

519 2252 664 2304 nent
687 2251 746 2304 et
787 2245 984 2302 verbis
1010 2249 1066 2300 et
1095 2243 1384 2317 exemplis
1429 2243 1758 2300 dilucidata
1788 2248 1944 2308 sunt,
1977 2248 2182 2298 tamen

520 2337 634 2393 ista
691 2335 869 2391 simul
918 2335 1122 2390 omnia
1183 2337 1665 2400 contemnuntur,
1725 2337 1790 2388 ut
1837 2331 2180 2388 Judaeorum

520 2425 970 2498 perversitatem
1001 2423 1224 2479 nostris
1257 2422 1528 2478 moribus
1577 2422 1774 2477 inesse
1806 2421 2178 2476 demonstre-

519 2531 684 2570 mus.
711 2515 866 2569 Nam
891 2528 1034 2582 erga
1055 2512 1183 2568 illos
1213 2511 1367 2568 adeo
1395 2511 1609 2566 divinae
1630 2509 2020 2583 providentia:
2037 2525 2181 2566 cura

521 2603 794 2670 intendit,
823 2605 889 2658 ut
915 2617 1039 2673 pro:
1069 2600 1293 2656 caeteris
1325 2599 1679 2655 mortalibus
1710 2614 1868 2654 nova.
1895 2599 2180 2671 quaedam

517 2695 578 2748 et
605 2690 934 2760 magniﬁca
974 2689 1110 2745 vitae
1151 2688 1422 2744 instituta
1453 2693 1772 2760 procurata
1806 2691 1938 2744 smt.
1972 2687 2178 2744 Omnis

521 2779 768 2852 quippe,
797 2781 860 2834 ut
888 2777 968 2834 ita
1005 2776 1228 2844 dicam,
1259 2780 1474 2832 natura
1511 2775 1588 2832 ad
1625 2775 2018 2830 ministerium
2049 2791 2179 2830 eru-

519 2869 764 2925 ditionis
791 2883 1002 2924 eorum
1035 2866 1229 2932 servit,
1257 2865 1363 2937 qui
1391 2864 1662 2920 videlicet
1695 2869 1830 2936 post
1857 2864 2064 2920 omnia
2093 2864 2178 2918 di-

2282 385 2402 427 esse
2417 372 2716 441 judicium
2743 371 2875 442 (Job
2899 386 3020 436 xxx,
3055 369 3177 440 29).
3211 371 3278 424 Et
3317 369 3490 425 item:
3536 369 3719 426 Statim
3749 380 3864 430 utre

2283 462 2551 526 moverit,
2586 459 2850 516 turbabit
2873 474 2991 524 vos,
3035 463 3090 516 et
3113 463 3311 515 terror
3333 459 3495 514 illius
3537 459 3708 514 irruat
3726 473 3864 530 super

2285 563 2380 604 vos
2425 549 2555 618 (Job
2591 565 2711 616 xm,
2763 550 2868 616 Η).
2905 551 2969 603 Et
3009 547 3188 604 item:
3243 545 3396 614 Quid
3429 549 3647 616 facietis
3687 563 3794 605 cum
3825 567 3866 606 se

2283 639 2532 695 moverit
2559 639 2641 695 ad
2659 637 3064 708 judicandum
3089 638 3287 693 Deus?
3305 637 3435 704 (Job
3464 651 3613 706 xxxr,
3639 637 3728 706 ti).

2355 717 2528 784 xxix.
2561 727 2628 783 Hi
2663 743 2830 796 sane,
2861 742 3014 798 quos
3045 741 3311 798 prmsens
3361 725 3544 795 gloria
3586 731 3638 782 et
3677 725 3778 782 vita
3807 729 3868 783 ni-

2287 815 2401 872 mis
2428 815 2700 884 delectat,
2747 831 3008 888 quorum
3045 830 3191 870 voce
3239 814 3523 887 propheta
3565 813 3716 870 dicit:
3739 816 3869 871 Man-

2287 905 2566 962 ducemus
2591 912 2644 962 et
2679 907 2968 976 bibamus,
2999 919 3134 962 eras
3163 905 3318 961 enim
3345 903 3652 960 moriemur
3681 905 3732 970 (I
3763 905 3870 960 Cor.

2289 1011 2384 1062 xv,
2429 999 2541 1062 32),
2573 995 2770 1051 dicere
2821 995 3046 1051 solent:
3103 996 3219 1050 Cur
3273 995 3424 1048 Deus
3477 991 3692 1047 divitias
3733 993 3873 1062 hujus

2289 1083 2422 1139 vitie
2453 1085 2693 1146 creavit,
2728 1084 2778 1140 si
2827 1084 2913 1139 eis
2961 1083 3040 1140 ad
3069 1082 3304 1138 libitum
3333 1081 3420 1138 uti
3445 1097 3562 1137 non
3591 1081 3874 1137 debemus?

2289 1173 2402 1228 Sed
2435 1173 2712 1230 suﬂicere‘
2731 1173 2976 1228 deberet
3019 1171 3118 1228 illa
3147 1173 3238 1227 vis
3273 1169 3488 1244 eloqui,
3519 1185 3634 1242 quo
3673 1170 3873 1225 dicitur:

2289 1262 2489 1318 Nolite
2512 1263 2764 1331 diligere
2791 1262 3103 1330 mundum,
3135 1276 3323 1332 neque
3347 1275 3414 1317 ea
3454 1274 3580 1330 qua
3621 1259 3675 1314 in
3703 1260 3877 1314 mundo

2289 1355 2428 1406 sunt
2457 1367 2468 1404 :
2504 1351 2646 1422 quia
2673 1351 2727 1406 si
2749 1352 2880 1422 quis
2909 1351 3112 1420 diligit
3137 1349 3450 1416 mundum,
3492 1363 3606 1403 non
3625 1353 3700 1403 est
3726 1347 3879 1402 chari-

2291 1445 2382 1496 tas
2411 1441 2616 1496 Patris
2649 1441 2710 1496 in
2732 1455 2797 1497 eo
2836 1441 2890 1508 (Ι
2907 1441 3086 1496 Joan.
3129 1453 3192 1510 ιι,
3227 1438 3334 1510 t5),
3366 1443 3420 1495 et
3466 1439 3516 1492 si
3548 1437 3668 1508 quis
3703 1439 3880 1492 amicus

2291 1531 2419 1597 ejus
2465 1530 2718 1586 voluerit
2759 1545 2880 1586 esse
2927 1529 3203 1584 inimicus
3239 1529 3351 1584 Dei
3377 1527 3736 1583 constituitur
3765 1527 3878 1594 (Jac.

2219 1629 2261 1682 Β
2293 1635 2366 1685 iv,
2393 1621 2467 1688 4).
2513 1621 2579 1673 Et
2607 1617 2784 1672 item:
2822 1617 2936 1684 Qui
2961 1617 3212 1686 festinat
3251 1617 3458 1686 ditari,
3495 1631 3610 1670 non
3636 1617 3734 1670 erit
3761 1615 3882 1668 inno-

2291 1723 2424 1764 cens
2453 1707 2655 1776 (Prov.
2687 1723 2885 1773 xxvui,
2935 1707 3046 1778 22).
3079 1706 3252 1768 Quod
3295 1705 3358 1762 in
3399 1709 3549 1761 Esau
3591 1719 3878 1776 expressum

2290 1800 2396 1862 est,
2425 1797 2530 1868 qui
2569 1795 2744 1852 lentis
2776 1795 3044 1852 edulium
3069 1809 3495 1867 praeoccupare
3527 1792 3772 1864 gestiens,
3793 1791 3880 1863 pri-

2289 1887 2594 1956 mogenita
2657 1902 2795 1958 quas
2857 1889 2984 1942 erat
3049 1901 3164 1940 suo
3229 1889 3498 1957 tempore
3559 1887 3878 1956 percepturus

2289 1975 2509 2031 amisit.
2545 1977 2676 2030 Haec
2729 1989 2898 2044 ergo,
2937 1977 2996 2030 et
3045 1973 3240 2030 multa
3278 1971 3620 2044 hujusmodi
3667 1969 3878 2026 suﬁeere

2289 2063 2598 2136 deberent,
2628 2063 2772 2136 quia
2791 2079 2916 2119 non
2945 2067 3140 2136 potest
3169 2062 3322 2119 solvi
3357 2062 3614 2134 Sriptura
3632 2079 3645 2129 ;
3663 2060 3706 2115 si
3725 2063 3878 2114 tamen

2289 2154 2403 2210 hoc
2453 2155 2720 2209 humano
2788 2154 3030 2209 metitur
3086 2152 3392 2224 exemplo.
3451 2149 3735 2206 sciendum
3773 2147 3880 2220 quia

2288 2247 2611 2316 postquam
2641 2259 2678 2299 a
2707 2242 2972 2314 paradisi
2995 2241 3233 2312 gaudiis
3281 2241 3642 2308 decidamus,
3667 2239 3878 2312 spiritua-

2289 2333 2388 2402 lia,
2419 2337 2484 2387 ut
2511 2335 2671 2394 sunt,
2717 2331 2980 2402 cogitare
3007 2331 3174 2386 nullo
3221 2331 3412 2386 modo
3463 2328 3730 2384 valemus.
3759 2325 3878 2381 Unde

2289 2423 2514 2479 factum
2545 2427 2650 2489 est,
2679 2427 2744 2478 ut
2771 2422 3042 2478 carnales
3073 2421 3298 2495 quique
3327 2420 3492 2477 nulla
3506 2421 3628 2492 jam
3643 2417 3877 2476 noverint.

2289 2511 2404 2568 nisi
2431 2527 2504 2566 ea
2533 2527 2668 2583 quae
2701 2511 3005 2583 corporeis
3019 2510 3208 2567 oculis
3237 2509 3566 2583 palpando,
3589 2513 3648 2563 ut
3667 2508 3738 2562 ita
3759 2505 3880 2560 dixe-

2289 2601 2424 2664 rim,
2481 2600 2761 2670 cognosci
2803 2600 3040 2656 valent:
3081 2616 3192 2656 nec
3222 2615 3286 2656 se
3340 2601 3471 2671 jam
3519 2597 3594 2654 ad
3637 2607 3880 2652 summam

2287 2707 2496 2747 curam
2521 2689 2765 2760 erigere,
2799 2691 2904 2746 sed
2933 2690 2996 2746 in
3021 2689 3244 2746 inﬁmis
3289 2689 3662 2746 consentiunt
3682 2687 3880 2741 libenter

2281 2780 2501 2850 jacere.
2529 2781 2798 2842 Quorum
2827 2780 3044 2836 mentis
3092 2781 3416 2836 excaecatio
3443 2779 3504 2834 in
3543 2782 3750 2834 tantum
3773 2773 3879 2828 den-

2289 2875 2420 2924 sata
2445 2873 2556 2938 est,
2587 2871 2653 2923 ut
2681 2868 2885 2936 iidem,
2931 2883 3072 2924 cum
3117 2868 3219 2924 illa
3247 2867 3568 2924 invisibilia
3595 2864 3782 2920 sentire
3805 2875 3882 2932 per

521 2957 678 3014 vinas
718 2956 948 3014 virtutis
988 2955 1267 3024 insignia,
1307 2957 1443 3026 post
1487 2958 1716 3010 tantam
1768 2953 2018 3020 gloriam
2065 2953 2178 3010 sibi
2217 2974 2258 3030 ο
2288 2957 2763 3030 experimentum
2842 2957 2927 3012 rei
3007 2973 3132 3014 non
3207 2957 3432 3026 valent,
3493 2957 3615 3027 jam
3670 2951 3884 3008 dubitent

520 3045 749 3118 datam,
781 3061 966 3117 quam
997 3045 1310 3115 hucusque
1360 3042 1626 3098 mundus
1663 3043 1860 3098 omnis
1907 3042 2176 3108 miratur,

519 3139 704 3208 caput
722 3134 888 3190 vituli
913 3134 1336 3202 adoraverunt,
1357 3137 1566 3204 postea
1581 3131 1870 3188 habentes
1889 3131 2179 3204 templum

519 3230 578 3282 et
590 3225 694 3280 illa
713 3224 936 3296 quibus
959 3221 1312 3294 quotidiana
1339 3221 1630 3278 sacriﬁcia
1651 3221 2175 3288 consummabant,

519 3313 811 3370 habentes
853 3311 1034 3368 etiam
1087 3309 1416 3382 prophetas
1473 3309 1621 3366 alios
1655 3310 1987 3378 defunctos,
2031 3311 2178 3366 alios

521 3400 890 3474 superstites,
911 3399 1016 3471 qui
1046 3415 1148 3454 eos
1193 3403 1252 3454 et
1293 3398 1368 3454 de
1401 3398 1634 3454 actibus
1666 3399 2060 3470 praesentibus
2086 3400 2176 3456 ιιι·-

519 3489 868 3550 formarent,
897 3493 954 3543 et
982 3487 1058 3542 de
1089 3486 1352 3558 antiquis
1381 3486 1480 3542 Dei
1510 3487 1816 3542 beneficiis
1837 3503 2178 3544 commone-

521 3581 674 3648 rent,
705 3593 840 3649 quas
869 3576 930 3632 in
963 3579 1218 3646 Egypto
1249 3575 1470 3630 fecerat
1517 3591 1656 3630 cum
1683 3575 1790 3642 eis,
1823 3592 1954 3646 quae
1985 3576 2044 3632 in
2075 3578 2178 3633 de-

523 3669 702 3736 serto,
753 3681 888 3738 quae
939 3665 1118 3720 etiam
1171 3663 1234 3719 in
1291 3669 1444 3720 terra
1497 3665 1995 3735 repromissionis,
2041 3682 2180 3722 cum

519 3755 778 3826 ingressi
799 3757 975 3810 sunt:
1005 3759 1206 3810 tamen
1234 3754 1296 3808 in
1323 3752 1415 3808 his
1445 3753 1728 3808 omnibus
1752 3753 1898 3810 nihil
1929 3770 2054 3810 non
2085 3773 2178 3812 so-

520 3843 649 3900 lum
678 3859 802 3900 non
847 3842 1248 3916 profecerunt,
1287 3841 1396 3898 sed
1439 3841 1618 3898 etiam
1667 3841 1730 3898 in
1775 3842 1907 3915 ipso
1959 3844 2181 3916 templo

519 3932 683 3990 idola
709 3933 1044 4002 coluerunt,
1067 3935 1124 3988 et
1151 3947 1314 3988 nunc
1333 3931 1410 3987 de
1443 3935 1616 4001 gente
1645 3931 1704 3987 in
1730 3936 1988 4002 gentem,
2019 3949 2181 3989 nunc

519 4021 596 4078 de
623 4037 812 4092 regno
827 4021 906 4078 ad
935 4020 1232 4094 populum
1251 4019 1506 4077 alterum
1533 4020 2030 4090 transmigrantes
2055 4022 2180 4078 sine

517 4111 670 4183 lege,
725 4111 854 4168 sine
899 4113 1040 4181 Deo,
1085 4110 1214 4166 sine
1269 4109 1560 4166 sacrificio
1615 4109 1802 4166 relicti
1859 4115 2015 4167 sunt.
2065 4115 2181 4168 Nos

521 4216 764 4274 quoque
795 4215 986 4269 genus
1016 4198 1290 4261 electum,
1329 4197 1526 4268 regale
1581 4199 2006 4272 sacerdotium,
2035 4217 2182 4271 gens

523 4288 1020 4361 sancta,popu1us
1049 4287 1704 4360 acquisitionis,quibus
1733 4289 2180 4346 manifestatum

521 4383 612 4435 est
637 4393 932 4449 magnum
961 4377 1108 4432 illud
1128 4376 1362 4449 pietatis
1379 4381 1844 4446 sacramentum,
1862 4379 2029 4451 quod
2052 4395 2182 4438 ma-

523 4467 870 4524 nifestatum
887 4471 974 4523 est
985 4466 1044 4522 in
1060 4465 1282 4537 carne,j
1293 4464 1651 4522 ustiﬁcatum
1673 4465 1734 4521 in
1758 4466 1984 4538 spiritu,
2000 4484 2182 4541 appa-

521 4555 642 4612 ruit
671 4555 920 4628 angelis,
946 4554 1338 4628 preedicatum
1353 4559 1442 4610 est
1457 4553 1756 4626 gentibus,
1775 4555 2068 4610 creditum
2093 4560 2184 4612 est

523 4646 776 4714 mundo,
806 4649 1190 4718 assumptum
1213 4644 1278 4700 in
1307 4644 1528 4715 gloria:
1555 4644 1662 4717 qui
1690 4644 2086 4715 gustavimus,
2119 4649 2186 4702 ut

523 4736 606 4792 ait
629 4736 790 4792 idem
833 4735 1170 4810 Apostolus,
1203 4733 1438 4791 caeleste
1485 4733 1736 4800 donum,
1781 4739 1840 4790 et
1865 4733 2182 4791 illuminati

523 4841 756 4892 sumus,
769 4825 1058 4882 habentes
1074 4840 1318 4897 quoque
1339 4827 1571 4881 tantam
1590 4823 1934 4896 impositam
1954 4823 2181 4880 nubem

523 4912 782 4975 testium,
819 4913 1094 4968 videlicet
1123 4913 1398 4968 universa
1425 4912 1650 4968 Veteris
1698 4929 1770 4968 ac
1799 4911 1944 4968 Novi
1993 4915 2184 4970 Testa-

523 5001 710 5057 menti
743 5001 1036 5068 instituta,
1077 5017 1218 5056 cum
1263 5000 1622 5056 deberemus
1669 5000 1970 5074 deponere
2001 5017 2180 5058 omne

523 5091 764 5164 pondus
793 5093 850 5146 et
891 5090 1283 5146 circumstans
1313 5105 1424 5146 nos
1465 5095 1800 5162 peccatum,
1831 5095 1890 5148 et
1927 5107 2036 5164 per
2081 5108 2184 5164 pa-

523 5179 794 5237 tientiam
819 5179 902 5236 ad
943 5178 1320 5252 propositum
1353 5194 1587 5235 currere
1625 5185 1947 5250 certamen,
1975 5197 2182 5236 rursus

523 5271 604 5327 ad
631 5285 824 5342 egena
871 5269 1170 5326 elementa
1195 5267 1590 5337 devolvimur,
1621 5272 1678 5325 et
1731 5273 1959 5337 ventos,
1993 5273 2058 5326 ut
2101 5269 2184 5326 ait

523 5362 840 5432 propheta,
857 5359 1038 5433 quasi
1053 5358 1348 5415 dracones
1371 5359 1746 5428 attranimus,
1761 5376 1970 5415 rursus
1993 5359 2184 5416 Chris-

523 5450 656 5502 tum
681 5449 1091 5520 cruciﬁgentes
1120 5453 1178 5506 et
1199 5447 1456 5504 ostentui
1493 5447 2184 5520 habentes.Quapropter

523 5536 890 5593 omnimodis
933 5538 1270 5598 timendum
1294 5542 1406 5610 est,
1447 5553 1522 5594 ne
1569 5539 1674 5595 ﬁat
1717 5539 1778 5594 in
1808 5537 1984 5594 nobis
2037 5536 2184 5592 illud

521 5624 690 5698 quod
733 5625 1068 5684 terribiliter
1097 5627 1420 5699 Apostolus
1463 5625 1540 5682 de
1567 5627 1788 5684 talibus
1815 5625 1896 5682 ibi
1925 5639 2184 5682 comme-

2289 3051 2567 3102 utrumne
2597 3047 2670 3102 sit
2693 3046 2920 3119 aliquid
2949 3047 3114 3119 quod
3144 3045 3338 3102 oculis
3379 3041 3666 3118 corporeis
3691 3055 3790 3096 non
3825 3035 3883 3090 vi-

2287 3135 2480 3204 detur,
2509 3135 2626 3191 nisi
2656 3135 3028 3208 quibusdam
3053 3135 3396 3191 visibilibus
3422 3131 3696 3205 exemplis
3719 3125 3882 3186 eadem

2287 3222 2542 3278 visibilis
2589 3223 3050 3295 quodammodo
3083 3227 3576 3289 monstrarentur,
3602 3221 3754 3292 juxta
3775 3211 3884 3270 illud

2291 3312 2634 3385 exemplum
2657 3311 2826 3384 quod
2849 3313 3066 3368 beatus
3077 3313 3402 3383 Gregorius
3429 3313 3490 3368 in
3521 3309 3742 3378 Dialogo
3759 3303 3884 3378 ponit

2291 3401 2366 3456 de
2394 3407 2603 3468 matre,
2630 3417 2768 3474 quae
2797 3401 2946 3458 forte
2975 3417 3298 3474 praegnans
3331 3417 3492 3458 caeco
3521 3413 3734 3456 carcere
3759 3394 3886 3450 dam-

2289 3493 2434 3545 nata
2457 3489 2550 3560 sit,
2580 3493 2638 3545 et
2667 3489 2750 3546 ibi
2787 3490 3002 3561 pariat,
3029 3495 3086 3546 et
3113 3490 3366 3546 nutriat:
3409 3507 3545 3564 quae
3576 3488 3623 3543 si
3647 3482 3888 3552 ﬁliosjam

2294 3577 2644 3646 intelligenti
2707 3593 2908 3634 rerum
2957 3577 3339 3634 mundalium
3423 3577 3642 3650 species
3699 3581 3888 3629 narrare

2289 3665 2561 3728 voluerit,
2616 3665 2712 3721 ille
2757 3667 2864 3738 qui
2921 3666 3070 3722 nihil
3117 3667 3232 3722 nisi
3289 3667 3574 3722 tenebras
3624 3662 3770 3727 vidit,
3817 3671 3890 3712 all-

2287 3753 2414 3810 dire
2437 3753 2685 3825 quidem
2723 3759 2918 3826 potest
2943 3771 3080 3828 quae
3133 3745 3328 3810 mater
3387 3755 3614 3822 dixerit,
3655 3751 3746 3806 sed
3769 3749 3889 3819 ipsas

2289 3847 2354 3898 ut
2377 3847 2517 3898 sunt
2541 3843 2770 3916 species
2799 3843 2926 3900 sine
2955 3843 3364 3916 experimento
3388 3843 3698 3913 intelligere
3719 3847 3889 3908 nequa-

2285 3947 2474 4002 quam
2529 3935 2748 4004 potest.
2805 3935 2884 3988 Ne
2935 3947 3080 4002 ergo
3139 3936 3346 3988 nostra
3419 3931 3646 3988 caecitas
3699 3941 3794 3982 nos
3833 3919 3888 3976 ab

2287 4020 2586 4076 intellectu
2615 4020 2928 4093 principali
2979 4021 3348 4078 omnimodis
3409 4019 3693 4087 excludat,
3717 4009 3890 4089 placuit

2289 4110 2508 4166 divinm
2557 4110 2948 4183 providentiae
2975 4111 3258 4183 quaedam
3285 4111 3349 4166 in
3381 4113 3500 4168 lioc
3541 4108 3753 4166 mundo
3771 4115 3892 4159 crea-

2287 4215 2371 4268 re,
2398 4215 2536 4272 quas
2565 4199 2836 4273 quinque
2887 4200 3166 4256 sensibus
3221 4201 3532 4273 corporeis
3587 4193 3794 4272 placida
3835 4187 3890 4240 vi-

2287 4289 2563 4346 deantur.
2593 4289 2870 4346 Videlicet
2925 4290 3208 4362 quaedam
3261 4290 3505 4362 placent
3551 4287 3750 4352 colore,
3775 4291 3892 4354 qua}

2285 4378 2432 4434 dam
2461 4377 2668 4446 odore,
2683 4377 2967 4450 quaedam
2999 4394 3232 4450 sapore,
3273 4380 3562 4451 quaedam
3589 4391 3744 4440 sono,
3769 4381 3892 4440 qum-

2287 4466 2434 4522 dam
2461 4466 2580 4522 levi
2629 4471 2820 4522 tactu:
2877 4471 2944 4522 ut
2981 4467 3136 4522 sicut
3179 4471 3502 4524 venatores
3547 4465 3669 4522 viso
3693 4454 3890 4524 vestigio

2287 4555 2488 4612 bestias
2513 4557 2644 4628 jam
2669 4555 2866 4630 qualis
2899 4555 2998 4612 illa
3027 4556 3218 4612 bestia
3267 4557 3342 4613 sit
3389 4555 3776 4630 experimento
3793 4559 3890 4602 ves-

2289 4645 2414 4716 tigii
2459 4649 2851 4717 cognoscunt,
2885 4646 2968 4702 ita
3013 4662 3125 4701 nos
3153 4661 3288 4718 quae
3311 4647 3375 4702 in
3433 4647 3548 4702 hoc
3595 4638 3802 4700 mundo
3815 4632 3889 4688 de-

2285 4733 2508 4790 lectant
2535 4734 2820 4804 videntes,
2847 4733 3250 4804 intelligamus
3275 4739 3507 4807 quanta
3527 4733 3642 4788 sint
3658 4721 3888 4786 cmlestia,

2289 4824 2340 4880 si
2367 4823 2512 4880 tanti
2554 4823 2846 4880 momenti
2885 4824 3161 4880 videntur
3207 4839 3338 4880 esse
3385 4820 3696 4889 terrestria,
3731 4821 3780 4872 et
3815 4808 3890 4868 illa

2289 4913 2452 4970 velut
2476 4913 2604 4984 jam
2629 4917 2774 4969 nota
2795 4913 3442 4987 concupiscentes,ista
3471 4917 3626 4970 retro
3647 4906 3888 4965 faciamus

2289 5003 2442 5058 sicut
2469 5007 2782 5058 venatores
2831 5003 3150 5073 vestigium
3187 5009 3324 5076 post
3361 5003 3618 5059 bestiam
3659 4995 3888 5076 festinau-

2291 5095 2396 5146 tes.
2429 5090 2708 5163 Alioquin
2739 5092 2892 5148 sicut
2941 5075 3244 5148 senatores
3297 5091 3666 5156 frustrantur,
3695 5085 3738 5140 si
3757 5075 3888 5136 vesti-

2289 5179 2457 5250 8ium
2505 5183 2742 5236 tantum
2795 5181 3184 5250 admirantes,
3229 5181 3486 5238 bestiam
3537 5193 3654 5236 non
3689 5165 3887 5247 quaesie-

2288 5270 2408 5326 rint
2433 5288 2448 5326 :
2483 5269 2566 5326 sic
2593 5269 2924 5344 oﬁiciperdi
2951 5287 3062 5328 nos
3093 5273 3337 5343 erimus,
3361 5272 3408 5327 si
3425 5268 3662 5327 caducis
3679 5259 3886 5344 nimium

2289 5358 2724 5414 inheeserimus.
2755 5343 2886 5414 Haec
2915 5375 3058 5429 ergo
3087 5360 3295 5416 omnia
3330 5375 3466 5432 quae
3495 5358 3554 5413 in
3583 5349 3792 5412 mundo
3811 5343 3884 5398 ἀθ-

2289 5447 2525 5516 lectant,
2533 5447 2786 5519 vestigia
2805 5449 3089 5520 quaedam
3111 5453 3252 5505 sunt
3271 5447 3598 5505 ccelestium
3613 5444 3884 5500 bonorum.

2291 5539 2420 5592 Non
2445 5553 2588 5608 ergo
2615 5537 2742 5593 istis
2769 5537 3093 5608 inhiamus,
3127 5537 3232 5594 sed
3259 5536 3658 5610 experimento
3691 5526 3885 5610 illo”?!

2289 5603 2611 5696 bonorum,
2641 5625 2866 5700 quibus
2892 5603 3106 5684 merito
3129 5603 3485 5685 inhiandum
3523 5625 3624 5679 est.
3655 5603 3884 5684 Nunquid
