4150 6128
224 135 334 187 613

1301 98 1792 190 coLLArIONUM
1835 135 2018 194 LlBBl
2056 143 2252 201 rans.
2284 177 2353 190 -
2384 150 2512 206 ue.
2550 153 2615 208 IlI

3568 174 3672 227 614

225 251 551 364 idclit‘cose
577 249 755 306 debet
782 248 841 364 ipf!
867 263 1095 364 aﬂuant
1125 255 1263 326 quis
1290 253 1709 364 {niuemquia
1753 254 1909 310 Silim
1944 264 1992 317 Α
2101 269 2271 326 XXXI.
2311 274 2376 328 Ut
2419 279 2618 332 autem
2659 279 2890 338 interim
2933 284 3006 340 de
3045 289 3434 360 sequentibus
3476 294 3671 364 pmnis

229 340 498 409 indiguit
522 356 596 395 ex
626 354 698 395 ea
725 337 1092 398 refocillare?
1109 347 1226 399 Aut
1247 343 1327 400 ob
1357 344 1472 399 hoc
1494 343 1648 414 ignis
1679 346 1768 398 est
1789 359 1914 399 am-

228 429 599 502 plexandus,
628 427 768 500 quia
810 427 904 483 vel
924 428 1002 484 ad
1054 433 1467 504 coquendum,
1495 432 1588 488 vel
1618 431 1696 488 ad
1726 431 1912 501 frigus

229 517 568 576 arcendum
593 516 882 590 probatur
893 522 1373 578 accommodus?
1399 524 1685 594 Raptores
1711 521 1910 592 igitur,

229 608 341 680 qui
366 622 665 680 pauperes
689 606 748 662 in
769 605 949 661 rebus
969 611 1380 682 temporaliter
1395 610 1690 682 aﬂligunt,
1704 610 1910 667 viden-

233 702 334 752 tur
360 696 474 752 sibi
507 695 757 753 stultitiae
795 694 1118 764 vestigium
1149 700 1383 770 eligere,
1415 700 1547 757 illos
1579 716 1737 768 vero,
1766 699 1909 757 licet

233 785 532 849 nolentes,
545 784 621 841 ad
633 800 673 856 q
682 783 960 840 uaerenda
973 785 1242 845 coelestia
1255 789 1569 845 salubriter
1579 788 1903 860 impellere.

495 875 622 937 Qua
650 887 790 928 vero
822 870 1131 932 dementia
1172 892 1282 949 pro
1320 877 1674 935 transitoriis
1723 877 1907 933 rebus

235 969 296 1018 et
326 964 513 1018 Deum
540 960 859 1029 offendere,
891 966 949 1017 et
977 964 1329 1034 proximum
1360 981 1632 1037 gravare,
1663 971 1719 1021 et
1746 982 1910 1022 men-

239 1067 453 1107 suram
479 1050 702 1106 bonam
732 1049 982 1121 perdere
1011 1067 1141 1109 non
1191 1055 1507 1126 trepidant,
1554 1072 1626 1111 ea
1663 1071 1908 1126 quoque

235 1139 540 1196 dementia
568 1143 733 1194 tanto
763 1154 825 1195 se
855 1138 1139 1198 meliores
1185 1149 1418 1216 putant,
1447 1148 1675 1217 quanto
1702 1143 1762 1199 in
1793 1146 1907 1201 eis-

237 1229 384 1284 dem
412 1228 608 1295 rebus,
641 1243 747 1299 per
774 1243 928 1300 quas
971 1233 1216 1302 pejores
1253 1239 1409 1301 sunt,
1458 1234 1634 1290 bonis
1690 1237 1746 1290 et
1795 1235 1908 1306 piis

238 1318 523 1374 fratribus
567 1317 854 1373 excellere
892 1317 1208 1389 videntur;
1256 1327 1313 1379 et
1363 1329 1579 1395 putant
1629 1339 1690 1379 se
1742 1327 1907 1380 tanto

241 1408 384 1480 plus
413 1408 650 1476 habere,
679 1411 907 1480 quanto
935 1408 1080 1480 plus
1130 1412 1383 1468 viderint
1410 1429 1609 1484 posse,
1661 1417 1720 1469 et
1766 1429 1907 1470 cum

239 1497 356 1570 ipsi
406 1496 726 1553 multorum
773 1496 1055 1554 vitiorum
1087 1500 1204 1556 sint
1251 1500 1424 1567 servi,
1470 1502 1737 1571 gaudent
1779 1503 1909 1574 qui-

2026 357 2354 428 taceamus,
2386 378 2586 421 nonne
2615 383 2724 438 pro
2780 371 2911 442 ipso
2955 357 3187 433 defectu
3230 357 3674 439 contemnenda

2026 447 2220 514 magis
2248 449 2439 508 fuerat
2463 459 2770 526 praesentis
2801 461 2934 516 vitae
2984 464 3171 531 gloria
3190 468 3219 522 ?
3248 468 3486 526 fuerunt
3528 476 3667 527 ante

2023 544 2582 630 Bosa-inpotentes,
2634 551 2688 602 et
2737 551 2997 621 superbi,
3049 559 3106 610 et
3153 556 3509 630 voluptuosi.
3556 560 3671 617 Sed

2021 627 2166 694 quid
2197 627 2308 682 illis
2324 632 2546 701 profuit
2569 634 2966 695 immoderata
2984 640 3201 711 laetitia,
3229 627 3422 703 vestes
3443 654 3500 704 et
3523 649 3670 704 odo-

2019 720 2293 806 ramenta
2322 718 2570 777 diversae
2600 723 2939 798 voluptatis,
2988 733 3044 785 et
3091 747 3290 788 rerum
3320 735 3670 806 opulentia?

2021 802 2122 857 ubi
2146 805 2248 861 illa
2272 822 2432 864 nunc
2461 817 2618 878 sunt,
2653 814 2745 869 vel
2776 816 2876 870 ubi
2900 816 3057 889 ipsi?
3083 802 3444 878 accedam-us
3472 825 3549 880 ad
3575 839 3671 880 eo-

2019 905 2154 947 rum
2185 897 2481 967 sepulora,
2514 907 2570 956 et
2599 903 2745 973 quid
2776 905 2857 961 ibi
2887 907 3228 966 videbimus
3247 914 3276 967 ‘?
3303 912 3513 969 fetidas
3541 929 3670 969 ver-

2019 980 2208 1074 mium
2229 986 2529 1057 reliquias.
2563 993 2953 1051 Probabimus
2983 1013 3192 1054 verum
3223 1017 3354 1056 esse
3403 1002 3570 1073 quod
3596 1002 3671 1057 de

2017 1069 2215 1139 impiis
2266 1073 2512 1132 dicitur:
2565 1082 2833 1137 Transiet
2887 1090 2953 1139 ut
3007 1093 3303 1145 nocturna
3352 1069 3498 1144 visio
3535 1089 3671 1159 (Job

2017 1173 2111 1252 xx,
2138 1160 2214 1252 78).
2251 1164 2313 1217 Ut
2341 1166 2500 1222 enim
2523 1169 2626 1239 qui
2649 1170 2709 1225 in
2733 1186 2914 1242 poena
2935 1175 3201 1245 qualibet
3218 1179 3398 1250 positi
3427 1192 3694 1251 prospe-.

2016 1249 2267 1315 ritatem,
2327 1267 2511 1323 quam
2551 1255 2865 1325 vigilantes
2913 1249 3274 1331 desiderant,
3309 1249 3454 1321 forte
3506 1249 3670 1322 som-

2018 1334 2251 1391 niantes
2291 1339 2512 1397 habere
2553 1361 2615 1399 se
2647 1347 2870 1411 vident,
2912 1366 3052 1405 cum
3093 1355 3491 1423 expergefacti
3540 1355 3668 1411 fue-

2018 1429 2176 1490 runt,
2207 1441 2426 1483 vanum
2460 1431 2645 1487 fuisse
2689 1437 2855 1506 quod
2888 1439 3357 1508 somniaverunt,
3404 1457 3514 1498 nec
3556 1442 3670 1498 sibi

2020 1513 2301 1602 prodesse
2323 1525 2725 1587 cognoscunt:
2745 1525 2829 1580 sic
2846 1531 3079 1583 amator
3096 1533 3153 1584 et
3173 1532 3540 1602 conquisitor
3566 1533 3672 1588 hu-

239 1585 811 1691 busqueira‘tribus‘
848 1603 924 1691 se‘
949 1602 1134 1691 posse
1164 1589 1638 1691 dominari.‘Sed
1679 1591 1726 1646 si
1753 1592 1906 1691 adeo
1943 1611 1984 1667 Β
2014 1597 2115 1668 jus
2139 1601 2287 1670 vitae,
2319 1585 2458 1659 cum
2498 1607 2575 1661 ab
2628 1624 2699 1664 ea
2755 1611 3030 1683 discedit,
3085 1616 3231 1670 nihil
3279 1585 3670 1691 fuissequde

240 1681 381 1732 sunt
411 1675 721 1744 animales,
758 1680 818 1732 ut
846 1675 1016 1744 nihil,
1053 1678 1223 1749 juxta
1264 1680 1645 1751 Apostolum,
1679 1681 1909 1753 spirita—

236 1765 372 1822 liter
413 1765 732 1836 intelligere
779 1766 1040 1838 possint,
1090 1768 1184 1824 vel
1222 1769 1630 1841 aequalitatem
1679 1775 1908 1826 naturae

238 1856 618 1913 considerare
647 1856 954 1913 deberent.
986 1859 1362 1914 Nobilitatem
1389 1861 1622 1933 quippe
1653 1863 1906 1916 munda-

239 1961 386 2002 nam
413 1961 534 2001 non
562 1950 797 2014 natura,
851 1947 957 2002 sed
991 1948 1240 2004 ambitio
1278 1949 1568 2021 praistitit.
1595 1950 1685 2005 Ad
1718 1950 1908 2006 unita-

240 2039 361 2092 tem
390 2035 613 2108 quippe
656 2036 1234 2108 commendandam,
1260 2041 1378 2094 Eva
1418 2039 1493 2093 de
1538 2039 1670 2111 ipso
1715 2040 1907 2095 Adam

181 2175 207 2192 ,
240 2125 498 2182 formata
531 2130 639 2194 est,
690 2130 747 2181 et
789 2126 985 2182 Adam
1040 2127 1177 2184 licet
1216 2129 1430 2198 major,
1481 2134 1683 2184 tamen
1741 2135 1909 2184 extra

240 2213 614 2285 paradisum,
648 2213 748 2269 illa
777 2212 840 2268 in
865 2213 1241 2286 paradisum.
1269 2216 1432 2271 Unde
1472 2216 1763 2287 scriptum
1787 2222 1902 2272 est:

236 2303 427 2359 Nemo
452 2318 527 2360 ex
559 2303 794 2373 regibus
820 2304 996 2358 aliud
1022 2304 1232 2360 habuit
1273 2306 1610 2361 nativitatis
1642 2307 1902 2370 initi-um.

238 2397 297 2449 et
345 2407 500 2448 unus
532 2398 616 2448 est
672 2392 946 2448 omnibus
989 2394 1272 2450 introitus
1320 2395 1400 2450 ad
1451 2397 1659 2464 vitam,
1716 2402 1770 2452 et
1827 2397 1905 2451 si-

235 2483 400 2538 milis
417 2483 613 2538 exitus
676 2480 842 2550 (Sap.
877 2498 982 2550 vn,
1035 2482 1109 2553 ὅ).
1168 2486 1232 2539 Et
1271 2487 1446 2555 certe,
1500 2487 1561 2538 ut
1605 2485 1684 2540 ait
1715 2488 1906 2541 Hiero-

237 2585 483 2640 nymus,
523 2585 735 2626 omnes
774 2585 881 2642 per
917 2569 1198 2626 divinam
1229 2571 1485 2640 gratiam
1529 2572 1794 2644 aequales
1828 2573 1908 2628 ef-

237 2658 497 2729 ficimur,
522 2675 676 2732 quos
709 2659 993 2715 nativitas
1035 2661 1302 2716 secunda
1341 2663 1748 2729 regeneravit:
1800 2679 1907 2734 per

238 2763 432 2821 quam
460 2752 585 2803 tam
613 2747 834 2804 nobilis
865 2762 1054 2820 quam
1097 2748 1378 2817 ignobilis
1409 2748 1511 2804 Dei
1538 2749 1695 2804 ﬁlius
1722 2750 1904 2806 efﬁci-

242 2841 358 2902 tur,
401 2841 456 2892 et
502 2842 734 2893 terrena
776 2836 1060 2894 nobilitas
1106 2837 1423 2909 splendore
1475 2837 1728 2893 cmlestis
1785 2839 1909 2908 glo-

2018 1689 2270 1745 transire
2299 1691 2432 1748 licet
2460 1694 2818 1755 delectando
2848 1702 3060 1773 potuit,
3089 1707 3144 1758 et
3173 1704 3455 1775 nudatus,
3482 1689 3542 1762 et
3567 1708 3670 1762 de-

2019 1782 2227 1842 sertus,
2253 1785 2309 1835 et
2355 1785 2679 1841 annulatus
2706 1789 2985 1845 addiscit.
3033 1792 3144 1846 Sed
3203 1793 3433 1849 utinam
3476 1794 3675 1852 omnis

2017 1880 2243 1938 pompa
2275 1873 2614 1928 mortalium
2640 1892 2836 1949 usque
2868 1879 2947 1934 ad
2975 1879 3204 1935 cineres
3231 1886 3288 1937 et
3325 1899 3560 1940 vermes
3585 1898 3676 1938 so-

2014 1954 2330 2014 lummodo
2386 1962 2717 2019 evenisset!
2773 1965 3253 2037 sed'cogitemus
3303 1972 3680 2030 horrendum

2011 2043 2230 2113 judicis
2277 2047 2558 2116 tribunal,
2611 2053 2928 2111 ardentem
2974 2056 3244 2128 ﬂuvium,
3303 2076 3546 2119 vermes
3579 2056 3685 2132 qui

2015 2147 2136 2188 non
2168 2136 2510 2204 morientur,
2539 2139 2712 2210 ignes
2741 2147 3053 2214 gehennae,
3073 2147 3244 2203 ﬂetus
3275 2155 3333 2207 et
3359 2153 3690 2210 stridorem

2013 2221 2303 2294 dentium,
2339 2230 2395 2280 et
2421 2243 2543 2298 prae
2575 2231 2772 2287 oculis
2812 2234 3145 2291 habeamus
3191 2240 3366 2310 quasi
3409 2243 3557 2312 jam
3614 2234 3695 2294 ad

2017 2312 2141 2366 [προ
2164 2318 2404 2369 ventum
2450 2315 2540 2382 sit,
2589 2321 3090 2388 pertimescamus
3143 2328 3317 2399 quasi
3360 2329 3513 2400 jam
3543 2344 3698 2406 prie-

2016 2415 2172 2469 sens,
2205 2402 2368 2473 quod
2401 2403 2509 2458 etsi
2537 2404 2758 2477 tardet,
2793 2409 3061 2468 futurum
3091 2420 3178 2470 est
3209 2420 3430 2474 tamen.
3479 2402 3706 2479 Adhuc

2014 2493 2215 2543 autem
2247 2506 2426 2561 super
2464 2492 2555 2546 his
2585 2509 2733 2564 quae
2779 2497 3041 2555 diximus
3097 2506 3184 2559 est
3213 2504 3397 2562 multo
3436 2514 3704 2579 gravius

238 2926 344 2981 riae
376 2925 792 2982 obumbratur.
825 2931 916 2980 An
959 2927 1348 2997 pauperiores
1395 2927 1694 2982 sordidius
1724 2943 1906 2997 gene-
1944 2965 1984 3018 Ο
2015 2931 2167 3001 ejici.
2227 2947 2366 2988 cum
2423 2933 2755 2992 viderimus
2802 2941 2953 2998 alios
3005 2925 3206 3017 etiam,
3264 2965 3404 3006 cum
3455 2925 3682 3028 quibi];

239 3021 474 3080 rantur,
507 3032 646 3071 cum
689 3020 747 3071 et
776 3015 968 3072 David
999 3015 1230 3087 plangit
1263 3033 1324 3071 se
1374 3015 1436 3070 in
1474 3018 1734 3088 peccatis
1767 3034 1908 3073 con-

244 3110 488 3177 ceptum
514 3113 540 3160 γ
568 3111 657 3160 An
687 3105 934 3160 nitidius
978 3110 1407 3173 regenerantur
1453 3105 1708 3173 nobiles,
1766 3124 1906 3162 cum

235 3195 414 3265 juxta
454 3194 751 3250 Jacobum
800 3208 1101 3265 pauperes
1149 3193 1324 3263 elegit
1369 3198 1542 3262 Deus,
1585 3195 1795 3251 divites
1846 3197 1909 3252 in

240 3283 365 3338 fide
383 3284 411 3337 ?
433 3283 543 3339 Job
571 3283 976 3355 aequalitatem
1000 3284 1433 3356 pensabat,qui
1461 3299 1583 3339 non
1605 3289 1910 3358 contemp-

245 3370 326 3426 sit
355 3371 554 3427 subire
577 3371 882 3442 judicium
913 3387 1053 3426 cum
1095 3388 1265 3427 servo
1314 3388 1444 3441 suo,
1495 3372 1629 3428 licet
1683 3389 1808 3428 rex.
1844 3379 1911 3430 Et

182 3459 189 3464 ’
243 3460 509 3516 domnus
533 3461 839 3526 Martinus,
869 3460 974 3533 qui
1003 3460 1084 3516 ita
1110 3477 1277 3517 servo
1309 3478 1421 3518 suo
1441 3477 1614 3518 versa
1646 3463 1770 3519 vice
1793 3481 1911 3520 ser-

243 3549 466 3616 viebat,
534 3555 598 3606 ut
648 3551 779 3621 ejus
848 3549 1259 3606 calceamenta
1322 3551 1670 3620 detergeret.
1731 3555 1906 3620 Esau,

240 3653 431 3711 quem
462 3639 751 3695 Dominus
789 3639 931 3694 odio
987 3639 1215 3706 habuit,
1262 3656 1399 3695 cum
1449 3641 1905 3713 quadringentis

240 3728 390 3784 viris
410 3730 817 3800 gradiebatur.
843 3730 1050 3798 Jacob,
1100 3747 1282 3803 quem
1331 3732 1523 3802 elegit,
1576 3731 1637 3786 in
1689 3732 1907 3788 baculo

241 3832 358 3874 suo
384 3819 705 3876 Iordanem
735 3821 988 3877 transiit.
1021 3821 1241 3876 Omnes
1269 3821 1452 3877 libros
1483 3821 1906 3894 antiquitatum

239 3907 580 3975 considera,
626 3909 994 3982 potentiores
1048 3926 1286 3983 semper
1337 3910 1604 3965 invenies
1647 3911 1900 3982 pejores.

239 4000 419 4069 Nam,
448 4004 512 4052 ut
537 3999 654 4054 hoc
685 3998 966 4068 inferam,
1014 3998 1341 4055 sudoribus
1369 4014 1708 4071 pauperum
1751 4015 1904 4070 prae-

233 4090 492 4158 paratur
519 4087 682 4144 unde
722 4087 1087 4161 potentiores
1120 4088 1492 4157 saginantur.
1542 4089 1737 4142 Vestes
1767 4087 1902 4154 illan,

235 4180 301 4230 et
332 4175 605 4233 histriata
639 4178 915 4244 tentoria,
947 4178 1050 4232 sed
1081 4183 1139 4233 et
1167 4177 1380 4233 exotici
1411 4175 1527 4232 cibi
1573 4191 1722 4230 num
1752 4191 1902 4248 pau-

235 4264 546 4337 periorum
576 4267 865 4322 manibus
891 4271 1290 4339 preparantur
1308 4269 1336 4322 ?
1360 4266 1415 4321 Si
1454 4280 1577 4337 qua
1597 4280 1739 4320 vero
1769 4267 1902 4337 pul-

237 4354 517 4411 chritudo
541 4355 603 4410 in
633 4357 718 4412 eis
741 4362 846 4422 est,
881 4361 982 4411 aut
1011 4355 1574 4426 suavitasﬁartiﬁces
1614 4354 1906 4412 laudandi

236 4447 406 4509 sunt,
436 4448 501 4500 ut
547 4444 784 4501 Boetius
827 4444 986 4504 dicit.
1033 4450 1089 4502 et
1119 4459 1243 4500 non
1295 4445 1352 4500 hi
1385 4444 1490 4516 qui
1515 4445 1598 4499 eis
1627 4449 1900 4500 utuntur:

235 4532 345 4604 qui
373 4548 511 4589 cum
537 4533 916 4591 emendicata
940 4533 1020 4589 ab
1046 4533 1435 4590 exterioribus
1459 4531 1639 4587 rebus
1658 4533 1903 4590 veritate

235 4620 513 4678 decorari
544 4623 822 4694 gestiunt,
847 4623 1155 4696 propriam
1184 4623 1294 4678 sibi
1321 4638 1445 4678 non
1468 4621 1738 4677 sufﬁcere
1769 4639 1903 4695 pro-

236 4709 412 4766 dunt.
443 4713 606 4768 Unde
655 4713 1088 4784 Hieronymus:
1127 4712 1436 4769 Oﬂ‘endere
1496 4711 1661 4768 timet
1716 4712 1899 4769 odore

235 4802 487 4874 proprio
516 4803 621 4875 qui
646 4802 882 4875 placere
901 4803 1115 4875 quaerit
1149 4803 1363 4858 alieno.
1397 4803 1509 4860 Sed
1554 4801 1615 4857 hi
1644 4802 1746 4874 qui
1774 4818 1899 4858 am-

235 4889 560 4961 plexantur
588 4896 817 4959 ventos,
850 4896 907 4947 et
931 4891 1244 4947 conﬁdunt
1271 4893 1331 4946 in
1380 4890 1568 4961 nihili,
1596 4892 1900 4947 meminis-

236 4995 302 5034 se
332 4978 555 5037 debent
582 4982 749 5054 quia,
775 4983 950 5052 juxta
970 4982 1104 5047 Job,
1130 4980 1365 5036 divitias
1395 4997 1548 5053 quas
1570 4981 1898 5038 devorave-

233 5075 381 5126 runt
407 5077 706 5138 evoment,
759 5077 818 5128 et
856 5072 930 5128 de
977 5075 1184 5126 ventre
1243 5087 1450 5126 eorum
1496 5072 1763 5126 extrahet
1799 5088 1900 5127 eas

235 5161 420 5228 Deus,
452 5167 509 5219 et
534 5163 582 5218 si
611 5162 894 5219 duxerint
923 5163 980 5218 in
1012 5162 1188 5218 bonis
1216 5161 1342 5217 dies
1375 5177 1540 5233 suos,
1577 5161 1638 5216 in
1675 5167 1900 5235 puncto

231 5252 318 5308 ad
373 5251 609 5309 inferna
653 5252 1037 5308 descendent.
1074 5253 1138 5305 In
1166 5254 1390 5323 puncto
1418 5250 1706 5316 videlicet,
1757 5251 1900 5322 quia

233 5341 393 5397 sicut
417 5341 607 5414 stylus
628 5342 777 5397 dum
800 5343 1040 5414 ponitur
1060 5340 1343 5407 elevatur,
1369 5340 1449 5394 sic
1468 5339 1709 5410 iniquus
1731 5339 1898 5395 dives

235 5446 508 5504 praesens
530 5432 822 5503 gaudium
841 5432 986 5487 dum
1011 5430 1201 5500 tangit
1226 5429 1458 5486 amittit.
1475 5433 1619 5485 Nam
1639 5430 1902 5500 quantis-

231 5519 382 5591 libet
399 5521 575 5577 annis
603 5521 847 5578 feliciter
859 5521 1086 5585 vixerit,
1106 5536 1243 5576 cum
1266 5519 1343 5575 ad
1360 5519 1542 5574 ﬁnem
1554 5519 1798 5588 venerit,
1820 5519 1903 5576 ita

231 5611 480 5683 tempus
497 5609 646 5666 illud
655 5610 910 5683 longum
926 5608 1322 5673 consumitur,
1337 5624 1406 5664 ac
1421 5608 1470 5664 si
1485 5607 1664 5664 breve
1675 5607 1898 5665 fuisset.

2015 3021 2171 3074 hanc
2191 3020 2378 3076 vitam
2409 3023 2713 3088 ducimus,
2740 3027 3070 3089 intromitti.
3105 3038 3286 3092 Crede
3318 3020 3496 3113 mihi;
3527 3051 3675 3106 utin

2015 3109 2420 3180 increpatione
2458 3110 2610 3182 lapsi
2660 3114 2894 3186 dicitur,
2947 3121 3062 3177 hoc
3105 3129 3192 3179 est
3234 3129 3399 3197 quod
3451 3109 3674 3199 gehen-

2015 3214 2158 3252 nam
2191 3204 2450 3270 superat,
2497 3203 2662 3272 quod
2695 3207 2980 3263 omnibus
3017 3213 3210 3283 poenis
3265 3218 3510 3284 gravius
3561 3226 3676 3278 tor-

2015 3289 2176 3355 quet.
2214 3289 2455 3354 Demus,
2485 3288 2532 3342 si
2562 3289 2777 3362 placet,
2814 3296 2892 3350 ad
2933 3298 3253 3357 fruendum
3285 3304 3512 3362 deliciis
3541 3325 3675 3366 cen-

2016 3380 2142 3429 tum
2174 3390 2389 3438 annos,
2421 3382 2477 3432 et
2506 3378 2552 3432 si
2585 3381 2798 3448 mavis,
2852 3385 3052 3442 decies
3105 3394 3356 3450 tantum.
3389 3397 3503 3451 Sed
3535 3414 3670 3470 quae

2016 3463 2124 3558 erit
2147 3479 2221 3558 ex
2254 3465 2346 3520 his
2377 3469 2792 3558 compensatio
2833 3473 2913 3528 ad
2943 3478 3331 3536 mternitatem
3354 3483 3382 3538 εἴ
3424 3485 3534 3540 Sed
3553 3463 3674 3558 “qui

2016 3551 2075 3606 in
2108 3552 2192 3607 eis
2250 3554 2611 3624 passibiliter
2655 3556 2948 3618 inhaerent
2975 3564 3229 3622 delirare
3260 3583 3371 3624 nos
3402 3551 3670 3630 credunt.

2015 3645 2289 3734 attamen
2319 3643 2596 3713 ignorare
2623 3662 2744 3703 non
2773 3657 3050 3722 possunt,
3083 3657 3228 3727 quia
3258 3658 3485 3716 deﬁcias
3538 3663 3672 3734 qui-

2016 3731 2154 3786 dem
2203 3731 2359 3788 velut
2408 3735 2627 3791 umbra
2679 3745 3121 3811 pertranseunt,
3155 3750 3212 3802 et
3266 3731 3673 3808 velociter—fu-

2015 3820 2204 3889 giunt,
2254 3835 2449 3891 poenae
2497 3841 2634 3880 vero
2708 3834 3000 3899 perpetuo
3053 3839 3323 3891 manent.
3387 3839 3560 3901 Quod
3625 3841 3672 3895 si

2012 3907 2241 3980 aequale
2271 3914 2508 3982 tempus
2532 3918 2589 3968 et
2635 3914 2795 3970 idem
2820 3919 3082 3988 spatium
3128 3927 3303 3993 esset,
3334 3939 3488 3995 pene
3519 3933 3673 3983 esset

2012 3997 2228 4087 aliquis
2273 3999 2354 4055 ita
2398 4001 2634 4074 stultus,
2681 4010 2738 4060 et
2786 4005 2868 4061 ita
2895 4007 3170 4073 demens,
3204 4015 3270 4066 ut
3295 4012 3534 4082 eligeret
3559 4032 3670 4087 pro

2015 4101 2134 4140 uno
2162 4086 2258 4141 die
2303 4087 2654 4148 deliciarum
2707 4109 2896 4149 unum
2927 4095 3088 4152 diem
3137 4113 3478 4170 poenarum,
3529 4086 3668 4160 cum

2011 4175 2201 4232 soleat
2228 4176 2400 4234 dolor
2430 4180 2609 4236 unius
2648 4184 2832 4252 horai,
2864 4191 2922 4240 et
2964 4186 3213 4258 quilibet
3241 4193 3508 4264 corporis
3540 4209 3669 4251 cru-

2012 4266 2220 4338 ciatus,
2269 4267 2333 4322 in
2381 4269 2747 4328 oblivionem
2802 4275 3030 4331 mittere
3079 4293 3260 4336 omne
3307 4285 3668 4353 praeteritum

2013 4359 2250 4444 tempus
2276 4357 2583 4430 voluptate
2609 4365 3003 4419 transactum.
3041 4366 3160 4422 Hoc
3202 4368 3362 4425 enim
3410 4373 3671 4444 providit

2007 4443 2184 4508 Deus,
2222 4450 2283 4501 ut
2309 4447 2438 4502 haec
2461 4449 2583 4504 vita
2602 4449 2825 4506 laboris
2856 4453 3103 4525 quidem
3129 4461 3302 4524 esset,
3336 4443 3442 4515 sed
3469 4465 3668 4517 tamen

2009 4532 2141 4604 ipsa
2170 4534 2364 4591 brevis
2405 4536 2546 4604 vita,
2578 4543 2642 4593 ut
2667 4539 2905 4597 labores
2933 4543 3049 4599 cito
3087 4543 3392 4618 ﬁniantur,
3437 4550 3668 4606 merito-

2007 4636 2144 4678 rum
2175 4625 2424 4696 prtemia
2464 4627 2590 4682 sine
2616 4627 2734 4684 ﬁne
2766 4630 3000 4699 durent,
3030 4638 3094 4688 ut
3122 4635 3225 4707 qui
3262 4640 3449 4692 Deum
3478 4638 3662 4705 timet,

2009 4711 2161 4767 sicut
2189 4714 2474 4787 scriptum
2497 4721 2602 4783 est,
2638 4718 2754 4772 cito
2785 4720 2858 4774 sit
2887 4736 3133 4777 securus
3163 4741 3174 4784 ;
3199 4727 3495 4782 temerarii
3524 4743 3664 4784 vero

2007 4801 2361 4873 voluptates,
2391 4820 2545 4876 quas
2573 4807 2625 4860 ei
2657 4813 3038 4879 praeponunt,
3062 4811 3337 4868 velociter
3358 4816 3654 4887 amittant,

2007 4896 2062 4947 et
2093 4894 2653 4966 mercedem,quam
2683 4900 2936 4968 oportet,
2962 4903 3314 4959 aeternaliter
3334 4905 3660 4963 incurrant.

2007 4984 2134 5037 Non
2162 4983 2342 5052 igitur
2369 4984 2664 5053 eligamus
2684 4985 2835 5041 inter
2860 4987 3103 5046 fallaces
3131 4993 3474 5067 voluptates
3489 4997 3665 5068 quasi

2008 5072 2185 5127 unius
2210 5074 2374 5128 horm
2425 5073 2774 5130 delectabile
2825 5079 3129 5136 somnium
3175 5082 3394 5155 videre,
3430 5097 3502 5140 ne
3555 5100 3664 5140 nos

2007 5161 2313 5231 contingat
2355 5161 2506 5218 inter
2551 5179 2725 5220 veras
2772 5167 3044 5226 miserias
3077 5176 3329 5229 aeternos
3369 5173 3662 5229 cruciatus

2009 5251 2230 5306 subire.

2079 5342 2274 5397 XXXII.
2297 5342 2728 5399 lnsinuandum
2756 5345 2937 5415 igitur
2964 5348 3047 5403 eis
3074 5353 3162 5404 est
3183 5355 3247 5406 ut
3267 5355 3437 5406 caute
3463 5351 3662 5408 consi-

2008 5430 2217 5488 derent
2235 5433 2382 5504 quid
2413 5433 2485 5489 sit
2505 5433 2711 5506 homo,
2736 5440 2792 5490 et
2823 5441 2959 5492 ante
2983 5437 3226 5507 qualem
3253 5438 3518 5510 judicem
3553 5447 3664 5498 sta-

2009 5520 2112 5576 bit.
2134 5525 2478 5579 lntueantur
2490 5522 2646 5579 illius
2675 5524 3022 5597 potentiam,
3038 5533 3290 5595 pensent
3311 5545 3484 5588 suam
3505 5531 3666 5586 inﬁr-

2014 5610 2303 5683 mitatem,
2325 5618 2676 5670 enumerent
2697 5612 2857 5670 mala
2880 5613 3110 5686 proprii
3133 5618 3354 5692 operis,
3369 5625 3427 5679 et
3460 5624 3666 5678 contra
