4092 6158
483 127 586 179 615

1515 116 1571 171 S.
1613 113 1872 172 ODONIS
1909 105 2210 168 ABBATIS
2249 109 2753 170 CLUNIACENSIS
2793 111 2858 166 ll.

3795 113 3903 165 616

483 247 598 302 hoc
629 243 988 311 exaggerent
1011 239 1177 296 bona
1205 239 1360 295 illius
1389 237 1697 308 largitatis.
1742 234 2134 293 Considerent
2175 234 2211 287 Α
2253 235 2394 292 stria
2419 236 2671 292 salutem
2703 233 3062 308 persuadere
3091 237 3312 306 posset.
3345 232 3468 289 Hoc
3501 249 3690 288 unum
3719 237 3780 288 et
3811 249 3908 288 so-

485 349 670 408 quam
701 329 958 386 districte
987 329 1171 396 mala,
1203 345 1389 401 quam
1421 327 1711 383 subtiliter
1747 326 1910 380 bona
1939 324 2132 380 discu-

483 425 604 488 tiat,
619 436 807 494 quam
823 418 1124 474 districtus
1145 423 1354 474 contra
1367 419 1496 473 haec
1509 422 1759 488 utraque
1773 415 1986 470 veniet.
2003 416 2135 468 Ver-

483 517 646 567 setur
673 509 734 564 in
765 511 962 563 mente
990 511 1254 578 quantus
1291 507 1388 562 ille
1414 505 1486 562 sit
1515 505 1660 561 tanti
1675 502 1884 574 judicii
1913 501 2134 557 adven-

479 605 595 666 tus,
625 613 762 670 quae
791 601 932 651 tunc
961 594 1061 650 illa
1091 595 1164 650 sit
1191 595 1508 651 hominum
1535 591 2010 662 angelorumque
2025 588 2135 643 fre-

483 688 751 762 quentia,
783 689 1012 758 quanta
1041 683 1142 739 illa
1171 685 1244 739 sit
1291 681 1651 738 verecundia
1697 681 1758 735 in
1812 682 2135 750 conspectu

484 775 661 832 totius
694 773 947 830 humani
975 773 1229 842 generis,
1269 770 1662 842 omniumque
1695 767 2050 838 angelorum
2080 769 2137 820 et

480 862 980 933 arehangelorum
1011 860 1327 928 confundi;
1359 863 1588 932 quanta
1615 858 1670 913 vi
1701 861 1908 912 contra
1935 870 2135 926 repro-

479 954 592 1010 bos
620 951 890 1010 ardentia
916 955 1188 1024 pugnent
1215 949 1526 1015 elementa,
1557 951 1614 1003 et
1651 947 1776 1019 ipse
1802 944 2010 1016 judex,
2041 943 2134 998 cui

480 1057 754 1114 supernae
783 1039 1026 1095 virtutes
1055 1038 1493 1110 obsequuntur,
1512 1040 1741 1108 quanta
1771 1034 1819 1089 si
1845 1033 2136 1088 universae

479 1127 913 1200 magnitudinis
942 1126 1210 1182 cordium
1246 1127 1473 1180 secreta
1499 1123 1812 1186 illuminet,
1844 1125 1902 1177 et
1925 1135 2136 1176 omnes

481 1219 690 1290 culpas
743 1221 882 1272 ante
909 1216 1184 1270 omnium
1222 1213 1428 1269 oculos
1475 1212 1795 1268 reduxerit.
1831 1213 2137 1266 Postremo

479 1325 669 1381 quam
701 1305 976 1362 terribilis
1006 1304 1108 1360 illa
1135 1302 1430 1359 sententia
1459 1301 1870 1372 prodeat,qua
1898 1297 2138 1371 reprobi

480 1393 952 1459 damnabuntur,
985 1397 1042 1446 et
1087 1408 1222 1464 quas
1277 1390 1393 1445 sint
1431 1390 1719 1459 gehennae
1773 1403 1968 1460 prensa
1999 1402 2136 1440 eum

2241 324 2366 380 lum
2390 326 2554 397 quod
2567 329 2798 398 poterat
2817 327 3096 397 praestare
3113 323 3434 388 nitebatur,
3449 339 3594 379 nam
3607 323 3912 394 lacryma-

2240 415 2420 471 batur
2448 420 2506 471 et
2535 415 2821 471 orationis
2881 429 3062 486 opem
3121 413 3472 482 adhibebat,
3517 413 3786 478 Fratres,
3821 412 3916 466 in—

2241 504 2475 575 quiens,
2499 506 2772 561 voluntas
2801 504 2996 559 cordis
3019 503 3153 571 mei,
3177 508 3232 558 et
3259 501 3585 558 obsecratio
3615 502 3696 558 ad
3715 503 3912 556 Deum

2239 593 2306 660 ﬁt
2336 609 2446 662 pro
2477 595 2600 649 illis
2627 594 2708 650 ad
2727 593 2982 650 salutem
3009 592 3193 662 (Rom.
3227 608 3284 658 x,
3315 592 3388 662 t).
3419 593 3545 646 Non
3571 591 3776 663 itaque
3793 605 3914 645 nos

2243 687 2572 755 praetereat,
2599 683 2786 756 quod
2830 681 3105 737 inimicos
3149 680 3426 752 exemplo
3473 681 3605 752 ejus
3657 679 3914 748 diligere

2243 761 2595 840 debeamus,
2617 776 2673 827 et
2704 772 2752 827 si
2785 787 2908 828 non
2941 772 3128 826 simus
3159 770 3327 840 tales,
3359 775 3424 826 ut
3448 771 3622 841 juxta
3649 773 3914 842 Aposto-

2241 862 2370 918 lum
2395 861 2670 934 rapinam
2691 861 2992 918 bonorum
3005 864 3348 917 nostrorum
3374 877 3514 916 cum
3539 859 3762 931 gaudio
3777 875 3922 915 sns-

2245 951 2558 1023 cipiamus,
2585 950 2680 1006 vel
2711 953 2898 1006 simus
2931 949 3077 1006 tales
3117 949 3217 1022 qui
3263 948 3758 1022 persequentibus
3787 963 3920 1004 nos

2244 1039 2695 1095 benedicamus.
2727 1039 2898 1104 Quod
2925 1037 3171 1110 quidem
3193 1036 3412 1093 duram
3434 1037 3710 1110 superbis
3741 1035 3918 1092 vide-

2247 1132 2360 1182 tur.
2393 1127 2658 1182 Christus
2689 1126 2866 1181 dicit:
2903 1127 3108 1193 Pater,
3141 1126 3373 1182 dimitte
3401 1127 3548 1196 illis,
3587 1127 3730 1196 quia
3768 1139 3918 1180 nes-

2246 1217 2412 1270 ciunt
2443 1216 2588 1286 quid
2611 1216 2852 1284 faciunt
2883 1214 3048 1286 (Luc.
3083 1230 3242 1284 xxm,
3285 1205 3394 1284 3t):
3431 1213 3766 1286 Stephanus
3813 1212 3916 1267 di-

2247 1303 2354 1358 cit:
2389 1305 2655 1371 Domine,
2689 1319 2763 1360 ne
2805 1308 3037 1358 statuas
3087 1303 3213 1358 illis
3259 1301 3367 1358 hoc
3395 1309 3704 1371 peccatum
3737 1303 3914 1368 (Act.

2245 1409 2348 1458 vn,
2383 1395 2490 1464 59).
2525 1393 2746 1448 Paulus
2776 1391 2887 1446 ait:
2941 1391 3231 1461 Optabam
3263 1391 3584 1448 anathema
3631 1407 3753 1448 esse
3799 1407 3920 1462 ego

481 1484 644 1556 gravi
678 1481 1095 1540 amaritudinis
1125 1478 1490 1534 obscuritate
1535 1482 1814 1550 pensent,
1842 1476 1948 1548 qui
2001 1479 2141 1546 post
2248 1482 2372 1550 ipse
2399 1497 2436 1537 a
2468 1481 2706 1537 Christo
2729 1496 2844 1550 pro
2873 1481 3175 1548 fratribus
3197 1481 3340 1536 meis
3361 1481 3467 1551 qui
3487 1485 3628 1536 sunt
3657 1483 3922 1550 cognati

481 1572 894 1630 confusionem
947 1568 1242 1624 cruciatus
1273 1571 1536 1634 maneat,
1582 1582 1720 1622 cum
1763 1569 1963 1620 reatus
2009 1564 2136 1619 ani-
2169 1577 2207 1631 Β
2247 1571 2364 1626 mei
2383 1571 2705 1626 secundum
2739 1585 2978 1626 carnem
3011 1570 3200 1639 (Rom,
3233 1585 3311 1636 ιχ,
3340 1571 3414 1636 3).
3449 1571 3676 1640 Moyses
3709 1569 3864 1624 dicit
3899 1588 3912 1622 ;

481 1677 652 1717 mum
681 1656 1096 1714 immortaliter
1125 1657 1480 1711 morientem
1500 1659 1558 1710 et
1589 1654 1865 1724 gehenna
1893 1668 2137 1709 carnem

480 1747 920 1804 indeﬁcieutem
977 1743 1484 1800 consummaverit
1535 1742 1930 1799 deﬁcientem.
1985 1745 2138 1797 Inter

480 1837 610 1892 haec
637 1850 807 1892 mens
840 1833 919 1889 ad
945 1849 1006 1888 se
1035 1832 1335 1904 respiciat,
1383 1836 1440 1888 et
1495 1831 1654 1886 illinc
1693 1830 2134 1887 destrictionem

475 1925 738 1998 justitite,
767 1923 906 1978 hinc
935 1923 1214 1977 meritum
1243 1925 1430 1993 ponat
1473 1919 1685 1993 culpae,
1717 1925 1775 1975 et
1804 1919 2134 1991 periturum

481 2031 544 2070 se
571 2015 755 2070 homo
785 2011 1018 2083 absque
1043 2009 1247 2083 aliqua
1277 2009 1665 2079 ambiguitate
1711 2013 2048 2082 pernoscat,
2087 2008 2137 2062 si

481 2107 712 2160 remota
739 2101 954 2174 pietate
973 2100 1702 2171 judicetur.Convertatur
1732 2098 1810 2154 ad
1840 2097 2133 2170 poeniten-

483 2193 644 2258 tiam,
687 2194 751 2246 ut
775 2205 885 2263 pro
916 2189 1088 2245 certis
1116 2189 1306 2260 culpis
1337 2187 1525 2260 pietas
1566 2187 1618 2244 ei
1647 2187 1821 2250 adsit,
1863 2203 1999 2260 quae
2029 2201 2135 2259 per

477 2281 742 2338 lamenta
769 2278 1088 2352 praesentia
1116 2293 1320 2333 eruere
1347 2277 1425 2333 ab
1441 2282 1662 2333 aeterna
1677 2293 1858 2350 pcena
1883 2291 2134 2332 consue-

477 2371 580 2436 vit,
613 2373 670 2426 et
698 2385 836 2440 quae
862 2367 1049 2422 vitam
1109 2370 1380 2422 nostram
1429 2365 1514 2420 sic
1544 2365 1624 2420 ad
1669 2380 1730 2420 se
1783 2379 2134 2420 conversam

477 2459 726 2532 judicat,
759 2461 823 2512 ut
851 2461 1052 2512 tamen
1083 2454 1295 2526 culpas
1344 2453 1509 2526 apud
1555 2453 2002 2509 misericordem
2031 2469 2134 2508 ex-

479 2545 881 2601 cuset.Libeat
903 2543 1043 2599 ﬂere
1073 2543 1384 2600 salubriter
1408 2542 1574 2615 quod
1603 2542 1884 2598 deﬂenda
1921 2543 2132 2613 jucun-

479 2633 660 2688 ditate
693 2630 1086 2688 commissum
1115 2635 1224 2686 est.
1258 2630 1412 2686 Licet
1449 2630 1610 2686 enim
1640 2629 2002 2686 conscientia
2029 2629 2135 2684 du-

480 2722 628 2778 dum
655 2721 730 2776 sit
753 2719 1003 2794 polluta,
1023 2719 1307 2791 lacrymis
1333 2723 1534 2776 tamen
1561 2719 1861 2791 baptizata
1888 2734 2134 2774 renova-

479 2816 594 2868 tur.
631 2809 772 2866 Hinc
820 2808 1108 2881 scriptum
1165 2813 1288 2864 est:
1331 2810 1616 2864 Dominus
1647 2808 1950 2878 judicabit
1985 2810 2132 2877 ﬁnes

481 2905 659 2957 terrae
696 2899 886 2970 (Psal.
921 2915 998 2967 lx,
1030 2901 1108 2967 9),
1157 2897 1302 2970 quia
1345 2897 1631 2953 nimirum
1669 2901 2010 2953 anteactam
2053 2896 2134 2951 vi-
2161 2925 2202 2976 ο

478 2992 602 3044 tam
635 2986 921 3042 Dominus
951 3001 1074 3041 non
1099 2985 1616 3058 judicat,quando
1647 2985 1976 3057 posteriora
1999 3000 2133 3056 pec-

477 3076 694 3134 catoris
722 3091 908 3148 opera
932 3079 1204 3148 respectu
1251 3091 1526 3148 superate
1575 3074 1809 3148 pietatis
1859 3074 2130 3130 illustrat.

479 3167 626 3222 Hine
678 3169 908 3238 Moyses
956 3183 968 3219 :
1025 3167 1438 3235 Primogenita
1494 3167 1657 3222 asini
1704 3165 1963 3220 mutabis
2030 3179 2134 3219 ove

483 3257 702 3324 (Exod.
729 3271 928 3324 xxxtv,
949 3255 1060 3325 20),
1087 3254 1148 3309 id
1187 3258 1296 3322 est,
1347 3253 1678 3310 immundae
1715 3253 1846 3309 vitae
1875 3253 2131 3325 primor-

476 3343 579 3400 dia
635 3343 698 3399 in
741 3341 1094 3399 innocentiae
1145 3341 1586 3414 simplicitatem
1644 3345 1938 3398 converte.
1989 3342 2132 3396 Hinc

473 3448 682 3489 rursus
711 3431 958 3487 dicitur:
985 3431 1060 3486 Et
1093 3431 1292 3486 lumen
1322 3432 1450 3500 ejus
1479 3445 1662 3500 super
1704 3430 1985 3487 terminos
2013 3437 2132 3485 ter-

475 3538 562 3580 rte
592 3523 720 3590 (Job
759 3523 993 3588 xxxvii),
1037 3519 1182 3592 quia
1211 3519 1485 3575 videlicet
1529 3523 1832 3591 peccator,
1874 3517 1980 3591 qui
2010 3535 2133 3574 me-

472 3611 584 3668 rito
613 3615 768 3667 terra
793 3609 1150 3682 appellatur,
1187 3607 1235 3663 si
1267 3612 1407 3680 post
1436 3623 1623 3680 prava
1648 3623 1833 3681 opera
1862 3607 1940 3664 ad
1964 3609 2129 3678 justa

473 3698 855 3766 convertitur,
887 3696 966 3753 ab
997 3696 1303 3753 actionum
1344 3711 1592 3752 suarum
1634 3695 1892 3752 tenebris
1922 3694 2128 3752 divino

473 3787 702 3844 lumine
733 3789 1063 3860 separatur.
1092 3784 1240 3840 Hinc
1271 3784 1558 3840 Dominus
1581 3784 1658 3840 ad
1687 3783 1976 3840 afﬂictum
1996 3784 2125 3840 Job:

472 3875 764 3948 Nunquid
793 3876 857 3931 in
903 3874 1236 3932 novissimis
1275 3875 1477 3944 abyssi
1513 3875 1957 3931 deambulasti?
1998 3875 2126 3945 (Job

471 3982 714 4036 xxxvm,
752 3964 854 4037 I6).
892 3964 1168 4036 Abyssus
1199 3967 1288 4020 est
1316 3963 1585 4020 humana
1631 3979 1804 4020 mens
1845 3962 2126 4019 ﬂuctibus

471 4056 753 4112 vitiorum
787 4054 1121 4126 tenebrosa,
1173 4069 1309 4126 quae
1346 4053 1494 4110 dum
1555 4052 1939 4126 semetipsam
1968 4068 2127 4109 com-

472 4143 842 4216 prehendere
867 4159 992 4199 non
1029 4142 1208 4208 valet,
1241 4158 1368 4198 sese
1397 4142 1561 4198 velut
1585 4141 1844 4198 obscura
1867 4141 2126 4213 abyssus

470 4233 629 4290 latet.
662 4238 728 4289 In
747 4232 1086 4326 novissimis
1117 4231 1322 4304 abyssi
1344 4231 1754 4326 deambulare,
1776 4231 2129 4326 est__nequis-
2154 4273 2197 4326 υ

473 4323 765 4378 simorum
779 4321 1096 4377 hominum
1113 4323 1343 4376 mentes
1361 4320 1515 4375 mira
1525 4319 1936 4376 misericordia
1953 4321 2128 4390 juxta

473 4409 794 4468 terminum
824 4413 1188 4476 convertere,
1220 4423 1467 4480 pressos
1512 4407 1835 4464 sceleribus
1865 4408 2123 4479 visitare,

465 4501 596 4572 jam
623 4499 972 4572 desperatos
1014 4501 1376 4571 permutare.
1409 4496 1498 4552 Ad
1529 4497 1686 4552 hanc
1715 4513 1980 4571 namque
2019 4502 2128 4556 Da-

468 4589 572 4646 vid
618 4593 798 4662 atque
851 4589 1058 4644 Petrus
1115 4585 1301 4659 lapsis
1355 4585 1708 4656 referuntur,
1767 4591 1832 4643 ut
1863 4603 2124 4660 quorum

468 4679 640 4736 dictis
693 4694 940 4752 peccare
993 4675 1406 4751 prohibemur,
1465 4691 1676 4732 eorum
1737 4677 2024 4749 exemplis
2077 4678 2126 4732 si

467 4768 920 4840 peceaverimus
973 4765 1053 4822 ad
1108 4781 1280 4838 spem
1317 4765 1503 4821 venite
1559 4765 1944 4838 respiremus.
1977 4769 2126 4823 Nam

468 4855 606 4926 quis
663 4855 737 4910 de
767 4855 943 4910 venia
967 4855 1099 4924 jam
1129 4853 1176 4908 si
1207 4853 1494 4926 poeniteat
1536 4852 1830 4926 desperet,
1877 4855 2126 4926 quando

469 4945 676 4998 Petrus
717 4943 918 5015 ipsum
951 4943 1255 4999 Simonem
1301 4945 1538 5014 Magum
1593 4943 1668 4999 ad
1711 4943 2124 5016 pmnitentiam

467 5031 740 5088 hortatur
752 5033 779 5086 ?

539 5121 759 5176 XXXIII.
812 5117 960 5174 Illud
986 5123 1273 5190 praeterea
1297 5118 1639 5175 nullatenus
1671 5120 1874 5176 animo
1925 5121 2125 5182 absce-

469 5211 596 5277 dat,
625 5209 792 5283 quod
822 5207 945 5264 sive
973 5207 1278 5280 patiantur
1306 5207 1558 5264 verbum
1607 5208 1832 5265 inimici
1875 5209 2039 5282 pacis
2069 5213 2127 5266 et

467 5298 875 5371 correptionis,
905 5297 1030 5352 sive
1061 5313 1182 5352 non
1213 5297 1514 5368 patiantur
1542 5297 1767 5364 audire,
1799 5315 1909 5370 pro
1933 5299 2015 5354 cis
2045 5299 2122 5354 ad

470 5387 812 5458 exemplum
829 5385 1148 5442 Salvatoris
1169 5385 1352 5440 nostri
1375 5385 1462 5440 vel
1491 5385 1648 5441 beati
1675 5387 1834 5442 l’auli
1857 5388 2120 5442 certatim

469 5475 770 5530 orandum
799 5479 908 5530 est.
957 5475 1120 5530 Idem
1149 5489 1412 5547 namque
1443 5475 1659 5530 Paulus
1685 5480 1930 5532 noverat
1957 5475 2124 5548 quod

467 5561 668 5634 ipsum
698 5563 828 5633 ejus
857 5579 1131 5620 cruorem
1153 5563 1455 5632 sitiebant,
1488 5579 1626 5619 cum
1649 5563 1733 5618 eis
1759 5563 1924 5619 nulla
1953 5564 2122 5620 indu-

2246 1660 2312 1714 Si
2335 1659 2583 1714 dimittis
2605 1660 2729 1714 illis
2741 1664 3079 1728 peccatum,
3095 1659 3327 1715 dimitte
3351 1675 3364 1713 :
3383 1660 3478 1714 sin
3497 1665 3716 1726 autem,
3737 1665 3794 1714 et
3819 1675 3918 1714 me

2246 1749 2376 1805 dele
2404 1749 2477 1804 de
2505 1750 2654 1804 libro
2676 1763 2846 1820 quem
2877 1748 3178 1816 scripsisti
3199 1747 3416 1812 (Exod.
3451 1763 3634 1814 xxxu,
3667 1752 3758 1814 3t,
3791 1749 3912 1818 3'2).

2247 1838 2432 1894 David
2461 1839 2620 1893 enim
2651 1837 2731 1893 ait
2762 1855 2774 1892 :
2823 1838 3104 1893 Vertatur
3131 1851 3346 1893 manus
3381 1841 3486 1892 tua
3517 1851 3702 1906 super
3727 1853 3826 1893 me
3855 1845 3914 1892 et

2243 1941 2424 1996 super
2449 1927 2688 1982 domum
2705 1925 2904 1995 patris
2935 1925 3051 1980 mei
3071 1924 3159 1994 (II
3175 1925 3318 1995 Reg.
3345 1939 3504 1990 XXIV,
3529 1924 3635 1994 I7).
3657 1923 3910 1980 Samuel

2245 2015 2361 2070 ait:
2389 2014 2545 2070 Mihi
2589 2015 2740 2070 absit
2789 2026 3042 2083 peccare
3093 2011 3540 2069 intermittendo
3569 2027 3684 2082 pro
3739 2012 3912 2068 vobis

2243 2106 2427 2160 Deum
2461 2118 2637 2160 orare
2666 2104 2726 2172 (Ι
2745 2105 2888 2174 Reg.
2922 2118 3016 2168 xu,
3057 2101 3170 2173 23).
3203 2104 3397 2168 Quam
3437 2101 3617 2172 igitur
3661 2101 3910 2158 veniam

2243 2193 2456 2248 mereri
2487 2192 2836 2265 poterimus,
2867 2191 2916 2246 si
2941 2195 3244 2246 tantorum
3277 2205 3586 2246 servorum
3609 2189 3686 2246 de
3711 2191 3910 2246 Veteri

2243 2287 2422 2354 atque
2445 2285 2604 2338 Novo
2625 2284 3020 2350 Testamento,
3041 2285 3096 2336 et
3117 2279 3446 2352 praesertim
3461 2278 3646 2352 ipsius
3665 2281 3910 2336 Domini

2241 2386 2364 2426 non
2387 2369 2690 2426 imitamur
2721 2368 3084 2442 exemplum.
3115 2371 3184 2424 Ut
3207 2367 3444 2424 enimin
3475 2367 3666 2440 prima
3693 2367 3910 2425 home-

2241 2457 2322 2513 lia
2341 2457 2416 2514 de
2443 2473 2615 2513 cruce
2636 2461 2694 2512 et
2711 2457 2942 2512 latrone
2962 2458 3226 2512 Joannes
3249 2455 3475 2520 asserit,
3495 2454 3706 2510 melius
3725 2471 3910 2512 orare

2242 2561 2352 2618 pro
2381 2545 2636 2602 inimicis
2661 2549 2770 2612 est,
2790 2561 2978 2618 quam
3003 2561 3115 2616 pro
3141 2543 3367 2600 amicis.
3385 2542 3550 2598 Unde
3571 2543 3910 2602 Dominus:

2243 2636 2312 2690 Si
2334 2635 2606 2705 diligitis,
2631 2633 2844 2707 inquit,
2864 2648 2957 2690 eos
2973 2635 3082 2704 qui
3100 2649 3198 2690 vos
3219 2633 3504 2704 diligunt,
3534 2647 3713 2704 quam
3747 2648 3914 2688 mer-

2242 2724 2436 2780 cedem
2469 2724 2756 2780 habebitis
2779 2727 2807 2778 ?
2835 2739 3036 2778 nonne
3055 2728 3108 2778 et
3133 2722 3450 2792 publicani
3481 2722 3588 2778 hoc
3613 2723 3870 2792 faciunt
3887 2727 3916 2776 ?

2245 2813 2486 2879 (Matth.
2519 2829 2574 2878 v,
2593 2811 2702 2882 46).
2727 2811 2782 2866 Si
2807 2826 2949 2880 ergo
2967 2826 3078 2882 pro
3100 2809 3242 2865 solis
3265 2809 3474 2866 amicis
3497 2809 3912 2880 oraverimus,

2241 2900 2514 2956 nondum
2537 2899 2890 2972 publicanos
2901 2898 3216 2955 vincimus.
3237 2899 3492 2964 Quando
3513 2913 3620 2971 pro
3639 2897 3916 2954 inimicis

2241 3004 2506 3060 oramus,
2523 2991 2710 3044 Deum
2740 2988 2800 3043 in
2831 2992 3128 3061 quantum
3146 2987 3430 3060 possibile
3451 2991 3540 3044 est
3563 2987 3908 3043 imitantur.

2241 3078 2385 3132 Hinc
2415 3077 2626 3132 beatus
2659 3076 2972 3146 Gregorius
2993 3076 3094 3146 ait,
3113 3076 3257 3149 quia
3282 3075 3498 3132 divinis
3519 3075 3768 3130 auribus
3805 3075 3918 3132 illa

2241 3165 2503 3222 maxime
2531 3165 2720 3222 oratio
2769 3164 3250 3232 commendatur,
3298 3181 3430 3237 quae
3480 3180 3588 3236 pro
3639 3163 3912 3219 inimicis

2239 3271 2482 3328 quoque
2502 3254 2866 3310 intercedere
2885 3254 3108 3310 nititur.
3159 3253 3282 3310 Hoc
3303 3258 3502 3310 tamen
3546 3251 3708 3326 quod
3753 3252 3914 3308 dici-

2239 3360 2376 3400 mus
2405 3343 2663 3416 prtelatis
2685 3342 2948 3400 maxime
2980 3342 3312 3412 gerendum
3334 3345 3439 3409 est,
3480 3341 3582 3414 qui
3611 3345 3668 3397 et
3693 3340 3916 3398 divina

2238 3437 2538 3505 praecepta
2561 3431 2796 3504 plenius
2826 3437 2884 3488 et
2911 3431 3125 3487 melius
3143 3431 3360 3502 sciunt,
3387 3435 3444 3487 et
3469 3435 3702 3486 teneras
3721 3445 3806 3486 ac
3825 3431 3912 3486 in-

2239 3519 2462 3577 dociles
2495 3519 2876 3576 subditorum
2906 3525 3134 3576 mentes
3163 3524 3404 3592 portare
3442 3519 3617 3592 quasi
3659 3521 3908 3576 nutricii

2239 3609 2332 3666 vel
2361 3613 2562 3682 patres
2589 3608 2828 3665 debent.
2873 3609 2938 3664 In
2985 3609 3100 3665 hoc
3147 3609 3308 3664 enim
3338 3608 3506 3681 quod
3549 3624 3656 3680 pro
3685 3607 3908 3664 alienis

2237 3701 2486 3772 peccata
2513 3697 2932 3766 interveniunt,
2949 3698 3103 3753 sicut
3117 3697 3178 3753 in
3199 3696 3410 3754 ultima
3431 3695 3744 3753 Ezechielis
3765 3713 3908 3770 par-

2239 3791 2293 3844 te
2319 3786 2582 3844 homelia
2624 3801 2788 3843 nona
2829 3786 3196 3859 perhibetur,
3239 3801 3350 3842 sua
3380 3789 3520 3842 ante
3559 3785 3658 3842 Dei
3687 3785 3904 3844 oculos

2237 3875 2472 3948 plenius
2493 3875 2804 3946 detegunt,
2835 3874 2980 3948 quia
3005 3889 3080 3930 ea
3105 3874 3242 3948 ipsa
3261 3875 3550 3930 charitate
3567 3873 3904 3946 justiﬁcant

2239 3980 2322 4034 se,
2346 3981 2471 4038 qua
2492 3963 2644 4020 mira
2663 3965 2883 4036 pietate
2923 3979 3034 4036 pro
3057 3961 3254 4020 aliena
3273 3963 3588 4035 iniquitate
3611 3979 3676 4020 se
3719 3963 3788 4018 in
3821 3964 3902 4020 la-

2237 4053 2454 4110 mentis
2477 4057 2766 4110 mactant.
2795 4057 2908 4109 Nee
2937 4051 3309 4110 laboriosum
3331 4051 3508 4108 debet
3543 4067 3672 4108 esse
3691 4051 3900 4110 docto-

2237 4142 2405 4198 ribus
2427 4159 2536 4215 pro
2557 4142 2860 4200 conversis
2881 4141 3299 4216 peccatoribus
3319 4141 3622 4214 laerymas
3643 4141 3898 4198 fundere

2240 4231 2489 4304 quando
2520 4236 2576 4288 et
2599 4233 2726 4304 ipse
2753 4231 2856 4304 qui
2877 4231 3084 4288 omnia
3099 4230 3322 4286 creavit
3341 4230 3528 4286 homo
3553 4229 3768 4298 factus,
3787 4247 3902 4304 pro

2240 4321 2456 4376 nostris
2485 4319 2898 4394 iniquitatibus
2937 4319 2999 4376 in
3021 4335 3196 4376 cruce
3223 4319 3582 4388 sanguinem
3611 4317 3790 4376 fudit.

2307 4410 2523 4466 XXXIV.
2590 4408 2910 4475 Quoddam
2965 4423 3160 4481 nuper
3228 4413 3468 4479 gestum
3531 4408 3898 4465 miraculum

2235 4503 2434 4556 mente
2463 4497 2802 4567 exciderat;
2831 4497 2999 4571 quod
3047 4513 3126 4554 an
3177 4497 3494 4570 praedones
3533 4497 3902 4568 redarguen—

2233 4587 2346 4644 dos
2389 4587 2646 4644 inserere
2699 4587 2912 4660 placet.
2955 4589 3054 4644 Est
3107 4585 3362 4644 ecclesia
3411 4589 3468 4642 S.
3509 4587 3788 4643 Aventini
3837 4587 3898 4644 in

2233 4681 2495 4732 Arverno
2525 4692 2706 4748 super
2735 4677 3006 4742 ﬂuvium,
3039 4675 3144 4748 qui
3175 4681 3424 4732 vocatur
3467 4675 3718 4732 Alerius.
3745 4677 3894 4732 Cum

2229 4766 2406 4836 juxta
2419 4765 2577 4820 hanc
2603 4765 3001 4835 negotiatores
3025 4780 3164 4820 cum
3185 4763 3382 4836 porcis
3407 4768 3790 4822 transeuntes
3819 4765 3896 4820 vi-

2234 4853 2463 4908 dissent
2495 4852 2608 4908 sibi
2637 4853 2864 4926 equites
2903 4852 3296 4926 appropriare
3329 4852 3656 4926 quosdam,
3691 4855 3894 4910 timeu-

2233 4947 2320 4998 tes
2340 4959 2442 4998 eos
2457 4941 2516 4996 in
2539 4957 2746 4998 curam
2768 4941 3029 4998 ecclesite
3054 4942 3438 5010 diverterunt,
3457 4959 3614 4998 unus
3637 4959 3712 4998 ex
3727 4943 3890 5016 equi-

2235 5031 2396 5087 tibus
2429 5030 2576 5087 dixit
2621 5031 2700 5087 ad
2743 5047 2883 5088 eos:
2937 5031 3178 5088 Educite
3222 5047 3458 5105 porcos.
3491 5033 3764 5106 Cumque
3811 5031 3886 5086 illi

2234 5117 2484 5186 nollent,
2516 5117 2709 5188 coegit
2738 5119 3226 5192 eos,promittens
3255 5118 3518 5190 aliquem
3545 5135 3800 5192 porcum
3827 5133 3884 5172 se

2235 5208 2539 5264 daturum.
2573 5211 2735 5264 Tunc
2792 5208 3045 5281 quidam
3094 5209 3222 5264 viro
3275 5225 3349 5264 ex
3391 5208 3514 5264 suis
3565 5225 3784 5281 porcos
3813 5207 3882 5264 ad

2237 5299 2594 5354 miuamlum
2625 5299 3092 5360 connuendavit.
3125 5304 3181 5354 et
3212 5300 3438 5354 tractim
3485 5299 3652 5354 aliire
3699 5299 3880 5372 cu'pit.

2235 5391 2286 5442 ls
2319 5407 2454 5444 vero
2477 5389 2577 5461 qui
2605 5405 2819 5460 porcos
2845 5389 3118 5444 minabat
3145 5389 3590 5460 aliquantulum
3625 5407 3884 5462 progres—

2235 5494 2337 5532 sus
2369 5477 2566 5532 subito
2591 5475 2826 5544 corruit,
2853 5481 2910 5532 et
2931 5493 3148 5534 coxam
3183 5477 3296 5534 sibi
3327 5477 3518 5548 fregit.
3549 5479 3766 5534 Verum
3797 5475 3884 5532 ille

2233 5565 2336 5638 qui
2361 5581 2576 5637 porcos
2597 5563 2826 5620 minare
2841 5566 3126 5636 jusserat,
3151 5565 3392 5640 vulpem
3417 5567 3522 5622 viae
3539 5567 3880 5637 contiguam
