4150 6128
225 113 328 164 617

1248 105 1772 165 COLLATIONUM
1810 107 1994 164 LIBRI
2034 110 2232 169 TRES.
2273 143 2342 153 —-
2380 114 2517 173 LIB.
2561 123 2650 176 ΙΙΙ-

3585 130 3691 183 618

222 231 377 289 forte
403 232 736 304 conspexit,
764 233 896 304 post
921 247 1107 303 quam
1138 232 1416 288 videlicet
1444 245 1622 319 equo
1659 229 1910 319 dimisso
1947 235 1996 287 A
2023 239 2254 306 quanto
2310 237 2549 309 plenius
2597 244 2790 301 sciunt
2841 248 3006 319 quod
3059 263 3269 304 eorum
3328 248 3586 306 dulcedo
3629 251 3694 308 in

223 337 465 378 currere
520 320 718 392 erepit.
777 321 921 376 Cum
977 321 1172 376 subito
1232 321 1442 392 lapsus
1521 317 1621 372 ita
1697 318 1910 374 subtus

223 425 460 483 equum
491 409 810 480 depressus
839 413 944 478 est,
978 414 1041 465 ut
1063 410 1162 466 illa
1180 425 1320 482 pars
1352 405 1516 463 sellae
1551 421 1704 478 quae
1734 423 1910 480 proe-

223 497 418 554 minet
447 501 626 569 caput
650 497 704 567 ej
717 514 787 552 us
814 495 1047 568 penitus
1091 501 1404 554 truncaret.
1459 497 1909 565 Negotiatores,

223 586 334 659 qui
363 585 562 641 ﬂendo
589 585 1020 658 sequebantur,
1043 588 1289 659 receptis
1329 582 1531 658 porcis
1597 583 1903 654 fugerunt.

226 676 317 733 Illi
345 691 484 731 vero
509 674 611 746 qui
632 677 846 746 raptor
870 677 1184 744 exstiterat,
1217 691 1341 732 non
1361 671 1658 746 placebat
1699 690 1908 730 vecor-

227 765 336 822 dia
363 779 486 819 sua.
515 763 635 818 Hoc
664 777 785 832 ego
816 763 895 820 ab
926 763 1114 836 ipsius
1139 763 1500 821 consobrino
1530 761 1744 818 didici.
1775 765 1909 818 Haec

229 854 309 911 de
336 851 728 909 afﬂictoribus
757 867 1098 926 pauperum
1127 855 1282 911 dicta
1309 856 1464 909 sunt.
1490 851 1910 908 Nuncinexis-

233 945 390 999 tente
412 939 509 996 illo
532 944 741 996 vestro
765 957 902 1014 quin
929 957 1256 1011 possumus
1287 940 1693 1014 proferemus,
1730 939 1908 1013 quasi

233 1028 498 1085 videlicet
525 1027 698 1084 obliti
732 1028 899 1102 quod
930 1029 1120 1086 multa
1141 1031 1271 1102 jam
1293 1029 1574 1103 superius
1603 1030 1683 1086 ad
1699 1045 1908 1086 eorum

232 1117 506 1174 solatium
531 1117 894 1172 dixerimus.
919 1117 1147 1183 Quibus
1170 1120 1288 1175 hoc
1308 1118 1590 1192 primitus
1628 1118 1907 1174 intiman-

233 1206 381 1262 dum
407 1205 684 1280 estquod
716 1221 841 1262 non
865 1205 1132 1274 fortuitu,
1165 1206 1270 1262 sed
1314 1206 1521 1264 divina
1574 1205 1910 1281 dispositio-

235 1312 316 1352 ne
337 1294 427 1350 vel
452 1311 754 1368 prospera
781 1294 874 1351 vel
904 1296 1182 1368 adversa,
1213 1301 1270 1353 et
1300 1297 1532 1355 cunctis
1562 1301 1619 1354 et
1661 1295 1910 1367 singulis

235 1384 665 1458 disponuntur.
710 1384 855 1440 Hinc
885 1385 1046 1442 enim
1106 1387 1399 1459 scriptum
1453 1391 1562 1451 est,
1619 1391 1681 1443 ut
1729 1401 1912 1460 supra

239 1475 495 1530 diximus
527 1492 539 1530 :
567 1474 724 1530 Nihil
754 1475 818 1531 in
847 1476 1018 1531 terris
1045 1476 1172 1532 sine
1204 1492 1393 1533 causa
1449 1479 1518 1533 ﬁt
1551 1495 1564 1533 :
1611 1476 1752 1533 hinc
1804 1492 1913 1549 per

2021 321 2377 412 despectum
2407 345 2686 402 supernae
2708 334 3044 391 dulcedinis
3061 336 3429 411 blandiatur,
3453 344 3510 395 et
3526 340 3694 412 quod

2022 411 2108 466 sic
2138 429 2250 468 sua
2279 415 2512 474 soleant
2529 423 2926 495 occupatione
2954 430 3218 480 mentem
3269 426 3348 482 ad
3400 411 3698 486 exteriora

2019 499 2470 567 diminuere,ut
2499 512 2810 580 quomodo
2850 517 3222 584 permutetur
3279 515 3573 585 ignorent.
3626 521 3700 575 At

2019 594 2231 679 contra
2258 597 2400 649 stmt
2426 599 2724 668 nonnulli,
2757 600 2865 673 qui
2900 600 3085 656 vitam
3134 618 3309 659 suam
3361 606 3696 679 negligunt,

2017 678 2364 736 transitoria
2395 691 2709 757 appetunt,
2735 693 2960 745 aeterna
3015 704 3140 744 non
3197 690 3554 764 intelligunt,
3603 696 3702 752 vel

2015 764 2320 858 intellecta
2350 778 2749 834 contemnunt
2768 794 2878 833 nec
2909 777 3182 834 dolorem
3231 796 3344 853 pro
3393 783 3506 855 his,
3562 802 3701 858 quae

2017 853 2419 922 admiserunt,
2456 864 2745 936 sentiunt,
2777 881 2889 922 nec
2917 865 3144 922 habere
3175 853 3494 928 consilium
3532 853 3702 929 recu-

2016 943 2282 1013 perandi
2307 954 2538 1006 curant.
2569 952 2844 1026 Cumque
2866 969 3132 1027 superna
3151 972 3276 1014 non
3305 961 3704 1032 considerent,

2016 1043 2422 1121 nequaquam
2444 1038 2525 1092 ad
2548 1041 2816 1098 veritatis
2831 1041 3061 1114 lumen,
3086 1046 3182 1101 cui
3205 1049 3430 1107 conditi
3445 1051 3704 1121 fuerant,

2016 1118 2250 1215 mentis
2279 1123 2489 1180 oculos
2521 1129 2784 1199 erigunt,
2817 1147 3211 1206 nequaquam
3237 1138 3316 1194 ad
3347 1118 3713 1215 contempla-

2016 1208 2262 1306 tiopem
2292 1215 2528 1269 aeternie
2587 1219 2801 1291 patriae
2849 1221 3128 1281 desiderii
3180 1228 3372 1285 aciem
3429 1208 3709 1306 tendunt,

2018 1291 2142 1348 sed
2167 1300 2526 1393 semetipsos
2557 1307 2627 1362 in
2656 1307 2775 1376 his,
2812 1308 2892 1364 ad
2917 1327 3051 1384 quae
3083 1317 3330 1388 projecti
3389 1327 3550 1393 sunt,
3609 1291 3715 1381 de:

2019 1389 2329 1486 serentes,
2348 1388 2476 1486 vice
2505 1395 2730 1462 patriae
2761 1396 3017 1468 diligunt
3039 1405 3334 1476 exsilium,
3366 1388 3546 1482 quod
3567 1414 3720 1486 pati-

2018 1476 2251 1568 untur._
2270 1479 2336 1568 Et
2364 1476 2506 1534 inde
2544 1489 2644 1538 est
2673 1487 2846 1556 quod
2873 1489 3154 1550 miseram
3183 1495 3363 1568 hujus
3383 1476 3514 1556 vitae
3541 1476 3721 1561 felici-

233 1569 416 1619 Amos
442 1563 657 1620 dicitur
694 1579 708 1618 ε
739 1565 954 1656 Si-erit
984 1567 1215 1622 malum
1244 1567 1310 1622 in
1340 1568 1586 1656 civitate
1609 1566 1770 1638 quod
1789 1567 1910 1656 Do-
1952 1587 1990 1640 Β
2022 1563 2213 1656 tatem
2234 1563 2545 1656 intantum
2572 1571 2866 1631 affectent
2895 1619 2909 1646 ,
2939 1582 3004 1634 ut
3033 1596 3172 1636 cum
3203 1563 3469 1656 qualibet
3499 1592 3599 1647 Dei
3630 1593 3720 1650 of-

235 1655 433 1709 minus
452 1669 572 1709 non
591 1654 744 1722 fecit
775 1652 981 1720 (Amos
1007 1670 1091 1721 in,
1123 1659 1200 1722 6).
1229 1657 1298 1711 Et
1322 1671 1428 1727 per
1455 1655 1672 1711 Isaiam
1706 1671 1720 1710 :
1774 1655 1912 1724 Quis

234 1741 400 1797 dedit
426 1742 612 1798 Jacob
633 1742 701 1798 in
723 1743 1120 1812 direptionem
1139 1743 1166 1798 ?
1196 1744 1334 1815 (Isa.
1365 1736 1720 1815 x1.u,‘24.)'et
1733 1744 1914 1800 Israel

233 1831 651 1887 vastantibus:
705 1833 928 1888 Nonne
979 1834 1275 1890 Dominus
1326 1836 1450 1904 ipse
1497 1834 1598 1890 cui
1649 1835 1915 1904 peccavi-

235 1936 372 1976 mus
398 1920 424 1975 ?
451 1920 651 1991 (Ibid.)
676 1923 828 1977 Nam
859 1921 935 1978 de
962 1921 1163 1990 bonis,
1187 1921 1415 1994 quibus
1443 1922 1706 1979 utilitatis
1730 1939 1916 1980 causa

235 2009 421 2066 datur
441 2009 790 2082 adversitas,
813 2011 1142 2084 praedictus
1172 2016 1358 2068 Amos
1407 2013 1585 2069 dicit:
1628 2014 1912 2071 Tantum-

233 2101 414 2158 modo
437 2116 535 2157 vos
564 2102 818 2172 cognovi
844 2117 921 2158 ear:
943 2102 1218 2158 omnibus
1236 2103 1695 2174 cognationibus
1717 2108 1912 2176 terrae,

235 2190 464 2246 idcirco
493 2191 744 2247 visitabo
787 2206 974 2260 super
1024 2207 1227 2248 omnes
1288 2193 1640 2264 iniquitates
1689 2198 1913 2249 vestras

234 2280 444 2350 (Amos
476 2294 555 2341 Ill,
588 2281 662 2350 2).
699 2281 778 2335 De
827 2279 1036 2352 pravis
1087 2283 1290 2335 autem
1346 2281 1574 2352 quibus
1630 2282 1912 2337 Jeremias

235 2367 488 2424 calicem
517 2367 737 2424 furoris
764 2369 1073 2442 propinat,
1099 2369 1303 2425 dicens
1337 2372 1520 2428 :ch
1541 2371 1692 2428 dicit
1718 2373 1914 2428 Domi-

235 2473 378 2526 nus,
412 2457 667 2514 bibentes
691 2458 919 2526 bibetis,
953 2459 1100 2530 quia
1131 2473 1263 2515 ecce
1287 2461 1348 2515 in
1369 2462 1633 2529 civitate,
1678 2461 1742 2516 in
1795 2477 1915 2532 qua

237 2547 589 2602 invocatum
617 2552 700 2602 est
732 2561 948 2604 nomen
979 2561 1195 2611 meum,
1218 2561 1323 2617 ego
1352 2549 1645 2619 incipiam
1667 2549 1917 2620 afﬁgere

240 2651 365 2704 vos,
399 2637 574 2706 quasi
598 2636 942 2692 innocentes
973 2636 1263 2691 immunes
1293 2639 1456 2692 eritis
1490 2642 1520 2692 ?
1574 2654 1703 2694 non
1755 2639 1919 2694 eritis

241 2725 537 2780 immunes
568 2723 709 2794 (Jer.
742 2741 879 2793 xxv,
909 2724 1024 2795 28).
1065 2724 1202 2779 Haec
1231 2723 1410 2794 igitur
1465 2725 1921 2782 considerantes

241 2813 742 2869 murmurationis
771 2829 1093 2870 excessum
1143 2812 1295 2869 inter
1351 2815 1657 2887 quaslibet
1705 2831 1921 2887 angus-

243 2903 360 2960 tias
379 2902 877 2976 temperabimus,
902 2903 1060 2958 sicut
1078 2917 1182 2958 rex
1212 2903 1401 2959 David
1455 2920 1598 2960 cum
1652 2905 1873 2961 diceret
1905 2921 1918 2960 :

246 2991 554 3059 Obmutui,
583 2997 638 3048 et
667 3007 788 3048 non
811 2991 1029 3062 aperui
1054 3005 1116 3046 os
1144 3007 1362 3059 meum,
1390 2992 1496 3048 sed
1511 3008 1702 3065 quare
1733 2994 1760 3049 ?
1783 3009 1924 3066 quo-

242 3081 414 3136 niam
445 3084 510 3134 tu
534 3081 738 3150 fecisti
766 3080 960 3151 (Psal.
995 3093 1226 3149 xxxvm,
1255 3080 1364 3151 10).

317 3171 514 3225 XXXV.
547 3168 793 3226 Occulto
821 3168 1003 3239 igitur
1027 3167 1252 3239 judicio
1275 3169 1362 3239 ﬁt,
1388 3171 1454 3224 ut
1480 3172 1604 3226 tam
1626 3169 1787 3242 apud
1809 3169 1920 3226 bo-

243 3273 361 3314 nos
382 3273 571 3330 quam
601 3258 769 3330 apud
793 3257 988 3314 malos
1020 3259 1078 3312 et
1100 3271 1392 3329 prospera
1418 3260 1475 3313 et
1515 3258 1771 3315 adversa
1825 3274 1924 3314 va-

244 3345 354 3413 rie,
389 3345 542 3402 sicut
601 3362 789 3419 supra
833 3346 1064 3402 dictum
1117 3348 1224 3416 est,
1270 3344 1581 3402 alternent.
1637 3345 1918 3402 Usitatius

245 3438 455 3492 tamen
475 3434 572 3490 hic
597 3439 653 3491 et
681 3433 860 3491 bonis
890 3434 1050 3490 male
1076 3437 1181 3501 est,
1207 3439 1265 3490 et
1291 3433 1467 3490 malis
1508 3433 1684 3491 bene.
1745 3434 1918 3500 Quod

243 3522 524 3579 videlicet
547 3523 772 3579 idcirco
801 3523 953 3580 forte
978 3521 1213 3578 occulto
1236 3521 1464 3594 judicio
1513 3520 1599 3590 ﬁt,
1653 3523 1798 3595 quia
1861 3527 1918 3581 et

243 3610 394 3667 boni
411 3626 547 3683 quae
575 3610 956 3684 deliquerunt
972 3609 1073 3665 hic
1099 3609 1410 3683 recipiunt,
1463 3611 1530 3666 ut
1556 3609 1636 3666 ab
1692 3615 1915 3670 aeterna

240 3698 638 3756 damnatione
665 3697 903 3772 plenius
927 3697 1272 3766 liberentur,
1304 3700 1361 3754 et
1378 3697 1523 3754 mali
1546 3697 1731 3768 bona,
1775 3715 1914 3772 quae

241 3805 357 3863 pro
378 3788 491 3845 hac
515 3789 639 3847 vita
667 3789 915 3860 faciunt,
938 3787 1036 3844 hic
1063 3786 1396 3855 inveniunt,
1426 3789 1490 3842 ut
1545 3786 1624 3842 ad
1678 3787 1807 3845 sola
1851 3789 1914 3845 in

239 3883 553 3953 posterum
580 3882 880 3936 tormenta
907 3877 1348 3952 pertrahantur.
1380 3874 1553 3932 Unde
1595 3881 1653 3934 et
1680 3877 1914 3936 ardenti

236 3969 306 4026 in
337 3969 568 4027 inferno
597 3969 765 4027 diviti
788 3969 1004 4026 dicitur
1029 3987 1042 4024 :
1074 3968 1389 4037 Memento,
1419 3966 1534 4036 ﬁli,
1582 3968 1726 4039 quia
1754 3984 1917 4026 rece-

230 4059 391 4131 μζςεί
408 4059 558 4117 bona
583 4061 648 4116 in
679 4061 804 4117 vita
831 4065 956 4129 tua,
1003 4063 1059 4115 et
1082 4059 1360 4121 Lazarus
1407 4056 1689 4113 similiter
1743 4058 1911 4115 mala

241 4148 411 4221 (Luc.
444 4165 560 4219 xvi,
590 4150 703 4222 25).
739 4151 814 4207 At
840 4165 980 4206 cum
1009 4147 1183 4204 malis
1206 4146 1302 4202 hic
1317 4143 1477 4201 male
1507 4148 1616 4214 est,
1647 4150 1704 4204 et
1733 4145 1913 4204 bonis

241 4236 422 4305 bene,
443 4237 735 4294 incertum
761 4237 938 4296 valde
958 4241 1050 4293 est
1076 4239 1281 4292 utrum
1304 4233 1450 4289 boni
1471 4232 1697 4292 idcirco
1745 4234 1912 4293 bona

241 4325 562 4398 accipiant,
594 4331 660 4384 ut
673 4326 983 4401 provocati
1004 4326 1083 4383 ad
1105 4321 1337 4396 aliquid
1357 4321 1576 4379 melius
1598 4328 1872 4381 crescant
1894 4342 1908 4380 :

245 4430 329 4472 an
355 4414 518 4484 justo
557 4413 882 4490 latentique
910 4413 1139 4487 judicio
1196 4411 1294 4468 hic
1352 4425 1602 4466 suorum
1660 4427 1917 4485 Operum

244 4504 794 4562 remunerationem
822 4502 1175 4578 percipiant,
1203 4503 1270 4557 ut
1299 4516 1336 4556 a
1364 4499 1627 4573 praemiis
1656 4499 1788 4556 vitae
1830 4516 1917 4570 se:

245 4590 878 4665 quentisinanescant.
931 4595 998 4648 Et
1039 4596 1242 4648 utrum
1298 4587 1494 4644 malos
1539 4586 1762 4644 idcirco
1815 4586 1920 4644 ad-

246 4700 428 4741 versa
456 4683 691 4754 feriant,
722 4685 788 4738 ut
813 4681 892 4737 ab
916 4679 1153 4737 aeternis
1200 4675 1512 4752 suppliciis
1563 4675 1920 4747 corrigentis.

249 4771 580 4829 defendant
606 4789 620 4827 :
651 4785 731 4827 an
759 4768 856 4826 hic
884 4784 1096 4826 eorum
1124 4782 1309 4841 paena
1334 4763 1599 4836 incipiat,
1627 4767 1692 4819 ut
1725 4779 1920 4836 quan-

251 4861 457 4934 doque
503 4857 866 4932 complenda
919 4873 1024 4915 eos
1069 4856 1148 4914 ad
1205 4855 1418 4910 ultima
1467 4853 1757 4928 gehennae
1798 4857 1918 4909 tor-

251 4953 461 5006 menta
487 4947 797 5022 perducat.
844 4945 1042 5002 Sancti
1086 4958 1230 5014 ergo
1285 4941 1397 4997 viri
1450 4940 1646 5012 magis
1694 4941 1756 4996 in
1804 4941 1920 4998 hoc

253 5036 488 5093 mundo
515 5050 808 5110 prospera
835 5049 1025 5108 quam
1058 5031 1316 5088 adversa
1341 5027 1688 5085 formidant.
1716 5029 1920 5088 Sciunt

253 5124 418 5182 enim
444 5169 459 5195 ,
518 5126 684 5198 quod
753 5122 1006 5180 adversa
1069 5119 1219 5176 dum
1282 5121 1595 5191 premunt,
1664 5116 1744 5172 ad
1808 5133 1922 5174 coe-

251 5213 429 5271 lestia
456 5211 961 5285 concupiscenda,
983 5224 1109 5284 quo
1123 5207 1306 5282 plena
1326 5206 1562 5279 requies
1593 5208 1701 5273 est,
1722 5211 1920 5263 mente

254 5319 365 5361 eos
389 5300 723 5376 impellunt.
760 5302 818 5359 Si
838 5317 976 5358 vero
1007 5313 1297 5374 prospera
1320 5296 1666 5369 suppetunt,
1696 5293 1919 5366 pavida

257 5392 604 5465 suspicione
634 5391 976 5460 turbantur,
1007 5389 1284 5445 timentes
1310 5402 1386 5442 ne
1415 5382 1806 5442 exterioribus
1823 5399 1915 5438 re-

254 5482 557 5538 munerati
588 5481 665 5538 ab
695 5480 920 5536 intimis
946 5477 1328 5551 repellantur.
1355 5478 1423 5532 Et
1448 5472 1670 5530 idcirco
1703 5471 1916 5527 eadem

257 5587 557 5645 prospera
623 5574 790 5628 tanto
860 5567 1078 5639 majori
1125 5564 1544 5638 aspernatione
1593 5560 1916 5631 refugiunt,

695 5661 952 5716 PATROL.
993 5655 1259 5716 CXXXIII.

2021 1648 2296 1752 fensione
2321 1653 2417 1709 vel
2451 1659 2899 1727 proximorum
2956 1666 3197 1727 laesione
3222 1648 3437 1731 -hanc'
3468 1648 3726 1752 adipisci

2021 1737 2258 1806 malint,
2288 1756 2479 1812 quam
2507 1743 2749 1816 abjecti
2780 1765 2909 1806 esse
2940 1752 3001 1809 in
3046 1755 3230 1814 domo
3290 1761 3410 1817 Dei.
3465 1765 3522 1820 Si
3573 1737 3725 1825 vero

2022 1831 2268 1929 propter
2285 1828 2487 1887 bonos
2511 1847 2595 1929 ne
2625 1834 2732 1929 hic
2755 1835 2818 1892 in
2849 1842 3133 1900 continua
3181 1851 3576 1922 prosperitate
3619 1872 3727 1929 po-

2024 1917 2116 1972 siti
2145 1927 2642 1986 remunerentur,
2681 1925 2807 1982 sive
2836 1937 3081 2003 propter
3103 1917 3295 1992 malos
3326 1917 3502 1998 uthic
3523 1917 3727 2002 emen-

2023 2004 2259 2095 dentiur,
2295 2023 2408 2064 seu
2438 2016 2600 2068 certe
2626 2014 2905 2085 qualibet
2929 2019 3046 2075 alia
3075 2024 3283 2079 secreti
3305 2026 3518 2095 judicii
3536 2048 3726 2092 causa

2021 2094 2198 2190 nobis
2224 2095 2570 2156 adversitas
2595 2103 2823 2169 veniat,
2849 2121 3042 2162 unum
3075 2094 3369 2183 superest,
3429 2122 3495 2172 ut
3542 2120 3722 2190 juxta

2022 2181 2190 2254 quod
2218 2185 2530 2244 Jacobum
2585 2190 2876 2258 hortatur,
2940 2211 3123 2252 omne
3151 2181 3462 2267 ligandi-um
3516 2181 3716 2264 existi-

2023 2289 2280 2338 memus,
2309 2291 2460 2334 cum
2510 2280 2710 2337 varias
2766 2283 2828 2338 in
2879 2286 3238 2343 tentationes
3291 2289 3709 2357 inmderimus.

2027 2362 2327 2454 Sedenim,
2355 2371 2429 2423 ut
2451 2370 2675 2426 Paulus
2697 2372 2870 2427 dicit:
2896 2374 3098 2429 Omnis
3123 2377 3451 2446 disciplina
3476 2384 3537 2439 in
3556 2401 3714 2454 pra:-

2023 2453 2179 2550 senti
2192 2454 2439 2550 quidem
2468 2461 2853 2550 nonividetur
2879 2478 3000 2519 esse
3017 2466 3233 2534 gaudii
3249 2468 3451 2537 (Hebr.
3477 2453 3570 2542 xu,
3603 2476 3714 2550 Il),

2027 2541 2132 2597 sed
2163 2545 2469 2600 maeroris.
2503 2551 2570 2605 Et
2595 2548 2818 2606 idcirco
2848 2552 3191 2624 frequenter
3215 2554 3298 2610 ita
3327 2572 3422 2612 res
3451 2559 3514 2614 in
3565 2541 3714 2621 con:

2028 2629 2276 2687 trarium
2308 2637 2584 2707 vertitur,
2637 2643 2702 2694 ut
2755 2639 3011 2711 imperiti
3067 2642 3318 2714 quilibet
3370 2663 3480 2718 pro
3530 2650 3715 2712 aﬂlic—

2030 2720 2208 2786 tione,
2234 2737 2361 2793 qua
2384 2725 2692 2782 meliorari
2723 2727 3015 2786 debuera
3045 2735 3081 2794 t,
3103 2732 3338 2802 pejores
3363 2735 3528 2793 ﬁant.
3561 2744 3712 2800 Nam

2031 2813 2088 2864 et
2113 2808 2175 2863 in
2201 2809 2690 2883 desperationem
2736 2815 2980 2884 cadunt,
3043 2824 3324 2890 putantes
3386 2841 3447 2879 se
3495 2843 3531 2883 a
3587 2833 3710 2889 Deo

1961 2940 2002 2995 Ο
2032 2895 2372 2968 derelictos,
2406 2905 2512 2955 aut
2540 2903 3084 2959 murmurationem
3115 2906 3263 2962 dum
3295 2925 3418 2967 non
3478 2921 3708 2991 recogi-

2034 2989 2180 3053 tant,
2202 2987 2349 3057 quia
2376 2988 2544 3058 justo
2570 2988 2800 3058 judicio
2827 2992 3205 3052 tribulantur.

2101 3077 2324 3132 XXXVI.
2347 3079 2428 3131 Ne
2449 3075 2631 3144 igitur
2661 3077 2723 3132 in
2760 3077 2887 3134 haec
2915 3081 3057 3150 duo,
3090 3085 3570 3157 desperationem
3624 3097 3706 3153 vi-

2032 3162 2266 3232 delicet,
2298 3167 2404 3220 aut
2433 3167 2978 3224 murmurationem
3025 3171 3352 3246 incurrant,
3403 3194 3434 3233 c
3489 3189 3704 3243 contra

2029 3250 2152 3307 duo
2181 3253 2455 3310 maxime
2485 3249 2720 3308 aﬂlictis
2743 3258 3188 3318 consideranda
3236 3269 3392 3332 sunt,
3425 3267 3704 3331 videlicet

2026 3339 2448 3400 misericordia
2477 3344 2533 3396 et
2552 3340 2868 3412 judicium.
2902 3349 3064 3404 Unde
3089 3351 3402 3412 Psalmista
3427 3376 3439 3412 :
3470 3359 3701 3420 Miseri-

2026 3429 2303 3520 cordiam
2334 3437 2391 3490 et
2406 3429 2707 3500 judicium
2737 3437 2991 3492 cantabo
3027 3438 3152 3507 tibi,
3206 3444 3460 3503 Domine
3502 3448 3696 3520 (Psal.

2023 3535 2074 3589 c,
2113 3518 2157 3591 ι)
2185 3527 2294 3591 ,‘et
2321 3521 2465 3577 item
2497 3538 2508 3576 :
2537 3521 2834 3580 Universae
2877 3527 2987 3582 viae
3010 3527 3256 3586 Domini
3286 3518 3700 3599 misericordia

2022 3615 2076 3666 et
2098 3613 2334 3670 veritas
2365 3611 2734 3685 (Psal.xx1v,
2770 3615 2877 3686 lO).
2927 3617 3068 3682 Quae
3123 3618 3246 3677 duo
3301 3625 3582 3684 Conditor
3639 3635 3698 3688 et

2016 3697 2209 3769 judex
2240 3704 2450 3758 noster
2477 3699 2632 3758 miro
2654 3703 2837 3758 modo
2863 3708 2986 3759 tam
3016 3719 3159 3774 erga
3186 3710 3478 3781 reprobos
3505 3729 3695 3786 quam

2023 3801 2170 3856 erga
2221 3790 2446 3845 electos
2488 3794 2736 3846 exercet.
2794 3791 3000 3848 Electis
3055 3809 3322 3868 namque
3361 3799 3694 3858 misericor-

2023 3873 2192 3930 diam
2225 3875 2290 3932 in
2318 3880 2625 3950 posterum
2657 3878 2915 3949 exhibet,
2948 3880 3044 3935 hic
3073 3885 3278 3939 tamen
3305 3901 3409 3942 eos
3449 3903 3559 3959 per
3597 3889 3694 3960 ju-

2025 3962 2257 4019 dicium
2287 3964 2454 4020 duris
2484 3964 2905 4023 afﬂictionibus
2933 3969 3170 4041 premit.
3223 3975 3530 4044 Reprobos
3585 3991 3692 4032 au-

2028 4055 2150 4108 tem
2177 4051 2276 4108 hic
2303 4068 2411 4124 per
2439 4053 2913 4112 misericordiam
2943 4055 3172 4126 tolerat,
3215 4064 3278 4116 et
3332 4061 3690 4136 plerumque

2027 4137 2208 4195 bonis
2242 4140 2694 4214 temporalibus,
2751 4158 2889 4216 quae
2941 4143 3302 4216 desiderant,
3355 4149 3434 4204 ad
3479 4156 3688 4207 votum

2029 4227 2278 4300 quidem
2309 4228 2502 4285 fulciri
2530 4231 2815 4303 permittit
2845 4251 2856 4288 :
2888 4233 2995 4289 sed
3036 4249 3139 4290 eos
3172 4237 3252 4292 ab
3299 4239 3532 4295 aeternis
3585 4241 3691 4298 bo-

2028 4317 2144 4385 nis,
2174 4333 2310 4390 quae
2340 4316 2529 4375 libero
2558 4320 2802 4377 arbitrio
2829 4326 3240 4394 contemnunt,
3263 4343 3371 4400 per
3390 4328 3688 4399 judicium

2030 4406 2307 4464 excludit.
2344 4410 2410 4464 Et
2437 4411 2744 4482 prosperis
2769 4412 3017 4484 quidem
3057 4418 3162 4470 aut
3207 4415 3476 4472 adversis
3529 4435 3691 4475 com-

2028 4495 2307 4567 muniter,
2331 4501 2396 4552 ut
2448 4514 2632 4570 supra
2689 4500 2914 4557 dictum
2962 4508 3072 4568 est,
3127 4509 3252 4559 tam
3305 4505 3449 4562 mali
3500 4523 3687 4579 quam

2026 4584 2171 4642 boni
2197 4585 2555 4658 plerumque
2585 4587 2881 4657 fruuntur,
2916 4590 3020 4646 sed
3041 4591 3209 4647 aliter
3241 4593 3344 4662 illi,
3377 4594 3548 4649 aliter
3571 4594 3686 4651 isti.

2028 4677 2177 4731 Nam
2204 4673 2284 4729 illi
2315 4675 2616 4746 prosperis
2649 4677 3029 4749 extolluntur,
3091 4679 3356 4736 adversis
3406 4682 3692 4753 frangun-

2029 4767 2141 4820 tur.
2171 4763 2267 4819 Isti
2295 4764 2597 4836 prosperis
2627 4769 3053 4834 sustentantur,
3105 4769 3372 4825 adversis
3401 4770 3689 4827 erudiun-

2027 4855 2142 4908 tur.
2176 4851 2347 4916 Quod
2376 4851 2628 4922 quidam
2659 4854 2901 4925 sapiens
2933 4857 3254 4912 ostendens
3286 4857 3368 4914 ait
3409 4875 3422 4912 :
3479 4860 3690 4916 Neces-

2027 4940 2192 4996 saria
2221 4939 2357 4996 vitae
2389 4939 2693 4997 hominum
2719 4956 2900 5014 aqua,
2933 4943 3108 5014 ignis,
3151 4950 3204 5001 et
3251 4945 3510 5018 ferrum,
3572 4949 3690 5018 lac,

2029 5035 2084 5086 et
2109 5029 2308 5099 panis,
2336 5033 2388 5084 et
2415 5029 2532 5085 mel
2559 5029 2763 5100 (Eccli.
2822 5049 3009 5100 xxxrx,
3068 5034 3180 5106 31),
3230 5039 3339 5091 etc.
3402 5037 3691 5102 Quaedam

2029 5122 2272 5191 proptcr
2293 5116 2568 5186 adversa,
2599 5120 2881 5191 quaedam
2912 5138 3146 5194 ponens
3175 5129 3422 5196 propter
3451 5139 3693 5195 prospe-

2028 5223 2114 5264 ra.
2140 5210 2220 5264 De
2248 5205 2470 5278 quibus
2491 5206 2669 5264 etiam
2692 5209 3003 5280 subjungit
3027 5228 3039 5266 :
3072 5212 3214 5267 Haec
3234 5213 3435 5267 omnia
3465 5212 3691 5267 sanctis

2029 5307 2091 5362 in
2110 5292 2280 5357 bona,
2298 5292 2492 5361 impiis
2507 5298 2561 5348 et
2567 5295 2984 5362 peccatoribus
3001 5297 3062 5350 in
3081 5296 3245 5350 mala
3267 5299 3693 5351 convertentur

2032 5381 2201 5450 (Ibid.
2210 5421 2227 5452 ,
2251 5385 2361 5440 33).
2388 5381 2479 5436 Ad
2498 5381 2654 5438 hanc
2674 5382 3187 5454 dispensationem
3206 5381 3683 5452 intelligendam,

2029 5469 2449 5542 quadivinitus
2477 5475 2581 5526 aut
2601 5470 3073 5526 misericordiam
3094 5473 3197 5525 aut
3223 5470 3518 5541 judicium
3539 5475 3695 5528 Deus

2033 5561 2316 5626 exercetﬂ
2323 5560 2550 5616 acobus
2562 5557 2868 5633 apostolus
2881 5557 3236 5630 sapientiam
3249 5575 3380 5617 esse
3396 5577 3700 5617 necesssa-

3341 5653 3410 5706 20
