4092 6158
449 116 552 169 619

1511 103 1570 159 8-.
1613 96 1869 159 ODONIS
1913 95 2089 154 ABBA

2199 94 2209 151 ι
2246 95 2744 162 CLUNIACENSIS
2785 105 2828 160 ιι
3548 63 3558 70 ’
3759 115 3854 167 szo

370 228 381 236 ’
445 233 600 290 riam
629 229 820 298 docet,
847 224 953 301 qui
983 241 1124 282 cum
1153 225 1229 282 de
1281 223 1581 297 justorum
1639 221 1960 280 aiilictione
2014 221 2100 277 lo-
2129 221 2176 273 A
2207 237 2340 284 xm,
2369 225 2477 296 29).
2509 230 2575 283 Et
2599 227 2906 286 dicamus:
2932 231 3167 287 Bonum
3184 227 3340 287 mihi
3361 231 3506 301 quia
3531 229 3863 289 humiliosti

443 324 739 396 queretur,
765 311 1096 388 subjunxit,
1127 313 1334 371 dicens
1367 329 1379 370 :
1411 315 1480 370 Si
1505 314 1639 385 quis
1665 319 1928 370 vestrum
1947 311 2100 367 indi-

439 416 536 484 get
559 408 874 480 sapientia,
901 406 1163 477 postulet
1192 420 1228 462 a
1252 405 1373 460 Deo
1398 405 1548 472 (Jac.
1578 416 1617 460 ι.
1653 405 1730 472 5).
1784 401 1934 474 Ergo
1974 415 2099 456 ma-

438 515 558 570 gna
579 495 870 571 sapientia
889 499 976 552 est
994 495 1154 551 hanc
1174 491 1681 567 dispensationem
1695 488 2100 560 intelligere,et

436 592 678 646 econtra
707 583 1044 660 periculosa
1074 583 1318 640 stultitia
1347 581 1593 638 nescire.
1627 580 1792 637 Unde
1835 583 1892 635 et
1947 593 2098 634 uxor

434 678 595 735 beati
619 675 729 734 Job
757 687 895 748 quas
921 673 974 730 ei
998 687 1310 730 excessum
1341 667 1832 728 murmurationis
1885 665 2096 724 suade-

433 769 558 835 bat,
590 763 770 840 quasi
793 779 918 821 una
945 763 1020 819 de
1047 761 1237 818 stultis
1257 757 1608 818 mulieribus
1635 758 1834 816 locuta
1855 773 1983 814 esse
2002 773 2094 813 rea

435 856 769 928 darguitur,
801 859 860 911 et
885 850 1020 908 ﬁliis
1049 849 1250 920 Israel,
1283 851 1387 924 qui
1445 850 1560 906 sub
1613 845 2095 905 tribulationibus

433 946 497 1002 in
524 944 758 1000 deserto
799 939 1282 1014 querelabantur.
1341 941 1571 1011 Moyses
1620 934 1806 992 dicit:
1865 935 2098 1005 Popule

433 1036 620 1092 stulte
651 1039 702 1090 et
724 1032 1008 1102 insipiens
1039 1030 1234 1098 (Deut.
1269 1043 1444 1095 xxxn,
1468 1027 1542 1099 6).
1563 1025 1893 1082 Concilium
1917 1023 2093 1097 quip-

431 1141 509 1198 pe
539 1123 660 1191 Dei,
693 1125 780 1179 est
812 1121 1028 1178 electos
1049 1133 1190 1176 suos
1220 1133 1328 1192 per
1347 1109 1708 1190 temporales
1747 1111 2095 1171 aﬂlictiones

433 1212 512 1269 ad
528 1215 819 1268 aeternum
839 1203 1214 1278 refrigerium
1238 1203 1638 1262 introducere.
1669 1202 1748 1259 De
1766 1218 1888 1276 quo
1910 1201 2096 1274 Apos-

429 1300 586 1358 tolus
615 1297 750 1355 dicit
787 1315 800 1353 :
829 1297 964 1354 Non
979 1291 1136 1354 enim
1149 1294 1492 1365 subterfugi
1500 1293 1647 1365 quin
1665 1291 2092 1347 annuntiarem

429 1390 742 1446 consilium
773 1385 882 1442 Dei
911 1385 1072 1442 vobis
1097 1382 1250 1455 (Act.
1277 1397 1372 1454 xx,
1401 1382 1510 1452 27‘).
1547 1382 1654 1436 Pro
1713 1395 1857 1452 quo,
1889 1373 2093 1433 videli-

428 1475 793 1551 cetconsilio
831 1471 1295 1540 manifestando,
1355 1474 1536 1542 caput
1589 1473 1860 1526 nostrum
1915 1481 2089 1540 opor-

2207 327 2298 368 me
2329 313 2514 381 (Psal.
2543 332 2734 384 cxvm,
2765 321 2877 386 7t).
2911 323 3056 375 Nam
3091 319 3143 374 si
3167 319 3416 392 aequitas
3436 319 3649 391 judicii
3678 321 3862 378 consi-

2206 401 2462 473 deretur,
2497 407 2892 464 murmuratio
2922 407 3196 474 cessabit,
3227 407 3330 480 qui
3369 407 3546 465 valde
3574 409 3861 481 injustum

2207 491 2314 562 est,
2340 495 2402 548 ut
2431 509 2564 550 reus
2583 493 2850 566 judicem
2876 496 3126 567 incuset,
3149 511 3285 552 cum
3303 495 3488 567 digna
3504 497 3674 554 factis
3697 513 3863 572 teque

2206 582 2510 652 receperit.
2569 587 2684 640 Nos
2741 585 2922 655 enim,
2952 587 3016 640 ut
3068 585 3245 641 beato
3294 585 3410 640 Job
3457 586 3857 660 improbatur,

2207 667 2463 726 multum
2493 671 2744 729 minima
2773 673 3067 744 exigimur
3094 685 3279 747 qnam
3303 679 3562 732 meretur
3582 669 3863 750 iniquitas

2205 763 2433 814 nostra.
2467 761 2638 826 Quod
2669 767 2725 818 et
2778 762 2928 834 ipse,
2956 757 3235 835 quamvis
3265 775 3366 818 ore
3381 761 3604 834 judicis
3635 767 3864 821 incom-

2204 845 2550 920 parabiliter
2580 848 2860 906 laudatus
2890 851 2981 922 sit,
3010 851 3083 906 de
3106 867 3168 908 se
3197 851 3432 918 fatetur,
3455 849 3696 910 dicens:
3718 853 3862 910 Cum

2205 938 2532 1006 explevm'it
2562 940 2623 994 in
2653 955 2746 996 me
2785 941 3148 998 voluntatem
3189 955 3379 1006 suam,
3425 941 3627 999 adhuc
3672 944 3864 1000 multa

2205 1024 2330 1081 alia
2379 1033 2599 1096 praesto
2643 1033 2784 1084 sunt
2833 1029 2890 1084 ei
2919 1028 3044 1100 (Job
3073 1041 3232 1096 xxm,
3261 1028 3368 1100 14).
3398 1032 3482 1085 Ac
3515 1029 3562 1084 si
3613 1028 3860 1087 diceret:

2205 1114 2349 1169 Cum
2382 1113 2630 1171 sublatis
2659 1113 2942 1172 omnibus
2980 1121 3101 1173 tam
3129 1115 3310 1172 rebus
3331 1129 3517 1190 quam
3539 1117 3698 1185 ﬁliis,
3725 1135 3862 1176 cum

2203 1203 2261 1256 et
2285 1209 2644 1275 consumpta
2679 1203 2988 1260 vermibus
3019 1217 3218 1272 carne,
3253 1219 3348 1260 me
3373 1217 3570 1278 usque
3599 1207 3676 1263 ad
3713 1211 3857 1264 ster-

2203 1287 2522 1362 quilinium
2552 1291 2973 1364 humiliaverit,
3005 1292 3206 1348 adhuc
3246 1294 3436 1350 multa
3465 1294 3527 1350 in
3548 1309 3647 1352 me
3685 1295 3864 1353 corri-

2205 1378 2404 1448 genda
2425 1379 2588 1436 visus
2605 1381 2734 1452 ejus
2750 1379 3162 1454 deprehendit,
3185 1394 3294 1455 pro
3316 1382 3538 1456 quibus
3555 1381 3606 1440 si
3621 1393 3864 1458 parcere

2205 1467 2408 1539 nollet,
2447 1469 2604 1540 juste
2652 1472 3012 1526 tormentum
3069 1483 3434 1542 exaggerare
3483 1478 3709 1546 posset.
3757 1471 3866 1540 Qui

425 1565 540 1623 tuit
565 1564 710 1638 pati,
739 1569 796 1619 et
814 1561 896 1618 ita
923 1561 1142 1617 intrare
1166 1559 1230 1616 in
1259 1557 1510 1629 gloriam
1541 1567 1736 1625 suam,
1779 1559 1843 1610 ut
1897 1559 2089 1610 osten—
2127 1567 2172 1620 Β
2203 1557 2381 1614 etiam
2410 1563 2734 1632 postquam
2771 1559 2934 1618 tanta
2974 1575 3044 1617 ac
3089 1559 3228 1617 talia
3279 1562 3569 1634 patienter
3605 1559 3862 1636 pertulit,

427 1655 614 1724 deret,
645 1651 815 1726 quod
841 1649 1046 1708 omnia
1071 1648 1348 1706 membra
1377 1646 1651 1718 ejusdem
1673 1645 1882 1718 capitis
1908 1657 2086 1718 opor-

427 1744 595 1807 teret,
626 1741 691 1797 ut
721 1739 1008 1813 scriptum
1040 1741 1147 1807 est,
1179 1751 1288 1811 per
1310 1736 1528 1792 multas
1556 1733 1968 1790 tribulationes
1996 1731 2086 1788 in-

427 1836 583 1888 trare
608 1829 670 1886 in
691 1843 966 1900 regnum.
1002 1825 1094 1882 Ad
1120 1825 1234 1882 hoc
1266 1824 1604 1892 consilium,
1626 1821 1688 1878 id
1705 1825 1811 1893 est,
1835 1821 1913 1880 ad
1932 1822 2088 1878 hanc

427 1917 941 1992 dispensationem
969 1911 1418 1980 insinuandam,
1466 1924 1590 1984 qua
1643 1923 1890 1966 necesse
1938 1912 2092 1966 esta

427 2013 696 2081 tempore
727 2001 1110 2078 baptismatis
1143 2017 1336 2075 usque
1363 1999 1441 2056 ad
1467 1997 1652 2055 finem
1678 1999 1739 2055 in
1796 1993 2090 2070 angustiis

425 2097 726 2167 vivamus,
757 2091 861 2150 filii
891 2092 1070 2150 Israel
1099 2087 1265 2148 dilati
1295 2089 1454 2157 sunt,
1475 2091 1682 2146 utnon
1713 2086 1912 2144 statim
1931 2093 2089 2144 tran-

425 2187 538 2244 sito
565 2183 718 2242 mari
748 2184 950 2241 Rubro
977 2186 1194 2239 terram
1240 2177 1728 2253 repromissionis
1781 2178 2087 2236 intrarent.

427 2274 536 2332 sed
567 2291 673 2348 per
702 2271 1104 2347 quadraginta
1151 2285 1345 2326 annos
1400 2269 1462 2325 in
1518 2283 1720 2324 eremo
1773 2265 2086 2333 demorati,

422 2357 728 2422 nonnullis
759 2365 898 2418 sunt
927 2357 1350 2417 afﬂictionibus
1371 2355 1591 2414 afﬂicti.
1625 2355 1735 2422 Qui
1763 2359 1964 2412 tamen
1993 2371 2086 2411 su-

423 2469 534 2527 per
549 2465 798 2514 manna,
815 2449 981 2524 quod
1005 2448 1084 2504 ad
1107 2462 1454 2504 mensuram
1481 2459 1696 2518 gomor
1715 2458 1821 2519 per
1849 2447 2089 2518 Moysen

428 2541 698 2614 accipere
721 2537 874 2612 jussi
902 2542 1062 2604 sunt,
1095 2538 1462 2594 nauseantes
1520 2531 2002 2602 murmurabant,
2034 2537 2092 2589 et

429 2631 504 2686 de
533 2629 646 2686 hac
678 2627 1128 2702 dispensatione
1169 2622 1318 2681 nihil
1373 2623 1769 2694 intelligentes
1825 2627 1929 2680 aut
1983 2637 2086 2679 cu-

427 2721 650 2788 rantes,
671 2715 820 2774 ollas
843 2715 1115 2773 carnium
1145 2713 1588 2770 desiderabant.
1618 2713 1996 2786 Quapropter
2025 2716 2091 2769 ut

429 2809 505 2864 de
531 2807 615 2864 eis
645 2807 878 2875 dicitur,
910 2821 1035 2862 non
1063 2801 1480 2860 intellexerunt
1509 2799 1811 2858 mirabilia
1842 2800 1963 2872 Dei,
1983 2799 2088 2858 sed

2200 1663 2336 1720 quae
2367 1647 2572 1729 ompia
2606 1648 2824 1704 saecula
2849 1650 3220 1722 stupescunt,
3239 1657 3626 1724 nequaqUam
3651 1652 3728 1708 de
3751 1651 3866 1708 vic-

2199 1735 2350 1792 toria
2379 1733 2682 1808 gloriatur,
2717 1739 2825 1793 sed
2873 1735 3043 1794 dicit:
3080 1741 3212 1808 Ipse
3248 1751 3340 1796 me
3385 1739 3780 1810 reprehendo,
3814 1745 3868 1798 et

2199 1839 2315 1895 ago
2351 1827 2766 1894 paenitentiam
2809 1826 2942 1898 (Job
2987 1841 3126 1898 xm,
3159 1826 3232 1900 6).
3282 1827 3340 1884 Si
3388 1827 3589 1884 autem
3637 1829 3864 1886 miseri-

2201 1912 2406 1968 cordia
2433 1927 2679 1986 quoque
2711 1914 3136 1987 perpendetur,
3175 1931 3300 1988 qua
3346 1915 3649 1987 benignus
3677 1918 3864 1990 judex

2198 2015 2306 2074 per
2325 2001 2685 2076 temporales
2707 2001 3016 2072 angustias
3045 2017 3180 2060 reos
3203 2018 3346 2061 suos
3375 2005 3453 2061 ab
3483 2009 3710 2064 aeterno
3738 2021 3862 2063 vera

2199 2089 2340 2146 bere
2391 2090 2730 2154 abscondit,
2759 2100 2880 2147 non
2911 2091 3262 2164 putabimus
3292 2103 3404 2148 nos
3429 2093 3769 2164 derelictos,
3801 2099 3862 2152 ut

2200 2173 2452 2250 quidam
2481 2179 2676 2235 facere
2712 2178 2925 2250 solent,
2951 2180 3014 2236 in
3047 2180 3350 2253 prosperis
3389 2179 3639 2254 quidem
3677 2181 3864 2237 Deum

2199 2265 2638 2330 benedicentes,
2681 2268 2856 2338 juxta
2902 2267 3078 2325 illud:
3129 2269 3523 2339 Confitebitur
3569 2270 3686 2326 tibi
3733 2281 3865 2328 Cum

2201 2356 2540 2426 beneﬁt-eris
2563 2357 2622 2412 ei
2649 2357 2837 2423 (Psal.
2867 2367 3066 2427 vam,
3102 2358 3220 2430 £9);
3251 2357 3354 2414 sed
3382 2357 3443 2414 in
3463 2356 3740 2415 adversis
3769 2357 3869 2415 de-

2199 2445 2464 2501 ﬁcientes
2507 2445 2680 2516 juxta
2729 2444 2912 2501 illud:
2972 2447 3047 2502 In
3093 2447 3346 2504 miseriis
3397 2459 3518 2504 non
3569 2449 3866 2504 sustinent

2203 2535 2387 2606 (Psal.
2435 2545 2664 2603 cxnlx,
2702 2535 2814 2605 li).
2869 2537 2962 2590 Et:
3019 2535 3116 2592 Vae
3166 2536 3258 2593 his
3305 2537 3413 2608 qui
3461 2537 3870 2608 perdiderunt

2196 2624 2829 2695 sustinentiam‘(Eccl.
2877 2635 2938 2692 ιι,
2977 2625 3084 2696 16).
3117 2625 3230 2682 Sed
3279 2625 3476 2696 magis
3514 2625 3866 2682 amabimus

2193 2711 2480 2784 judicem,
2513 2711 2618 2785 qui
2647 2711 2871 2768 idcirco
2921 2725 3057 2768 reos
3111 2727 3254 2770 suos
3297 2713 3641 2771 transitoria
3680 2729 3866 2788 poena

2197 2803 2374 2876 quasi
2402 2803 2584 2874 virgis
2611 2803 2894 2873 ﬂagellat,
2929 2807 2997 2859 ut
3024 2815 3128 2859 eos
3157 2816 3192 2860 a
3221 2804 3497 2874 gehenna
3524 2804 3620 2861 vel
3665 2819 3702 2862 a
3730 2822 3868 2861 sus-

429 2899 544 2958 cito
575 2895 934 2966 defecerunt,
953 2897 1010 2951 et
1028 2908 1152 2950 non
1174 2891 1582 2948 sustinuerunt
1603 2890 1916 2948 consilium
1935 2889 2084 2962 ejus.
2127 2908 2170 2967 ο
2196 2891 2420 2964 pendio
2451 2891 2752 2947 furcarum
2806 2890 3101 2948 absolvat.
3151 2894 3218 2948 Ut
3247 2892 3407 2948 enim
3450 2893 3866 2966 supradictum

431 2987 582 3056 Quia
609 3001 752 3042 vero
777 2980 1044 3059 praedicti
1088 2980 1341 3054 exempli
1389 2993 1516 3036 sese
1546 2978 1783 3035 occasio
1811 2975 2086 3051 praebuit,

429 3069 683 3150 quodin
727 3071 931 3129 animo
969 3069 1152 3144 serpit
1193 3068 1255 3124 in
1298 3083 1512 3125 vocem
1554 3079 1764 3122 rursus
1809 3065 2086 3138 erumpit,

428 3163 699 3221 videlicet
727 3161 802 3217 de
830 3157 1006 3216 nobis
1026 3155 1258 3214 miseris
1287 3153 1734 3226 monachis,vel
1761 3154 1963 3227 potius
1989 3155 2090 3212 Sa-

429 3249 814 3323 rabaitis,qui
844 3247 1102 3303 infrenes
1133 3245 1212 3302 ad
1233 3259 1412 3301 omne
1440 3242 1730 3315 regularis
1757 3241 2090 3316 disciplinas

425 3341 644 3413 jugum
699 3335 1184 3394 irecalcitramus.
1235 3337 1370 3400 Nos,
1445 3333 1718 3406 inquam,
1779 3329 1854 3388 de
1907 3331 2090 3404 hujus

431 3425 646 3484 mundi
690 3427 943 3498 Egypto
971 3434 1077 3496 per
1103 3421 1442 3496 professam
1485 3415 1833 3490 religionem
1870 3419 2089 3486 educti,

430 3531 540 3592 per
562 3511 823 3571 stadium
861 3507 1174 3586 praesentis
1193 3509 1328 3566 vitae
1355 3505 1529 3582 quasi
1560 3521 1666 3580 per
1689 3523 1960 3564 eremum
1977 3507 2090 3564 sub

432 3601 886 3662 mortiﬁcatione
919 3599 1111 3657 crucis
1136 3601 1514 3656 excurrentes
1554 3596 1632 3653 ad
1659 3609 1934 3671 supernae
1954 3609 2088 3670 pro-
2125 3669 2128 3671 Α

429 3687 733 3752 missionis
762 3691 1032 3766 requiem
1083 3688 1360 3746 festinare
1403 3685 1746 3744 debuimus.
1774 3681 1906 3756 Sed,
1935 3687 2090 3760 proh

430 3783 634 3842 dolor!
666 3779 986 3839 ridiculum
1018 3781 1075 3836 et
1115 3775 1344 3848 angelis
1374 3779 1430 3833 et
1475 3775 1822 3833 hominibus
1855 3779 2088 3850 specta:

428 3873 633 3932 culum
658 3868 1017 3946 praebentes,
1044 3869 1106 3924 in
1136 3861 1354 3940 arrepti
1399 3865 1706 3961 propositi.
1721 3862 1916 3922 stadio
1957 3863 2086 3922 len-

424 3963 710 4020 tescimus
732 3979 746 4030 ;
769 3964 826 4018 et
849 3957 1000 4016 sicut
1017 3955 1097 4014 illi
1123 3955 1518 4030 despicientes
1535 3955 1748 4026 gomor
1763 3959 1820 4012 et
1837 3965 2084 4026 manna,

427 4054 485 4109 et
511 4049 660 4108 olla's
691 4048 963 4106 carnium
1004 4043 1412 4102 desiderantes
1448 4043 1626 4100 corde
1681 4041 1902 4100 reversi
1949 4047 2086 4100 sunt

426 4140 508 4198 ad
533 4142 876 4212 Egyptum,
909 4136 992 4192 sic
1020 4137 1076 4206 et
1096 4148 1230 4202 nos,
1262 4137 1321 4190 et
1346 4145 1722 4204 mensuram,
1753 4137 1812 4190 et
1833 4133 2086 4206 qualita-

2197 2983 2308 3051 est,
2341 2983 2506 3036 tanto
2536 2977 2857 3053 patientius
2883 2989 3040 3049 aeger
3069 2980 3500 3038 ferramentum
3529 2977 3754 3039 medici
3783 2987 3870 3039 to-

2195 3068 2360 3136 lerat,
2392 3073 2618 3141 quanto
2647 3065 2965 3142 putridum
2996 3082 3130 3125 esse
3161 3067 3452 3143 conspicit
3477 3071 3646 3143 quod
3677 3075 3864 3138 secat,

2197 3161 2254 3214 et
2281 3161 2576 3232 quantum
2606 3173 2714 3231 per
2735 3158 2936 3231 ipsam
2963 3158 3290 3216 sectionem
3320 3157 3529 3215 salutis
3557 3157 3866 3218 medelam

2199 3250 2416 3320 sperat.
2451 3246 2604 3303 Deus
2628 3247 2853 3320 quippe
2869 3247 3140 3304 internus
3155 3247 3550 3319 estmedicus,
3573 3255 3632 3304 et
3647 3263 3870 3322 pecea-

2199 3340 2398 3394 torum
2418 3349 2456 3392 a
2481 3333 2656 3392 nobis
2681 3335 2958 3406 contagia
2989 3340 3170 3403 secat,
3198 3351 3336 3410 quae
3362 3337 3556 3394 inesse
3585 3338 3867 3395 medulli-

2197 3429 2294 3482 tus
2316 3424 2617 3498 reprobat.
2652 3423 2917 3482 Abscidit
2939 3424 3103 3482 virus
3132 3425 3466 3499 putredinis
3490 3425 3652 3484 ferro
3683 3428 3868 3484 tribu-

2200 3508 2460 3580 lationis,
2493 3517 2550 3570 et
2592 3527 2715 3587 quo
2768 3523 2948 3570 voces
2979 3513 3124 3584 aegri
3161 3514 3370 3572 audire
3403 3515 3768 3589 dissimulat,
3797 3531 3870 3574 eo

2203 3601 2578 3672 aegritudinis
2601 3601 2787 3658 ﬁnem
2817 3606 3119 3676 procurat.
3152 3603 3324 3669 Quod
3359 3608 3561 3662 autem
3591 3609 3871 3664 creatura

2199 3690 2488 3748 Creatoris
2510 3689 2808 3763 judicium
2832 3690 3125 3748 discutere
3144 3693 3256 3748 nec
3274 3690 3492 3749 debeat
3513 3705 3628 3750 nec
3651 3694 3865 3768 possit,

2196 3779 2517 3853 Apostolus
2547 3779 2822 3849 ostendit,
2855 3780 2960 3855 qui
2989 3795 3128 3838 eum
3159 3781 3234 3838 de
3263 3781 3674 3856 profunditate
3713 3780 3869 3840 divi-

2195 3881 2413 3925 norum
2437 3867 2805 3942 judiciorum
2833 3868 3056 3928 diceret
3087 3887 3101 3928 :
3136 3871 3186 3928 Ο
3213 3871 3472 3928 altitudo
3502 3873 3864 3930 divitiarum

2196 3959 2506 4030 sapientiae
2534 3965 2590 4016 et
2636 3960 2901 4018 scientiis
2953 3959 3082 4032 Dei,
3115 3963 3206 4018 etc
3237 4004 3252 4030 ,
3281 3961 3513 4019 addidit
3537 3980 3551 4031 ;
3575 3961 3628 4020 0
3666 3962 3862 4034 homo,

2199 4053 2263 4106 tu
2293 4051 2423 4122 quis
2453 4060 2532 4114 es,
2553 4051 2661 4121 qui
2681 4049 3038 4120 respondeas
3062 4051 3216 4108 Deo?
3235 4050 3518 4121 (Rom.xr,
3549 4049 3866 4126 33).Bomo

2197 4136 2422 4211 quippe
2451 4137 2528 4193 ab
2566 4137 2755 4194 humo
2809 4143 3072 4194 vocatur.
3109 4139 3494 4212 Respondere
3539 4155 3686 4212 ergo
3745 4144 3870 4198 Deo

423 4233 545 4286 tem
558 4229 751 4284 victus
775 4242 812 4282 a
833 4225 952 4281 Deo
981 4223 1352 4317 perbeatum
1357 4221 1739 4278 Benedictum
1769 4221 2081 4317 praeﬁxam
2119 4262 2165 4317 D
2197 4235 2318 4282 non
2332 4241 2510 4298 posse
2527 4225 3015 4300 convinciturqui
3025 4227 3209 4283 homo
3225 4227 3871 4303 nominatur,quiaper

422 4315 812 4384 fastidientes,
835 4317 892 4370 et
921 4311 1288 4382 sanguineas
1317 4307 1505 4383 dapes
1536 4309 1956 4368 velutbarbari
1985 4311 2086 4368 de-

425 4403 779 4472 siderantes,
811 4400 892 4458 ad
915 4399 1278 4474 apostasiam
1311 4395 1496 4470 hujus
1526 4398 1739 4454 mundi
1759 4397 2087 4456 relabimur

423 4493 742 4553 consilium
772 4503 898 4549 non
929 4488 1309 4546 sustinentes.

493 4677 734 4734 XXXVII.
761 4673 834 4731 At
851 4687 994 4730 vero
1043 4683 1238 4744 neque
1255 4665 1644 4742 judiciorum,
1673 4680 1868 4743 neque
1911 4669 2084 4728 mise-

419 4763 816 4822 ricordiarum
859 4759 1237 4837 profunditas
1293 4757 1373 4816 ad
1430 4757 1728 4832 liquidum
1781 4761 2083 4832 penetrari

419 4857 636 4926 potest.
695 4851 959 4918 Judicia,
1021 4849 1235 4922 inquit,
1291 4847 1535 4905 Domini
1587 4847 1834 4918 abyssus
1888 4851 2083 4908 multa

419 4945 610 5014 (Psal.
639 4959 740 5010 xv,
759 4941 836 5014 7);
867 4944 924 4996 et
950 4937 1092 4996 item
1117 4955 1129 4992 :
1167 4937 1307 5006 Quis
1324 4937 1613 5008 intelligit
1638 4937 2082 4997 misericordias

417 5031 708 5092 Domini?
763 5030 952 5099 (Psal.
986 5029 1238 5096 cv1,43).
1289 5029 1566 5082 Attamen
1615 5023 1939 5097 intelligere
1978 5041 2082 5085 ne-

415 5138 580 5182 cesse
611 5123 718 5192 est,
746 5117 890 5193 quia
909 5111 1139 5188 justum
1170 5116 1258 5170 est
1285 5111 1452 5187 quod
1496 5112 1778 5186 patimur,
1810 5118 1876 5170 ut
1929 5113 2082 5172 inter

414 5209 714 5286 quaslibet
760 5204 1068 5277 angustias
1111 5215 1236 5260 non
1278 5216 1748 5271 murmuremus,
1783 5203 1888 5260 sed
1917 5203 2079 5262 dica-

414 5317 583 5358 mus:
615 5299 825 5356 Justus
855 5311 932 5359 es,
963 5293 1233 5360 Domine,
1259 5296 1315 5348 et
1335 5295 1564 5348 rectum
1581 5288 1882 5362 judicium
1909 5297 2078 5350 tuum

415 5389 603 5460 (Psal.
632 5403 838 5447 cxvm,
877 5385 1020 5451 l37).
1054 5381 1120 5438 Et
1173 5380 1314 5437 item
1358 5378 1524 5452 quod
1581 5377 1734 5434 alius
1781 5379 2078 5452 propheta

413 5474 574 5531 dicit:
601 5473 1069 5544 Increpationem
1091 5470 1332 5526 Domini
1345 5467 1644 5525 sustinebo
1673 5468 1814 5538 quia
1835 5463 2082 5536 peccavi

416 5563 625 5637 (Mic/t.
677 5577 784 5634 vu,
832 5565 908 5624 9).
940 5559 1346 5630 lntelligamus
1403 5571 1648 5630 quoque
1695 5555 1861 5629 quia,
1903 5557 2077 5630 juxta

415 5653 566 5710 illud
602 5651 734 5720 Job,
769 5651 874 5722 qui
910 5650 1178 5719 afﬂictus
1225 5647 1434 5718 fuerit,
1465 5647 1580 5702 erit
1617 5646 1681 5702 in
1718 5648 1919 5718 gloria.
1949 5647 2082 5719 (Job

2195 4317 2309 4372 hoc
2338 4314 2511 4388 quod
2543 4315 2618 4372 de
2646 4315 2836 4371 humo
2867 4321 3144 4390 sumptus
3183 4321 3292 4385 est,
3344 4328 3609 4391 superna
3631 4318 3868 4391 judicia

2192 4398 2491 4462 discutere
2519 4403 2775 4461 idoneus
2797 4419 2918 4462 non
2949 4409 3056 4462 est.
3087 4405 3239 4472 Quia
3268 4406 3446 4477 igitur
3462 4407 3593 4465 huic
3622 4407 3872 4464 investio

2191 4507 2334 4566 gare
2361 4507 2486 4551 non
2517 4491 2871 4567 sufﬁcimus,
2901 4497 3084 4552 restat
3113 4497 3178 4552 ut
3205 4495 3320 4552 sub
3349 4496 3482 4568 ejus
3513 4493 3866 4570 dispositio-

2189 4582 2370 4640 nibus
2425 4581 2727 4640 humiliter
2788 4585 3118 4653 taceamus,
3192 4599 3268 4641 ne
3347 4585 3498 4642 forte
3568 4585 3624 4642 si
3677 4597 3867 4643 causa

2190 4670 2570 4728 districtionis
2622 4669 2754 4744 ejus
2811 4671 3184 4740 discutiatur,
3256 4673 3518 4748 amplius
3583 4673 3866 4732 discussa

2191 4763 2567 4834 provocetur.
2600 4758 2778 4816 Vitari
2805 4772 3073 4834 namque
3099 4759 3186 4817 vis
3212 4761 3454 4836 superni
3485 4763 3722 4820 consilii
3751 4779 3863 4820 ne-

2193 4863 2510 4922 quaquam
2540 4851 2756 4922 potest,
2808 4849 2914 4906 sed
2966 4851 3096 4922 ejus
3142 4847 3418 4923 pondera
3469 4851 3584 4908 sibi
3631 4867 3863 4924 magna

2193 4935 2408 4994 virtute
2437 4937 2676 5008 levigat,
2699 4934 2804 5011 qui
2852 4948 2914 4994 se
2943 4937 3058 4994 sub
3105 4939 3236 5010 ejus
3265 4939 3512 4996 nutibus
3553 4939 3775 5012 frenat,
3801 4943 3862 4996 et

2189 5025 2320 5084 haec
2348 5025 2619 5096 subjecto
2643 5025 2840 5083 cordis
2870 5023 3125 5084 humero
3149 5027 3354 5084 volens
3380 5032 3600 5102 portat.

2263 5111 2529 5168 XXXVIII.
2563 5111 3045 5168 Murmurationis
3074 5111 3303 5168 malum
3331 5113 3456 5169 sive
3481 5113 3856 5186 desperatio-

2189 5199 2283 5257 nis
2312 5215 2422 5274 per
2448 5199 2564 5256 hoc
2607 5199 2928 5256 insidiante
2977 5199 3224 5257 diabolo
3256 5202 3518 5260 maxime
3557 5203 3855 5277 subrepit,

2189 5290 2354 5364 quod
2377 5289 2520 5347 mali
2545 5293 2994 5366 prosperantur,
3012 5293 3071 5347 et
3085 5289 3230 5348 boni
3247 5293 3752 5366 comprimuntur.
3775 5296 3858 5350 Ex

2187 5381 2303 5436 hoc
2333 5379 2492 5436 enim
2521 5377 2606 5449 ﬁt,
2626 5383 2691 5435 ut
2704 5365 2799 5436 vel
2815 5380 3003 5435 Deum
3029 5389 3154 5436 non
3175 5365 3477 5438 curareide
3493 5381 3650 5438 bene
3673 5382 3856 5452 gestis

2187 5469 2462 5525 inﬁrmus
2489 5467 2728 5524 animus
2756 5470 3110 5538 suspicetur,
3129 5469 3282 5526 sicut
3297 5483 3450 5527 uxor
3468 5469 3633 5527 beati
3652 5472 3856 5528 Tobias

2189 5555 2392 5616 afﬂicti
2417 5573 2555 5631 quae
2585 5555 2638 5613 ei
2666 5555 2808 5625 dicit
2836 5557 3184 5616 manifeste:
3224 5560 3391 5617 Vana
3417 5560 3591 5630 facta
3609 5563 3701 5617 est
3722 5567 3854 5642 spec

2191 5654 2298 5705 tua
2327 5648 2486 5720 (Tob.
2521 5663 2582 5716 ιι,
2605 5649 2722 5715 22),
2769 5651 2880 5704 etc.
2911 5645 2978 5704 Et
2997 5643 3280 5707 Gedeon:
3321 5649 3399 5708 Si
3425 5651 3722 5708 Dominus
3749 5663 3854 5705 no-
