4094 6156
205 155 302 208 621

1231 157 1722 215 COLLATIONUM
1761 152 1940 210 LIBRI
1977 151 2182 210 TRES.
2224 179 2294 197 -—
2333 159 2465 216 LIB.
2516 163 2608 217 III.

3523 147 3641 222 622'

205 274 448 337 biscum.
477 290 589 331 cur
616 279 1140 348 apprehenderunt
1185 297 1289 338 nos
1333 285 1531 339 omnia
1585 283 1728 345 haec,
1762 279 1857 336 vel
1885 281 1934 334 A
1970 281 2222 348 quenter
2243 279 2408 337 luctu
2437 286 2495 338 et
2524 283 2776 356 penuria
2798 284 3009 356 premi,
3034 283 3230 342 sciunt
3257 285 3422 358 quia,
3445 291 3510 344 ut
3532 304 3631 344 su-

191 365 496 434 judicium
525 369 654 435 ejus
685 385 802 424 non
829 385 950 427 esse
961 373 1198 441 justum
1218 375 1246 427 ?
1265 372 1482 442 (Judic.
1517 389 1592 436 vr,
1625 372 1732 428 13).
1756 373 1861 426 Ne-

200 469 321 526 que
351 453 510 510 enim
535 459 648 513 ista
673 458 992 516 mediocris
1016 461 1265 534 quaestio
1291 467 1401 531 est,
1427 477 1532 518 cur
1561 460 1738 517 malis
1761 459 1864 514 be-

201 558 279 598 ne
308 547 415 612 est,
449 547 507 599 et
528 544 705 601 bonis
737 547 926 604 male:
959 551 1208 622 quando
1229 549 1474 622 quidem
1505 550 1695 605 sancti
1725 563 1862 620 pro-

200 632 397 703 phetas
426 634 869 705 querimoniam
920 637 995 694 de
1042 639 1158 694 hoc
1209 656 1280 694 ex
1312 655 1571 712 persona
1598 637 1864 694 inﬁrmo-

201 736 341 777 rum
383 721 576 779 facere
620 724 918 782 videntur.
953 727 1099 783 Dicit
1138 729 1468 785 Jeremias:
1522 730 1718 797 Quare
1764 728 1862 782 via

203 811 523 879 impiorum
550 820 947 882 prosperatur
965 817 993 871 ἱ)
1017 832 1207 887 prope
1235 833 1292 874 es
1337 824 1401 873 tu
1431 819 1524 873 ori
1551 832 1776 879 eorum,
1808 820 1863 871 et

207 900 380 969 longe
407 914 444 955 a
484 902 725 956 renibus
754 917 955 959 eorum
985 904 1130 975 (Jer.
1167 922 1261 972 xu,
1298 907 1369 976 t).
1404 909 1469 961 Et
1491 904 1712 960 David:
1747 904 1866 960 Mei

203 993 404 1044 autem
433 1004 580 1058 pene
606 993 753 1046 moti
792 998 931 1048 sunt
949 994 1150 1062 pedes,
1179 997 1322 1065 quia
1353 995 1545 1051 zetavi
1566 996 1629 1050 in
1651 1009 1862 1063 pecca-

205 1078 434 1133 toribus
457 1093 663 1148 pacem
691 1087 1073 1149 peccatorum
1105 1085 1309 1140 videns
1341 1085 1526 1155 (Psat.
1557 1099 1726 1153 Lxxu,
1748 1084 1861 1153 '23).

209 1170 274 1222 Et
301 1165 615 1224 Malachias
662 1168 880 1225 talibus
927 1172 1240 1228 resistens:
1291 1173 1616 1241 Laborare,
1649 1171 1862 1244 inquit,

201 1256 430 1325 fecistis
460 1257 777 1314 Dominum
807 1261 870 1315 in
916 1261 1282 1317 sermonibus
1321 1264 1548 1318 vestris.
1575 1262 1656 1316 Et
1684 1261 1866 1316 dixis-

206 1347 282 1399 tis
311 1360 324 1410 ;
358 1346 428 1400 In
468 1360 584 1416 quo
607 1350 636 1401 ?
659 1348 721 1402 in
747 1363 810 1404 eo
849 1363 983 1405 cum
1010 1350 1280 1406 diceretis
1306 1367 1317 1405 :
1353 1351 1554 1406 Omnis
1583 1351 1690 1421 qui
1711 1350 1867 1418 facit

207 1435 432 1489 malum
466 1434 652 1490 bonus
683 1441 768 1491 est
799 1437 861 1491 in
905 1444 1220 1506 conspectu
1246 1440 1506 1508 Domini,
1535 1443 1592 1494 et
1635 1438 1784 1493 tates
1815 1438 1870 1492 ei

205 1523 448 1592 placent
477 1525 721 1592 (Malae.
751 1541 808 1592 11,
838 1528 946 1591 t7).
982 1529 1046 1581 Et
1075 1527 1190 1582 Job
1216 1544 1229 1582 :
1265 1528 1391 1584 Cur
1417 1528 1590 1597 impii
1608 1528 1815 1582 vivunt
1839 1530 1865 1580 it

209 1612 360 1679 (Job.
387 1618 512 1680 x11)
543 1612 732 1669 multa
760 1630 895 1686 quae
923 1620 1257 1687 sequuntur
1285 1615 1657 1686 hujusmodi.
1692 1613 1866 1680 Quod
1909 1633 1949 1687 Β

207 1704 265 1755 et
294 1699 576 1756 Salomon
602 1701 920 1758 insinuans
951 1721 962 1758 :
996 1706 1125 1759 Hoc
1156 1711 1262 1771 est,
1291 1705 1392 1769 ait,
1416 1707 1738 1774 pessimum
1781 1705 1871 1759 in-

211 1793 300 1844 ter
331 1791 532 1846 omnia
560 1805 693 1860 qua
719 1793 829 1848 sub
855 1794 1002 1848 caelo
1049 1799 1208 1860 sunt,
1240 1795 1381 1865 quia
1411 1795 1610 1850 eadem
1639 1794 1869 1849 cunctis

207 1880 484 1935 eveniunt
521 1881 690 1949 justo
727 1885 783 1936 et
827 1883 1008 1950 impio
1037 1884 1228 1949 (Eccl.
1262 1898 1336 1948 1x,
1369 1883 1446 1952 3),
1479 1887 1587 1938 etc.
1618 1881 1783 1938 Unde
1815 1886 1874 1938 et

209 1967 393 2023 corda
416 1967 676 2023 ﬁliorum
708 1969 1030 2024 hominum
1068 1970 1375 2042 replentur
1402 1970 1630 2026 malitia
1650 1975 1708 2027 et
1734 1985 1874 2026 con-

212 2059 460 2127 temptu.
497 2055 613 2111 Scit
639 2056 801 2111 enim
827 2056 1108 2112 diabolus
1152 2058 1312 2112 hunc
1343 2057 1618 2113 ordinem
1645 2073 1869 2129 rerum,

209 2141 381 2213 quod
426 2141 697 2198 videlicet
739 2143 993 2216 quidam
1041 2159 1150 2217 per
1178 2144 1530 2202 aﬂlictiones
1561 2145 1873 2218 pervenire

211 2231 464 2294 soleant,
493 2236 597 2286 aut
621 2232 702 2287 ad
740 2233 1302 2301 murmurationem,
1336 2238 1440 2290 aut
1469 2232 1550 2290 ad
1595 2234 1874 2307 despera-

210 2318 458 2373 tionem.
489 2321 555 2373 Et
578 2319 714 2376 ideo
743 2335 884 2376 cum
916 2322 1267 2393 praedictum
1286 2321 1396 2377 Job
1417 2322 1495 2378 ad
1517 2322 1871 2378 tentandum

211 2407 548 2479 expetisset,
566 2421 812 2464 omnem
844 2410 1248 2466 substantiam
1277 2407 1409 2481 ejus
1434 2411 1869 2484 pessumdedit,

215 2497 323 2552 sed
350 2501 408 2551 et
436 2510 617 2552 omne
666 2512 883 2570 corpus
927 2499 1056 2570 ejus
1088 2499 1330 2556 afﬂixit:
1381 2513 1505 2557 non
1533 2501 1700 2574 quod
1728 2517 1869 2558 eum

213 2599 544 2659 pauperem
595 2589 702 2642 aut
742 2601 972 2657 aegrum
1017 2588 1212 2644 facere
1250 2587 1634 2658 desideraret,
1670 2591 1779 2646 sed
1806 2594 1873 2647 ut

213 2692 322 2750 per
349 2675 653 2732 molestias
683 2677 938 2733 exterius
969 2678 1162 2735 illatas
1183 2681 1313 2751 ejus
1340 2681 1767 2737 conscientiam
1787 2681 1873 2738 fa-

212 2768 399 2838 tigare
451 2769 674 2838 posset,
706 2766 1014 2840 animique
1042 2767 1256 2825 virtute
1306 2771 1534 2826 nudata
1581 2775 1646 2826 ut
1689 2770 1872 2842 impie

212 2855 442 2928 aliquid
468 2855 544 2911 de
573 2855 877 2912 divinitate
903 2858 1162 2914 sentiret.
1197 2860 1284 2913 Ad
1314 2859 1428 2915 hoc
1458 2859 1618 2915 enim
1647 2863 1705 2915 et
1723 2875 1877 2915 nun-

209 2946 328 3039 tios
371 2943 581 3039 callide
624 2943 858 3014 direxit,
892 2949 957 3000 ut
986 2962 1166 3039 unus
1189 2947 1355 3019 prius
1392 2947 1648 3039 diceret:
1680 2947 1880 3004 Sabaei
1905 2983 1946 3039 ο

211 3037 489 3104 fecerunt
529 3037 646 3088 tres
691 3038 942 3104 turmas,
973 3040 1026 3090 et
1075 3037 1346 3090 tulerunt
1389 3037 1589 3091 omnia
1642 3042 1698 3092 et
1730 3041 1874 3092 tunc

214 3124 374 3194 ignis
403 3122 513 3177 Dei
534 3121 742 3177 cecidit
776 3122 850 3178 de
893 3124 1062 3193 caelo,
1089 3129 1142 3179 et
1171 3127 1361 3179 tactas
1389 3139 1522 3181 oves
1541 3119 1878 3196 puemsque

219 3212 590 3280 consumptis
638 3211 792 3282 (Job.
821 3226 860 3279 1,
900 3213 1003 3282 15).
1033 3212 1212 3278 Quasi
1243 3213 1488 3270 diceret:
1520 3216 1708 3270 Pensa
1736 3215 1881 3286 quia

216 3300 445 3356 frustra
498 3304 583 3356 tot
635 3303 823 3356 Deum
874 3300 1083 3356 hostiis
1136 3299 1376 3374 placare
1422 3302 1676 3370 voluisti,
1705 3303 1879 3374 cujus

214 3391 372 3446 iram
401 3389 638 3460 toleras,
669 3403 852 3461 quem
902 3394 956 3446 te
986 3389 1049 3445 in
1085 3391 1370 3447 humanis
1418 3391 1879 3448 adversitatibus

216 3478 674 3536 consolaturum
693 3479 1018 3551 sperabas:
1046 3483 1348 3552 quatenus
1371 3481 1517 3537 dum
1543 3497 1606 3536 se
1632 3480 1774 3537 foris
1799 3481 1880 3536 ab

215 3567 567 3625 hominibus
594 3567 755 3635 laedi,
785 3572 841 3624 et
869 3569 1027 3624 intus
1057 3584 1094 3624 a
1132 3571 1252 3625 Deo
1280 3569 1517 3626 destitui
1541 3571 1880 3627 considera-

129 3649 132 3652 ’
214 3662 327 3723 ret,
354 3657 417 3714 in
441 3655 864 3713 contumeliam
896 3662 1061 3714 tanto
1083 3657 1394 3729 audacius,
1413 3665 1641 3732 quanto
1671 3665 1728 3716 et
1747 3661 1881 3716 des-

215 3747 485 3821 peratius
513 3746 825 3818 erupisset.
859 3745 1022 3802 Adeo
1052 3761 1318 3818 namque
1345 3747 1624 3803 diabolus
1653 3747 1710 3802 id
1743 3764 1880 3821 pos-

220 3854 286 3894 se
311 3836 436 3891 ﬁeri
461 3835 889 3909 praesumebat,
913 3839 975 3892 ut
1005 3851 1128 3892 non
1159 3836 1355 3892 solum
1386 3836 1461 3892 de
1490 3836 1758 3908 quolibet
1779 3837 1883 3893 ali-

219 3941 366 4000 quo,
398 3925 502 3981 sed
529 3925 708 3981 etiam
739 3924 812 3980 de
833 3925 966 3998 ipso
991 3925 1122 3992 Job,
1148 3926 1320 3996 cujus
1352 3924 1560 3980 similis
1589 3929 1726 3981 tunc
1759 3941 1882 3981 non

220 4020 372 4079 erat,
395 4015 472 4070 ad
501 4017 686 4070 Deum
708 4014 928 4070 diceret
951 4029 964 4068 :
993 4016 1194 4084 Tange
1219 4019 1436 4070 cuncta
1453 4029 1584 4085 qua:
1599 4015 1881 4084 possidet,

221 4110 280 4161 et
314 4109 456 4160 tunc
477 4103 698 4160 videbis
731 4103 890 4174 quod
918 4104 980 4158 in
1002 4104 1222 4174 faciem
1255 4102 1562 4159 benedicat
1593 4103 1703 4158 tibi
1730 4101 1779 4172 (j
1791 4103 1882 4157 ob.

220 4211 260 4261 1,
301 4197 408 4258 Η).
441 4195 658 4248 Verum
698 4192 781 4247 sic
812 4191 1005 4247 isdem
1032 4190 1142 4246 Job
1174 4195 1380 4246 contra
1410 4195 1665 4262 utraque
1693 4189 1888 4245 muni-

217 4287 323 4341 tus
353 4282 621 4354 perstitit.
669 4285 819 4339 Nam
845 4286 1052 4338 contra
1082 4281 1620 4337 murmurationem
1647 4279 1891 4352 aequita-

1970 366 2306 437 pradictum
2337 375 2444 441 est,
2472 372 2622 428 nihil
2664 373 2725 429 in
2756 377 2910 430 terra
2963 374 3090 430 sine
3119 391 3302 431 causa
3338 375 3438 445 ﬁt;
3486 376 3633 449 quia

1971 455 2078 510 etsi
2132 460 2284 513 Deus
2331 476 2548 517 causas
2586 461 2826 532 ﬂagelli,
2858 477 2982 534 quo
3010 462 3156 519 boni
3185 464 3628 536 opprimuntur,

1971 547 2027 599 et
2053 547 2735 621 prosperitates,quibus
2751 549 2927 606 malis
2959 549 3302 618 fulciuntur,
3326 555 3481 608 Deus
3505 569 3633 612 non

1972 633 2180 705 aperit,
2209 650 2279 691 eo
2313 639 2513 693 tamen
2536 638 2731 710 justas
2761 653 2890 695 esse
2919 637 3163 705 indicat,
3194 654 3318 710 quo
3349 657 3452 697 eas
3480 641 3630 715 ipse,

1973 722 2077 794 qui
2104 739 2339 781 summe
2365 725 2562 795 justus
2605 732 2712 795 est,
2741 727 2868 784 ﬁeri
2888 726 3078 798 jubet.
3116 726 3266 782 Nihil
3314 730 3476 786 enim
3514 733 3633 787 Deo

1973 810 2170 882 placet
2198 812 2312 868 nisi
2338 813 2604 884 justum;
2635 817 2760 889 pati
2787 819 2988 872 autem
3019 814 3184 872 nulla
3204 816 3316 871 nisi
3346 833 3482 890 quae
3514 820 3634 874 Deo

1973 899 2307 972 placuerint
2328 918 2673 974 possumus.
2687 905 2717 958 J
2725 910 2855 961 usta
2876 908 3018 960 sunt
3036 903 3215 975 igitur
3239 909 3474 973 cuncta,
3497 922 3635 977 quin

1973 989 2258 1061 patimur,
2286 992 2432 1064 quia
2459 1009 2530 1049 eo
2550 994 2864 1051 ordinante
2891 993 3065 1049 nobis
3093 993 3396 1063 eveniunt,
3423 994 3528 1066 qui
3549 994 3637 1050 in-

1971 1079 2128 1150 juste
2175 1080 2324 1137 velle
2371 1082 2518 1138 nihil
2566 1088 2780 1156 potest.
2816 1086 2966 1153 Ergo
3012 1083 3212 1140 divina
3251 1083 3498 1154 judicia,
3530 1100 3638 1158 per

1975 1184 2112 1240 quin
2151 1169 2328 1225 bonis
2355 1171 2684 1228 adversitas
2709 1172 2925 1244 evenit,
2955 1177 3012 1228 et
3040 1172 3213 1228 malis
3248 1173 3633 1246 prosperitas,

1975 1273 2099 1313 non
2127 1259 2344 1315 audaci
2375 1277 2651 1317 sermone
2690 1261 3068 1318 discutienda
3107 1265 3264 1328 sunt,
3299 1261 3405 1317 sed
3435 1262 3638 1318 formi-

1975 1345 2186 1401 doloso
2216 1347 2446 1404 silentio
2467 1349 2975 1405 veneranda.Non
3004 1349 3182 1419 igitur
3208 1350 3514 1420 discutias,
3533 1365 3640 1406 cur

1973 1434 2058 1490 ita
2084 1433 2178 1490 vel
2206 1450 2330 1490 non
2360 1435 2440 1493 ita
2468 1438 2536 1493 ﬁt
2567 1456 2578 1492 :
2614 1437 2692 1493 ad
2715 1437 2899 1492 tinem
2931 1437 3238 1510 utriusque
3258 1440 3505 1511 respice.
3533 1442 3637 1494 Da-

1974 1523 2075 1578 vid
2106 1524 2265 1579 enim
2313 1525 2375 1580 in
2405 1525 2796 1598 disquirendo
2840 1525 3178 1589 laborabat,
3205 1543 3524 1599 quousque
3552 1527 3643 1583 in-

1977 1611 2194 1668 tellexit
2219 1613 2280 1667 in
2312 1613 2654 1669 novissimis
2683 1629 2913 1681 eorum,
2946 1619 3004 1669 et
3033 1614 3178 1670 vidit
3225 1615 3390 1685 quod
3420 1615 3501 1669 illi
3533 1615 3639 1686 qui

1977 1700 2259 1771 superbia
2307 1706 2602 1773 tenentur,
2642 1701 2960 1772 ejiciuntur
3008 1701 3156 1757 dum
3209 1701 3536 1765 elevantur,
3585 1706 3643 1758 et

1978 1789 2176 1845 subito
2199 1789 2263 1845 in
2292 1790 2661 1846 desolatione
2691 1794 2885 1846 erunt.
2919 1790 2983 1845 Hi
3013 1805 3155 1846 vero
3185 1788 3290 1861 qui
3311 1789 3642 1860 justiﬁcant

1979 1893 2081 1933 cor
2109 1894 2288 1933 suum
2319 1882 2374 1933 et
2401 1877 2800 1949 ﬂagellantur,
2832 1882 2952 1934 tota
2979 1877 3075 1933 die
3105 1877 3242 1932 facti
3288 1881 3446 1946 sunt,
3478 1892 3640 1932 nunc

1979 1965 2228 2037 quidem
2257 1970 2322 2020 ut
2358 1967 2723 2036 jumentum,
2759 1967 2862 2022 sed
2893 1969 3066 2021 erunt
3095 1981 3332 2038 semper
3362 1981 3500 2021 cum
3534 1968 3642 2021 Do-

1980 2054 2165 2110 mino.
2200 2054 2356 2110 Licet
2392 2055 2570 2126 igitur
2599 2055 3000 2127 multipliciter
3029 2053 3328 2122 afﬁciaris,
3361 2071 3485 2111 non
3510 2054 3642 2111 des-

1978 2159 2151 2216 peres
2183 2158 2369 2215 opera
2417 2143 2602 2214 bona,
2633 2143 2684 2198 si
2725 2159 2852 2216 qua
2877 2147 3036 2213 sunt,
3070 2145 3190 2198 Deo
3219 2142 3600 2215 displicuisse
3626 2161 3640 2211 ;

1979 2234 2292 2306 quoniam,
2338 2237 2403 2289 ut
2448 2233 2736 2306 scriptum
2778 2237 2886 2302 est,
2919 2249 3061 2288 eum
3109 2236 3163 2288 te
3211 2238 3643 2306 consumptum

1981 2323 2301 2396 putaveris,
2335 2323 2539 2378 orieris
2569 2327 2632 2379 ut
2662 2323 2910 2392 Lucifer,
2942 2326 3000 2378 et
3025 2322 3399 2378 meridianus
3448 2322 3645 2393 fulgor

1981 2415 2299 2480 consurget
2328 2411 2431 2466 tibi
2456 2411 2517 2466 in
2547 2426 2886 2483 vesperum.

2049 2502 2264 2556 XXXIX.
2306 2498 2584 2554 Nonnulli
2615 2515 2707 2554 res
2739 2499 3042 2555 humanas
3076 2499 3264 2554 Deum
3290 2514 3498 2555 curare
3519 2514 3644 2559 non

1980 2589 2297 2654 aestimant,
2317 2588 2607 2660 quoniam
2639 2587 2892 2643 fortuitis
2919 2587 3163 2643 casibus
3190 2587 3317 2643 ﬁeri
3345 2587 3642 2659 videntur,

1981 2679 2274 2736 auxilium
2303 2693 2445 2734 vero
2470 2677 2741 2733 divinum
2769 2677 2882 2733 sibi
2906 2677 3119 2734 adesse
3139 2677 3440 2746 difﬁdunt,
3456 2679 3646 2736 maxi-

1981 2785 2080 2826 me
2126 2784 2266 2824 cum
2311 2783 2517 2838 preces
2569 2783 2778 2822 eorum
2808 2782 2934 2823 non
2977 2767 3398 2823 exaudiuntur.
3434 2767 3552 2824 Sed
3582 2769 3646 2826 in

1981 2858 2091 2914 Job
2120 2856 2366 2912 dicitur:
2400 2855 2600 2924 Supra
2625 2870 2823 2911 omnes
2852 2856 3030 2912 caelos
3060 2856 3185 2924 ipse
3208 2855 3568 2924 considerat,
3591 2861 3647 2912 et

1985 2961 2168 3016 super
2191 2949 2412 3014 gentes,
2439 2949 2492 2999 et
2517 2958 2700 3012 super
2727 2957 2925 2998 omnes
2957 2943 3220 2999 homines
3245 2942 3394 3012 (Job.
3422 2959 3646 3010 mvu,

1986 3037 2060 3108 3).
2095 3035 2239 3090 Hinc
2267 3033 2328 3088 in
2359 3031 2668 3102 Moralium
2696 3029 2849 3086 libro
2877 3046 3018 3098 xxv,
3051 3044 3222 3102 asque
3255 3032 3410 3084 Deus
3442 3029 3650 3086 omnia

1985 3123 2245 3197 respicit,
2295 3137 2466 3193 aeque
2514 3123 2730 3176 cuncta
2776 3117 3063 3191 disponit,
3112 3116 3336 3189 ubique
3385 3132 3650 3188 praesens

1985 3228 2098 3269 nec
2125 3209 2389 3266 localiter
2420 3212 2668 3275 tenetur,
2697 3223 2809 3264 nec
2853 3206 3024 3264 varia
3065 3206 3336 3262 curando
3364 3206 3646 3263 variatur.

1991 3303 2084 3360 Sic
2112 3316 2254 3370 ergo
2304 3298 2509 3354 divina
2543 3297 2771 3368 judicia
2816 3294 3209 3353 intenduntur
3238 3312 3419 3370 super
3461 3311 3650 3352 unam

1989 3391 2280 3456 animam,
2313 3387 2464 3444 sicut
2489 3402 2672 3459 super
2700 3401 2890 3442 unam
2924 3385 3134 3442 urbem
3160 3404 3172 3454 ;
3206 3390 3263 3442 et
3293 3386 3448 3442 sicut
3471 3399 3652 3459 super

1989 3496 2177 3537 unam
2207 3481 2467 3549 gentem,
2485 3477 2570 3532 sic
2593 3491 2776 3550 super
2796 3475 3139 3532 universam
3166 3475 3402 3547 generis
3432 3475 3651 3532 huma-

1988 3570 2052 3626 ni
2081 3565 2545 3632 multitudinem,
2574 3564 2660 3620 sic
2706 3580 2948 3621 summa
2976 3563 3130 3634 regit
3166 3568 3233 3620 ut
3256 3564 3436 3620 etiam
3467 3568 3654 3620 extre-

1990 3673 2096 3714 ma
2124 3673 2247 3713 non
2276 3655 2532 3721 deserat,
2566 3670 2677 3710 nec
2712 3653 2989 3709 universo
3017 3653 3186 3709 deest
3223 3669 3361 3708 cum
3390 3651 3657 3724 disponit

1993 3763 2206 3812 unum,
2235 3761 2344 3801 nec
2375 3743 2480 3800 uni
2510 3759 2651 3798 cum
2678 3741 2943 3814 disponit
2966 3741 3331 3797 universum.
3357 3744 3485 3796 Non
3511 3755 3655 3812 ergo

1993 3834 2240 3905 negligit
2264 3834 2567 3888 humanos
2600 3834 2803 3897 actus;
2829 3829 3057 3901 quippe
3085 3844 3242 3904 quos
3265 3828 3360 3883 hic
3376 3828 3656 3900 frequen-

1994 3926 2082 3979 ter
2109 3925 2213 3977 aut
2253 3919 2446 3991 punit,
2475 3923 2579 3974 aut
2604 3921 2981 3983 remunerat;
3038 3915 3166 3984 sed,
3195 3919 3260 3970 ut
3288 3915 3516 3971 dictum
3543 3919 3658 3985 est,

1995 4011 2124 4082 ipse
2155 4007 2491 4064 considerat
2517 4005 2772 4077 qualiter
2801 4020 2906 4060 eos
2943 4001 3038 4057 vel
3074 4017 3256 4071 nunc,
3289 4001 3383 4057 vel
3427 4001 3488 4056 in
3518 4017 3659 4073 pos-

1998 4103 2195 4155 terum
2247 4094 2623 4151 determinat.
2653 4091 2764 4158 Qui
2805 4092 2854 4147 si
2902 4107 3064 4147 nunc
3111 4105 3293 4146 omne
3343 4094 3660 4162 peccatum

2001 4185 2320 4243 manifesta
2352 4199 2534 4256 paena
2563 4181 2862 4256 plecteret,
2884 4180 3032 4235 nihil
3053 4179 3262 4236 ultimo
3285 4177 3514 4250 judicio
3546 4194 3664 4234 ser-

2002 4294 2144 4333 vaxe
2172 4277 2518 4349 putaretur:
2551 4287 2761 4328 rursus
2793 4270 2843 4326 si
2870 4269 3104 4326 nullum
3144 4285 3307 4325 nunc
3350 4274 3665 4342 peccatum

217 4377 347 4428 tem
383 4370 602 4442 judicis
647 4371 727 4426 ad
768 4369 1124 4426 memoriam
1167 4369 1415 4437 reducit,
1463 4369 1706 4425 dicens:
1755 4369 1892 4425 Scio
1928 4357 1972 4386 ”
2006 4366 2263 4440 puniret,
2295 4363 2462 4420 nulla
2501 4377 2634 4419 esse
2672 4360 2876 4417 divina
2906 4358 3280 4433 providentia
3303 4357 3664 4415 crederetur.

217 4461 371 4532 quia
416 4463 468 4516 si
516 4461 773 4516 voluerit
813 4461 984 4516 homo
1035 4459 1387 4516 contendere
1418 4474 1550 4515 cum
1597 4459 1738 4526 Deo,
1770 4473 1894 4514 non
2004 4455 2217 4513 ΜΗἱοῑὶ
2245 4470 2387 4510 vero
2416 4453 2566 4509 dum
2594 4451 2862 4508 clamant
2906 4450 2959 4505 si
2989 4449 3215 4506 tardius
3245 4449 3667 4520 exaudiuntur,
3748 4453 3752 4458 '

210 4549 446 4620 poterit
476 4549 833 4618 respondere
858 4563 1044 4603 unum
1080 4562 1195 4616 pro
1219 4548 1388 4603 mitte
1415 4548 1567 4615 (Job.
1604 4563 1683 4612 1x,
1713 4547 1804 4618 3);
1839 4549 1899 4602 et
2005 4546 2155 4602 dum
2200 4543 2430 4600 clamor
2475 4558 2688 4599 eorum
2735 4539 2910 4612 quasi
2961 4538 3302 4607 negligitur.
3338 4553 3476 4609 spes
3505 4537 3671 4592 infir-

218 4638 374 4694 item
401 4653 413 4691 :
446 4637 581 4692 Non
609 4636 970 4706 respondebo
1017 4635 1400 4705 siquidpiam
1422 4636 1582 4704 justi
1607 4635 1895 4703 habuero,

222 4727 336 4784 sed
358 4742 548 4782 meum
585 4726 854 4797 judicem
894 4725 1262 4794 deprecabor
1289 4723 1462 4794 (Ibid.
1497 4739 1576 4790 1x,
1615 4728 1721 4793 15).
1753 4727 1902 4781 Con‘

2007 4639 2226 4699 matur,
2269 4636 2326 4688 et
2363 4647 2694 4704 supernum
2735 4627 3105 4698 adjutorium
3150 4626 3358 4680 deesse
3394 4624 3671 4694 creditur,

2008 4722 2301 4797 quoniam
2335 4721 2558 4777 tardius
2588 4719 2958 4790 impetratur.
2994 4717 3124 4780 Quo
3155 4718 3362 4770 contra
3387 4712 3674 4786 scriptum

223 4821 328 4873 tra
367 4815 852 4889 desperationem
899 4829 1040 4869 vero
1087 4813 1580 4869 holocaustorum
1624 4829 1904 4887 compas—
2016 4817 2131 4867 est:
2160 4812 2364 4882 Neque
2392 4809 2548 4865 enim
2575 4808 2814 4877 frustra
2847 4804 3124 4861 exaudiet
3142 4805 3297 4858 Deus
3321 4802 3472 4874 (Job.
3495 4817 3676 4869 xxxv,

226 4905 443 4973 sionis,
515 4904 827 4973 castitatis,
873 4902 1366 4975 humilitatisque,
1433 4903 1528 4958 vel
1573 4903 1904 4960 multorum
2018 4902 2126 4969 l3).
2183 4903 2312 4955 Non
2366 4898 2617 4962 frustra,
2671 4894 2891 4967 inquit,
2951 4892 3060 4948 sed
3117 4891 3352 4948 utiliter.
3409 4891 3682 4962 Plerique

227 4994 446 5053 talium
492 4993 1010 5064 reminiscebatur,
1037 4992 1120 5048 ita
1157 4996 1222 5048 ut
1249 4991 1506 5048 diceret:
1540 4995 1675 5049 Non
1709 5008 1908 5064 repre-

232 5083 446 5140 hendit
468 5099 561 5140 me
589 5083 693 5140 co'r
719 5098 911 5139 meum
939 5083 1003 5136 in
1033 5081 1199 5136 omni
1226 5083 1350 5137 vita
1379 5097 1507 5137 mea
1542 5083 1596 5152 (Ι
1615 5083 1792 5138 Joan.
1822 5099 1905 5153 ιιι,

230 5172 352 5242 21).
381 5175 458 5228 De
479 5172 780 5228 malorum
799 5186 943 5228 vero
967 5169 1359 5243 prosperitate
1383 5183 1506 5225 non
1529 5171 1907 5242 movebatur,

235 5262 533 5334 quoniam
573 5262 759 5318 ﬁnem
789 5275 999 5317 eorum
1029 5258 1451 5315 considerabat
1479 5276 1618 5315 cum
1646 5259 1868 5315 diceret
1894 5273 1910 5316 :

2016 4985 2423 5044 exaudiuntur
2469 4983 2549 5038 ad
2597 4985 2825 5051 votum,
2857 4979 2962 5034 sed
3006 4994 3130 5034 non
3179 4977 3258 5034 ad
3305 4977 3584 5042 salutem,
3619 4978 3686 5030 ut

2021 5079 2274 5134 Satanas
2332 5071 2582 5146 quando
2637 5070 2884 5126 beatum
2936 5067 3046 5124 Job
3103 5066 3362 5139 expetiit.
3418 5065 3509 5119 Ad
3557 5065 3686 5118 haec

2021 5165 2122 5222 alii
2173 5179 2297 5220 non
2354 5162 2434 5218 ad
2487 5164 2720 5230 votum,
2769 5157 2876 5214 sed
2925 5157 3006 5213 ad
3054 5156 3331 5223 salutem,
3362 5158 3428 5208 ut
3470 5152 3686 5207 beatus

2023 5252 2365 5326 Apostolus.
2397 5251 2544 5306 Hinc
2590 5247 2942 5305 Psalmista:
2991 5247 3148 5301 Deus
3197 5257 3382 5310 meus,
3417 5239 3690 5295 clamabo

236 5326 489 5408 Ducunt
512 5351 574 5407 in
606 5351 772 5408 bonis
787 5351 910 5408 dies
931 5364 1085 5412 suos,
1104 5355 1156 5406 et
1172 5350 1237 5404 in
1256 5354 1483 5418 puncto
1505 5349 1587 5406 ad
1604 5349 1914 5418 infernum
2020 5358 2136 5413 per
2153 5342 2334 5405 diem,
2357 5345 2412 5396 et
2431 5354 2551 5394 non
2581 5337 2862 5394 exaudies
2891 5334 3079 5406 (Psal.
3111 5335 3228 5394 xxi,
3251 5333 3336 5418 3);
3363 5331 3425 5418 et
3441 5326 3690 5418 deinde:

241 5441 614 5497 descendunt
663 5439 814 5511 (Job.
851 5454 965 5504 χχι,
1004 5439 1109 5508 13).
1141 5437 1232 5522 Sic
1281 5453 1403 5504 ero,
1436 5441 1513 5506 et,
1542 5452 1704 5492 nunc
1749 5437 1920 5509 quili-

242 5531 351 5586 bet
382 5533 578 5585 mente
618 5528 839 5584 intirmi
870 5543 1010 5582 cum
1046 5525 1247 5581 vident
1294 5525 1612 5581 sceleratos
1642 5540 1920 5598 quosque

271 5617 402 5676 setis
428 5617 813 5674 successibus
853 5614 1222 5690 prosperari,
1252 5615 1602 5672 innocentes
1632 5627 1777 5670 vero
1804 5612 1917 5668 fre-

2039 5434 2116 5487 Et
2158 5435 2348 5495 nocte,
2381 5433 2438 5484 et
2481 5443 2600 5482 non
2649 5426 2730 5482 ad
2773 5420 3175 5490 insipientiam
3203 5415 3600 5486 mihi(lbid.).
3633 5419 3695 5470 In

2036 5525 2210 5576 nocte
2264 5519 2506 5588 clamat,
2567 5516 2739 5585 cujus
2793 5507 3094 5566 exauditio
3143 5505 3488 5578 proteletur.
3549 5508 3697 5577 Spes

2035 5610 2221 5678 enim,
2249 5623 2388 5681 quas
2429 5604 2724 5670 differtur,
2751 5597 2973 5658 occidit
3018 5596 3308 5654 animum.
3341 5600 3424 5652 Ac
3472 5595 3520 5650 si
3557 5608 3702 5665 ergo
