4092 6158
467 123 572 177 623

1515 116 1571 170 S.
1612 112 1869 171 ODONIS
1904 111 2195 168 ABBA’I‘lS
2232 112 2727 173 CLUNIACENSIS
2765 114 2829 170 II.

3773 120 3867 175 6%

467 244 792 302 diceretur:
846 241 1026 308 Quasi
1070 239 1295 297 deseris
1325 255 1423 297 me
1451 240 1600 296 dum
1646 230 2007 297 clamantem
2037 238 2116 295 ad
2147 240 2196 294 Α
2226 240 2373 311 quid
2400 241 2651 307 dicatur,
2675 258 2817 299 cum
2859 241 3062 299 aﬂlicti
3090 241 3376 310 clamant,
3405 258 3482 300 ex
3532 259 3597 301 se
3633 242 3873 317 quidem

466 338 671 390 votum
701 347 820 388 non
853 329 1122 397 exaudis,
1154 329 1260 385 sed
1308 329 1455 385 dum
1494 330 1608 386 hoc
1636 328 1804 401 quod
1832 328 2116 400 insipien-

466 426 551 477 ter
578 418 817 493 postulo
862 418 1228 490 dissimulas,
1258 416 1472 473 melius
1523 433 1620 473 me
1665 415 1936 483 exaudis,
1962 429 2115 487 quo-

465 509 627 566 niam
657 506 1089 581 opportuniora
1135 520 1448 579 procuras.
1483 508 1700 560 Contra
1746 504 1861 560 hoc
1914 505 2116 559 autem

462 597 629 671 quod
657 612 730 654 ea
757 612 893 669 quae
916 595 1180 669 patimur
1211 597 1359 650 Deus
1384 610 1505 651 non
1536 593 1912 650 considerare
1939 594 2114 665 puta-

461 691 578 757 tur,
626 702 767 743 cum
812 686 1114 758 Scriptura
1142 684 1393 743 diceret:
1444 684 1647 754 Neque
1693 683 1849 739 enim
1874 683 2116 752 frustra

463 777 635 833 audit
682 777 857 841 Deus,
892 774 1292 845 subjungitur,
1324 780 1380 830 et
1427 773 1809 843 Omnipotens
1848 771 2114 842 singulo-

464 881 598 921 rum
625 880 837 922 causas
859 865 1130 919 intuetur
1160 862 1309 933 (Job.
1337 879 1511 928 xxxv,
1541 862 1647 933 t3).
1674 860 1824 927 Quia
1841 859 2115 916 videlicet

463 969 672 1028 preces
698 953 882 1021 audit,
908 968 1062 1025 quas
1085 951 1291 1008 audire
1311 950 1667 1019 dissimulat,
1686 954 1744 1006 et
1771 948 1937 1023 quod
1955 948 2116 1021 quis-

462 1059 582 1117 que
608 1042 830 1117 patitur
876 1057 996 1097 non
1052 1040 1304 1109 ignorat.
1336 1039 1443 1106 Qui
1489 1053 1633 1097 vero
1672 1038 1939 1113 pondere
1988 1052 2114 1110 per-

464 1130 754 1188 cussionis
798 1129 888 1187 vel
927 1144 1303 1185 murmurare
1348 1128 1439 1184 vel
1490 1128 1813 1201 desperare
1862 1125 2108 1195 cogitur,

461 1224 766 1279 auctorem
788 1218 1209 1275 misericordiae
1234 1221 1291 1274 et
1308 1221 1536 1275 naturae
1560 1232 1682 1272 suae
1699 1219 1885 1272 Deum
1915 1214 2110 1271 consi-

461 1310 643 1367 deret.
676 1309 824 1364 Hinc
871 1308 1028 1364 enim
1074 1323 1177 1363 rex
1219 1307 1400 1364 David
1440 1306 1727 1377 angustiis
1757 1320 2003 1378 pressus
2033 1303 2111 1360 ad

357 1396 360 1401 ’
460 1414 631 1472 spem
681 1414 809 1454 sese
852 1396 1252 1468 recolligebat,
1286 1396 1532 1452 dicens:
1578 1395 1876 1463 Obmutui,
1908 1400 1960 1451 et
1990 1409 2110 1449 non

376 1514 395 1529 ε
459 1488 675 1558 aperui
699 1503 762 1544 os
788 1501 979 1543 meum
1000 1498 1022 1555 ;
1044 1486 1327 1557 quoniam
1351 1490 1414 1540 tu
1441 1484 1640 1554 fecisti
1658 1483 1846 1556 (Psal.
1871 1498 2106 1546 xxxvm,

2227 343 2387 402 saepe
2417 336 2720 387 merentur
2738 329 2952 397 audiri,
2981 330 3087 387 sed
3108 336 3311 387 tamen
3340 347 3550 388 eorum
3573 347 3782 405 preces
3801 331 3873 387 ob

2226 418 2505 474 meritum
2553 417 2909 475 differuntur
2954 418 3447 491 opprimentium,
3480 424 3543 475 ut
3590 419 3874 493 scriptum

2227 511 2351 563 est:
2396 508 2761 564 Clamabunt
2806 513 2859 564 et
2900 524 3020 563 non
3072 508 3352 565 exaudiet
3390 514 3648 579 propter
3674 524 3872 579 super-

2226 595 2382 653 biam
2408 598 2703 654 malorum
2733 597 2882 661 (Job.
2915 613 3084 664 xxxv,
3116 602 3208 663 9);
3254 613 3327 653 ac
3356 597 3405 653 si
3433 597 3693 655 diceret:
3731 601 3873 655 Bea-

2224 686 2318 739 tus
2346 689 2802 758 persecutorum
2829 684 3105 759 prohibet
3134 700 3209 741 ne
3239 684 3442 742 afﬂicti
3459 685 3872 743 exaudiantur.

2222 777 2422 831 Justus
2449 775 2676 848 quippe
2705 778 2762 830 et
2790 774 3126 831 misericors
3159 777 3311 831 Deus
3340 778 3399 832 et
3428 790 3569 832 suos
3596 775 3877 848 permittit

2222 863 2626 936 temporaliter
2677 863 2959 936 opprimi,
2999 869 3057 920 et
3107 863 3504 921 violentorum
3547 864 3874 938 nequitiam

2220 951 2563 1010 immaniter
2589 952 2815 1024 augeri,
2847 956 2904 1008 et
2949 952 3099 1008 dum
3135 954 3440 1024 justorum
3496 953 3615 1010 vita
3658 969 3874 1027 purga-

2221 1039 2380 1096 tione
2431 1041 2657 1109 teritur,
2711 1040 2950 1096 illorum
3005 1040 3269 1113 nequitia
3319 1040 3714 1113 compleatur.
3756 1041 3879 1098 Plc-

2220 1144 2477 1203 rumque
2522 1130 2681 1186 enim
2734 1129 2943 1185 ﬁdeles
2997 1129 3061 1185 in
3098 1128 3477 1186 tribulatione
3523 1130 3877 1203 deprehensi

2221 1232 2550 1290 supernum
2582 1212 2862 1273 solatium
2893 1217 3070 1273 etiam
3119 1217 3519 1289 temporaliter
3545 1218 3607 1274 in
3637 1217 3876 1274 tribula-

2221 1306 2379 1361 tione
2422 1303 2774 1378 percipiunt,
2810 1308 2874 1360 ut
2919 1303 3068 1361 dum
3124 1304 3255 1361 illos
3308 1305 3693 1378 omnipotens
3728 1308 3875 1362 Deus

2220 1395 2377 1451 facto
2403 1394 2605 1468 aliquo
2635 1394 2926 1452 miraculo
2954 1393 3187 1461 liberat,
3219 1395 3494 1452 virtutem
3524 1411 3704 1453 suam
3734 1397 3876 1470 ipsis

2219 1483 2400 1540 etiam
2429 1483 2911 1556 persecutoribus
2956 1482 3294 1555 innotescit,
3324 1488 3391 1540 ut
3418 1484 3556 1541 inde
3596 1484 3877 1542 adversa-

463 1581 570 1646 tO).
596 1575 1002 1634 Consideravit
1030 1574 1213 1639 enim,
1234 1574 1400 1647 quod
1425 1573 1529 1647 qui
1556 1572 1811 1643 benigne
1828 1587 1987 1640 eum,
2006 1570 2109 1644 qui
2144 1585 2185 1639 Β
2217 1571 2338 1629 rios
2366 1571 2429 1628 in
2478 1575 2763 1628 aeternum
2795 1570 3051 1628 redimat
3095 1571 3256 1628 unde
3303 1588 3446 1629 suos
3475 1572 3877 1646 temporaliter

457 1680 581 1723 non
610 1668 756 1735 erat,
788 1662 1072 1729 condidit,
1112 1663 1273 1718 hunc
1319 1661 1585 1735 profecto
1631 1661 1940 1718 conditum
1985 1675 2108 1716 non

458 1752 570 1810 nisi
594 1753 751 1824 juste
774 1749 1082 1824 percussit.
1102 1749 1246 1806 Hinc
1274 1752 1528 1821 Moyses,
1560 1766 1699 1806 cum
1730 1763 2109 1804 murmuran-

459 1846 545 1899 tes
586 1840 951 1914 reprimeret,
1003 1838 1185 1895 dixit:
1233 1839 1550 1896 Generatio
1596 1853 1813 1909 prava,
1853 1837 2111 1894 haeccine

456 1931 654 1989 reddis
698 1930 997 1987 Domino?
1043 1927 1451 1999 subjungens:
1499 1928 1789 2000 Nunquid
1824 1943 1946 1984 non
1984 1928 2111 1997 ipse

454 2027 511 2080 et
527 2027 709 2093 pater
738 2027 894 2087 tuus,
923 2019 1029 2091 qui
1068 2019 1291 2075 creavit
1324 2019 1424 2075 te?
1454 2022 1562 2075 etc.
1608 2020 1803 2083 (Deut.
1837 2033 2018 2088 xxxu,
2051 2021 2104 2079 5.

452 2114 532 2179 6.)
562 2114 643 2166 Ac
678 2109 730 2164 si
759 2108 1015 2164 diceret:
1072 2107 1181 2173 Qui
1221 2118 1329 2163 vos
1376 2106 1636 2177 benigne
1683 2105 1969 2176 condidit,
1995 2121 2104 2161 nec

451 2198 579 2256 sine
622 2213 805 2255 causa
848 2195 1097 2253 cruciari
1140 2211 1251 2252 nec
1279 2196 1471 2269 perire
1500 2194 1766 2267 neglecte
1798 2194 2100 2267 permittit.

448 2290 517 2345 Et
556 2287 698 2345 item
741 2301 885 2343 voce
928 2284 1301 2358 desperantis
1352 2283 1412 2340 in
1457 2284 1588 2354 Job,
1636 2289 1691 2340 et
1743 2299 1861 2339 non
1902 2284 2097 2339 dixit:

453 2377 566 2435 Ubi
607 2383 689 2434 est
729 2377 834 2448 qui
859 2377 1006 2445 fecit
1044 2378 1183 2431 me?
1222 2373 1377 2445 (Job.
1404 2389 1575 2442 xxxv,
1611 2374 1718 2443 10.)
1752 2376 1921 2444 Nam,
1947 2376 2012 2427 ut
2042 2373 2099 2429 in

446 2464 617 2522 tertio
673 2462 981 2521 Moralium
1034 2460 1341 2518 volumine
1394 2460 1639 2521 dicitur.
1695 2463 1910 2516 cuncta
1964 2475 2100 2533 quae

442 2551 792 2609 hominibus
855 2550 1025 2616 ﬁunt,
1071 2548 1304 2605 occulto
1367 2548 1466 2604 Dei
1519 2547 1767 2605 consilio
1832 2548 2096 2613 veniunt,

445 2646 502 2699 et
554 2641 681 2715 ipse
752 2638 1017 2712 disponit
1077 2641 1373 2710 quantum
1436 2652 1932 2710 unumquemque
1998 2642 2102 2695 aut

442 2729 805 2804 prosperitas
835 2731 936 2784 aut
979 2726 1306 2783 adversitas
1352 2730 1672 2799 sequatur;
1722 2742 1834 2783 nec
1879 2725 2096 2783 electos

444 2822 549 2876 aut
604 2817 1000 2874 immoderata
1053 2815 1419 2889 prosperitas
1477 2815 1682 2886 elevet,
1744 2819 1847 2871 aut
1912 2816 2099 2873 nimia

2218 1659 2427 1717 salvat.
2464 1658 2628 1716 Unde
2658 1659 2950 1731 Propheta
2980 1658 3096 1716 ait:
3129 1660 3389 1731 Propter
3412 1661 3686 1718 inimicos
3718 1676 3873 1719 meos

2217 1749 2378 1818 eripe
2400 1763 2493 1804 me
2520 1748 2709 1819 (Psal.
2740 1762 2938 1815 vam,
2982 1747 3087 1819 19).
3122 1747 3301 1813 Quasi
3346 1746 3607 1805 diceret:
3634 1751 3877 1822 Propter

2218 1852 2313 1894 me
2358 1836 2610 1909 quidem
2647 1835 2794 1908 eripi
2842 1835 2919 1892 de
2972 1835 3285 1910 temporali
3328 1836 3716 1893 tribulatione
3753 1853 3875 1894 non

2218 1927 2456 1998 appeto,
2489 1923 2597 1981 sed
2627 1928 2828 1981 tamen
2878 1923 3024 1996 eripi
3073 1928 3317 1997 propter
3356 1923 3633 1980 inimicos
3663 1941 3877 1982 concu-

2214 2013 2403 2087 pisco,
2434 2017 2493 2070 et
2515 2013 2664 2073 dum
2693 2028 2790 2070 me
2816 2012 3033 2070 salvari
3064 2012 3412 2070 mirabiliter
3432 2013 3710 2083 viderint,
3740 2014 3871 2089 ipso

2214 2096 2511 2160 miraculi
2534 2102 2667 2159 visu
2713 2119 2749 2159 a
2801 2118 2910 2158 sua
2956 2102 3174 2159 duritia
3223 2107 3669 2160 convertantur.
3726 2107 3874 2161 Nam

2212 2192 2316 2263 qui
2394 2190 2779 2247 invisibilium
2870 2189 2989 2246 ﬁde
3061 2205 3184 2247 non
3269 2195 3572 2258 tenentur,
3644 2193 3873 2249 moveri

2211 2294 2654 2352 nonnunquam
2716 2278 3050 2335 visibilibus
3114 2278 3419 2336 miraculis
3478 2279 3691 2338 solent.
3759 2280 3870 2337 Sed

2211 2366 2431 2424 idcirco
2475 2382 2657 2440 super
2707 2366 2961 2423 atﬂictos
3012 2366 3219 2424 divina
3274 2368 3463 2425 virtus
3511 2369 3870 2443 plerumque

2209 2471 2335 2513 non
2400 2456 2615 2526 agitur,
2679 2458 3003 2529 quoniam.
3072 2463 3137 2512 ut
3215 2472 3400 2529 supra
3458 2457 3689 2515 dictum
3754 2464 3869 2528 est,

2209 2544 2526 2603 aﬂlictores
2569 2560 2779 2601 eorum
2828 2545 3152 2602 illuminari
3199 2562 3321 2604 non
3375 2552 3703 2604 merentur.
3739 2548 3871 2605 Sive

2207 2634 2386 2706 igitur
2431 2639 2675 2707 propter
2726 2633 3109 2691 adversarios
3163 2638 3420 2706 nostros,
3454 2636 3580 2693 sive
3625 2641 3872 2711 propter

2209 2723 2504 2797 patientiae
2554 2726 2771 2778 nostrae
2818 2723 3237 2795 probationem
3292 2723 3593 2781 tribulatio
3630 2730 3869 2799 proten-

2206 2811 2405 2879 datur,
2457 2829 2496 2869 a
2551 2811 2853 2885 speranda
2909 2812 3320 2870 misericordia
3375 2828 3500 2870 non
3550 2813 3869 2883 lassemur,

442 2906 771 2965 adversitas
815 2909 1037 2976 gravet.
1097 2903 1377 2977 Quisquis
1420 2903 1570 2960 inter
1622 2920 1941 2984 pressuras
1965 2904 2096 2960 dcs-
2132 2932 2175 2984 C
2206 2900 2349 2973 quia
2397 2905 2537 2957 tunc
2580 2900 2935 2974 probabitur
2983 2902 3349 2959 desiderium
3393 2901 3701 2960 bonorum
3730 2920 3871 2961 cum

442 2997 749 3070 peratione
795 2995 1105 3066 frangitur,
1137 3009 1297 3061 eum,
1345 3008 1382 3049 a
1430 3009 1552 3066 quo
1600 2992 1791 3050 factus
1833 2977 1943 3057 est,
1991 2993 2097 3049 mi-

441 3084 603 3141 nime
629 3081 1269 3155 contemplatur.l\'am,
1287 3084 1353 3136 ut
1377 3080 1603 3137 dictum
1633 3085 1739 3144 est,
1764 3080 1907 3154 quid
1930 3081 2095 3154 quod

442 3187 566 3228 non
595 3175 722 3228 erat
750 3170 903 3239 fecit,
935 3170 1155 3227 factum
1192 3169 1319 3225 sine
1366 3169 1798 3238 gubernatione
1850 3170 2095 3227 nullate-

441 3275 558 3316 nus
609 3259 844 3315 deserit.
880 3258 1026 3313 Hinc
1075 3257 1463 3313 Ambrosius:
1526 3258 1584 3315 Si
1633 3260 1771 3331 quis
1818 3263 2096 3331 operator

441 3345 704 3417 negligat
731 3345 928 3417 operis
960 3345 1052 3401 sui
1082 3360 1308 3413 curam,
1337 3348 1395 3401 et
1422 3345 1657 3403 deserat
1698 3362 1769 3403 ac
1794 3346 2092 3419 destituat,

440 3439 499 3492 et
526 3433 689 3507 quod
715 3433 843 3507 ipse
873 3432 1259 3489 condendum
1308 3432 1559 3505 putavit,
1588 3448 1710 3490 non
1735 3439 1902 3506 putet
1928 3436 2095 3508 quod

440 3523 661 3591 fecerit,
695 3537 936 3579 summa
965 3520 1344 3578 inclementia
1391 3526 1496 3577 est.
1529 3521 1642 3579 Sed
1673 3537 1811 3578 cum
1840 3522 1953 3580 ista
1982 3539 2095 3580 nos

440 3610 875 3684 desperationis
912 3608 1174 3683 procella
1221 3609 1556 3675 conturbat,
1598 3625 1894 3667 concussa
1922 3627 2094 3669 mens

440 3700 611 3758 citius
640 3699 702 3757 in
728 3704 970 3774 portum
1014 3697 1140 3773 spei
1170 3714 1231 3755 se
1257 3697 1528 3767 collocat,
1565 3697 1613 3754 si
1652 3699 1816 3756 bona
1869 3700 1967 3756 Dei
2014 3702 2093 3758 ad

439 3789 797 3848 memoriam
828 3790 1082 3858 revocat,
1104 3787 1155 3845 si
1184 3787 1346 3845 mala
1370 3803 1507 3861 quae
1535 3787 1713 3844 bonis
1739 3789 1870 3861 ejus
1897 3789 2092 3846 reddi-

437 3877 525 3936 dit
552 3891 678 3935 non
705 3881 970 3947 excuset,
1002 3875 1050 3931 si
1075 3875 1391 3949 perpendit
1418 3875 1565 3948 quid
1592 3875 1671 3932 ab
1700 3891 1771 3933 eo
1792 3876 1949 3949 juste
1969 3894 2091 3936 me-

436 3964 554 4023 ruit
584 3965 751 4039 quod
780 3964 1027 4037 accepit.
1062 3963 1119 4021 Si
1146 3963 1327 4034 igitur
1354 3962 1450 4020 vel
1497 3967 1744 4037 accepta
1772 3981 1809 4023 a
1837 3967 1958 4025 Deo
1985 3965 2092 4025 bo-

436 4070 539 4124 na,
569 4054 663 4112 vel
692 4054 855 4111 mala
902 4069 938 4109 a
984 4068 1046 4109 se
1092 4057 1260 4124 gesta
1293 4051 1547 4111 afﬂictus
1598 4054 1949 4124 consideret,
1979 4072 2090 4114 nec

437 4128 652 4217 poenas
672 4159 826 4216 quas
850 4142 1072 4215 patitur
1101 4142 1428 4211 accusabit,
1450 4158 1560 4199 nec
1585 4158 1622 4200 a
1651 4144 1955 4216 speranda
1981 4147 2091 4202 mi-

437 4231 760 4289 sericordia
780 4231 1083 4302 lassescet,
1113 4246 1250 4304 qua:
1279 4231 1460 4288 etiam
1501 4231 1694 4289 fuerat
1722 4233 1772 4289 si
1796 4233 1963 4290 nulla
1989 4235 2091 4292 be-

434 4319 650 4378 neﬁcia
702 4320 1164 4393 prtecessissent.
1220 4319 1499 4392 Alioquin
1557 4322 1867 4395 quomodo
1913 4325 2092 4383 stabit

434 4409 621 4467 illud:
666 4410 862 4466 Juxta
896 4414 979 4465 est
1024 4408 1315 4465 Dominus
1365 4410 1457 4465 his
1497 4412 1599 4481 qui
1627 4411 1919 4470 tribulam
1947 4421 2089 4471 sunt

434 4499 613 4558 corde
643 4498 828 4572 (Psal.
859 4504 1062 4565 XXXIII,
1099 4497 1204 4571 19),
1235 4502 1303 4555 ut
1342 4498 1556 4556 beatus
1596 4501 1878 4557 Martinus
1917 4502 2089 4559 indu-

431 4588 687 4646 bitanter
714 4587 995 4656 afﬁrmat,
1030 4587 1133 4661 qui
1164 4590 1374 4661 captus
1404 4604 1441 4645 a
1467 4587 1805 4646 latronibus
1835 4605 1976 4648 cum
2003 4592 2089 4650 nil

431 4675 583 4735 facie
611 4680 961 4747 mutaretur,
993 4680 1051 4734 et
1077 4676 1399 4751 requisitas
1449 4693 1529 4734 an
1556 4677 1805 4749 timeret,
1837 4694 2088 4755 respon-

429 4764 519 4821 dit
545 4781 864 4838 nunquam
907 4781 969 4822 se
1018 4768 1142 4822 tam
1174 4782 1453 4824 securum
1500 4766 1707 4838 fuisse,
1736 4767 1882 4841 quia
1912 4769 2086 4828 sciret

430 4852 901 4909 misericordiam
957 4853 1192 4911 Domini
1244 4855 1508 4912 maxime
1545 4855 1607 4912 in
1657 4858 2084 4916 tentationibus

430 4939 662 4998 adesse.
691 4942 903 4996 Beatus
946 4956 1190 5014 quoque
1236 4944 1531 5000 Antonius
1571 4961 1712 5001 cum
1736 4961 1774 5003 a
1800 4946 2082 5019 malignis

430 5029 737 5104 spiritibus
764 5028 847 5086 ita
872 5028 1121 5086 affectus
1144 5035 1316 5099 esset,
1344 5036 1411 5089 ut
1430 5048 1540 5091 nec
1565 5033 1661 5091 vel
1687 5033 1927 5093 illorum
1947 5037 2077 5111 pla-

427 5129 540 5187 gas,
569 5114 665 5172 vel
690 5113 849 5172 illius
875 5112 1214 5171 constantia
1249 5114 1429 5186 digne
1460 5116 1825 5176 considerari
1852 5127 2076 5194 posset,

426 5204 669 5261 tandem
698 5202 987 5278 portentis
1013 5201 1126 5259 illis
1169 5205 1666 5262 evanescentibus
1693 5206 1891 5267 infusa
1920 5210 2078 5267 coeli-

426 5295 521 5347 tus
545 5292 678 5349 luce
706 5295 1006 5349 recreatus
1034 5291 1212 5349 dixit:
1244 5294 1404 5365 Jesu,
1429 5294 1535 5350 ubi
1562 5310 1696 5351 eras
1723 5296 2077 5371 hucusque?

424 5382 484 5436 et
506 5395 649 5436 mox
678 5380 757 5436 ad
786 5396 965 5438 eum:
1016 5381 1253 5449 Antoni,
1279 5380 1378 5438 hic
1423 5396 1612 5453 eram,
1639 5383 1747 5440 sed
1774 5391 2078 5459 exspecta-

421 5459 569 5520 bam
592 5461 795 5519 videre
822 5465 1170 5536 patientiam
1201 5470 1388 5522 tuam.

491 5554 599 5610 XL.
631 5552 703 5609 Ut
722 5553 924 5609 autem
952 5552 1028 5610 de
1051 5553 1441 5627 protelatione
1468 5570 1717 5631 precum
1743 5555 1943 5615 adhuc
1967 5556 2073 5615 ali-

2207 2989 2409 3062 aliqua
2455 2989 2811 3047 adversitate
2841 2990 2927 3046 eis
2974 2991 3281 3048 resistitur.
3312 2991 3549 3049 Probati
3572 3008 3719 3049 vero
3748 3009 3871 3050 me-

2204 3078 2318 3134 lius
2381 3078 2803 3146 exaudiuntur,
2862 3095 3049 3152 quam
3115 3079 3387 3138 videlicet
3439 3080 3869 3154 probationem

2204 3171 2383 3240 atque
2408 3166 2854 3224 exauditionem
2881 3168 3035 3226 inter
3059 3170 3367 3240 angustias
3395 3169 3523 3226 ﬁeri
3553 3171 3873 3229 Psalmista

2202 3256 2398 3328 docet,
2430 3256 2671 3312 dicens:
2703 3256 3013 3314 Exaudivi
3058 3264 3115 3315 te
3149 3260 3213 3314 in
3256 3258 3602 3316 abscondito
3625 3266 3871 3331 tempe:-

2204 3345 2346 3401 tatis
2382 3345 2567 3416 (Psal.
2609 3361 2776 3414 LXXX,
2810 3350 2890 3414 8),
2920 3345 2982 3402 id
3028 3350 3137 3412 est,
3168 3346 3321 3403 inter
3349 3347 3564 3404 ﬂuctus
3593 3347 3868 3407 afﬂictio-

2204 3448 2353 3489 num
2375 3434 2631 3507 probavi
2662 3439 2716 3491 te
2746 3433 2911 3507 apud
2942 3449 3167 3508 aquam
3194 3436 3701 3494 contradictionis.
3742 3440 3867 3496 Cae-

2204 3527 2416 3591 terum,
2442 3528 2505 3580 ut
2532 3522 2745 3580 beatus
2777 3524 3173 3597 Hieronymus
3194 3526 3258 3582 in
3288 3524 3541 3598 epistola
3564 3527 3645 3584 ad
3677 3528 3868 3601 Ephe-

2192 3611 2323 3671 sios
2352 3610 2621 3668 secunda
2648 3612 2942 3684 perhibet,
2971 3613 3144 3684 juxta
3166 3613 3637 3672 imbecillitatem
3665 3616 3865 3673 homi-

2201 3714 2307 3755 nes
2360 3698 2683 3773 postulant,
2712 3716 2849 3774 quae
2891 3701 2976 3757 eis
3018 3702 3425 3759 cunducibilia
3463 3702 3763 3763 videntur.
3795 3708 3868 3763 At

2200 3801 2340 3845 vero
2391 3792 2691 3861 quantum
2734 3788 2814 3846 ad
2870 3789 2955 3846 rei
2996 3790 3188 3863 ipsius
3231 3791 3488 3864 pertinet
3528 3793 3865 3863 veritatem,

2200 3874 2337 3949 plus
2357 3878 2547 3933 Deum
2576 3876 2832 3935 tribuere
2862 3882 3097 3936 constat
3123 3894 3312 3953 quam
3338 3884 3612 3951 rogatur,
3644 3886 3705 3939 et
3732 3898 3865 3957 pre-

2202 3979 2299 4021 ces
2340 3968 2578 4023 nostras
2631 3965 2786 4023 vinci
2833 3966 3167 4032 atl‘ectibus,
3221 3967 3367 4040 quia
3418 3967 3761 4026 secundum
3799 3966 3869 4025 id

2200 4052 2367 4127 quod
2408 4057 2641 4129 oportet
2669 4071 2839 4113 orare
2877 4056 3200 4123 nescimus,
3232 4061 3291 4114 et
3319 4072 3479 4130 saepe
3507 4061 3723 4115 contra
3746 4072 3868 4114 nos

2197 4143 2458 4215 pehus
2488 4144 2850 4202 aestimantes
2876 4161 3004 4203 esse
3032 4161 3144 4219 pro
3168 4145 3365 4203 nobis.

2267 4234 2400 4288 XLI.
2441 4232 2665 4290 Placuit
2703 4233 2929 4307 quippe
2961 4234 3180 4291 divinae
3209 4234 3601 4308 providentia:
3628 4250 3869 4310 praepa-

2196 4334 2328 4376 rare
2356 4318 2418 4375 in
2437 4324 2744 4394 posterum
2774 4321 2940 4379 bona
2962 4321 3162 4394 justis,
3184 4322 3409 4397 quibus
3433 4338 3560 4380 non
3586 4323 3869 4383 fruentur

2194 4406 2424 4479 injusti,
2452 4412 2509 4465 et
2550 4408 2711 4466 mala
2758 4408 2960 4482 impiis
3001 4410 3225 4484 quibus
3271 4426 3399 4469 non
3440 4412 3868 4470 excrucientur

2193 4495 2360 4554 boni.
2392 4500 2510 4554 Ista
2537 4514 2680 4555 vero
2708 4498 3065 4572 temporalia
3104 4499 3272 4558 bona
3299 4507 3358 4558 et
3386 4501 3551 4557 mala
3583 4501 3866 4576 utrisque

2193 4583 2382 4642 voluit
2406 4600 2540 4643 esse
2565 4586 2933 4656 communia,
2950 4593 3017 4644 ut
3040 4603 3151 4645 nec
3179 4588 3347 4646 bona
3369 4589 3653 4662 cupidius
3674 4606 3865 4664 appe-

2191 4677 2413 4746 tantur,
2443 4690 2580 4748 quae
2623 4675 2767 4732 mali
2819 4692 3065 4751 quoque
3109 4677 3333 4735 habere
3364 4683 3715 4753 cernuntur,
3746 4697 3865 4739 nec

2190 4761 2355 4819 mala
2376 4762 2628 4836 turpiter
2653 4764 2967 4832 evitentur,
2988 4765 3212 4839 quibus
3234 4771 3296 4824 et
3316 4766 3463 4824 boni
3490 4767 3862 4843 plerumque

2190 4848 2547 4907 afﬁciuntur.
2577 4856 2644 4908 In
2663 4852 2758 4908 his
2784 4857 2988 4910 autem
3011 4853 3188 4912 bonis
3203 4855 3509 4928 prosperis
3522 4856 3619 4913 vel
3642 4858 3861 4915 adver-

2188 4937 2291 5008 sis,
2317 4954 2454 5011 qute
2482 4954 2666 5007 nunc,
2692 4946 2760 4998 ut
2782 4942 3069 5016 diximus,
3084 4943 3312 5001 mistim
3341 4949 3727 5018 procurrunt,
3749 4962 3859 5019 pa-

2185 5025 2390 5085 tientia
2420 5027 2522 5085 Dei
2545 5029 2640 5085 vel
2684 5031 2965 5089 severitas
3008 5031 3124 5089 hac
3169 5031 3620 5105 dispensatione
3648 5031 3858 5106 dispo-

2186 5114 2362 5173 nitur.
2403 5119 2469 5172 In
2493 5119 2796 5192 prosperis
2825 5135 3091 5193 namque
3117 5121 3405 5194 patientia
3435 5120 3596 5179 fovet
3628 5119 3851 5189 bonos,

2185 5208 2242 5261 et
2270 5204 2347 5262 ad
2373 5206 2785 5279 pmnitentiam
2813 5209 3025 5265 invitat
3049 5210 3247 5267 malos
3272 5228 3285 5267 :
3318 5211 3380 5269 in
3410 5210 3679 5268 adversis
3705 5223 3852 5265 vero

2186 5294 2470 5350 severitas
2481 5295 2560 5351 ad
2580 5297 2933 5369 patientiam
2953 5298 3150 5356 erudit
3162 5299 3635 5357 bonos.lnterest
3644 5302 3853 5356 autem

2181 5383 2512 5456 plurimum
2541 5386 2735 5459 qualis
2787 5386 2863 5443 sit
2906 5403 3059 5445 usus
3085 5387 3182 5446 vel
3210 5403 3420 5446 earum
3462 5404 3668 5446 rerum
3707 5402 3851 5461 qua:

2180 5488 2507 5546 prosperae,
2527 5474 2623 5530 vel
2638 5491 2848 5532 earum
2864 5493 3066 5534 rerum
3087 5494 3225 5551 quae
3250 5479 3533 5537 dicuntur
3550 5478 3848 5536 adversus.

2182 5564 2332 5619 Nam
2360 5562 2561 5620 bonus
2587 5554 2698 5623 nec
2723 5566 3156 5642 temporalibus
3182 5567 3360 5627 bonis
3382 5567 3699 5633 extollitur.
3726 5578 3850 5621 nec
