4094 6156
256 123 362 177 625

1287 120 1777 179 COLLATIONUI
1815 119 1996 176 LIBRI
2032 118 2227 175 TRES.
2271 150 2338 160 —
2377 121 2505 177 LIB.
2548 126 2641 179 111.

3585 126 3689 180 626

255 242 463 301 malis
478 242 774 314 ﬁangitur
802 262 817 301 :
847 244 1049 303 malus
1075 248 1278 303 autem
1305 243 1529 304 idcirco
1568 244 1929 304 adversitate
1955 252 2006 307 Α
2039 242 2175 301 tabo
2197 259 2380 315 super
2403 246 2568 315 filias
2594 252 2821 305 vestras
2848 262 2985 305 cum
3008 248 3246 319 fuerint
3265 248 3609 320 fornicata,
3634 254 3693 307 et

254 331 532 407 punitur,
554 332 701 405 quia
724 332 998 392 felicitate
1026 335 1449 408 corrumpitur.
1492 335 1742 392 Interest
1785 348 1930 403 ergo

254 419 589 495 plurimum
612 420 813 494 qualis
846 421 925 479 sit
949 421 1254 496 afﬂigitur.
1316 423 1480 481 Sicut
1523 422 1687 480 enim
1730 423 1780 479 si
1816 437 1929 479 un-

256 512 553 581 guentum
580 513 639 566 et
664 525 909 567 ccenum
954 510 1085 584 pari
1136 510 1319 585 pulsu
1368 511 1760 583 exagitentur,
1814 510 1932 567 hoc

258 598 524 656 suaviter
548 597 794 670 fragrat,
825 598 975 657 illud
1002 584 1254 658 fetidum
1287 600 1559 670 exhalat;
1609 601 1693 659 ita
1728 584 1935 657 manet

254 686 684 746 dissimilitudo
727 703 1054 762 passorum
1102 689 1286 747 etiam
1336 690 1401 746 in
1476 688 1934 747 similitudinem

253 775 633 850 passionum.
662 778 730 833 Et
753 777 907 835 sicut
929 777 1044 835 sub
1072 778 1212 849 igne
1237 794 1461 836 aurum
1490 778 1716 849 rutilat,
1754 776 1933 851 palea
1967 838 1976 845 ,

254 864 474 933 fumat,
500 867 559 922 et
585 863 701 921 sub
728 864 943 924 eadem
985 865 1194 924 tritura
1241 866 1543 924 frumenta
1569 869 1930 941 purgantur,

251 953 448 1028 paleas
486 955 1004 1025 comminuuntur,
1033 955 1118 1014 ita
1159 956 1499 1014 communis
1523 956 1808 1030 quaslibet
1828 956 1933 1029 tri-

251 1042 486 1100 bulatio
525 1043 721 1101 bonos
764 1044 1063 1118 puriﬁcat,
1113 1045 1306 1102 malos
1360 1046 1734 1104 exterminat.
1786 1047 1931 1105 Boni

251 1147 526 1206 namque
581 1135 771 1201 Deum
830 1133 1102 1207 laudant,
1150 1151 1213 1192 se
1250 1139 1539 1193 accusant
1565 1134 1731 1201 mali,
1761 1150 1927 1193 mur-

253 1225 523 1290 murant,
560 1225 620 1278 et
651 1221 891 1280 turbato
943 1223 1109 1294 regni
1167 1227 1319 1282 statu
1371 1224 1656 1298 quaelibet
1702 1224 1930 1294 flagitia

252 1314 487 1385 quanto
526 1310 826 1380 licentius,
855 1317 1024 1371 tanto
1060 1313 1427 1387 frequentius
1462 1313 1929 1387 eﬁ'renatiusque

253 1402 496 1472 patrare
522 1398 735 1457 solent.
771 1403 848 1457 De
868 1401 1066 1470 bonis,
1117 1403 1222 1475 qui
1251 1406 1501 1475 peccata
1530 1416 1646 1459 sua
1673 1397 1929 1470 flagellis

256 1491 653 1558 cognoscunt,
685 1492 743 1546 et
771 1488 1123 1557 emundant,
1178 1490 1468 1562 scriptum
1505 1494 1596 1547 est
1642 1506 1658 1546 :
1700 1488 1769 1545 Si
1788 1489 1927 1557 fue-

2035 347 2218 404 super
2260 348 2509 404 sponsas
2548 341 2776 392 vestras
2828 351 2963 394 cum
3019 338 3500 395 adulteraverint
3529 337 3699 410 (Osee

2035 438 2117 490 1v,
2147 422 2253 495 14).
2285 425 2405 480 Ista
2429 424 2793 497 respondere
2821 424 3325 496 tribulationibus,
3368 430 3428 485 et
3453 425 3695 486 conclar-

2037 525 2206 568 mare
2230 510 2461 582 cogitur
2487 528 2501 568 :
2529 513 2906 585 Derelinquit
2927 529 3021 570 me
3048 516 3350 585 Dominus,
3397 521 3454 574 et
3494 515 3698 573 Domi-

2037 615 2152 657 nus
2177 598 2396 657 oblitus
2420 606 2506 659 est
2533 602 2649 659 mei
2678 603 2822 671 (Isa.
2854 618 3011 666 xux,
3048 604 3156 675 14).
3205 604 3323 662 Sed
3368 606 3526 662 Deus
3556 619 3700 663 con-

2039 687 2265 747 solatur
2293 704 2430 747 eam
2459 687 2666 748 dicens
2696 710 2709 747 :
2741 691 3035 762 Nunquid
3054 697 3250 761 potest
3294 694 3515 751 mulier
3549 693 3694 751 obli-

2038 778 2187 835 visci
2207 779 2504 849 infantem
2531 796 2724 847 suum,
2757 786 2826 836 ut
2851 796 2973 838 non
3000 781 3359 838 misereatur
3380 783 3511 852 ﬁlio
3535 783 3696 840 uteri

2035 868 2172 924 sui?
2193 874 2249 925 et
2277 868 2331 925 si
2355 869 2470 926 illa
2498 870 2686 927 oblita
2712 870 2923 941 fuerit,
2954 885 3060 942 ego
3088 875 3287 927 tamen
3333 885 3455 927 non
3487 870 3696 929 oblivi-

2036 971 2177 1014 scar
2199 957 2292 1014 tui
2315 956 2490 1029 (Ibid.
2526 958 2634 1029 15).
2666 957 2773 1015 Illa
2799 958 2943 1015 dicit
2974 976 2989 1016 :
3021 959 3209 1016 Sedeo
3251 961 3486 1031 regina,
3526 963 3583 1015 et
3609 959 3697 1015 vi-

2035 1045 2162 1102 dua
2188 1060 2309 1102 non
2333 1061 2464 1103 sum
2506 1047 2703 1118 (Apoc.
2736 1063 2905 1116 xvm,
2939 1048 3014 1120 7),
3070 1046 3177 1105 sed
3224 1047 3283 1104 ei
3322 1063 3437 1104 vox
3488 1046 3697 1105 divina

2037 1132 2177 1191 dicit
2222 1151 2235 1189 :
2281 1134 2407 1202 Quo
2445 1136 2766 1205 pulchrior
2808 1152 2867 1194 es
2918 1134 3205 1194 descende
3237 1136 3473 1205 (Ezech.
3505 1149 3692 1203 xxm,

2040 1222 2148 1292 19).
2184 1224 2247 1279 Et
2274 1222 2418 1280 item
2451 1239 2463 1278 :
2494 1223 2647 1281 Sede
2677 1225 2740 1280 in
2760 1226 3035 1295 pulvere,
3057 1240 3178 1282 non
3202 1229 3290 1281 est
3307 1224 3522 1281 solium
3547 1224 3694 1293 ﬁlim

2038 1310 2465 1369 Chaldaeorum
2498 1312 2635 1384 (Isa.
2658 1329 2833 1381 vau,
2866 1316 2942 1381 1).
2975 1313 3124 1372 Sunt
3150 1318 3210 1370 et
3232 1311 3351 1370 alia
3367 1312 3696 1386 quamplu-

2034 1398 2189 1456 rima
2210 1398 2583 1472 hujusmodi,
2615 1401 2678 1458 in
2708 1400 2934 1473 quibus
2970 1401 3258 1459 omnibus
3305 1400 3536 1475 liquido
3584 1416 3693 1475 pa-

2035 1490 2136 1555 tet,
2166 1488 2335 1561 quod
2360 1488 2510 1559 haec,
2538 1489 2691 1546 sicut
2725 1489 2786 1545 in
2814 1489 2937 1546 vita
2963 1488 3127 1547 beati
3168 1489 3407 1547 Martini
3453 1489 3694 1560 legitur,

257 1578 386 1634 rint
416 1580 479 1634 in
506 1579 731 1636 catenis
758 1584 815 1636 et
845 1580 1195 1637 vinciantur
1225 1579 1481 1648 funibus
1526 1578 1925 1649 paupertatis.
1954 1600 2000 1655 Β
2039 1575 2262 1634 sanctis
2289 1576 2593 1645 omnibus,
2637 1581 2818 1650 atque
2859 1576 3145 1634 omnibus
3191 1578 3321 1634 aliis
3368 1577 3450 1634 ad
3501 1578 3693 1651 perci-

246 1666 557 1737 judicabit
581 1667 664 1724 eis
692 1682 878 1738 opera
907 1683 1133 1730 eorum,
1176 1673 1242 1724 ut
1274 1673 1660 1725 revertantur
1705 1666 1782 1723 ab
1810 1666 1925 1722 ini-

261 1756 493 1828 quitate
520 1756 649 1827 (Job
679 1773 872 1823 xum,
905 1759 979 1828 8).
1011 1757 1120 1822 Qui
1145 1757 1411 1828 jubentis
1443 1756 1544 1813 Dei
1588 1754 1774 1814 verba
1800 1769 1927 1812 non

255 1843 533 1914 audiunt,
560 1843 914 1901 verberibus
953 1844 1214 1900 ferientis
1266 1845 1689 1912 admoventur,
1746 1846 1812 1900 ut
1847 1843 1926 1900 ad

257 1931 488 1989 bonam
515 1932 702 1990 vitam
732 1933 823 1995 vel
852 1947 1048 2005 paenae
1074 1934 1315 1989 trahant
1341 1949 1497 2006 quos
1523 1932 1776 2005 prinmia
1802 1946 1925 1988 non

258 2026 499 2079 mutant
529 2038 543 2077 :
568 2022 640 2077 In
672 2037 823 2078 cano
853 2028 909 2079 et
932 2023 1128 2092 freno,
1158 2022 1370 2095 inquit,
1402 2023 1694 2079 maxillas
1724 2037 1926 2079 eorum

258 2110 603 2181 constringe
626 2109 817 2181 (Psal.
845 2126 1007 2178 xxxi,
1033 2113 1109 2181 9).
1144 2114 1223 2167 De
1252 2110 1430 2168 malis
1467 2126 1628 2174 vero,
1659 2112 1763 2184 qui
1803 2125 1923 2167 non

259 2196 682 2265 emendantur,
734 2197 851 2254 illic
907 2199 1175 2271 sequitur
1228 2217 1241 2254 :
1295 2199 1363 2255 Si
1415 2216 1537 2256 non
1595 2199 1925 2268 audierint,

261 2285 609 2344 transibunt
636 2301 747 2356 per
773 2287 1067 2357 gladium,
1098 2294 1152 2344 et
1178 2303 1298 2344 non
1326 2294 1755 2345 consumentur
1781 2288 1928 2344 stul-

260 2376 398 2431 titia
424 2374 555 2445 (Job
583 2391 783 2442 xxxvn,
821 2376 929 2446 12),
978 2375 1038 2431 id
1086 2381 1197 2443 est,
1248 2375 1610 2433 tribulantur
1651 2375 1921 2449 quidem,

259 2462 368 2519 sed
412 2462 557 2535 quia
597 2478 720 2519 non
751 2468 946 2519 mutat
996 2464 1260 2537 [Ethiops
1304 2464 1523 2537 pellem
1576 2480 1772 2535 suam,
1823 2464 1925 2521 ﬁet

260 2551 428 2625 quod
460 2552 734 2625 superius
760 2553 820 2607 in
853 2552 1070 2609 eodem
1110 2553 1220 2608 Job
1271 2553 1344 2609 de
1389 2554 1475 2609 eis
1512 2552 1746 2623 dicitur,
1798 2569 1923 2609 mo-

259 2643 517 2711 rientur,
547 2642 651 2698 sed
679 2658 800 2698 non
832 2644 894 2698 in
916 2643 1209 2713 sapientia
1268 2644 1401 2709 (Job
1440 2659 1518 2710 1v,
1555 2644 1664 2713 2t).
1723 2644 1925 2701 Gravis

258 2730 490 2803 quippe
519 2729 766 2787 stultitia
792 2730 851 2786 in
882 2730 967 2786 eis
992 2736 1099 2801 est,
1142 2746 1297 2803 quos
1327 2730 1609 2803 iniquitas
1654 2730 1739 2785 sic
1772 2729 1924 2786 obli-

261 2823 387 2889 gat,
417 2822 486 2876 ut
510 2835 614 2876 eos
657 2835 693 2876 a
735 2818 916 2891 culpa
971 2834 1080 2875 nec
1137 2834 1316 2891 pcena
1368 2824 1712 2891 compescat
1756 2836 1769 2874 :
1819 2818 1926 2891 qui

260 2908 410 2965 dum
439 2907 1097 3003 correptionis-ﬂagella
1127 2912 1539 2975 contemnunt,
1566 2923 1810 3003 necesse
1837 2911 1929 3003 est
1954 2948 1996 3003 ε

256 3000 327 3054 ut
355 3001 519 3056 tanto
541 2996 657 3054 illic
687 2997 932 3068 gravius
956 2996 1317 3069 judicentur,
1348 3002 1578 3069 quanto
1610 2997 1706 3053 hic
1735 2997 1924 3067 majo-

258 3087 343 3143 ris
370 3086 763 3161 providentite
792 3086 1047 3157 gratiam
1079 3087 1333 3144 calcant.

332 3179 487 3234 XLII.
517 3179 821 3234 Bonorum
851 3191 996 3234 sane
1024 3176 1118 3233 vel
1147 3177 1449 3234 malorum
1477 3176 1793 3235 diversitas
1825 3191 1922 3234 sa-

258 3281 377 3323 crae
408 3265 723 3339 Scriptura:
752 3265 951 3323 verbis
998 3270 1256 3329 notatur,
1308 3282 1449 3322 cum
1500 3266 1765 3339 utrisque
1811 3265 1924 3322 sub

258 3355 610 3413 nominibus
640 3360 906 3413 matrum
940 3372 1210 3421 suarum,
1258 3355 1578 3427 Babylonis
1630 3354 1921 3423 videlicet,

259 3449 322 3502 et
367 3444 737 3502 Hierusalem
794 3443 1029 3502 fatetur.
1089 3446 1167 3500 De
1210 3444 1337 3501 istis
1366 3459 1633 3517 namque
1663 3444 1921 3501 dicitur:

258 3534 529 3591 Erudire
558 3534 958 3601 Hierusalem,
990 3548 1064 3591 ne
1085 3534 1248 3604 forte
1275 3534 1515 3591 recedat
1542 3535 1749 3591 anima
1793 3547 1925 3592 mea

255 3637 301 3683 α
330 3629 388 3680 te
414 3622 555 3694 (Jer.
590 3638 666 3689 v1,
700 3622 773 3694 8).
800 3624 864 3678 Et
889 3625 1097 3679 contra
1126 3621 1202 3678 de
1226 3621 1340 3678 illis
1373 3639 1387 3678 :
1422 3622 1781 3680 Curavimus
1808 3622 1927 3680 Ba-

257 3711 560 3781 bylonem,
586 3718 640 3767 et
670 3725 793 3767 non
823 3716 906 3768 est
936 3716 1152 3768 sanata
1198 3712 1343 3779 (Jer.
1378 3727 1451 3773 ιι,
1494 3712 1570 3781 9).
1628 3712 1704 3766 De
1750 3707 1878 3765 istis
1908 3726 1921 3762 :

259 3800 584 3872 Castigabo
613 3806 669 3856 te
700 3802 762 3855 in
780 3800 1037 3869 judicio,
1090 3814 1166 3856 ne
1212 3799 1320 3854 tibi
1372 3799 1635 3856 videaris
1674 3798 1925 3854 innoxia

256 3889 407 3959 (Jer.
442 3904 593 3952 XLVI,
622 3892 733 3955 28).
765 3890 844 3944 De
874 3886 991 3943 illis
1023 3888 1256 3943 :Multo
1285 3888 1488 3943 labore
1508 3886 1790 3942 sudatum
1815 3890 1920 3950 est,

255 3984 314 4036 et
338 3993 459 4035 non
488 3979 673 4034 exivit
714 3978 925 4048 rubigo
955 3980 1084 4046 ejus
1111 3992 1186 4033 ea:
1224 3991 1291 4033 ea
1347 3976 1584 4043 (Ezech.
1628 3991 1780 4041 xxiv,
1813 3975 1918 4044 t2).

258 4070 341 4123 De
369 4065 496 4122 istis
529 4084 541 4121 :
572 4067 920 4137 Excoquam
952 4066 1034 4122 ad
1055 4081 1280 4135 parum
1299 4066 1555 4122 scoriam
1584 4071 1749 4120 tuam
1778 4064 1918 4134 (Isa.

256 4172 298 4222 ι,
328 4156 451 4225 25).
474 4157 551 4209 De
577 4155 688 4210 illis
724 4172 736 4209 :
786 4156 948 4210 Versi
973 4160 1115 4209 sunt
1141 4153 1290 4210 mihi
1328 4155 1389 4209 in
1436 4154 1711 4218 scoriam,
1758 4158 1815 4208 et
1856 4153 1918 4208 in

253 4246 571 4315 plumbum
599 4246 743 4315 (Jer.
777 4261 922 4311 xxu,
958 4246 1064 4313 18).
1116 4247 1194 4299 De
1246 4243 1374 4299 istis
1423 4261 1437 4299 :
1488 4243 1683 4313 Super
1723 4244 1917 4299 nivem

256 4333 710 4390 dealbabuntur
739 4335 929 4401 (Psal.
962 4350 1011 4397 L,
1044 4334 1118 4402 9).
1156 4334 1232 4388 De
1260 4331 1372 4388 illis
1426 4348 1439 4386 :
1486 4332 1624 4388 Non
1666 4328 1919 4385 mutabit

255 4422 555 4492 ﬁthiops
576 4423 797 4491 pellem
820 4437 992 4479 suam
1023 4422 1166 4490 (Jer.
1195 4437 1318 4485 xm,
1345 4422 1455 4490 23).
1490 4422 1569 4476 De
1597 4419 1726 4475 istis
1758 4435 1771 4473 :
1802 4419 1921 4474 Sar-

253 4512 425 4582 piam
459 4512 614 4568 viam
647 4517 813 4568 tuam
833 4511 1041 4580 spinis,
1082 4515 1138 4567 et
1163 4525 1283 4566 non
1314 4508 1725 4580 apprehendes
1749 4521 1917 4565 ama-

262 4605 419 4656 tores
448 4605 579 4655 tuos
607 4599 774 4669 (Osee
798 4615 861 4665 ιι,
896 4604 971 4665 6).
1004 4601 1083 4655 De
1128 4598 1242 4654 illis
1292 4616 1305 4654 :
1362 4598 1445 4655 Et
1471 4597 1670 4653 dimisi
1697 4611 1791 4652 eos
1834 4610 1917 4652 se-

259 4688 524 4745 cundum
556 4688 851 4745 desideria
880 4687 1077 4744 cordis
1105 4702 1309 4744 eorum
1360 4688 1548 4751 (Psal.
1580 4701 1749 4748 ιω,
1810 4686 1917 4756 13).

260 4779 344 4836 De
399 4776 527 4833 istis
584 4795 596 4833 :
662 4776 908 4833 Timebis
955 4792 1066 4846 me,
1124 4782 1180 4833 et
1238 4778 1491 4846 accipies
1537 4775 1919 4845 disciplinam

259 4867 453 4938 (Psal.
479 4882 538 4931 ιι,
578 4870 664 4933 11,
702 4869 808 4932 12).
854 4868 934 4921 De
962 4864 1076 4921 illis
1110 4882 1123 4920 :
1164 4866 1380 4922 Aversi
1428 4866 1566 4921 estis
1611 4864 1921 4921 aversione

259 4956 629 5013 contentiosa
660 4956 784 5025 (III
806 4956 949 5025 Reg.
983 4970 1060 5015 ix.
1094 4958 1172 5021 6).
1202 4957 1281 5010 De
1308 4954 1433 5010 istis
1455 4954 1558 5027 qui
1584 4954 1705 5011 veri
1734 4951 1920 5010 David

260 5044 365 5101 ﬁlii
385 5059 494 5117 per
517 5043 904 5117 adoptionem
929 5042 1070 5099 facti
1092 5047 1250 5110 sunt,
1281 5058 1392 5114 pro
1420 5056 1645 5111 magno
1672 5057 1920 5099 munere

257 5147 413 5189 voce
441 5132 628 5205 patris
652 5131 1019 5205 promittitur
1050 5149 1064 5188 :
1093 5130 1159 5186 Si
1185 5131 1613 5202 dereliquerint
1638 5131 1759 5200 ﬁlii
1792 5133 1921 5201 ejus

263 5220 454 5291 legem
481 5226 762 5289 meam,et
781 5221 844 5276 in
864 5219 1115 5289 judiciis
1145 5221 1289 5275 meis
1309 5234 1429 5275 non
1455 5217 1919 5289 ambulaverint,

262 5316 321 5365 et
336 5310 612 5379 justitias
638 5324 799 5366 meas
831 5308 1301 5379 profanaverint
1346 5313 1400 5363 et
1450 5306 1741 5364 mandata
1789 5322 1922 5365 mea

262 5413 389 5454 non
420 5397 832 5468 custodierint,
862 5397 1114 5455 visitabo
1142 5397 1205 5453 in
1244 5398 1418 5467 virga
1457 5396 1802 5467 iniquitates
1832 5411 1922 5453 eo-

265 5502 427 5544 rum.
459 5486 934 5544 Misericordiam
975 5491 1171 5543 autem
1216 5500 1409 5543 meam
1434 5500 1558 5542 non
1583 5484 1923 5557 dispergam

265 5577 349 5634 ab
375 5591 442 5633 eo
492 5575 682 5648 (Psal.
715 5590 994 5643 xxxxvur,
1050 5576 1260 5646 31-34).
1316 5576 1400 5633 De
1434 5573 1554 5632 illis
1581 5591 1596 5629 :
1623 5573 1762 5633 Non
1788 5574 1924 5633 visi-

2036 1665 2326 1738 piendum
2356 1663 2474 1721 sint
2502 1663 2882 1732 communia;
2934 1664 3039 1720 sed
3073 1663 3163 1720 his
3186 1662 3514 1721 tolerandis
3538 1680 3695 1738 prie-

2036 1753 2280 1827 cipuam
2308 1768 2546 1827 semper
2566 1753 2872 1825 justorum
2899 1752 3080 1808 fuisse
3107 1752 3407 1809 virtutem.
3453 1751 3694 1809 Dixera-

2036 1858 2172 1898 mus
2203 1841 2433 1915 aliquid
2461 1858 2574 1900 nos
2599 1842 2678 1900 ad
2709 1841 3067 1899 aﬂlictorum
3097 1839 3570 1898 consolationem
3600 1853 3694 1896 re-

2035 1931 2279 1989 laturos.
2329 1931 2446 1988 Sed
2486 1931 2635 1989 forte
2682 1931 2818 2004 quis
2870 1930 3026 1988 dicet
3070 1948 3082 1987 :
3130 1935 3191 1986 In
3217 1930 3312 1987 his
3340 1928 3536 1987 verbis
3553 1943 3693 2001 quin

2036 2019 2365 2077 consolatio
2420 2022 2511 2076 est
2542 2021 2570 2077 ?
2626 2019 2738 2077 Sed
2789 2021 2841 2077 si
2890 2035 3054 2077 more
3086 2023 3454 2091 sanctorum,
3483 2022 3542 2078 et
3568 2033 3693 2076 non

2036 2108 2371 2166 secundum
2422 2108 2720 2166 forensem
2776 2111 2833 2165 et
2869 2108 3148 2165 hebetem
3194 2106 3532 2165 carnalium
3561 2106 3693 2180 opi-

2036 2198 2280 2255 nionem
2337 2198 2633 2256 consolari
2679 2198 3028 2272 quaerimus,
3086 2197 3241 2255 mira
3277 2196 3547 2270 quidem,
3588 2195 3695 2253 sed

2039 2286 2229 2343 veraci
2257 2287 2586 2344 assertione
2612 2286 2890 2357 fatemur,
2948 2286 3095 2360 quia
3144 2300 3269 2343 non
3313 2284 3512 2342 solum
3566 2284 3696 2341 hmo

2034 2374 2240 2443 verba,
2274 2376 2498 2448 quibus
2524 2374 2841 2433 ostendere
2870 2375 3139 2446 nitimur,
3168 2378 3235 2432 ut
3261 2373 3455 2431 dulcis
3499 2378 3558 2430 et
3601 2387 3693 2431 re-

2036 2468 2166 2521 ctus
2192 2465 2502 2531 Dominus,
2534 2465 2992 2522 misericorditer
3020 2468 3079 2521 et
3106 2465 3264 2535 juste
3293 2478 3437 2519 suos
3465 2462 3693 2535 afﬂigit,

2035 2553 2143 2609 sed
2167 2553 2299 2627 ipsa
2322 2569 2567 2627 quoque
2595 2552 2896 2611 tribulatio
2911 2553 3128 2611 debeat
3153 2568 3265 2626 pro
3286 2552 3696 2613 consolatione

2033 2642 2262 2699 haberi.
2294 2646 2383 2698 An
2410 2657 2536 2699 non
2583 2647 2671 2699 est
2725 2642 3058 2700 consolatio
3106 2657 3304 2709 nosse,
3355 2640 3521 2714 quod
3575 2643 3695 2698 Deo

2034 2730 2389 2802 disponente
2415 2731 2655 2803 pateris,
2686 2730 2791 2802 qui
2820 2746 2933 2786 nos
2963 2746 3086 2786 non
3135 2729 3249 2785 nisi
3288 2731 3447 2799 juste
3478 2743 3694 2802 percu-

2034 2819 2142 2875 tit?
2194 2819 2286 2874 An
2333 2833 2457 2874 non
2500 2824 2557 2874 et
2593 2819 2727 2891 ipsa
2753 2818 3055 2875 tribulatio
3085 2817 3513 2873 consolabatur
3542 2819 3693 2874 Pau-

2033 2907 2183 2977 lum,
2216 2923 2354 2963 cum
2381 2905 2602 2962 diceret
2633 2926 2645 2962 :
2679 2908 2813 2963 Non
2844 2908 3035 2963 solum
3064 2912 3283 2973 autem,
3327 2906 3431 2962 sed
3468 2911 3524 2962 et
3565 2906 3694 2975 gloc

2034 2998 2269 3053 riamur
2298 2996 2359 3051 in
2394 2995 2930 3052 tribulationibus?
2977 2995 3164 3061 (Rom.
3200 3010 3257 3060 v,
3308 2997 3385 3061 3).
3441 2996 3509 3050 Et
3554 2993 3695 3050 item

2034 3086 2110 3142 de
2139 3100 2222 3148 se,
2256 3100 2395 3142 cum
2421 3099 2811 3156 nequaquam
2835 3099 2945 3156 pro
2975 3082 3077 3139 illa
3107 3098 3220 3139 sua
3261 3080 3549 3138 ineffabili
3594 3080 3694 3137 tri-

2033 3173 2339 3232 bulatione
2398 3172 2582 3230 nollet
2635 3171 2931 3229 exsultare
2980 3188 2993 3228 :
3042 3173 3164 3227 Pro
3194 3186 3286 3227 me
3313 3175 3512 3227 autem
3537 3170 3697 3227 nihil

2033 3264 2365 3336 gloriabor,
2393 3263 2514 3319 nisi
2530 3263 2592 3318 in
2618 3261 3071 3331 inﬁrmitatibus
3104 3260 3193 3331 (ΙΙ
3215 3259 3353 3317 Cor.
3386 3270 3488 3327 xu,
3520 3258 3597 3330 5).
3629 3259 3698 3314 Et

2034 3352 2144 3410 Job
2200 3352 2339 3409 hinc
2386 3350 2651 3424 apertius
2707 3367 2719 3405 :
2778 3350 2928 3408 Haec
2975 3349 3127 3406 mihi
3165 3350 3241 3405 sit
3293 3348 3697 3406 consolatione

2035 3443 2317 3513 affligens
2340 3455 2432 3497 me
2459 3440 2667 3497 dolore
2696 3430 2819 3496 non
2840 3443 3059 3509 parcat
3101 3438 3234 3509 (Job
3276 3453 3359 3501 Vl,
3415 3440 3524 3505 10).
3573 3438 3695 3494 llos

2034 3545 2299 3604 namque
2331 3527 2703 3586 medicinalis
2732 3532 2839 3596 est,
2875 3532 2939 3584 ut
2966 3542 3124 3600 saepe
3164 3525 3455 3583 fervorem
3499 3524 3692 3583 visce-

2034 3636 2169 3676 rum
2200 3620 2260 3676 in
2289 3618 2661 3693 pruriginem
2681 3616 2833 3674 cutis
2864 3616 3080 3687 trahat,
3101 3620 3158 3672 et
3176 3615 3533 3689 plerumque
3550 3613 3693 3671 inde

2035 3712 2204 3766 curat
2225 3708 2471 3764 interius
2501 3706 2662 3763 unde
2690 3705 2947 3763 exterius
2984 3703 3232 3761 sauciat.
3288 3708 3374 3761 Ita
3407 3716 3691 3760 nonnun-

2033 3813 2222 3870 quam
2250 3796 2469 3852 divinte
2516 3793 2999 3866 dispensationis.
3033 3792 3430 3848 medicamine
3472 3791 3687 3860 agitur,

2035 3889 2100 3941 ut
2123 3883 2511 3941 exterioribus
2539 3881 2849 3938 doloribus
2877 3881 3177 3935 internum
3209 3879 3426 3935 vulnus
3456 3878 3687 3935 adima-

2034 3979 2147 4042 tur,
2180 3978 2237 4028 et
2259 3971 2633 4041 ﬂagellorum
2664 3968 3030 4025 sectionibus
3056 3967 3376 4039 repellatur
3407 3982 3499 4032 ea,
3549 3981 3686 4038 quae

2032 4074 2329 4132 occupare
2362 4062 2622 4114 mentem
2650 4060 2901 4129 poterat,
2928 4054 3171 4110 interior
3208 4052 3460 4126 putredo
3507 4051 3685 4108 vicio-

2031 4165 2187 4205 rum.
2219 4152 2369 4206 Caro
2393 4147 2553 4205 enim
2582 4148 2788 4201 nostra
2830 4144 3186 4217 priusquam
3233 4140 3683 4198 resurrectionis

2030 4238 2475 4310 incorruptione
2503 4235 2812 4299 solidetur,
2845 4233 2896 4289 si
2922 4232 3087 4289 nullo
3116 4247 3373 4289 maerore
3407 4229 3681 4301 afﬁcitur,

2028 4328 2091 4383 in
2116 4324 2544 4385 tentationibus
2573 4324 2913 4381 etirenatur.
2946 4321 3073 4378 Sive
3102 4321 3279 4388 igitur
3321 4334 3432 4393 pro
3469 4334 3681 4393 pecca-

2028 4417 2101 4473 tis
2123 4417 2253 4488 jam
2280 4413 2527 4489 patratis
2552 4412 2632 4469 ad
2660 4412 2776 4468 hoc
2803 4411 2865 4467 in
2889 4410 3169 4484 prtesenti
3191 4410 3506 4485 plectimur
3520 4424 3596 4465 ne
3621 4406 3683 4465 in

2028 4506 2228 4564 futuro
2256 4503 2583 4578 puniamur
2610 4521 2623 4569 ;
2655 4501 2775 4559 sive
2801 4501 2883 4558 ad
2909 4502 3024 4558 hoc
3050 4500 3374 4570 afﬂigimur
3397 4514 3474 4555 ne
3497 4498 3560 4556 in
3589 4497 3682 4555 fu-

2027 4600 2231 4652 turum
2252 4592 2476 4650 scelera
2499 4588 2809 4665 suppliciis
2836 4590 3023 4660 digna
3050 4589 3114 4646 in
3141 4588 3440 4661 reliquum
3469 4602 3680 4659 perpe-

2028 4688 2274 4753 tremus,
2307 4683 2451 4739 satis
2474 4686 2564 4738 est
2589 4680 2751 4736 unde
2779 4680 2944 4752 ipsas
2965 4677 3374 4738 tribulationes
3411 4675 3679 4748 gauden-

2027 4778 2116 4831 ter
2161 4772 2617 4845 amplectamur,
2665 4768 2761 4826 vel
2803 4767 2994 4840 judici
3039 4771 3245 4824 nostro
3274 4770 3331 4822 et
3355 4764 3591 4823 medico
3619 4764 3681 4822 in

2028 4862 2312 4920 omnibus
2362 4859 2585 4932 gratias
2638 4873 2912 4930 agamus.
2967 4859 3096 4914 Non
3138 4855 3300 4914 enim
3348 4854 3521 4929 parvi
3548 4871 3680 4913 mo-

2026 4950 2212 5008 menti
2240 4948 2521 5023 estquod
2545 4946 2864 5022 Apostolus
2887 4961 3011 5003 non
3035 4946 3232 5004 solum
3261 4961 3373 5003 nos
3409 4945 3472 5003 in
3500 4945 3684 5003 tribu-

2025 5040 2247 5097 latione
2275 5038 2539 5110 gaudere
2558 5037 2748 5109 jubet,
2782 5036 2887 5093 sed
2920 5052 3102 5093 omne
3144 5035 3434 5106 gaudium
3475 5033 3679 5090 existi-

2026 5145 2214 5197 mare,
2259 5144 2397 5185 cum
2450 5128 2513 5185 in
2564 5126 2973 5185 tribulationes
3024 5126 3225 5183 varias
3269 5124 3677 5183 inciderimus.

2028 5219 2170 5284 Quis
2201 5222 2402 5277 autem
2432 5218 2639 5289 nescit,
2678 5216 2845 5291 quod
2902 5215 3092 5272 multo
3136 5214 3211 5271 sit
3250 5212 3465 5269 melius
3510 5210 3678 5267 duris

2029 5307 2268 5365 servitio
2322 5305 2670 5363 hominibus
2721 5305 2958 5377 subjici,
2997 5318 3185 5377 quam
3231 5297 3678 5357 blandientibus

2026 5397 2375 5454 daemonum
2404 5395 2707 5470 spiritibus
2729 5394 2909 5465 objici
2927 5393 2957 5449 ‘l
3010 5394 3069 5447 et
3115 5394 3320 5447 tamen
3364 5403 3505 5446 eum
3553 5386 3676 5446 alto

2025 5487 2127 5544 Dei
2149 5486 2377 5559 judicio
2399 5486 2549 5559 jugo
2575 5486 2857 5543 humans:
2887 5478 3245 5538 conditionis
3265 5478 3592 5550 atterimur,
3609 5478 3675 5537 in

2027 5575 2338 5650 querelam
2356 5573 2702 5648 prosilimus
2729 5569 3015 5630 nimirum
3031 5568 3178 5643 quia
3196 5567 3400 5628 minus
3424 5565 3676 5628 attendi-
