4092 6158
517 129 620 184 627

1603 118 1659 173 s.
1703 113 1966 172 ODONIS
2005 108 2294 167 seems
2335 112 2834 172 cwmscsnsns
2875 117 2916 170 ιι
3769 129 3848 182 ηε

517 267 676 308 mus.
703 247 873 315 Quod
905 245 953 300 si
982 260 1095 300 nos
1127 243 1292 302 nulla
1323 243 1586 299 conditio
1637 238 1932 298 servitutis
1981 235 2178 308 oppri-
2209 234 2259 288 Α
2291 236 2610 294 Sciendum
2637 243 2858 306 tamen,
2891 240 3036 313 quia
3065 241 3214 297 sicut
3241 241 3447 298 beatus
3461 241 3854 318 Hieronymusin

517 345 719 400 meret,
755 337 1009 392 fortasse
1053 349 1224 390 mens
1279 337 1485 388 nostra
1523 332 1726 387 multis
1767 326 2176 401 iniquitatibus

516 431 688 502 pejus
717 427 904 482 libera
935 423 1312 480 desserviret.
1367 423 1504 477 Haec
1555 421 1732 490 igitur
1777 435 1912 492 qum
1967 417 2174 472 tolera-

515 535 676 584 mus,
707 517 844 572 ideo
875 513 1082 584 gravia
1107 512 1430 578 credimus,
1480 511 1624 584 quia
1671 508 2048 566 considerare
2076 521 2175 561 ne-

519 607 798 678 gligimus
830 621 866 660 a
895 607 1122 676 quanto
1151 603 1320 658 hoste
1365 617 1472 674 per
1497 600 1800 670 flagellum
1831 598 2174 652 liberamur.

519 695 662 752 Hinc
695 697 848 749 Deus
877 691 956 746 ad
985 691 1234 747 beatum
1261 690 1370 746 Job
1396 705 1408 744 :
1437 691 1748 750 Memento,
1781 686 1991 758 inquit,
2017 685 2174 750 belli,

517 785 688 840 ultra
711 783 902 840 addas
940 781 1102 851 loqui
1131 779 1259 850 (Job
1287 796 1382 849 XL,
1407 781 1515 846 27).
1549 780 1632 834 Ac
1658 777 1707 832 si
1735 778 1897 832 hunc
1926 774 2010 830 rei
2036 789 2178 830 con-

521 871 881 928 sideratione
915 872 1177 932 moneat,
1195 872 1250 922 et
1280 883 1314 922 a
1343 867 1817 922 murmuratione
1840 865 2181 936 compescat

519 960 726 1014 dicens
760 977 772 1013 :
811 958 868 1014 Si
895 956 1160 1026 gladium
1192 950 1514 1010 adversarii
1545 953 1908 1020 consideras,
1943 955 2107 1007 tanto
2130 955 2182 1006 te

523 1048 600 1105 ad
631 1047 1010 1119 disciplinam
1058 1045 1263 1118 patris,
1297 1045 1400 1116 qui
1431 1048 1486 1100 te
1523 1043 1780 1099 externis
1823 1040 2181 1097 cruciatibus

523 1137 604 1194 ab
629 1137 860 1192 interna
887 1134 1164 1206 passione
1193 1133 1423 1202 liberat,
1450 1132 1665 1188 exhibe
1691 1132 1958 1201 tacitum,
1994 1145 2181 1202 quen-

523 1232 584 1283 to
613 1231 668 1283 te
706 1226 784 1282 ad
827 1225 1100 1295 ejusdem
1147 1223 1336 1280 hostis
1388 1223 1548 1278 bella
1601 1221 1979 1298 prospexeris
2017 1219 2180 1275 inﬁr-

523 1331 714 1372 mum.
775 1314 910 1370 Alta
960 1313 1186 1386 quippe
1243 1312 1614 1386 dispensatio
1667 1311 2034 1382 judiciorum
2081 1308 2184 1363 Dei

523 1406 678 1464 mira
699 1404 968 1476 potentia
996 1402 1302 1475 praevidet,
1335 1403 1622 1474 quoniam
1655 1401 1700 1456 si
1729 1400 1912 1473 quieti
1937 1415 2006 1454 ac
2035 1398 2180 1454 libe-

519 1494 570 1550 ri
601 1492 811 1550 famuli
851 1493 982 1564 ejus
1011 1491 1414 1563 persisterent,
1459 1491 1814 1546 tentationes
1862 1487 2183 1544 adversarii

2288 324 2444 382 libro
2471 327 2548 384 de
2579 329 2830 384 Psalmis
2859 330 3126 404 disputat
3179 348 3192 386 :
3251 331 3307 387 Si
3361 345 3538 388 unum
3585 351 3766 408 corpus
3793 345 3856 396 est

2291 415 2552 472 Christus
2579 421 2636 473 et
2665 418 2944 487 Ecclesia,
2977 423 3036 476 et
3064 418 3112 476 si
3143 421 3260 476 sint
3287 421 3408 475 duo
3456 421 3516 476 in
3559 439 3712 479 carne
3747 443 3854 494 una,

2289 519 2534 562 necesse
2563 511 2654 562 est
2683 513 2750 563 ut
2771 509 2956 564 modo
2999 509 3218 582 pariter
3267 509 3328 564 in
3380 510 3638 581 passione
3671 529 3786 580 una,
3819 523 3858 572 et

2289 609 2426 649 cum
2457 596 2811 660 transierint,
2840 598 2958 653 sint
2985 599 3044 653 in
3073 599 3274 672 requie
3304 615 3440 656 una.
3469 603 3602 656 Nam
3622 601 3666 655 si
3689 605 3860 673 passio-

2289 699 2396 738 nes
2423 684 2483 740 in
2515 686 2644 742 solo
2675 688 2889 760 capite,
2921 689 3090 761 quod
3122 693 3208 745 est
3237 689 3513 756 Christus,
3535 707 3703 762 quare
3723 709 3862 749 mem-

2290 773 2466 830 brum
2495 775 2626 846 ejus
2659 777 2875 832 Paulus
2905 777 3048 834 dicit
3099 796 3112 834 :
3165 780 3425 849 Supplec
3461 795 3524 836 ea
3569 797 3682 851 qua:
3702 781 3862 839 desunt

2285 865 2632 932 passionum
2663 866 2896 922 Christi
2921 869 2985 922 in
3012 883 3194 924 carne
3213 884 3342 925 mea
3397 870 3484 940 (II
3521 871 3642 925 Cor.
3677 887 3738 938 ιι,
3781 873 3860 942 12).

2291 951 2587 1008 Universae
2618 954 2776 1010 enim
2798 956 3110 1026 passiones
3131 956 3366 1026 Christi,
3397 958 3496 1028 qui
3524 972 3718 1029 passus
3733 963 3804 1014 est
3819 960 3864 1014 in

2290 1040 2501 1112 capite,
2534 1041 2596 1096 id
2627 1047 2716 1097 est
2745 1043 2804 1098 in
2834 1059 2916 1112 se,
2949 1047 3006 1099 et
3033 1044 3256 1117 patitur
3303 1045 3364 1100 in
3409 1045 3693 1116 membris,
3733 1045 3780 1101 id
3802 1055 3864 1103 est

2288 1129 2350 1184 in
2375 1130 2572 1196 nobis,
2607 1131 2685 1187 ab
2717 1148 3088 1206 unoquoque
3114 1138 3386 1190 nostrum
3415 1133 3656 1189 ferendae
3681 1139 3806 1200 sunt,
3825 1141 3864 1190 et

2287 1219 2402 1274 hoc
2433 1220 2598 1291 quod
2629 1221 2893 1291 patimur
2922 1223 3096 1294 quasi
3128 1223 3206 1280 ad
3237 1239 3612 1278 communem
3644 1223 3863 1295 reipubli-

2290 1322 2373 1362 cae
2401 1305 2766 1364 iunctionem
2793 1323 2902 1381 pro
2931 1310 3323 1382 possibilitate
3353 1311 3560 1366 virium
3595 1315 3864 1366 nostrarum

2289 1395 2464 1467 quasi
2489 1412 2782 1454 canonem
2831 1399 3189 1471 passionum
3235 1399 3548 1456 inﬁcrentes
3571 1399 3864 1456 exsolvimus

2289 1485 2456 1556 quod
2481 1485 2794 1544 debemus.
2829 1488 3110 1561 Alioquin
3141 1489 3190 1544 si
3217 1495 3379 1545 extra
3407 1489 3750 1562 disciplinam
3775 1488 3863 1544 fue-

519 1583 672 1640 ferre
717 1597 838 1637 non
893 1580 1182 1648 valentes,
1243 1580 1460 1636 mentis
1509 1579 1856 1634 vulneribus
1905 1577 2184 1650 prostrati
2213 1590 2258 1643 Β
2289 1574 2499 1641 rimus,
2529 1576 2722 1646 cujus,
2755 1581 2820 1632 ut
2849 1577 2931 1634 ait
2956 1578 3298 1650 Apostolus,
3328 1577 3502 1652 partir
3515 1579 3634 1650 ipes
3659 1578 3864 1632 erimus?

521 1672 801 1742 iacerent.
865 1667 952 1724 0b
998 1667 1062 1722 id
1113 1667 1291 1738 igitur
1336 1667 1468 1724 licet
1511 1668 1663 1723 bene
1705 1670 1998 1722 merentes
2026 1681 2183 1738 saepe

521 1759 614 1814 vel
643 1757 820 1813 minis
847 1757 1096 1829 impetit,
1129 1755 1224 1810 vel
1251 1755 1504 1825 ﬂagellis
1537 1756 1771 1830 premit,
1805 1755 1894 1811 vel
1937 1754 2184 1827 quibus-

522 1847 668 1902 dam
695 1845 989 1918 impositis
1019 1845 1301 1900 oneribus
1333 1860 1571 1916 gravas,
1619 1845 1714 1900 vel
1737 1843 2052 1900 laboriosis
2081 1859 2182 1899 oc-

523 1935 946 2008 cupationibus
973 1933 1255 2006 implicat.

593 2027 773 2080 XLIII.
807 2023 910 2078 His
941 2023 1142 2096 itaque
1169 2022 1364 2078 verbis
1393 2023 1453 2078 id
1485 2038 1732 2078 suasum
1764 2021 1836 2076 sit
1863 2021 2028 2094 quod
2061 2037 2183 2077 mo-

521 2113 722 2169 lestias
751 2112 1054 2184 quaslibet
1077 2111 1300 2166 idcirco
1329 2111 1532 2167 divina
1561 2111 2006 2182 dispensatione
2035 2109 2182 2181 pati-

521 2215 679 2268 mur,
711 2204 1010 2272 quatenus
1041 2203 1146 2254 aut
1171 2200 1470 2271 praeterita
1493 2203 1740 2271 peccata
1769 2199 1831 2253 in
1862 2198 2038 2253 nobis
2067 2213 2180 2269 pu-

519 2287 782 2359 niantur,
809 2293 914 2344 aut
941 2287 1141 2344 futura
1169 2287 1618 2360 prohibeantur.
1663 2287 1757 2342 His
1787 2291 1988 2343 autem
2027 2287 2180 2342 duo—

519 2377 636 2434 bus
667 2377 1076 2446 consideratis,
1093 2392 1216 2432 non
1247 2377 1775 2439 murmuravimus,
1790 2375 2180 2444 intelligentes

517 2465 688 2539 quod
715 2465 1014 2535 benignus
1033 2465 1223 2522 Iudex
1253 2465 1332 2522 ab
1357 2469 1579 2522 aeterna
1607 2481 1810 2538 poena,
1838 2481 2026 2536 quam
2051 2480 2177 2518 me-

517 2555 824 2622 rebamur,
851 2569 968 2610 nos
1005 2569 1114 2627 per
1161 2559 1650 2610 momentaneam
1692 2568 1981 2609 excusare
2020 2552 2176 2620 velit,

517 2659 630 2700 nec
658 2643 780 2700 ullo
805 2643 990 2698 modo
1035 2659 1144 2698 vos
1185 2641 1496 2698 derelictos
1545 2642 1912 2714 putabimus,
1953 2640 2178 2713 quippe

519 2747 659 2788 cum
689 2748 762 2788 ex
790 2732 922 2805 ipsa
949 2730 1168 2802 ﬂagelli
1187 2731 1555 2803 experientia
1593 2731 1691 2786 Dei
1739 2729 2178 2802 providentiam

515 2822 599 2878 ita
625 2821 804 2878 nobis
835 2820 1104 2894 impendi
1133 2821 1693 2890 cognoverimus,ut
1713 2835 1818 2892 per
1837 2819 1952 2874 hoc
1977 2821 2177 2891 ipsum

517 2927 657 2985 spes
685 2911 878 2966 inesse
909 2911 1115 2983 possit,
1147 2909 1314 2982 quod
1363 2909 1572 2981 diligat
1613 2909 1835 2982 quibus
1865 2924 2074 2964 curam
2101 2924 2176 2963 ne

513 3005 765 3076 peccent
788 2999 1072 3057 adhibere
1101 2999 1402 3070 dignatur,
1420 3000 1595 3071 juxta
1623 2999 1769 3056 illud
1813 3015 1826 3055 :
1875 3000 2004 3070 Ego
2033 3014 2177 3070 quos

516 3105 674 3164 amo,
718 3105 910 3162 arguo
937 3095 992 3147 et
1021 3089 1244 3160 castigo
1302 3089 1509 3160 (Apoc.
1565 3103 1645 3152 Ill,
1705 3088 1824 3160 £9);
1880 3087 2177 3160 siquidem

515 3196 728 3238 omnes
757 3179 906 3235 dum
935 3179 1302 3252 quibuslibet
1327 3178 1544 3234 mentis
1585 3182 1642 3234 et
1683 3177 1952 3250 corporis
1990 3176 2177 3232 mole-

515 3269 642 3326 stiis
689 3266 1018 3334 aﬂicimur,
1087 3267 1441 3324 earumdem
1497 3266 1906 3323 molestiarum
1959 3281 2175 3322 causas

513 3373 694 3416 nosse
719 3361 1024 3430 optamus,
1055 3359 1354 3430 quatenus
1381 3357 1442 3411 in
1474 3371 1546 3410 eo
1567 3354 1734 3427 quod
1763 3354 2059 3420 dolemus,
2105 3369 2176 3410 ex

513 3447 648 3520 ipsa
675 3459 876 3502 rerum
908 3443 1307 3500 accidentium
1333 3443 1542 3499 notitia
1563 3441 1876 3515 quoddam
1909 3441 2178 3498 consola-

514 3537 691 3592 tionis
720 3549 909 3604 genus
947 3533 1308 3590 habeamus.
1343 3531 1458 3590 Sed
1487 3545 1612 3587 non
1649 3535 1739 3587 est
1784 3545 2026 3586 necesse
2049 3530 2176 3601 jam

513 3627 581 3681 ut
607 3622 875 3694 singulis,
923 3621 984 3676 in
1034 3635 1106 3677 eo
1153 3619 1320 3692 quod
1358 3619 1615 3692 quisque
1640 3617 1868 3685 tolerat,
1907 3621 2058 3673 Deus
2083 3633 2175 3674 re-

517 3713 831 3786 spondeat,
893 3711 1038 3784 quia
1081 3725 1317 3766 sacram
1361 3708 1728 3780 Scripturam
1773 3707 2062 3773 condidit,
2113 3708 2176 3763 in

515 3817 640 3874 qua
667 3799 1110 3873 unusquisque,
1139 3798 1188 3854 si
1216 3797 1500 3871 requirat,
1535 3812 1784 3854 causam
1812 3813 1988 3852 suam
2013 3797 2176 3853 inve—

513 3891 655 3948 niet.
687 3893 757 3947 Ut
779 3889 940 3946 enim
967 3903 1158 3944 unum
1189 3903 1220 3944 e
1247 3887 1524 3960 pluribus
1547 3886 1944 3960 proferamus,
1961 3886 2176 3942 Paulus

515 3980 856 4040 inﬁrmitate
909 3978 1104 4035 carnis
1153 3981 1408 4034 tentatus
1457 3975 1685 4033 audivit
1739 3993 1752 4031 :
1799 3977 2039 4046 Sufﬁcit
2071 3975 2179 4032 tibi

517 4072 720 4141 gratia
767 4083 920 4137 mea,
969 4083 1108 4124 nam
1159 4067 1354 4124 virtus
1397 4067 1464 4121 in
1487 4066 1839 4134 inﬁrmitate
1859 4066 2178 4134 perﬁcitur

517 4160 612 4230 (II
633 4157 770 4214 Cor.
800 4171 901 4223 x11,
930 4157 1003 4226 9).
1032 4159 1094 4210 In
1123 4155 1426 4228 Scriptura
1455 4169 1596 4225 ergo
1630 4169 1801 4208 sacra
1827 4153 2048 4208 idcirco
2087 4152 2176 4208 af-

517 4245 741 4316 ﬂigitur
767 4244 984 4346 Paulus
1005 4242 1334 4346 sigillatim,‘
1351 4257 1427 4346 ne
1457 4241 1674 4310 singuli
1695 4240 2179 4346 nqstrorum,qui
2207 4293 2251 4346 Β

517 4349 644 4391 non
668 4331 920 4389 audiunt
943 4332 1101 4387 hanc
1131 4330 1628 4400 consolationem,
1658 4328 1866 4385 audire
1889 4345 2026 4385 eam
2059 4328 2178 4401 pri-

517 4422 706 4480 vatim
733 4435 1160 4494 quaareremus.
1189 4419 1335 4474 Hinc
1363 4417 1426 4474 in
1452 4417 1564 4474 Job
1608 4435 1622 4474 :
1677 4418 1873 4474 Semel
1913 4419 2180 4490 loquitur

522 4516 580 4569 et
634 4509 894 4568 secundo
940 4509 1198 4578 idipsum
1245 4523 1368 4564 non
1409 4507 1626 4576 repetit
1665 4505 1796 4576 (Job
1821 4522 2028 4574 xxxm,
2059 4505 2178 4578 I4);

521 4611 634 4656 nec
662 4598 742 4656 ad
768 4597 976 4655 omnia
1003 4595 1409 4670 respondebit.
1456 4594 1639 4660 Quasi
1680 4593 1902 4651 diceret
1957 4611 1974 4650 :
2029 4597 2182 4650 Deus

521 4687 900 4758 singulorum
925 4685 1210 4744 cordibus
1229 4684 1509 4759 privatim
1531 4699 1654 4740 non
1679 4683 2022 4755 respondet,
2041 4699 2182 4740 cum

523 4777 774 4834 fortasse
829 4791 1046 4834 causas
1085 4775 1377 4846 angustias
1423 4787 1551 4829 suae
1587 4771 1808 4842 singuli
1837 4772 1986 4828 scire
2014 4787 2181 4845 quaa-

523 4869 683 4934 runt,
709 4864 818 4921 sed
843 4865 960 4922 tale
981 4863 1288 4938 eloquium
1317 4861 1629 4931 construit,
1677 4875 1788 4934 per
1835 4860 2002 4934 quod
2035 4877 2182 4917 cun-

521 4957 758 5010 ctorum
785 4953 1216 5025 questionibus
1243 4949 1589 5008 satisfaciat.
1647 4953 1774 5006 Non
1819 4950 2022 5022 itaque
2053 4950 2184 5021 jam

525 5042 744 5100 nostris
769 5041 1230 5112 cogitationibus
1261 5043 1366 5097 aut
1403 5039 1828 5096 afﬂictionibus
1867 5055 1976 5112 per
2003 5053 2184 5095 voces

507 5131 980 5205 .prophetarum,
1011 5133 1118 5186 aut
1139 5145 1248 5203 per
1271 5127 1626 5200 angelorum
1656 5125 1856 5184 ofﬁcia
1887 5129 2044 5183 Deus
2090 5141 2182 5182 re-

521 5218 774 5294 pendet,
795 5218 1086 5292 quoniam
1123 5217 1216 5274 vis
1245 5217 1561 5290 Scriptura
1589 5215 1894 5289 quidquid
1935 5213 2186 5284 singulis

525 5311 722 5380 potest
745 5307 1004 5376 evenire,
1025 5305 1498 5380 comprehendit.
1544 5308 1674 5362 Non
1717 5303 1880 5361 enim
1906 5302 2048 5360 dicit
2071 5302 2184 5372 ﬁg-

527 5399 800 5452 mentum
829 5395 1016 5467 tigulo
1047 5411 1060 5451 :
1089 5395 1204 5451 Cur
1229 5409 1330 5451 me
1349 5392 1537 5450 fecisti
1565 5392 1652 5449 sic
1671 5395 1700 5448 Ἰ
1741 5391 1856 5449 Sed
1901 5395 1992 5446 est
2017 5391 2184 5462 quod

529 5481 696 5538 dicat
719 5499 924 5539 servus
941 5489 1002 5542 et
1027 5488 1320 5555 creatura,
1349 5481 1520 5556 quod
1563 5481 1711 5538 dixit
1737 5479 1896 5536 tilias
1923 5482 1984 5538 et
2011 5482 2185 5536 Crea-

531 5571 626 5652 ιον
655 5587 672 5630 ς
695 5571 833 5631 Non
855 5587 988 5632 mea
1009 5575 1310 5643 voluntas,
1325 5571 1433 5631 sed
1461 5575 1566 5630 tua
1591 5569 1703 5638 fiat
1731 5569 1898 5642 (Luc.
1917 5568 2182 5642 maca).

2289 1663 2550 1720 Adulteri
2581 1679 2742 1734 ergo,
2775 1671 2833 1722 et
2861 1683 2982 1722 non
3011 1667 3114 1722 ﬁlii
3159 1685 3172 1722 :
3225 1672 3283 1723 et
3333 1668 3378 1722 si
3417 1667 3708 1740 disciplina
3747 1681 3864 1722 care-

2289 1769 2447 1824 mus,
2480 1769 2854 1826 consequens
2885 1761 2972 1812 est
3011 1759 3076 1812 ut
3119 1757 3462 1813 haereditate
3507 1771 3794 1812 careamus.
3825 1759 3868 1814 In

2289 1841 2736 1915 nobismetipsis
2829 1861 3096 1917 namque
3185 1845 3478 1902 debemus
3551 1845 3866 1900 traniormarc

2287 1932 2452 2003 quod
2483 1932 2758 2001 legimus,
2793 1939 2858 1990 ut
2883 1951 3020 1990 cum
3051 1951 3160 2008 per
3187 1936 3462 1992 auditum
3493 1951 3554 1990 se
3581 1935 3782 1990 animus
3799 1949 3866 1988 ex-

2288 2021 2445 2086 citat,
2482 2021 2557 2078 ad
2579 2023 2957 2094 operantium
2983 2025 3150 2096 quod
3179 2025 3436 2081 audierit
3460 2024 3576 2080 vita
3603 2025 3864 2079 concurrat.

2359 2111 2532 2165 XLIV.
2568 2111 2850 2176 Quamvis
2879 2113 3082 2186 itaque
3109 2114 3454 2170 nesciamus
3477 2129 3582 2186 pro
3605 2127 3712 2184 qua
3739 2110 3866 2182 culpa

2287 2197 2590 2267 feriamur,
2621 2204 2678 2254 et
2701 2202 2981 2272 quamvis
3011 2203 3094 2256 nil
3125 2202 3272 2258 mali
3303 2201 3350 2258 si
3383 2203 3506 2258 fieri
3532 2205 3718 2274 posset
3738 2199 3864 2254 nobis

2287 2287 2508 2344 conscii
2553 2288 2868 2361 fuerimus,
2917 2295 3122 2346 tamen
3195 2293 3624 2364 correptionem
3665 2293 3863 2345 nostram

2285 2392 2396 2432 nec
2425 2377 2710 2448 injustam
2740 2395 2850 2434 nec
2883 2381 3254 2453 superﬂuam
3284 2382 3520 2438 credere
3545 2381 3627 2436 fas
3663 2385 3753 2450 est,
3791 2393 3864 2432 nec

2287 2465 2916 2523 omninotristandum
2947 2468 3091 2541 quia
3135 2469 3210 2526 de
3253 2469 3433 2526 beato
3483 2469 3676 2540 legitur
3719 2465 3866 2534 Tobia,

2286 2553 2452 2624 quod
2501 2569 2624 2609 non
2677 2555 2748 2610 sit
2796 2556 3179 2613 contristatus
3225 2573 3340 2630 pro
3397 2557 3668 2614 cmcicatis
3719 2555 3866 2628 plaga,

2285 2641 2464 2698 etiam
2498 2659 2636 2698 cum
2668 2643 2746 2698 ab
2777 2643 3032 2702 infantia
3081 2647 3270 2704 Deum
3327 2647 3599 2703 timuerit.
3653 2647 3782 2712 Ergo
3821 2641 3872 2695 sit

2285 2729 2500 2803 aliquis
2532 2731 2612 2787 ita
2637 2733 2854 2802 justus,
2873 2738 2936 2790 ut
2955 2750 3064 2806 pro
3081 2736 3317 2792 caeteris
3347 2735 3534 2808 culpis
3557 2745 3870 2807 nequaquam

2285 2820 2552 2890 indigeat
2573 2820 2879 2890 ﬂagellari.
2915 2823 3030 2880 Sed
3059 2825 3198 2880 huic
3234 2841 3486 2898 quoque
3508 2824 3644 2880 illud
3669 2820 3870 2878 conside-

2285 2909 2543 2965 randum
2565 2915 2676 2978 est,
2709 2911 2874 2982 quod
2901 2911 3032 2984 ipso
3063 2913 3356 2970 humanm
3379 2915 3510 2971 vita
3537 2929 3644 2974 usu
3668 2908 3869 2984 quotidie

2283 3001 2730 3067 veterascimus,
2783 3005 2839 3058 et
2885 3001 3188 3058 exterioris
3245 3003 3513 3060 hominis
3557 3000 3780 3074 impulsu
3815 2997 3868 3053 ab

2285 3087 2666 3142 interioribus
2713 3105 2821 3160 per
2871 3089 3168 3146 lubricam
3223 3093 3640 3164 cogitationem
3677 3089 3868 3150 eximus.

2285 3179 2436 3232 Nam
2464 3176 2616 3234 sicut
2643 3193 2718 3233 ex
2745 3177 2932 3234 nihilo
2961 3179 3186 3236 conditi
3215 3195 3454 3249 sumus,
3481 3195 3584 3254 per
3605 3195 3706 3236 nos
3735 3178 3868 3249 ipsos,

2283 3265 2398 3320 nisi
2451 3281 2640 3321 manu
2693 3267 2934 3324 artiﬁcis
2991 3269 3176 3325 nostri
3225 3274 3558 3336 teneamur,
3599 3261 3870 3340 semperad

2283 3353 2540 3410 nihilum
2592 3355 2910 3413 tendimus.
2967 3361 3146 3414 Tenet
3189 3365 3400 3416 autem
3433 3375 3540 3417 nos
3566 3359 3658 3415 illa
3681 3353 3870 3413 creatrix

2285 3459 2527 3506 manus,
2561 3459 2700 3500 cum
2727 3445 2820 3500 vel
2863 3446 2940 3501 ad
2981 3462 3252 3503 amorem
3293 3447 3732 3523 compungendo
3761 3441 3868 3498 vivi-

2283 3531 2442 3594 ﬁcat.
2472 3533 2564 3588 vel
2589 3534 2664 3589 ad
2697 3533 2972 3591 timorem
2996 3535 3368 3607 ﬂagellando
3410 3541 3698 3596 restaurat.
3745 3529 3868 3598 0110d

2281 3621 2396 3678 nisi
2423 3621 2626 3678 fecerit
2653 3624 2963 3696 repentino
2991 3625 3188 3697 lapsu,
3245 3615 3424 3686 mens
3465 3631 3584 3685 tota
3627 3619 3870 3682 veterascit

2281 3711 2462 3767 etiam
2491 3727 2628 3784 quae
2658 3710 2842 3782 longo
2871 3713 3100 3770 virtutis
3123 3731 3238 3771 usu
3277 3717 3562 3774 innovate
3605 3713 3868 3772 videbatur.

2283 3803 2492 3856 Nonne
2513 3800 2798 3873 scriptum
2829 3805 2914 3857 est
2946 3819 2958 3857 :
3003 3803 3270 3860 Visitatio
3301 3813 3408 3863 tua
3435 3804 3726 3862 custodiuit
3743 3797 3870 3869 spiu-

2283 3889 2408 3942 tum
2437 3903 2628 3944 meum
2659 3893 2688 3944 ?
2733 3889 2861 3960 (Job
2885 3907 2943 3956 x,
2999 3893 3106 3962 t2).
3159 3879 3445 3958 Visitatic,
3495 3893 3672 3966 inquit
3707 3885 3868 3944 :citius

2283 3973 2444 4030 enim
2475 3975 2716 4048 spiritus
2735 3975 2951 4034 virtute
2971 3979 3252 4048 nudatur,
3277 3981 3400 4040 nisi
3427 3987 3528 4039 aut
3555 3996 3652 4054 per
3667 3973 3866 4046 ﬂagella.

2285 4067 2390 4120 aut
2408 4079 2514 4136 per
2536 4067 3018 4138 compunctionis
3038 4069 3444 4128 visitationem
3465 4072 3541 4127 ab
3561 4070 3726 4144 ipsius
3737 4065 3869 4120 virtu-

2283 4151 2357 4207 tis
2411 4151 2687 4224 largitore
2745 4153 3130 4212 custodiatur.
3181 4161 3298 4214 Nec
3347 4161 3564 4216 mirum
3607 4158 3652 4213 si
3685 4151 3868 4228 spiritus

2285 4241 2706 4312 amaritudine,
2750 4259 2887 4315 quas
2925 4245 3093 4300 carni
3121 4249 3426 4306 contraria
3447 4253 3532 4304 est
3553 4243 3868 4304 custodiatur.

2285 4328 2532 4400 quando
2553 4329 2800 4401 quidem
2823 4330 2938 4388 sibi
2957 4332 3214 4390 invicem
3235 4335 3640 4392 adversantur.
3671 4334 3729 4387 Ut
3751 4324 3868 4383 enim

2283 4415 2385 4472 illa
2405 4415 2570 4472 molli
2590 4417 2982 4477 delectatione
3003 4421 3287 4493 pascitur,
3307 4424 3392 4480 sic
3417 4424 3522 4480 iste
3543 4411 3870 4480 amaritudine

2285 4509 2596 4574 vegetatur
2639 4524 2653 4562 :
2695 4509 2754 4564 et
2779 4507 2933 4566 sicut
2959 4508 3126 4566 illam
3149 4509 3306 4570 dura
3335 4513 3620 4576 sauciant,
3645 4509 3718 4564 sic
3735 4506 3870 4562 istum

2285 4591 2492 4649 mollia
2521 4597 2756 4650 necant.
2789 4597 2856 4652 Et
2885 4595 3025 4654 inde
3055 4598 3117 4653 in
3141 4605 3504 4672 perpetuum
3531 4597 3748 4671 spiritus
3765 4590 3872 4645 inte-

2284 4679 2380 4750 rit,
2397 4681 2554 4736 unde
2569 4682 2831 4740 suaviter
2852 4683 2932 4740 ad
2951 4688 3192 4758 tempus
3211 4701 3356 4744 caro
3377 4681 3872 4755 vivit.Cujuscllﬂm

2287 4783 2482 4827 nexus
2508 4771 2952 4842 prasponderat,
2999 4773 3085 4830 sic
3121 4773 3220 4831 hic
3247 4775 3328 4832 ab
3357 4777 3594 4832 auctore
3613 4761 3872 4838 dipr

2285 4857 2644 4916 destituitur.
2675 4863 2808 4916 lam
2831 4877 2976 4920 vero
3003 4863 3346 4922 carnalibus
3383 4863 3606 4934 intenti,
3650 4871 3744 4916 nec
3777 4851 3874 4922 ipsa

2287 4949 2494 5004 nostra
2513 4945 2892 5006 destitutione
2913 4951 3212 5010 ullatenus
3231 4953 3460 5012 damna
3481 4949 3760 5008 sentimus-
3779 4939 3874 5004 011°

2289 5035 2454 5092 enim
2481 5035 2664 5106 longe
2693 5053 2806 5094 nos
2831 5040 3120 5098 Conditor
3153 5042 3393 5114 deserit,
3433 5057 3506 5098 eo
3544 5051 3702 5096 mens
3723 5029 3874 5114 nosti?

2291 5123 2356 5180 in
2387 5124 2773 5183 sensibilibus
2801 5128 3167 5201 obdurescit,
3195 5110 3384 5204 ﬁtque
3414 5123 3716 5187 miserabili
3737 5110 3873 5204 φοςο

2287 5215 2456 5270 tanto
2487 5215 2772 5283 securior,
2797 5221 3030 5289 quanto
3057 5197 3248 5291 pejor.
3283 5197 3476 5278 Valde
3519 5215 3668 5274 enim
3693 5197 3874 5266 diﬁicile

2287 5305 2380 5360 est
2411 5307 2476 5361 ut
2499 5301 2716 5376 aliquis
2737 5305 2830 5362 vel
2861 5321 2996 5378 quae
3017 5310 3150 5378 jam
3173 5307 3490 5378 commisit,
3511 5303 3601 5362 vel
3617 5297 3876 5370 defectum,

2289 5395 2370 5450 ad
2419 5407 2605 5465 quem
2645 5393 2899 5450 subinde
2955 5395 3126 5452 mens
3171 5398 3304 5470 ejus
3345 5396 3550 5468 vergit,
3597 5392 3656 5448 in
3677 5389 3874 5460 prospe-

2287 5479 2459 5538 ritate
2499 5484 2842 5552 cognoscat.
2893 5485 3272 5562 Quapropter
3303 5485 3402 5543 ille
3429 5481 3534 5558 qui
3559 5474 3802 5536 ﬁdelibus
3823 5477 3878 5562 οξ

2293 5568 2512 5643 pietate
2535 5547 2706 5646 pie:
2729 5569 2861 5634 ﬁeri
2887 5547 3170 5648 dignam;
3195 5581 3304 5647 est,
3335 5547 3544 5634 νίάἑησ
3567 5563 3716 5644 quod
3752 5547 3877 5630 apud
