4092 6158
274 103 379 157 629
391 125 398 133 ι

1299 100 1788 157 COLLATIONUM
1826 100 2005 158 LIBRI
2042 102 2236 159 TRES.
2278 135 2347 145 -
2387 107 2515 165 LIB.
2566 106 2659 161 III.

3587 98 3692 155 630

269 221 450 292 ﬁlios,
472 236 628 293 quos
674 219 753 281 ad
797 220 963 291 regni
994 222 1247 278 caelestis
1276 222 1686 279 haereditatem
1737 228 1935 285 vocat:
1962 226 2008 277 Α
2041 223 2213 281 ducis
2251 227 2503 297 inhiare,
2556 233 2829 285 secutura
2856 225 3151 301 supplicia
3179 230 3284 285 aut
3327 240 3547 300 parum
3589 226 3695 280 aut

269 309 612 387 periculosa
636 308 996 379 negligentia
1028 311 1330 385 subrepat,
1362 329 1486 369 non
1522 312 1718 369 solum
1755 311 1929 369 donis

268 398 479 467 reficit,
520 398 624 453 sed
656 398 833 454 etiam
860 399 1107 469 ﬂagellis
1130 400 1341 459 erudit.
1378 401 1435 457 Si
1464 401 1601 477 quis
1632 416 1775 469 ergo
1799 401 1928 472 jus-

270 494 367 545 tus
399 487 655 558 videtur,
676 493 1041 544 memoratur
1064 488 1219 546 illius
1249 491 1553 548 sententias
1570 491 1699 563 jam
1724 506 1930 563 supra-

268 580 441 636 dictae
468 598 480 635 :
513 579 721 633 Justus
747 579 800 633 si
822 578 1019 650 fuero,
1046 597 1166 636 non
1199 582 1401 638 levabo
1446 587 1647 652 caput,
1694 588 1931 638 satura-

269 676 365 725 tus
387 669 719 739 afflictione
742 673 795 723 et
824 670 1061 726 miseria
1099 670 1229 741 (Job
1259 686 1318 739 x,
1355 674 1457 743 t5).
1494 674 1593 727 Est
1642 675 1840 727 autem
1873 673 1930 727 et

265 758 387 816 alia
411 756 583 827 ratio,
611 773 722 830 pro
748 773 870 830 qua
894 757 1312 831 perfectiones,
1350 764 1412 817 ut
1448 760 1508 817 in
1550 759 1745 833 primo
1774 758 1927 815 libro

266 848 343 904 de
373 844 617 902 Civitate
650 845 749 901 Dei
774 843 1132 920 disputatur,
1154 849 1289 919 jure
1320 866 1459 905 cum
1493 847 1923 904 infirmioribus

264 935 362 991 vel
392 935 568 991 etiam
614 933 816 1008 pravis
864 935 1328 1009 temporalitater
1354 936 1753 1008 ﬂagellantur,
1784 936 1928 1009 quia

262 1022 540 1081 videlicet
567 1038 691 1078 non
732 1039 834 1079 eos
872 1022 1222 1097 corripiunt,
1257 1028 1582 1082 metuentes
1610 1041 1687 1081 ne
1717 1040 1923 1081 eorum

264 1112 521 1183 gratiam
566 1110 850 1180 offendat,
886 1117 989 1171 aut
1022 1129 1097 1169 ne
1126 1112 1303 1171 bona:
1335 1114 1509 1172 famae
1540 1114 1926 1187 dispendium

260 1220 372 1278 per
391 1202 629 1259 illorum
661 1201 1084 1272 derogationes
1125 1204 1451 1262 incurrant.
1489 1208 1648 1262 Hanc
1674 1220 1817 1273 ergo
1844 1204 1927 1260 vi-

260 1297 386 1351 tam
417 1308 555 1349 cum
589 1290 673 1351 eis
694 1306 972 1348 amaram
1004 1294 1286 1361 sentiunt,
1319 1294 1492 1365 cujus
1512 1293 1776 1350 amando
1796 1293 1925 1349 dul-

260 1380 539 1441 cedinem
570 1381 1119 1451 transgressoribus
1160 1384 1349 1439 amari
1402 1400 1534 1440 esse
1591 1382 1921 1452 negligunt.

259 1473 405 1538 Quae
436 1471 614 1544 culpa
644 1472 903 1527 maxime
933 1471 1213 1544 praelatos
1243 1473 1339 1529 vel
1364 1472 1724 1530 reverendos
1741 1489 1923 1544 quos-

2039 313 2184 370 nihil
2213 315 2557 381 formidare,
2587 333 2742 389 quos
2772 317 3030 387 gratuita
3084 315 3346 372 bonitate
3394 313 3692 388 respicere

2039 402 2339 475 dignatur,
2369 421 2471 461 eas
2492 404 2693 477 utique
2720 404 2958 473 ﬂagello
2974 402 3403 461 interveniente
3429 398 3689 473 corripit,

2038 497 2095 547 ct
2122 495 2446 567 respiciens
2477 499 2694 553 terram
2723 493 2864 550 facit
2892 509 3028 550 eam
3058 497 3333 553 tremere.
3350 491 3571 549 Dehinc
3599 505 3695 547 ve-

2036 598 2104 638 ro
2135 589 2436 640 crescente
2466 584 2704 654 ﬂagello
2752 582 3218 642 amaritudinem
3264 587 3319 640 et
3380 580 3692 637 districtio-

2036 688 2176 729 nem
2206 674 2406 731 aeterni
2437 674 2733 731 examinis
2765 673 3040 744 cogimur
3085 670 3488 741 considerare,
3520 675 3579 727 et
3612 669 3691 726 ad

2036 778 2139 819 cor
2165 764 2395 821 reducti
2438 764 2513 823 de
2553 764 2956 823 satisfactione
3002 762 3284 833 cogitare.
3338 760 3498 818 Tum
3550 774 3692 816 vero

2034 851 2240 922 lingua
2274 858 2504 911 reatum
2533 853 2816 927 loquitur,
2840 857 2898 909 et
2925 868 3048 909 nox
3079 850 3247 925 quod
3275 849 3515 907 animus
3556 864 3693 921 par-

2036 941 2419 1014 vipendebat,
2475 948 2685 1019 sponte
2736 941 3070 1012 conﬁtetur,
3105 945 3168 998 ut
3210 938 3293 995 illi
3337 938 3548 994 fratres
3603 939 3695 992 Jo-

2035 1032 2200 1103 seph,
2250 1049 2405 1105 quos
2448 1032 2528 1091 illi
2574 1048 2695 1089 non
2741 1031 3028 1100 ludendo,
3078 1029 3184 1087 sed
3212 1023 3693 1101 argumentando

2036 1122 2118 1177 sic
2168 1120 2319 1177 adeo
2368 1121 2834 1193 constringebat,
2884 1124 2949 1179 ut
3001 1118 3182 1181 attriti
3229 1117 3688 1175 confiterentur:

2035 1209 2231 1267 Merito
2248 1209 2375 1267 hinc
2390 1211 2650 1284 patimur
2663 1209 2807 1285 quia
2822 1207 3209 1281 peccavimus
3227 1205 3541 1265 infratrem
3558 1218 3694 1260 nos-

2035 1302 2215 1357 trum.
2247 1300 2387 1356 Hinc
2410 1298 2623 1359 beatus
2651 1298 2763 1357 Job
2789 1317 2802 1355 :
2826 1299 3090 1371 Loquar,
3119 1296 3219 1364 ait,
3253 1296 3315 1353 in
3347 1292 3690 1350 tribulatio-

2038 1402 2113 1444 ne
2138 1389 2388 1457 spiritus
2417 1390 2533 1445 mei
2560 1388 2693 1461 (Job
2715 1404 2811 1456 vn,
2845 1390 2949 1458 Η).
2982 1384 3289 1460 Quidquid
3319 1381 3561 1456 spiritus
3599 1379 3688 1435 lo-

2031 1475 2237 1548 quitur
2263 1475 2323 1531 in
2350 1475 2568 1533 divinis
2595 1474 2865 1541 auribus,
2896 1473 3116 1530 locutio
3145 1477 3261 1529 est:
3289 1486 3477 1544 quam
3522 1468 3689 1525 locu-

256 1559 404 1619 libet
424 1560 582 1617 viros
609 1560 878 1630 involvit,
893 1560 996 1634 qui
1027 1561 1107 1617 ad
1126 1562 1240 1620 hoc
1269 1563 1332 1619 in
1360 1562 1618 1619 Ecclesia
1638 1562 1923 1618 divinitus
1952 1575 1993 1631 Β
2032 1564 2256 1623 tionem
2284 1563 2587 1623 tribulatio
2618 1565 2984 1631 commonet,
3011 1564 3076 1619 ut
3105 1577 3213 1618 vos
3239 1559 3320 1619 ad
3363 1556 3687 1615 confessio-

254 1651 723 1718 constituuntur,
745 1656 802 1707 et
832 1651 999 1723 gravi
1030 1655 1200 1708 reatu
1228 1656 1520 1708 tenentur.
1547 1656 1660 1708 Nec
1690 1651 1825 1708 ideo
1843 1656 1922 1708 ta-

254 1756 397 1796 men
426 1739 503 1796 ab
534 1740 888 1811 hujusmodi
933 1740 1112 1813 culpa
1156 1742 1391 1813 penitus
1417 1741 1646 1813 alienus
1676 1746 1784 1812 est,
1814 1741 1920 1814 qui

250 1828 391 1887 licet
412 1829 765 1903 praepositus
792 1846 915 1886 non
938 1830 1030 1899 sit,
1063 1830 1110 1885 si
1140 1830 1203 1888 in
1231 1830 1316 1886 eis
1347 1836 1567 1896 tamen,
1586 1831 1808 1903 quibus
1832 1830 1917 1885 vi-

254 1921 331 1974 tae
358 1917 707 1974 necessitate
737 1918 1144 1988 conjungitur,
1161 1918 1347 1975 multa
1375 1918 1683 1975 monenda
1708 1918 1800 1974 vel
1826 1935 1919 1975 ar-

251 2004 497 2077 guenda
543 2004 733 2067 novit.
772 2010 828 2060 et
872 2004 1137 2077 negligit,
1169 2006 1442 2063 devitans
1482 2023 1692 2062 eorum
1723 2005 1913 2062 oﬂ‘en-

252 2095 476 2163 siones,
493 2099 738 2169 propter
759 2094 859 2153 illa
886 2095 1111 2169 quibus
1137 2095 1197 2151 in
1224 2096 1337 2153 hac
1359 2096 1476 2153 vita
1492 2112 1615 2153 non
1636 2096 1916 2153 indebitis

249 2183 457 2253 utitur,
504 2182 610 2240 sed
660 2182 796 2257 plus
836 2200 1024 2257 quam
1074 2184 1283 2241 debuit
1312 2184 1661 2242 delectatur.
1697 2185 1916 2255 Flagel-

248 2270 452 2331 lantur
495 2289 639 2343 ergo
685 2272 862 2329 simul
898 2289 1021 2329 non
1051 2274 1197 2348 quia
1241 2279 1430 2345 agunt
1459 2274 1684 2331 malam
1710 2275 1913 2344 vitam,

251 2360 361 2418 sed
384 2361 529 2435 quia
557 2360 735 2418 simul
765 2367 975 2418 amant
998 2363 1391 2436 temporalem
1422 2364 1538 2421 vita
1566 2380 1753 2438 quam
1776 2380 1911 2420 con-

248 2454 516 2507 temnere
537 2449 843 2515 deberent,
870 2456 933 2507 ut
962 2451 1064 2518 illi,
1098 2451 1147 2507 si
1188 2451 1404 2522 corrigi
1435 2452 1669 2517 vellent,
1700 2468 1913 2509 conse-

249 2543 577 2613 querentur
604 2555 744 2595 cum
784 2539 869 2596 eis
903 2544 1212 2597 aeternam.
1258 2544 1411 2599 Sane
1455 2541 1559 2615 qui
1598 2545 1915 2614 propterea

248 2641 377 2682 non
405 2626 704 2698 objurgat,
756 2627 900 2698 quia
940 2627 1033 2683 vel
1079 2628 1279 2700 aptius
1317 2632 1557 2700 tempus
1588 2631 1908 2700 exspectat.

248 2713 348 2772 vel
376 2715 586 2773 metuit
611 2731 686 2771 ne
714 2715 1005 2791 increpati
1050 2716 1370 2773 deteriores
1414 2716 1581 2784 ﬁant,
1615 2721 1672 2772 et
1701 2715 1910 2772 invali-

250 2804 365 2861 dos
390 2804 563 2877 pejus
592 2809 868 2876 noceant,
890 2805 1005 2861 hoc
1032 2821 1157 2862 non
1188 2810 1281 2862 est
1310 2805 1674 2875 negligentia
1697 2804 1794 2861 vel
1814 2822 1914 2861 cu-

2030 1668 2170 1709 nem
2201 1658 2496 1725 erumpat.
2533 1652 2986 1712 Confessionem
3014 1666 3157 1706 vero
3201 1646 3579 1717 indulgentia
3603 1660 3688 1700 se-

2027 1742 2249 1814 quitur,
2276 1742 2451 1813 juxta
2478 1741 2654 1801 illud:
2710 1742 2878 1806 Dixi,
2918 1739 3260 1811 conﬁtebor,
3310 1742 3363 1795 et
3405 1742 3471 1793 tu
3515 1733 3689 1791 remi-

2025 1831 2156 1889 sisti
2182 1832 2366 1899 (Psal.
2400 1847 2562 1901 xxxx,
2586 1830 2657 1894 5).
2692 1832 2759 1887 Et
2778 1846 2917 1887 cum
2943 1829 3006 1885 in
3025 1830 3272 1902 proprio
3300 1827 3467 1882 reatu
3498 1820 3687 1880 David

2024 1918 2263 1986 diceret,
2290 1920 2542 1990 peccavi
2568 1919 2754 1990 (Psal.
2775 1935 2830 1991 L,
2860 1918 2915 1991 6)
2941 1936 2955 1987 ;
2988 1920 3047 1975 et
3084 1916 3322 1975 Mathan
3348 1913 3506 1972 illico
3557 1927 3682 1968 res-

2023 2007 2235 2082 pondit
2267 2025 2279 2063 :
2336 2010 2621 2065 Dominus
2654 2008 2969 2065 transtulit
2998 2011 3309 2078 peccatum
3340 2009 3529 2070 tuum,
3562 2016 3683 2058 non

2023 2097 2295 2154 morieris
2318 2098 2407 2169 (II
2427 2098 2569 2168 Reg.
2602 2113 2698 2164 xu,
2726 2097 2831 2171 l3),
2863 2095 3014 2151 sicut
3059 2095 3123 2150 in
3170 2091 3478 2150 Moralium
3527 2089 3682 2147 libro

2023 2201 2178 2241 xxxii
2208 2184 2574 2259 perhibetur.
2610 2183 2721 2250 Qui
2751 2200 2814 2240 se
2846 2187 3225 2256 peccatorem
3252 2178 3540 2250 intelligit,
3551 2178 3682 2251 jam

2022 2288 2095 2327 ex
2121 2272 2325 2345 aliqua
2345 2277 2513 2345 parte
2540 2272 2741 2345 justus
2771 2288 2901 2329 esse
2931 2271 3194 2337 inchoat,
3226 2272 3407 2343 atque
3431 2266 3493 2323 id
3512 2265 3680 2340 quod

2020 2378 2144 2418 non
2171 2362 2369 2434 justus
2396 2361 2615 2419 fecerat
2646 2378 2719 2417 ex
2763 2377 2834 2417 eo
2864 2359 3032 2434 quod
3071 2363 3160 2416 est
3182 2359 3381 2430 justus
3409 2359 3675 2413 accusat.

1972 2476 1989 2483 -
2021 2454 2171 2510 Nam
2204 2450 2342 2509 licet
2369 2468 2443 2507 ex
2470 2450 2680 2509 merito
2708 2450 2937 2523 peccati
2970 2448 3356 2521 percutiatur,
3396 2450 3599 2505 tamen
3628 2444 3677 2500 si

2018 2537 2133 2595 hoc
2152 2537 2356 2613 ipsum
2376 2538 2673 2611 judicium
2700 2537 2867 2612 quod
2901 2544 3110 2592 contra
3139 2551 3202 2591 se
3227 2534 3422 2605 agitur
3444 2534 3677 2604 justum

2021 2626 2226 2696 credit,
2249 2632 2445 2684 etnon
2472 2630 2829 2694 murmurat,
2876 2623 2984 2681 sed
3014 2622 3356 2697 ampletitur
3390 2620 3561 2687 illud,
3590 2619 3679 2681 di-

2020 2716 2175 2772 vinae
2206 2716 2493 2772 voluntati
2521 2716 2584 2772 in
2614 2731 2726 2772 sua
2753 2730 3140 2789 percussxone
3170 2711 3585 2784 conjungitur:
3619 2714 3677 2769 et

2019 2802 2243 2861 idcirco
2271 2804 2351 2860 ab
2379 2804 2460 2876 inj
2471 2803 2670 2860 ustitia
2701 2821 2814 2861 sua
2832 2804 2962 2875 jam
2984 2819 3056 2859 eo
3086 2805 3396 2875 correptus
3422 2802 3530 2868 est,
3552 2814 3675 2871 quo

245 2891 804 2983 piditatis-occasio,
829 2892 935 2949 sed
965 2893 1286 2983 consilium
1312 2892 1639 2983 charitatis.
1669 2895 1817 2983 Nam
1848 2898 1911 2949 ut
1943 2928 1983 2983 ο
2022 2909 2084 2983 se
2105 2892 2200 2950 vel
2219 2893 2758 2983 justeipercussum
2789 2891 3031 2983 gaudet,
3073 2890 3165 2947 vel
3194 2888 3490 2983 voluntati
3517 2887 3675 2983 judi-

247 2978 313 3038 in
333 2979 643 3038 Moralium
667 2980 820 3039 libro
840 2998 917 3038 xx
945 2981 1180 3045 dicitur,
1201 2982 1390 3039 sancti
1417 2981 1525 3037 viri
1547 2998 1684 3038 cum
1707 2981 1913 3038 vident

248 3069 552 3145 quosdam
578 3086 689 3127 sua
716 3070 900 3128 verba
927 3068 1258 3143 despicere,
1290 3071 1437 3127 dum
1487 3086 1590 3127 eos
1631 3069 1911 3126 divinitus

247 3158 586 3229 intelligunt
604 3158 822 3229 deseri,
841 3165 1148 3232 gementes
1181 3160 1610 3216 conticescunt.
1638 3158 1802 3215 Unde
1824 3162 1913 3215 est

248 3247 396 3304 illud
429 3265 441 3303 :
477 3248 777 3317 Quomodo
808 3250 1183 3307 cantabimus
1229 3251 1530 3306 canticum
1561 3248 1805 3304 Domini
1847 3248 1911 3304 in

250 3344 419 3395 terra
474 3339 719 3394 aliena?
773 3337 962 3411 (Psal.
1019 3354 1247 3405 cxxxvx,
1308 3338 1384 3410 4).
1438 3337 1737 3410 Scriptum
1790 3341 1907 3394 est:

248 3427 398 3485 Noli
422 3443 679 3498 arguere
720 3428 1067 3497 derisorem,
1090 3444 1165 3485 ne
1186 3428 1375 3484 oderit
1408 3433 1464 3483 te
1498 3427 1697 3499 (Prov.
1728 3441 1803 3493 1x,
1831 3429 1907 3494 8).

248 3519 471 3575 Tacent
491 3532 635 3587 ergo
685 3515 796 3573 viri
827 3515 1036 3583 sancti,
1079 3531 1204 3571 non
1248 3520 1311 3572 ut
1340 3531 1553 3572 eorum
1580 3513 1789 3571 odium
1840 3513 1909 3570 ti-

245 3610 508 3676 meatur,
538 3604 642 3661 sed
670 3621 744 3662 ne
766 3603 848 3661 illi
878 3604 1141 3662 odiendo
1171 3605 1409 3678 pejores
1429 3602 1597 3660 ﬁant.

320 3696 473 3750 XLV.
508 3695 576 3750 Ut
604 3698 805 3750 autem
833 3691 908 3749 de
929 3691 1462 3762 negligentioribus
1489 3691 1911 3763 dicamus,nos

240 3785 419 3842 tanto
446 3780 641 3850 magis
668 3779 952 3849 ﬂagellari
978 3780 1340 3852 indigemus,
1381 3785 1609 3855 quanto
1636 3784 1694 3836 et
1721 3779 1912 3853 multa

241 3870 313 3929 in
346 3866 523 3923 nobis
556 3873 696 3924 sunt
720 3868 954 3925 aeternis
982 3868 1225 3940 ignibus
1254 3868 1461 3939 digna,
1489 3872 1547 3924 et
1573 3872 1802 3940 quanto
1833 3868 1910 3924 ad

244 3958 374 4021 alia
402 3956 835 4013 committenda
862 3956 1249 4029 procliviores
1293 3973 1524 4013 sumus.
1560 3955 1789 4029 Quippe
1825 3955 1912 4012 in-

244 4053 341 4107 ter
392 4045 556 4119 ipsas
588 4044 898 4115 angustias
936 4043 1338 4119 multipliciter
1391 4043 1700 4117 superbire
1758 4043 1910 4099 sole-

247 4154 410 4195 mus.
446 4137 579 4193 Haec
619 4139 821 4191 autem
858 4133 1100 4205 gemina
1138 4138 1355 4190 nostrae
1387 4131 1725 4190 aﬂlictionis
1755 4132 1909 4190 utili-

248 4230 345 4283 tas
370 4224 433 4281 in
462 4223 659 4297 primo
679 4222 923 4280 homine
954 4221 1420 4293 demonstratur,
1446 4221 1551 4296 qui
1580 4222 1729 4278 dum
1756 4221 1909 4278 inter

248 4313 518 4389 paradisi
581 4312 828 4370 delicias
896 4311 1193 4384 justitiam
1262 4328 1498 4368 servare
1560 4311 1905 4383 negligeret,

249 4406 410 4461 Deus
434 4404 594 4460 hunc
620 4402 781 4459 foras
812 4398 1133 4475 expulsum
1162 4417 1271 4477 per
1300 4399 1582 4458 molestas
1620 4401 1907 4457 emenda-

253 4492 352 4560 vit,
376 4496 434 4549 et
479 4491 821 4562 conjugem,
864 4507 1003 4566 quae
1025 4489 1249 4564 pariter
1275 4491 1335 4546 in
1373 4494 1653 4563 percepto
1680 4491 1910 4547 honore

250 4580 507 4653 gloriata
561 4584 740 4653 atque
795 4578 1151 4636 deteriorata
1196 4578 1407 4642 fuerat,
1461 4576 1585 4636 utili
1632 4579 1911 4635 servitute

250 4669 564 4728 meliorem
606 4666 817 4726 eﬂ'ecit.
856 4669 946 4727 Sic
1003 4670 1061 4725 et
1105 4685 1218 4726 nos
1273 4668 1544 4726 libertate
1596 4667 1907 4742 superbos,

248 4756 479 4817 deliciis
508 4758 936 4833 impinguatos,
969 4760 1026 4815 et
1054 4772 1197 4829 erga
1226 4756 1492 4815 divinam
1518 4756 1911 4815 reverentiam

248 4844 617 4916 fastidiosos,
650 4846 881 4919 injuriis
933 4846 1129 4917 tradit,
1167 4846 1448 4903 molestiis
1495 4845 1797 4921 opprimit,
1848 4849 1914 4902 ut

247 4934 458 4994 anima
479 4935 704 4992 crebris
744 4940 878 4991 acta
910 4934 1236 5009 suppliciis,
1269 4951 1561 4992 cacumen
1614 4933 1911 5009 superbiae

247 5022 648 5098 derelinquat,
670 5022 1103 5097 laboribusque
1127 5038 1197 5078 ac
1223 5021 1512 5079 molestiis
1536 5022 1815 5094 innitens,
1832 5014 1912 5079 ad

247 5113 368 5170 hoc
397 5111 564 5186 quod
612 5111 904 5169 delectata
959 5109 1223 5184 perdidit
1278 5115 1606 5186 reparetur.
1656 5112 1745 5170 0b
1796 5112 1913 5168 hoc

247 5201 437 5271 enim,
480 5200 655 5272 juxta
710 5200 1133 5270 Augustinum,
1188 5204 1396 5257 contra
1454 5199 1614 5255 Eden
1680 5199 1910 5273 positus

249 5294 365 5359 est,
391 5288 666 5348 videlicet
703 5293 913 5346 contra
944 5286 1150 5345 sedem
1179 5287 1551 5355 deliciarum,
1593 5294 1659 5346 ut
1687 5286 1911 5359 signiﬁ-

249 5384 418 5439 caret
466 5379 633 5453 quod
672 5396 811 5436 caro
858 5374 1087 5451 peccati
1124 5377 1186 5434 in
1233 5378 1563 5449 laboribus,
1614 5379 1717 5453 qui
1774 5379 1915 5436 deli-

250 5471 363 5529 ciis
412 5473 552 5527 sunt
589 5468 889 5538 contrarii,
939 5470 1100 5523 esset
1154 5467 1502 5525 erudienda.
1567 5469 1715 5525 Cum
1772 5485 1915 5540 ergo

251 5563 417 5620 Deus
442 5558 604 5618 videt
620 5574 733 5618 nos
755 5571 1152 5633 supernorum
1182 5555 1486 5616 bonorum
1501 5556 1798 5625 oblivisci,
1822 5574 1917 5616 ca-

2021 2980 2105 3037 cis
2133 2982 2460 3039 concordat
2487 2980 2549 3037 in
2579 2997 2781 3055 pcena,
2803 2981 2853 3036 is
2874 2979 3235 3053 discrepavit
3260 2978 3323 3035 in
3348 2977 3545 3051 culpa.
3568 2980 3676 3035 Ma-

2020 3086 2143 3141 gna
2170 3070 2349 3140 igitur
2379 3069 2715 3127 afﬂictionis
2745 3069 2989 3136 utilitas,
3025 3085 3132 3143 per
3159 3083 3348 3142 quam
3378 3065 3675 3123 confessio

2019 3164 2220 3216 reatus
2247 3158 2495 3225 elicitur,
2526 3175 2664 3232 quas
2700 3157 3138 3229 indulgentiam
3164 3159 3564 3231 promeretur.

2089 3251 2264 3306 XLVI.
2300 3249 2519 3305 Contra
2537 3248 2878 3322 frequenter
2904 3252 3047 3304 sunt
3067 3246 3174 3304 ﬁlii
3199 3245 3377 3303 Israel
3399 3261 3511 3318 pro
3539 3260 3677 3318 pec-

2022 3338 2170 3395 catis
2201 3336 2424 3408 aﬂlicti,
2448 3342 2504 3397 et
2529 3338 2606 3395 ad
2636 3339 2824 3395 Deum
2852 3337 3047 3395 redire
3071 3335 3390 3409 compulsi.
3414 3337 3567 3391 Nam
3606 3338 3672 3391 ut

2019 3426 2094 3483 de
2125 3426 2351 3483 caneris
2379 3425 2612 3484 vicibus
2635 3431 2921 3497 taceatur,
2953 3425 3285 3498 aliquando
3313 3440 3450 3481 cum
3488 3427 3676 3481 Deum

2018 3514 2441 3588 relinquerent,
2479 3518 2537 3572 et
2566 3514 2745 3573 idolis
2791 3515 3098 3582 servirent,
3153 3513 3360 3587 Syriae,
3418 3511 3675 3581 Sidonis,

2019 3603 2210 3671 Moab,
2239 3606 2297 3660 et
2321 3601 2606 3667 Philistin,
2638 3603 2836 3660 traditi
2882 3607 3023 3659 sunt
3063 3602 3127 3658 in
3176 3615 3398 3659 manus
3439 3599 3677 3659 illarum

2018 3690 2287 3761 gentium
2318 3706 2389 3747 ac
2417 3706 2526 3763 per
2562 3690 2775 3747 decem
2819 3695 2879 3747 et
2905 3694 3040 3747 octo
3077 3704 3270 3746 annos
3301 3687 3679 3745 vehementer

2020 3779 2243 3836 aﬂlicti.
2278 3779 2389 3845 Qui
2419 3779 2666 3837 tandem
2696 3779 3025 3836 clamantes
3053 3778 3133 3834 ad
3154 3780 3341 3835 Deum
3367 3776 3673 3834 dixerunt:

2019 3867 2404 3925 Peccavimus
2440 3866 2564 3925 tibi.
2597 3868 2825 3935 Quibus
2860 3868 3014 3925 inter
3043 3867 3163 3925 alia
3211 3866 3522 3941 respondit
3563 3870 3677 3923 Do-

2018 3959 2261 4016 minus:
2308 3958 2448 4014 Non
2476 3957 2699 4015 addam
2740 3963 2807 4013 ut
2850 3959 3020 4015 ultra
3049 3973 3149 4015 vos
3198 3956 3461 4019 liberem.
3515 3957 3597 4012 ite
3621 3961 3678 4012 et

2021 4049 2295 4104 invocate
2348 4046 2507 4115 deos,
2564 4062 2709 4118 quos
2757 4047 2974 4114 colitis,
3005 4051 3062 4102 et
3119 4046 3237 4115 ipsi
3282 4060 3384 4103 vos
3424 4044 3675 4105 liberem

2024 4135 2246 4205 (Judic.
2278 4152 2330 4197 χ,
2368 4138 2451 4200 13,
2512 4136 2619 4206 14).
2650 4138 2725 4192 At
2760 4134 2883 4191 illi:
2936 4137 3345 4205 Peccavimus,
3374 4133 3675 4206 inquiunt,

2020 4226 2204 4283 redde
2234 4230 2297 4281 tu
2322 4224 2490 4281 nobis
2514 4225 2809 4297 quidquid
2835 4225 2947 4282 tibi
2974 4226 3217 4295 placet:
3252 4230 3488 4282 tantum
3516 4239 3677 4280 nunc

1942 4279 1993 4335 ³³
2022 4279 2211 4372 nisi}:
2237 4279 2355 4370 to.
2377 4279 2570 4385 uvidi,
2604 4279 2875 4386 una
2892 4279 3310 4386 sistat...
3342 4279 3538 4372 at“...
3562 4279 3679 4368 at

2016 4404 2215 4461 minus
2243 4417 2424 4473 super
2447 4403 2717 4459 miserias
2748 4418 2971 4471 eorum,
3000 4408 3056 4460 et
3085 4402 3366 4461 liberavit
3394 4416 3512 4472 eos,
3533 4402 3678 4473 quia

2020 4492 2144 4550 haec
2174 4494 2236 4549 in
2267 4494 2472 4562 ﬁgura
2500 4492 2928 4563 contingebant
2953 4492 3080 4551 illis
3108 4491 3313 4561 (Ibid.,
3348 4490 3456 4562 16).
3512 4489 3679 4547 Dica-

2017 4598 2155 4638 mus
2179 4586 2237 4638 et
2264 4597 2378 4637 nos
2405 4584 2650 4639 econtra
2700 4581 2973 4648 Domino,
2998 4596 3141 4638 cum
3188 4579 3396 4652 aliqua
3431 4578 3678 4636 tribulat-

2018 4671 2178 4729 tione
2198 4671 2495 4741 cingimur
2512 4688 2525 4726 :
2542 4671 2662 4727 Fac
2690 4670 2868 4727 nobis
2892 4670 2956 4726 in
2984 4668 3266 4743 praesenti
3289 4667 3590 4741 quidquid
3610 4668 3677 4725 ti-

2016 4759 2081 4818 bi
2117 4759 2428 4835 placuerit,
2477 4763 2715 4816 tantum
2742 4759 2806 4814 in
2832 4758 3036 4815 futuro
3071 4757 3290 4817 liberes
3338 4772 3475 4815 nos.
3526 4756 3677 4823 Quia

2019 4864 2161 4906 vero
2210 4846 2473 4904 ﬁliorum
2525 4846 2708 4903 Israel
2759 4847 3168 4917 meminimus,
3197 4846 3400 4905 adhuc
3447 4844 3677 4919 aliquid

2018 4935 2507 5008 magniﬁcentius
2567 4935 2648 4992 ad
2690 4935 3171 4993 misericordiam
3215 4934 3319 4993 Dei
3366 4950 3678 4993 comm

2018 5025 2289 5083 dandam
2340 5041 2411 5082 ac
2452 5023 2853 5083 tribulationis
2881 5024 3195 5083 utilitatem
3223 5024 3673 5093 insinuandam,

2019 5116 2094 5174 de
2115 5115 2199 5173 eis
2227 5114 2551 5172 audiamus
2574 5114 2719 5188 quid
2751 5131 2858 5188 per
2881 5115 3245 5173 Ezechielem
3273 5114 3563 5172 Dominus
3588 5111 3677 5167 di-

2021 5205 2139 5262 cit:
2170 5205 2577 5261 Irritaverunt
2605 5218 2696 5261 me
2742 5204 2949 5263 domus
2986 5205 3180 5265 Israel
3207 5204 3271 5261 in
3314 5202 3567 5267 deserto,
3614 5204 3676 5254 et

2018 5294 2153 5351 dixi
2178 5298 2245 5349 ut
2297 5292 2663 5362 e/I‘underem
2685 5294 2957 5364 furorem
3008 5304 3409 5358 meumwper
3452 5302 3568 5351 ea,
3614 5292 3676 5343 et

2021 5396 2426 5440 consumerem
2455 5382 2800 5453 eos(E'zecb.
2832 5398 2933 5449 xx,
2970 5381 3083 5449 t3),
3104 5383 3162 5434 et
3185 5392 3324 5448 quas
3347 5375 3427 5432 de
3452 5375 3567 5433 hoc
3583 5392 3675 5433 ex—

2023 5472 2307 5544 sequitur.
2346 5472 2487 5536 Qua:
2541 5470 2749 5541 verba,
2801 5474 2869 5526 ut
2901 5469 3115 5525 beatus
3166 5465 3562 5539 Hieronymus
3610 5465 3675 5524 in

2022 5560 2178 5620 libro
2204 5576 2261 5619 iv
2291 5559 2678 5634 expositionis
2713 5561 2978 5617 tractans
3004 5553 3169 5626 dicit.
3198 5554 3485 5628 quatitur
3524 5565 3677 5625 quo—
