  <div class='ocr_page' id='page_1' title='image "/cluster/home/n/w/nwhite01/storage/ocr_20150623/133/hvd.32044054759949/321.png"; bbox 0 0 4150 6128; ppageno 0'>
   <div class='ocr_carea' id='block_1_1' title="bbox 448 123 546 176">
    <p class='ocr_par' dir='ltr' id='par_1_1' title="bbox 448 123 546 176">
     <span class='ocr_line' id='line_1_1' title="bbox 448 123 546 176; baseline 0 -1"><span class='ocrx_word' id='word_1_1' title='bbox 448 123 546 176; x_wconf 75' lang='grc'>631</span> 
     </span>
    </p>
   </div>
   <div class='ocr_carea' id='block_1_2' title="bbox 1556 111 2876 173">
    <p class='ocr_par' dir='ltr' id='par_1_2' title="bbox 1556 111 2876 173">
     <span class='ocr_line' id='line_1_2' title="bbox 1556 111 2876 173; baseline -0.001 -3"><span class='ocrx_word' id='word_1_2' title='bbox 1556 116 1612 171; x_wconf 86' lang='grc'><strong>8.</strong></span> <span class='ocrx_word' id='word_1_3' title='bbox 1647 115 1908 173; x_wconf 86' lang='lat' dir='ltr'>ODONIS</span> <span class='ocrx_word' id='word_1_4' title='bbox 1947 113 2241 170; x_wconf 78' lang='lat' dir='ltr'>ABBATIS</span> <span class='ocrx_word' id='word_1_5' title='bbox 2279 111 2792 172; x_wconf 80' lang='lat' dir='ltr'>CLUNIACENSIS</span> <span class='ocrx_word' id='word_1_6' title='bbox 2831 117 2876 169; x_wconf 90' lang='lat' dir='ltr'>Il</span> 
     </span>
    </p>
   </div>
   <div class='ocr_carea' id='block_1_3' title="bbox 3771 117 3882 170">
    <p class='ocr_par' dir='ltr' id='par_1_3' title="bbox 3771 117 3882 170">
     <span class='ocr_line' id='line_1_3' title="bbox 3771 117 3882 170; baseline 0.018 -2"><span class='ocrx_word' id='word_1_7' title='bbox 3771 117 3882 170; x_wconf 77' lang='lat'>632</span> 
     </span>
    </p>
   </div>
   <div class='ocr_carea' id='block_1_4' title="bbox 447 233 3890 313">
    <p class='ocr_par' dir='ltr' id='par_1_4' title="bbox 447 233 3890 313">
     <span class='ocr_line' id='line_1_4' title="bbox 447 233 3890 313; baseline -0.001 -15"><span class='ocrx_word' id='word_1_8' title='bbox 447 241 634 298; x_wconf 89' lang='lat' dir='ltr'>modo</span> <span class='ocrx_word' id='word_1_9' title='bbox 661 237 972 313; x_wconf 79' lang='lat' dir='ltr'>perfecerit</span> <span class='ocrx_word' id='word_1_10' title='bbox 998 237 1083 294; x_wconf 90' lang='lat' dir='ltr'>eis</span> <span class='ocrx_word' id='word_1_11' title='bbox 1104 253 1368 310; x_wconf 90' lang='lat' dir='ltr'>quorum</span> <span class='ocrx_word' id='word_1_12' title='bbox 1407 238 1705 296; x_wconf 81' lang='lat' dir='ltr'>cadavera</span> <span class='ocrx_word' id='word_1_13' title='bbox 1733 239 1794 296; x_wconf 90' lang='lat' dir='ltr'>in</span> <span class='ocrx_word' id='word_1_14' title='bbox 1839 237 2110 296; x_wconf 89' lang='lat' dir='ltr'>solitudi-</span> <span class='ocrx_word' id='word_1_15' title='bbox 2137 233 2192 293; x_wconf 67' lang='lat' dir='ltr'>A&#39;</span> <span class='ocrx_word' id='word_1_16' title='bbox 2222 236 2686 306; x_wconf 81' lang='lat' dir='ltr'>cogitationibus</span> <span class='ocrx_word' id='word_1_17' title='bbox 2715 237 3029 294; x_wconf 86' lang='lat' dir='ltr'>sublevata</span> <span class='ocrx_word' id='word_1_18' title='bbox 3053 235 3352 293; x_wconf 83' lang='lat' dir='ltr'>dilatatur.</span> <span class='ocrx_word' id='word_1_19' title='bbox 3399 235 3592 307; x_wconf 61' lang='lat' dir='ltr'>Plagae</span> <span class='ocrx_word' id='word_1_20' title='bbox 3620 253 3768 294; x_wconf 88' lang='lat' dir='ltr'>vero</span> <span class='ocrx_word' id='word_1_21' title='bbox 3819 237 3890 294; x_wconf 90' lang='lat' dir='ltr'>in</span> 
     </span>
    </p>
   </div>
   <div class='ocr_carea' id='block_1_5' title="bbox 448 329 2112 402">
    <p class='ocr_par' dir='ltr' id='par_1_5' title="bbox 448 329 2112 402">
     <span class='ocr_line' id='line_1_5' title="bbox 448 329 2112 402; baseline -0.002 -14"><span class='ocrx_word' id='word_1_22' title='bbox 448 348 525 388; x_wconf 91' lang='lat' dir='ltr'>ne</span> <span class='ocrx_word' id='word_1_23' title='bbox 546 331 913 395; x_wconf 89' lang='lat' dir='ltr'>corruerunt,</span> <span class='ocrx_word' id='word_1_24' title='bbox 943 331 1002 384; x_wconf 91' lang='lat' dir='ltr'>et</span> <span class='ocrx_word' id='word_1_25' title='bbox 1029 333 1277 401; x_wconf 87' lang='lat' dir='ltr'>excepto</span> <span class='ocrx_word' id='word_1_26' title='bbox 1305 331 1442 384; x_wconf 86' lang='lat' dir='ltr'>Jesu</span> <span class='ocrx_word' id='word_1_27' title='bbox 1471 333 1630 385; x_wconf 86' lang='lat' dir='ltr'>Nave</span> <span class='ocrx_word' id='word_1_28' title='bbox 1656 333 1713 386; x_wconf 91' lang='lat' dir='ltr'>et</span> <span class='ocrx_word' id='word_1_29' title='bbox 1738 329 1978 402; x_wconf 86' lang='lat' dir='ltr'>Caleph,</span> <span class='ocrx_word' id='word_1_30' title='bbox 2001 331 2112 384; x_wconf 88' lang='lat' dir='ltr'>ter-</span> 
     </span>
    </p>
   </div>
   <div class='ocr_carea' id='block_1_6' title="bbox 447 416 2112 491">
    <p class='ocr_par' dir='ltr' id='par_1_6' title="bbox 447 416 2112 491">
     <span class='ocr_line' id='line_1_6' title="bbox 447 416 2112 491; baseline -0.002 -15"><span class='ocrx_word' id='word_1_31' title='bbox 447 436 582 476; x_wconf 88' lang='lat' dir='ltr'>ram</span> <span class='ocrx_word' id='word_1_32' title='bbox 617 417 1098 491; x_wconf 86' lang='lat' dir='ltr'>repromissionis</span> <span class='ocrx_word' id='word_1_33' title='bbox 1145 416 1346 474; x_wconf 91' lang='lat' dir='ltr'>nullus</span> <span class='ocrx_word' id='word_1_34' title='bbox 1385 417 1690 487; x_wconf 86' lang='lat' dir='ltr'>ingressus</span> <span class='ocrx_word' id='word_1_35' title='bbox 1719 423 1825 476; x_wconf 85' lang='lat' dir='ltr'>est.</span> <span class='ocrx_word' id='word_1_36' title='bbox 1859 421 1942 474; x_wconf 82' lang='lat' dir='ltr'>Ex</span> <span class='ocrx_word' id='word_1_37' title='bbox 1987 433 2112 490; x_wconf 90' lang='lat' dir='ltr'>quo</span> 
     </span>
    </p>
   </div>
   <div class='ocr_carea' id='block_1_7' title="bbox 447 505 2116 580">
    <p class='ocr_par' dir='ltr' id='par_1_7' title="bbox 447 505 2116 580">
     <span class='ocr_line' id='line_1_7' title="bbox 447 505 2116 580; baseline -0.001 -16"><span class='ocrx_word' id='word_1_38' title='bbox 447 507 853 576; x_wconf 84' lang='lat' dir='ltr'>intelligemus</span> <span class='ocrx_word' id='word_1_39' title='bbox 873 506 1074 562; x_wconf 84' lang='lat' dir='ltr'>vivere</span> <span class='ocrx_word' id='word_1_40' title='bbox 1105 521 1232 574; x_wconf 90' lang='lat' dir='ltr'>eos,</span> <span class='ocrx_word' id='word_1_41' title='bbox 1279 521 1390 561; x_wconf 91' lang='lat' dir='ltr'>nec</span> <span class='ocrx_word' id='word_1_42' title='bbox 1421 508 1656 562; x_wconf 72' lang='lat' dir='ltr'>aeternis</span> <span class='ocrx_word' id='word_1_43' title='bbox 1693 505 2003 580; x_wconf 88' lang='lat' dir='ltr'>suppliciis</span> <span class='ocrx_word' id='word_1_44' title='bbox 2027 521 2116 561; x_wconf 84' lang='lat' dir='ltr'>re-</span> 
     </span>
    </p>
   </div>
   <div class='ocr_carea' id='block_1_8' title="bbox 451 594 2114 664">
    <p class='ocr_par' dir='ltr' id='par_1_8' title="bbox 451 594 2114 664">
     <span class='ocr_line' id='line_1_8' title="bbox 451 594 2114 664; baseline 0 -12"><span class='ocrx_word' id='word_1_45' title='bbox 451 599 738 660; x_wconf 89' lang='lat' dir='ltr'>servatos,</span> <span class='ocrx_word' id='word_1_46' title='bbox 761 611 874 652; x_wconf 87' lang='lat' dir='ltr'>nec</span> <span class='ocrx_word' id='word_1_47' title='bbox 895 594 971 651; x_wconf 90' lang='lat' dir='ltr'>de</span> <span class='ocrx_word' id='word_1_48' title='bbox 999 595 1153 652; x_wconf 89' lang='lat' dir='ltr'>libro</span> <span class='ocrx_word' id='word_1_49' title='bbox 1190 595 1520 652; x_wconf 88' lang='lat' dir='ltr'>viventium</span> <span class='ocrx_word' id='word_1_50' title='bbox 1546 611 1676 652; x_wconf 89' lang='lat' dir='ltr'>esse</span> <span class='ocrx_word' id='word_1_51' title='bbox 1705 595 1954 664; x_wconf 89' lang='lat' dir='ltr'>deletos,</span> <span class='ocrx_word' id='word_1_52' title='bbox 2001 611 2114 652; x_wconf 89' lang='lat' dir='ltr'>nec</span> 
     </span>
    </p>
   </div>
   <div class='ocr_carea' id='block_1_9' title="bbox 453 685 2116 758">
    <p class='ocr_par' dir='ltr' id='par_1_9' title="bbox 453 685 2116 758">
     <span class='ocr_line' id='line_1_9' title="bbox 453 685 2116 758; baseline -0.001 -16"><span class='ocrx_word' id='word_1_53' title='bbox 453 689 591 742; x_wconf 89' lang='lat' dir='ltr'>ante</span> <span class='ocrx_word' id='word_1_54' title='bbox 629 685 844 742; x_wconf 86' lang='lat' dir='ltr'>faciem</span> <span class='ocrx_word' id='word_1_55' title='bbox 889 685 1125 741; x_wconf 89' lang='lat' dir='ltr'>Domini</span> <span class='ocrx_word' id='word_1_56' title='bbox 1155 689 1569 758; x_wconf 90' lang='lat' dir='ltr'>consumptos.</span> <span class='ocrx_word' id='word_1_57' title='bbox 1606 686 1664 743; x_wconf 93' lang='lat' dir='ltr'>Si</span> <span class='ocrx_word' id='word_1_58' title='bbox 1713 686 1873 742; x_wconf 89' lang='lat' dir='ltr'>enim</span> <span class='ocrx_word' id='word_1_59' title='bbox 1918 701 1993 742; x_wconf 82' lang='lat' dir='ltr'>ex</span> <span class='ocrx_word' id='word_1_60' title='bbox 2043 701 2116 742; x_wconf 91' lang='lat' dir='ltr'>eo</span> 
     </span>
    </p>
   </div>
   <div class='ocr_carea' id='block_1_10' title="bbox 453 775 2114 848">
    <p class='ocr_par' dir='ltr' id='par_1_10' title="bbox 453 775 2114 848">
     <span class='ocr_line' id='line_1_10' title="bbox 453 775 2114 848; baseline 0.001 -18"><span class='ocrx_word' id='word_1_61' title='bbox 453 775 620 848; x_wconf 89' lang='lat' dir='ltr'>quod</span> <span class='ocrx_word' id='word_1_62' title='bbox 645 775 706 830; x_wconf 91' lang='lat' dir='ltr'>in</span> <span class='ocrx_word' id='word_1_63' title='bbox 729 778 949 830; x_wconf 91' lang='lat' dir='ltr'>terram</span> <span class='ocrx_word' id='word_1_64' title='bbox 973 775 1453 848; x_wconf 86' lang='lat' dir='ltr'>repromissionis</span> <span class='ocrx_word' id='word_1_65' title='bbox 1471 775 1790 832; x_wconf 89' lang='lat' dir='ltr'>introducti</span> <span class='ocrx_word' id='word_1_66' title='bbox 1804 792 1930 832; x_wconf 90' lang='lat' dir='ltr'>non</span> <span class='ocrx_word' id='word_1_67' title='bbox 1955 780 2114 846; x_wconf 89' lang='lat' dir='ltr'>sunt,</span> 
     </span>
    </p>
   </div>
   <div class='ocr_carea' id='block_1_11' title="bbox 455 863 2115 938">
    <p class='ocr_par' dir='ltr' id='par_1_11' title="bbox 455 863 2115 938">
     <span class='ocr_line' id='line_1_11' title="bbox 455 863 2115 938; baseline 0.001 -19"><span class='ocrx_word' id='word_1_68' title='bbox 455 863 702 937; x_wconf 90' lang='lat' dir='ltr'>periisse</span> <span class='ocrx_word' id='word_1_69' title='bbox 733 863 1073 932; x_wconf 82' lang='lat' dir='ltr'>credantur,</span> <span class='ocrx_word' id='word_1_70' title='bbox 1102 879 1244 932; x_wconf 87' lang='lat' dir='ltr'>ergo</span> <span class='ocrx_word' id='word_1_71' title='bbox 1295 869 1352 919; x_wconf 91' lang='lat' dir='ltr'>et</span> <span class='ocrx_word' id='word_1_72' title='bbox 1399 867 1628 936; x_wconf 80' lang='lat' dir='ltr'>Moyses</span> <span class='ocrx_word' id='word_1_73' title='bbox 1673 865 1864 938; x_wconf 87' lang='lat' dir='ltr'>periit,</span> <span class='ocrx_word' id='word_1_74' title='bbox 1897 865 2000 936; x_wconf 88' lang='lat' dir='ltr'>qui</span> <span class='ocrx_word' id='word_1_75' title='bbox 2051 865 2115 920; x_wconf 91' lang='lat' dir='ltr'>in</span> 
     </span>
    </p>
   </div>
   <div class='ocr_carea' id='block_1_12' title="bbox 455 951 2117 1027">
    <p class='ocr_par' dir='ltr' id='par_1_12' title="bbox 455 951 2117 1027">
     <span class='ocr_line' id='line_1_12' title="bbox 455 951 2117 1027; baseline 0 -19"><span class='ocrx_word' id='word_1_76' title='bbox 455 957 676 1008; x_wconf 88' lang='lat' dir='ltr'>terram</span> <span class='ocrx_word' id='word_1_77' title='bbox 707 951 872 1007; x_wconf 87' lang='lat' dir='ltr'>illam</span> <span class='ocrx_word' id='word_1_78' title='bbox 911 952 1287 1008; x_wconf 81' lang='lat' dir='ltr'>introductus</span> <span class='ocrx_word' id='word_1_79' title='bbox 1307 967 1430 1008; x_wconf 91' lang='lat' dir='ltr'>non</span> <span class='ocrx_word' id='word_1_80' title='bbox 1459 957 1568 1009; x_wconf 90' lang='lat' dir='ltr'>est.</span> <span class='ocrx_word' id='word_1_81' title='bbox 1593 953 1872 1026; x_wconf 86' lang='lat' dir='ltr'>Alioquin</span> <span class='ocrx_word' id='word_1_82' title='bbox 1909 969 2117 1027; x_wconf 86' lang='lat' dir='ltr'>preces</span> 
     </span>
    </p>
   </div>
   <div class='ocr_carea' id='block_1_13' title="bbox 458 1040 2118 1116">
    <p class='ocr_par' dir='ltr' id='par_1_13' title="bbox 458 1040 2118 1116">
     <span class='ocr_line' id='line_1_13' title="bbox 458 1040 2118 1116; baseline 0.001 -20"><span class='ocrx_word' id='word_1_83' title='bbox 458 1041 730 1112; x_wconf 86' lang='lat' dir='ltr'>ejusdem</span> <span class='ocrx_word' id='word_1_84' title='bbox 760 1040 944 1112; x_wconf 83' lang='lat' dir='ltr'>Moysi</span> <span class='ocrx_word' id='word_1_85' title='bbox 965 1043 1274 1112; x_wconf 86' lang='lat' dir='ltr'>quomodo</span> <span class='ocrx_word' id='word_1_86' title='bbox 1294 1047 1490 1097; x_wconf 84' lang='lat' dir='ltr'>essent</span> <span class='ocrx_word' id='word_1_87' title='bbox 1517 1042 1829 1110; x_wconf 72' lang='lat' dir='ltr'>exauditae,</span> <span class='ocrx_word' id='word_1_88' title='bbox 1853 1042 2118 1116; x_wconf 88' lang='lat' dir='ltr'>quicum</span> 
     </span>
    </p>
   </div>
   <div class='ocr_carea' id='block_1_14' title="bbox 461 1128 2118 1202">
    <p class='ocr_par' dir='ltr' id='par_1_14' title="bbox 461 1128 2118 1202">
     <span class='ocr_line' id='line_1_14' title="bbox 461 1128 2118 1202; baseline 0.001 -17"><span class='ocrx_word' id='word_1_89' title='bbox 461 1135 656 1186; x_wconf 90' lang='lat' dir='ltr'>oraret</span> <span class='ocrx_word' id='word_1_90' title='bbox 677 1133 740 1184; x_wconf 91' lang='lat' dir='ltr'>ut</span> <span class='ocrx_word' id='word_1_91' title='bbox 759 1128 1079 1184; x_wconf 82' lang='lat' dir='ltr'>dimitteret</span> <span class='ocrx_word' id='word_1_92' title='bbox 1107 1128 1190 1183; x_wconf 91' lang='lat' dir='ltr'>eis</span> <span class='ocrx_word' id='word_1_93' title='bbox 1221 1131 1370 1184; x_wconf 89' lang='lat' dir='ltr'>Deus</span> <span class='ocrx_word' id='word_1_94' title='bbox 1421 1134 1735 1202; x_wconf 88' lang='lat' dir='ltr'>peccatum</span> <span class='ocrx_word' id='word_1_95' title='bbox 1769 1147 1968 1201; x_wconf 89' lang='lat' dir='ltr'>suum,</span> <span class='ocrx_word' id='word_1_96' title='bbox 2010 1147 2118 1186; x_wconf 87' lang='lat' dir='ltr'>au-</span> 
     </span>
    </p>
   </div>
   <div class='ocr_carea' id='block_1_15' title="bbox 461 1217 2118 1278">
    <p class='ocr_par' dir='ltr' id='par_1_15' title="bbox 461 1217 2118 1278">
     <span class='ocr_line' id='line_1_15' title="bbox 461 1217 2118 1278; baseline 0.003 -5"><span class='ocrx_word' id='word_1_97' title='bbox 461 1217 588 1273; x_wconf 90' lang='lat' dir='ltr'>dire</span> <span class='ocrx_word' id='word_1_98' title='bbox 641 1217 906 1273; x_wconf 90' lang='lat' dir='ltr'>meruit:</span> <span class='ocrx_word' id='word_1_99' title='bbox 973 1219 1215 1273; x_wconf 81' lang='lat' dir='ltr'>Faciam</span> <span class='ocrx_word' id='word_1_100' title='bbox 1281 1219 1608 1276; x_wconf 86' lang='lat' dir='ltr'>secundum</span> <span class='ocrx_word' id='word_1_101' title='bbox 1655 1221 1897 1276; x_wconf 83' lang='lat' dir='ltr'>verbum</span> <span class='ocrx_word' id='word_1_102' title='bbox 1951 1227 2118 1278; x_wconf 86' lang='lat' dir='ltr'>tuum</span> 
     </span>
    </p>
   </div>
   <div class='ocr_carea' id='block_1_16' title="bbox 463 1305 2122 1380">
    <p class='ocr_par' dir='ltr' id='par_1_16' title="bbox 463 1305 2122 1380">
     <span class='ocr_line' id='line_1_16' title="bbox 463 1305 2122 1380; baseline 0.002 -18"><span class='ocrx_word' id='word_1_103' title='bbox 463 1307 682 1380; x_wconf 68' lang='lat' dir='ltr'>(Exod.</span> <span class='ocrx_word' id='word_1_104' title='bbox 721 1321 846 1374; x_wconf 71' lang='lat' dir='ltr'>vnn,</span> <span class='ocrx_word' id='word_1_105' title='bbox 885 1309 990 1370; x_wconf 89' lang='grc'>10).</span> <span class='ocrx_word' id='word_1_106' title='bbox 1049 1305 1318 1362; x_wconf 88' lang='lat' dir='ltr'>Sciamus</span> <span class='ocrx_word' id='word_1_107' title='bbox 1345 1305 1524 1376; x_wconf 80' lang='lat' dir='ltr'>igitur</span> <span class='ocrx_word' id='word_1_108' title='bbox 1555 1307 1654 1363; x_wconf 89' lang='lat' dir='ltr'>Dei</span> <span class='ocrx_word' id='word_1_109' title='bbox 1705 1309 2016 1366; x_wconf 86' lang='lat' dir='ltr'>scientiam</span> <span class='ocrx_word' id='word_1_110' title='bbox 2058 1310 2122 1365; x_wconf 90' lang='lat' dir='ltr'>in</span> 
     </span>
    </p>
   </div>
   <div class='ocr_carea' id='block_1_17' title="bbox 461 1393 2123 1468">
    <p class='ocr_par' dir='ltr' id='par_1_17' title="bbox 461 1393 2123 1468">
     <span class='ocr_line' id='line_1_17' title="bbox 461 1393 2123 1468; baseline 0.004 -19"><span class='ocrx_word' id='word_1_111' title='bbox 461 1395 616 1450; x_wconf 86' lang='lat' dir='ltr'>ﬁlios</span> <span class='ocrx_word' id='word_1_112' title='bbox 639 1395 730 1450; x_wconf 89' lang='lat' dir='ltr'>vel</span> <span class='ocrx_word' id='word_1_113' title='bbox 759 1393 1020 1450; x_wconf 89' lang='lat' dir='ltr'>famulos</span> <span class='ocrx_word' id='word_1_114' title='bbox 1045 1410 1168 1450; x_wconf 90' lang='lat' dir='ltr'>non</span> <span class='ocrx_word' id='word_1_115' title='bbox 1197 1395 1591 1466; x_wconf 88' lang='lat' dir='ltr'>perditionem</span> <span class='ocrx_word' id='word_1_116' title='bbox 1615 1413 1767 1468; x_wconf 90' lang='lat' dir='ltr'>esse,</span> <span class='ocrx_word' id='word_1_117' title='bbox 1796 1398 1898 1454; x_wconf 90' lang='lat' dir='ltr'>sed</span> <span class='ocrx_word' id='word_1_118' title='bbox 1922 1414 2123 1454; x_wconf 85' lang='lat' dir='ltr'>emen-</span> 
     </span>
    </p>
   </div>
   <div class='ocr_carea' id='block_1_18' title="bbox 464 1483 2126 1560">
    <p class='ocr_par' dir='ltr' id='par_1_18' title="bbox 464 1483 2126 1560">
     <span class='ocr_line' id='line_1_18' title="bbox 464 1483 2126 1560; baseline 0.003 -22"><span class='ocrx_word' id='word_1_119' title='bbox 464 1483 790 1539; x_wconf 87' lang='lat' dir='ltr'>dationem.</span> <span class='ocrx_word' id='word_1_120' title='bbox 825 1483 1150 1554; x_wconf 86' lang='lat' dir='ltr'>Hucusque</span> <span class='ocrx_word' id='word_1_121' title='bbox 1179 1483 1598 1556; x_wconf 85' lang='lat' dir='ltr'>Hieronymus.</span> <span class='ocrx_word' id='word_1_122' title='bbox 1624 1486 1771 1542; x_wconf 87' lang='lat' dir='ltr'>Hinc</span> <span class='ocrx_word' id='word_1_123' title='bbox 1815 1503 1921 1560; x_wconf 93' lang='lat' dir='ltr'>per</span> <span class='ocrx_word' id='word_1_124' title='bbox 1960 1503 2126 1543; x_wconf 87' lang='lat' dir='ltr'>eum-</span> 
     </span>
    </p>
   </div>
   <div class='ocr_carea' id='block_1_19' title="bbox 2223 325 3892 398">
    <p class='ocr_par' dir='ltr' id='par_1_19' title="bbox 2223 325 3892 398">
     <span class='ocr_line' id='line_1_19' title="bbox 2223 325 3892 398; baseline 0 -16"><span class='ocrx_word' id='word_1_125' title='bbox 2223 325 2640 382; x_wconf 89' lang='lat' dir='ltr'>secretioribus</span> <span class='ocrx_word' id='word_1_126' title='bbox 2669 326 2890 384; x_wconf 86' lang='lat' dir='ltr'>ventris</span> <span class='ocrx_word' id='word_1_127' title='bbox 2919 325 3212 396; x_wconf 77' lang='lat' dir='ltr'>angustiae</span> <span class='ocrx_word' id='word_1_128' title='bbox 3242 327 3402 390; x_wconf 88' lang='lat' dir='ltr'>sunt,</span> <span class='ocrx_word' id='word_1_129' title='bbox 3431 341 3566 398; x_wconf 69' lang='lat' dir='ltr'>quae</span> <span class='ocrx_word' id='word_1_130' title='bbox 3606 325 3681 382; x_wconf 90' lang='lat' dir='ltr'>de</span> <span class='ocrx_word' id='word_1_131' title='bbox 3725 331 3892 382; x_wconf 85' lang='lat' dir='ltr'>exte-</span> 
     </span>
    </p>
   </div>
   <div class='ocr_carea' id='block_1_20' title="bbox 2221 415 3894 486">
    <p class='ocr_par' dir='ltr' id='par_1_20' title="bbox 2221 415 3894 486">
     <span class='ocr_line' id='line_1_20' title="bbox 2221 415 3894 486; baseline 0 -14"><span class='ocrx_word' id='word_1_132' title='bbox 2221 415 2364 472; x_wconf 90' lang='lat' dir='ltr'>riori</span> <span class='ocrx_word' id='word_1_133' title='bbox 2417 415 2736 472; x_wconf 77' lang='lat' dir='ltr'>afﬂictione</span> <span class='ocrx_word' id='word_1_134' title='bbox 2787 419 3166 486; x_wconf 84' lang='lat' dir='ltr'>generantur.</span> <span class='ocrx_word' id='word_1_135' title='bbox 3221 415 3651 486; x_wconf 75' lang='lat' dir='ltr'>Abstergentur</span> <span class='ocrx_word' id='word_1_136' title='bbox 3704 415 3894 486; x_wconf 81' lang='lat' dir='ltr'>igitur</span> 
     </span>
    </p>
   </div>
   <div class='ocr_carea' id='block_1_21' title="bbox 2224 503 3893 578">
    <p class='ocr_par' dir='ltr' id='par_1_21' title="bbox 2224 503 3893 578">
     <span class='ocr_line' id='line_1_21' title="bbox 2224 503 3893 578; baseline 0 -18"><span class='ocrx_word' id='word_1_137' title='bbox 2224 504 2409 577; x_wconf 90' lang='lat' dir='ltr'>mala,</span> <span class='ocrx_word' id='word_1_138' title='bbox 2434 510 2491 562; x_wconf 90' lang='lat' dir='ltr'>et</span> <span class='ocrx_word' id='word_1_139' title='bbox 2525 505 2676 562; x_wconf 89' lang='lat' dir='ltr'>livor</span> <span class='ocrx_word' id='word_1_140' title='bbox 2725 505 2992 562; x_wconf 89' lang='lat' dir='ltr'>vulneris</span> <span class='ocrx_word' id='word_1_141' title='bbox 3033 508 3091 561; x_wconf 89' lang='lat' dir='ltr'>et</span> <span class='ocrx_word' id='word_1_142' title='bbox 3119 503 3317 578; x_wconf 65' lang='lat' dir='ltr'>plagis</span> <span class='ocrx_word' id='word_1_143' title='bbox 3365 503 3424 560; x_wconf 93' lang='lat' dir='ltr'>in</span> <span class='ocrx_word' id='word_1_144' title='bbox 3457 504 3893 562; x_wconf 86' lang='lat' dir='ltr'>secretioribus</span> 
     </span>
    </p>
   </div>
   <div class='ocr_carea' id='block_1_22' title="bbox 2223 593 3898 668">
    <p class='ocr_par' dir='ltr' id='par_1_22' title="bbox 2223 593 3898 668">
     <span class='ocr_line' id='line_1_22' title="bbox 2223 593 3898 668; baseline 0 -18"><span class='ocrx_word' id='word_1_145' title='bbox 2223 595 2466 663; x_wconf 89' lang='lat' dir='ltr'>ventris,</span> <span class='ocrx_word' id='word_1_146' title='bbox 2499 595 2644 667; x_wconf 88' lang='lat' dir='ltr'>quia</span> <span class='ocrx_word' id='word_1_147' title='bbox 2695 593 3013 668; x_wconf 86' lang='lat' dir='ltr'>disciplina</span> <span class='ocrx_word' id='word_1_148' title='bbox 3061 593 3312 651; x_wconf 81' lang='lat' dir='ltr'>exterior</span> <span class='ocrx_word' id='word_1_149' title='bbox 3367 593 3574 667; x_wconf 89' lang='lat' dir='ltr'>culpas</span> <span class='ocrx_word' id='word_1_150' title='bbox 3604 593 3804 662; x_wconf 90' lang='lat' dir='ltr'>diluit,</span> <span class='ocrx_word' id='word_1_151' title='bbox 3837 597 3898 650; x_wconf 89' lang='lat' dir='ltr'>et</span> 
     </span>
    </p>
   </div>
   <div class='ocr_carea' id='block_1_23' title="bbox 2224 682 3896 757">
    <p class='ocr_par' dir='ltr' id='par_1_23' title="bbox 2224 682 3896 757">
     <span class='ocr_line' id='line_1_23' title="bbox 2224 682 3896 757; baseline 0 -19"><span class='ocrx_word' id='word_1_152' title='bbox 2224 687 2534 740; x_wconf 85' lang='lat' dir='ltr'>extensam</span> <span class='ocrx_word' id='word_1_153' title='bbox 2553 683 2753 757; x_wconf 89' lang='lat' dir='ltr'>pravis</span> <span class='ocrx_word' id='word_1_154' title='bbox 2779 682 3244 756; x_wconf 83' lang='lat' dir='ltr'>cogitationibus</span> <span class='ocrx_word' id='word_1_155' title='bbox 3265 685 3528 740; x_wconf 82' lang='lat' dir='ltr'>mentem</span> <span class='ocrx_word' id='word_1_156' title='bbox 3549 698 3896 757; x_wconf 91' lang='lat' dir='ltr'>compunc-</span> 
     </span>
    </p>
   </div>
   <div class='ocr_carea' id='block_1_24' title="bbox 2225 771 3898 846">
    <p class='ocr_par' dir='ltr' id='par_1_24' title="bbox 2225 771 3898 846">
     <span class='ocr_line' id='line_1_24' title="bbox 2225 771 3898 846; baseline -0.001 -18"><span class='ocrx_word' id='word_1_157' title='bbox 2225 772 2306 829; x_wconf 89' lang='lat' dir='ltr'>tio</span> <span class='ocrx_word' id='word_1_158' title='bbox 2346 771 2437 828; x_wconf 90' lang='lat' dir='ltr'>vel</span> <span class='ocrx_word' id='word_1_159' title='bbox 2465 772 2806 829; x_wconf 85' lang='lat' dir='ltr'>amaritudo</span> <span class='ocrx_word' id='word_1_160' title='bbox 2835 777 3072 828; x_wconf 64' lang='lat' dir='ltr'>aeternae</span> <span class='ocrx_word' id='word_1_161' title='bbox 3119 771 3520 846; x_wconf 88' lang='lat' dir='ltr'>percussionis</span> <span class='ocrx_word' id='word_1_162' title='bbox 3566 771 3898 842; x_wconf 86' lang='lat' dir='ltr'>transﬁgit.</span> 
     </span>
    </p>
   </div>
   <div class='ocr_carea' id='block_1_25' title="bbox 2229 860 3904 934">
    <p class='ocr_par' dir='ltr' id='par_1_25' title="bbox 2229 860 3904 934">
     <span class='ocr_line' id='line_1_25' title="bbox 2229 860 3904 934; baseline -0.001 -16"><span class='ocrx_word' id='word_1_163' title='bbox 2229 863 2480 918; x_wconf 90' lang='lat' dir='ltr'>Sanctus</span> <span class='ocrx_word' id='word_1_164' title='bbox 2511 861 2887 934; x_wconf 77' lang='lat' dir='ltr'>Hieronymus</span> <span class='ocrx_word' id='word_1_165' title='bbox 2939 861 3000 918; x_wconf 91' lang='lat' dir='ltr'>in</span> <span class='ocrx_word' id='word_1_166' title='bbox 3039 860 3293 934; x_wconf 90' lang='lat' dir='ltr'>epistola</span> <span class='ocrx_word' id='word_1_167' title='bbox 3322 860 3401 916; x_wconf 90' lang='lat' dir='ltr'>ad</span> <span class='ocrx_word' id='word_1_168' title='bbox 3443 861 3778 932; x_wconf 83' lang='lat' dir='ltr'>Rusticum,</span> <span class='ocrx_word' id='word_1_169' title='bbox 3809 875 3904 917; x_wconf 89' lang='lat' dir='ltr'>re-</span> 
     </span>
    </p>
   </div>
   <div class='ocr_carea' id='block_1_26' title="bbox 2227 948 3908 1022">
    <p class='ocr_par' dir='ltr' id='par_1_26' title="bbox 2227 948 3908 1022">
     <span class='ocr_line' id='line_1_26' title="bbox 2227 948 3908 1022; baseline 0 -18"><span class='ocrx_word' id='word_1_170' title='bbox 2227 949 2336 1004; x_wconf 87' lang='lat' dir='ltr'>fert</span> <span class='ocrx_word' id='word_1_171' title='bbox 2357 949 2686 1022; x_wconf 90' lang='lat' dir='ltr'>quemdam</span> <span class='ocrx_word' id='word_1_172' title='bbox 2710 949 3151 1006; x_wconf 83' lang='lat' dir='ltr'>adolescentem</span> <span class='ocrx_word' id='word_1_173' title='bbox 3181 948 3242 1004; x_wconf 92' lang='lat' dir='ltr'>in</span> <span class='ocrx_word' id='word_1_174' title='bbox 3267 949 3542 1005; x_wconf 64' lang='lat' dir='ltr'>coenobio</span> <span class='ocrx_word' id='word_1_175' title='bbox 3563 949 3774 1018; x_wconf 88' lang='lat' dir='ltr'>fuisse,</span> <span class='ocrx_word' id='word_1_176' title='bbox 3789 949 3908 1022; x_wconf 87' lang='lat' dir='ltr'>qui</span> 
     </span>
    </p>
   </div>
   <div class='ocr_carea' id='block_1_27' title="bbox 2225 1036 3904 1111">
    <p class='ocr_par' dir='ltr' id='par_1_27' title="bbox 2225 1036 3904 1111">
     <span class='ocr_line' id='line_1_27' title="bbox 2225 1036 3904 1111; baseline 0.002 -19"><span class='ocrx_word' id='word_1_177' title='bbox 2225 1036 2393 1094; x_wconf 90' lang='lat' dir='ltr'>nulla</span> <span class='ocrx_word' id='word_1_178' title='bbox 2417 1037 2786 1094; x_wconf 74' lang='lat' dir='ltr'>abstinentiae</span> <span class='ocrx_word' id='word_1_179' title='bbox 2808 1037 2902 1094; x_wconf 90' lang='lat' dir='ltr'>vel</span> <span class='ocrx_word' id='word_1_180' title='bbox 2928 1038 3128 1111; x_wconf 89' lang='lat' dir='ltr'>operis</span> <span class='ocrx_word' id='word_1_181' title='bbox 3143 1037 3554 1107; x_wconf 86' lang='lat' dir='ltr'>magnitudine</span> <span class='ocrx_word' id='word_1_182' title='bbox 3573 1037 3904 1094; x_wconf 84' lang='lat' dir='ltr'>ﬂammam</span> 
     </span>
    </p>
   </div>
   <div class='ocr_carea' id='block_1_28' title="bbox 2225 1126 3906 1200">
    <p class='ocr_par' dir='ltr' id='par_1_28' title="bbox 2225 1126 3906 1200">
     <span class='ocr_line' id='line_1_28' title="bbox 2225 1126 3906 1200; baseline 0.001 -19"><span class='ocrx_word' id='word_1_183' title='bbox 2225 1129 2458 1200; x_wconf 87' lang='lat' dir='ltr'>poterat</span> <span class='ocrx_word' id='word_1_184' title='bbox 2481 1126 2677 1182; x_wconf 90' lang='lat' dir='ltr'>carnis</span> <span class='ocrx_word' id='word_1_185' title='bbox 2704 1127 3108 1198; x_wconf 86' lang='lat' dir='ltr'>exstinguere,</span> <span class='ocrx_word' id='word_1_186' title='bbox 3139 1142 3322 1199; x_wconf 74' lang='lat' dir='ltr'>quem</span> <span class='ocrx_word' id='word_1_187' title='bbox 3375 1132 3545 1199; x_wconf 89' lang='lat' dir='ltr'>pater</span> <span class='ocrx_word' id='word_1_188' title='bbox 3585 1131 3906 1184; x_wconf 90' lang='lat' dir='ltr'>monaste-</span> 
     </span>
    </p>
   </div>
   <div class='ocr_carea' id='block_1_29' title="bbox 2229 1215 3910 1290">
    <p class='ocr_par' dir='ltr' id='par_1_29' title="bbox 2229 1215 3910 1290">
     <span class='ocr_line' id='line_1_29' title="bbox 2229 1215 3910 1290; baseline 0.001 -20"><span class='ocrx_word' id='word_1_189' title='bbox 2229 1215 2296 1270; x_wconf 91' lang='lat' dir='ltr'>rii</span> <span class='ocrx_word' id='word_1_190' title='bbox 2327 1215 2582 1272; x_wconf 85' lang='lat' dir='ltr'>servavit</span> <span class='ocrx_word' id='word_1_191' title='bbox 2609 1215 2722 1272; x_wconf 88' lang='lat' dir='ltr'>hac</span> <span class='ocrx_word' id='word_1_192' title='bbox 2767 1221 2910 1272; x_wconf 89' lang='lat' dir='ltr'>arte.</span> <span class='ocrx_word' id='word_1_193' title='bbox 2969 1216 3220 1274; x_wconf 88' lang='lat' dir='ltr'>Cuidam</span> <span class='ocrx_word' id='word_1_194' title='bbox 3241 1215 3316 1272; x_wconf 93' lang='lat' dir='ltr'>de</span> <span class='ocrx_word' id='word_1_195' title='bbox 3343 1215 3676 1272; x_wconf 87' lang='lat' dir='ltr'>senioribus</span> <span class='ocrx_word' id='word_1_196' title='bbox 3707 1217 3910 1290; x_wconf 81' lang='lat' dir='ltr'>impe-</span> 
     </span>
    </p>
   </div>
   <div class='ocr_carea' id='block_1_30' title="bbox 2227 1303 3910 1377">
    <p class='ocr_par' dir='ltr' id='par_1_30' title="bbox 2227 1303 3910 1377">
     <span class='ocr_line' id='line_1_30' title="bbox 2227 1303 3910 1377; baseline 0.002 -17"><span class='ocrx_word' id='word_1_197' title='bbox 2227 1303 2402 1371; x_wconf 89' lang='lat' dir='ltr'>ravit,</span> <span class='ocrx_word' id='word_1_198' title='bbox 2435 1309 2501 1361; x_wconf 90' lang='lat' dir='ltr'>ut</span> <span class='ocrx_word' id='word_1_199' title='bbox 2531 1305 2694 1361; x_wconf 92' lang='lat' dir='ltr'>hunc</span> <span class='ocrx_word' id='word_1_200' title='bbox 2723 1321 2791 1362; x_wconf 75' lang='lat' dir='ltr'>ex</span> <span class='ocrx_word' id='word_1_201' title='bbox 2821 1305 3122 1362; x_wconf 89' lang='lat' dir='ltr'>industria</span> <span class='ocrx_word' id='word_1_202' title='bbox 3143 1305 3366 1362; x_wconf 89' lang='lat' dir='ltr'>crebris</span> <span class='ocrx_word' id='word_1_203' title='bbox 3410 1305 3639 1377; x_wconf 86' lang='lat' dir='ltr'>injuriis</span> <span class='ocrx_word' id='word_1_204' title='bbox 3687 1306 3910 1376; x_wconf 86' lang='lat' dir='ltr'>fatiga-</span> 
     </span>
    </p>
   </div>
   <div class='ocr_carea' id='block_1_31' title="bbox 2229 1393 3910 1468">
    <p class='ocr_par' dir='ltr' id='par_1_31' title="bbox 2229 1393 3910 1468">
     <span class='ocr_line' id='line_1_31' title="bbox 2229 1393 3910 1468; baseline 0.002 -19"><span class='ocrx_word' id='word_1_205' title='bbox 2229 1397 2336 1466; x_wconf 90' lang='lat' dir='ltr'>ret,</span> <span class='ocrx_word' id='word_1_206' title='bbox 2368 1411 2552 1466; x_wconf 90' lang='lat' dir='ltr'>quem</span> <span class='ocrx_word' id='word_1_207' title='bbox 2596 1410 2758 1450; x_wconf 90' lang='lat' dir='ltr'>anno</span> <span class='ocrx_word' id='word_1_208' title='bbox 2814 1395 2946 1466; x_wconf 88' lang='lat' dir='ltr'>jam</span> <span class='ocrx_word' id='word_1_209' title='bbox 2998 1395 3193 1451; x_wconf 88' lang='lat' dir='ltr'>taliter</span> <span class='ocrx_word' id='word_1_210' title='bbox 3220 1393 3454 1468; x_wconf 86' lang='lat' dir='ltr'>expleto</span> <span class='ocrx_word' id='word_1_211' title='bbox 3497 1397 3670 1450; x_wconf 87' lang='lat' dir='ltr'>Pater</span> <span class='ocrx_word' id='word_1_212' title='bbox 3707 1395 3910 1467; x_wconf 86' lang='lat' dir='ltr'>pristi-</span> 
     </span>
    </p>
   </div>
   <div class='ocr_carea' id='block_1_32' title="bbox 2229 1483 3906 1554">
    <p class='ocr_par' dir='ltr' id='par_1_32' title="bbox 2229 1483 3906 1554">
     <span class='ocr_line' id='line_1_32' title="bbox 2229 1483 3906 1554; baseline 0.001 -16"><span class='ocrx_word' id='word_1_213' title='bbox 2229 1499 2341 1539; x_wconf 91' lang='lat' dir='ltr'>nas</span> <span class='ocrx_word' id='word_1_214' title='bbox 2383 1483 2772 1553; x_wconf 81' lang='lat' dir='ltr'>cogitationes</span> <span class='ocrx_word' id='word_1_215' title='bbox 2818 1483 3164 1551; x_wconf 84' lang='lat' dir='ltr'>interrogat.</span> <span class='ocrx_word' id='word_1_216' title='bbox 3213 1487 3284 1539; x_wconf 78' lang='lat' dir='ltr'>At</span> <span class='ocrx_word' id='word_1_217' title='bbox 3349 1483 3473 1538; x_wconf 92' lang='lat' dir='ltr'>ille:</span> <span class='ocrx_word' id='word_1_218' title='bbox 3535 1483 3768 1554; x_wconf 88' lang='lat' dir='ltr'>Vivere,</span> <span class='ocrx_word' id='word_1_219' title='bbox 3813 1484 3906 1540; x_wconf 91' lang='lat' dir='ltr'>in-</span> 
     </span>
    </p>
   </div>
   <div class='ocr_carea' id='block_1_33' title="bbox 464 1570 3908 1648">
    <p class='ocr_par' dir='ltr' id='par_1_33' title="bbox 464 1570 3908 1648">
     <span class='ocr_line' id='line_1_33' title="bbox 464 1570 3908 1648; baseline 0.001 -23"><span class='ocrx_word' id='word_1_220' title='bbox 464 1571 605 1627; x_wconf 90' lang='lat' dir='ltr'>dem</span> <span class='ocrx_word' id='word_1_221' title='bbox 637 1571 994 1644; x_wconf 84' lang='lat' dir='ltr'>prophetam</span> <span class='ocrx_word' id='word_1_222' title='bbox 1025 1570 1272 1626; x_wconf 88' lang='lat' dir='ltr'>dicitur:</span> <span class='ocrx_word' id='word_1_223' title='bbox 1311 1572 1452 1628; x_wconf 88' lang='lat' dir='ltr'>Vivo</span> <span class='ocrx_word' id='word_1_224' title='bbox 1482 1587 1609 1644; x_wconf 82' lang='lat' dir='ltr'>ego,</span> <span class='ocrx_word' id='word_1_225' title='bbox 1638 1575 1782 1631; x_wconf 88' lang='lat' dir='ltr'>dicit</span> <span class='ocrx_word' id='word_1_226' title='bbox 1809 1578 2119 1648; x_wconf 82' lang='lat' dir='ltr'>Dominus,</span> <span class='ocrx_word' id='word_1_227' title='bbox 2149 1587 2191 1641; x_wconf 79' lang='grc' dir='ltr'>Β</span> <span class='ocrx_word' id='word_1_228' title='bbox 2229 1571 2378 1644; x_wconf 85' lang='lat' dir='ltr'>quit,</span> <span class='ocrx_word' id='word_1_229' title='bbox 2403 1572 2548 1628; x_wconf 90' lang='lat' dir='ltr'>mihi</span> <span class='ocrx_word' id='word_1_230' title='bbox 2577 1588 2702 1627; x_wconf 92' lang='lat' dir='ltr'>non</span> <span class='ocrx_word' id='word_1_231' title='bbox 2731 1572 2884 1642; x_wconf 91' lang='lat' dir='ltr'>licet,</span> <span class='ocrx_word' id='word_1_232' title='bbox 2916 1575 2972 1628; x_wconf 90' lang='lat' dir='ltr'>et</span> <span class='ocrx_word' id='word_1_233' title='bbox 3003 1571 3280 1627; x_wconf 87' lang='lat' dir='ltr'>fornicari</span> <span class='ocrx_word' id='word_1_234' title='bbox 3299 1571 3524 1628; x_wconf 88' lang='lat' dir='ltr'>liberet.</span> <span class='ocrx_word' id='word_1_235' title='bbox 3557 1571 3662 1627; x_wconf 88' lang='lat' dir='ltr'>Hic</span> <span class='ocrx_word' id='word_1_236' title='bbox 3695 1572 3908 1646; x_wconf 89' lang='lat' dir='ltr'>itaque</span> 
     </span>
    </p>
   </div>
   <div class='ocr_carea' id='block_1_34' title="bbox 465 1659 2122 1729">
    <p class='ocr_par' dir='ltr' id='par_1_34' title="bbox 465 1659 2122 1729">
     <span class='ocr_line' id='line_1_34' title="bbox 465 1659 2122 1729; baseline 0.005 -14"><span class='ocrx_word' id='word_1_237' title='bbox 465 1677 586 1716; x_wconf 83' lang='lat' dir='ltr'>non</span> <span class='ocrx_word' id='word_1_238' title='bbox 613 1659 712 1728; x_wconf 81' lang='lat' dir='ltr'>ﬁet</span> <span class='ocrx_word' id='word_1_239' title='bbox 737 1661 1018 1729; x_wconf 81' lang='lat' dir='ltr'>cogitatio</span> <span class='ocrx_word' id='word_1_240' title='bbox 1045 1662 1256 1716; x_wconf 86' lang='lat' dir='ltr'>mentis</span> <span class='ocrx_word' id='word_1_241' title='bbox 1295 1667 1506 1717; x_wconf 65' lang='lat' dir='ltr'>vestrm</span> <span class='ocrx_word' id='word_1_242' title='bbox 1547 1664 1916 1722; x_wconf 81' lang='lat' dir='ltr'>dicentium:</span> <span class='ocrx_word' id='word_1_243' title='bbox 1944 1666 2122 1723; x_wconf 88' lang='lat' dir='ltr'>Cola-</span> 
     </span>
    </p>
   </div>
   <div class='ocr_carea' id='block_1_35' title="bbox 465 1748 2129 1824">
    <p class='ocr_par' dir='ltr' id='par_1_35' title="bbox 465 1748 2129 1824">
     <span class='ocr_line' id='line_1_35' title="bbox 465 1748 2129 1824; baseline 0.005 -21"><span class='ocrx_word' id='word_1_244' title='bbox 465 1764 598 1804; x_wconf 87' lang='lat' dir='ltr'>mus</span> <span class='ocrx_word' id='word_1_245' title='bbox 631 1748 820 1818; x_wconf 86' lang='lat' dir='ltr'>ligna,</span> <span class='ocrx_word' id='word_1_246' title='bbox 851 1753 906 1803; x_wconf 88' lang='lat' dir='ltr'>et</span> <span class='ocrx_word' id='word_1_247' title='bbox 937 1749 1186 1817; x_wconf 79' lang='lat' dir='ltr'>lapides,</span> <span class='ocrx_word' id='word_1_248' title='bbox 1226 1751 1368 1820; x_wconf 86' lang='lat' dir='ltr'>quia</span> <span class='ocrx_word' id='word_1_249' title='bbox 1407 1751 1470 1806; x_wconf 88' lang='lat' dir='ltr'>in</span> <span class='ocrx_word' id='word_1_250' title='bbox 1517 1768 1704 1808; x_wconf 87' lang='lat' dir='ltr'>manu</span> <span class='ocrx_word' id='word_1_251' title='bbox 1731 1755 1886 1824; x_wconf 79' lang='lat' dir='ltr'>forti</span> <span class='ocrx_word' id='word_1_252' title='bbox 1907 1761 1960 1812; x_wconf 88' lang='lat' dir='ltr'>et</span> <span class='ocrx_word' id='word_1_253' title='bbox 1995 1757 2129 1812; x_wconf 85' lang='lat' dir='ltr'>bra-</span> 
     </span>
    </p>
   </div>
   <div class='ocr_carea' id='block_1_36' title="bbox 469 1838 2129 1914">
    <p class='ocr_par' dir='ltr' id='par_1_36' title="bbox 469 1838 2129 1914">
     <span class='ocr_line' id='line_1_36' title="bbox 469 1838 2129 1914; baseline 0.005 -20"><span class='ocrx_word' id='word_1_254' title='bbox 469 1838 602 1894; x_wconf 85' lang='lat' dir='ltr'>chio</span> <span class='ocrx_word' id='word_1_255' title='bbox 637 1843 895 1905; x_wconf 72' lang='lat' dir='ltr'>extento,</span> <span class='ocrx_word' id='word_1_256' title='bbox 950 1844 1007 1895; x_wconf 92' lang='lat' dir='ltr'>et</span> <span class='ocrx_word' id='word_1_257' title='bbox 1049 1841 1112 1895; x_wconf 83' lang='lat' dir='ltr'>in</span> <span class='ocrx_word' id='word_1_258' title='bbox 1161 1841 1374 1909; x_wconf 83' lang='lat' dir='ltr'>furore</span> <span class='ocrx_word' id='word_1_259' title='bbox 1403 1843 1664 1912; x_wconf 85' lang='lat' dir='ltr'>regnabo</span> <span class='ocrx_word' id='word_1_260' title='bbox 1714 1860 1895 1914; x_wconf 83' lang='lat' dir='ltr'>super</span> <span class='ocrx_word' id='word_1_261' title='bbox 1919 1861 2039 1914; x_wconf 88' lang='lat' dir='ltr'>vos,</span> <span class='ocrx_word' id='word_1_262' title='bbox 2073 1853 2129 1903; x_wconf 91' lang='lat' dir='ltr'>et</span> 
     </span>
    </p>
   </div>
   <div class='ocr_carea' id='block_1_37' title="bbox 470 1926 2131 2000">
    <p class='ocr_par' dir='ltr' id='par_1_37' title="bbox 470 1926 2131 2000">
     <span class='ocr_line' id='line_1_37' title="bbox 470 1926 2131 2000; baseline 0.006 -19"><span class='ocrx_word' id='word_1_263' title='bbox 470 1926 780 1996; x_wconf 83' lang='lat' dir='ltr'>subjiciam</span> <span class='ocrx_word' id='word_1_264' title='bbox 813 1942 914 1982; x_wconf 88' lang='lat' dir='ltr'>vos</span> <span class='ocrx_word' id='word_1_265' title='bbox 933 1933 1166 1996; x_wconf 80' lang='lat' dir='ltr'>sceptro</span> <span class='ocrx_word' id='word_1_266' title='bbox 1195 1944 1343 2000; x_wconf 85' lang='lat' dir='ltr'>meo,</span> <span class='ocrx_word' id='word_1_267' title='bbox 1371 1935 1426 1986; x_wconf 89' lang='lat' dir='ltr'>et</span> <span class='ocrx_word' id='word_1_268' title='bbox 1447 1932 1730 1988; x_wconf 81' lang='lat' dir='ltr'>inducam</span> <span class='ocrx_word' id='word_1_269' title='bbox 1761 1949 1860 1989; x_wconf 87' lang='lat' dir='ltr'>vos</span> <span class='ocrx_word' id='word_1_270' title='bbox 1910 1935 1973 1990; x_wconf 86' lang='lat' dir='ltr'>in</span> <span class='ocrx_word' id='word_1_271' title='bbox 2005 1937 2131 1991; x_wconf 81' lang='lat' dir='ltr'>vin-</span> 
     </span>
    </p>
   </div>
   <div class='ocr_carea' id='block_1_38' title="bbox 471 2015 2130 2096">
    <p class='ocr_par' dir='ltr' id='par_1_38' title="bbox 471 2015 2130 2096">
     <span class='ocr_line' id='line_1_38' title="bbox 471 2015 2130 2096; baseline 0.005 -24"><span class='ocrx_word' id='word_1_272' title='bbox 471 2017 623 2072; x_wconf 85' lang='lat' dir='ltr'>culis</span> <span class='ocrx_word' id='word_1_273' title='bbox 653 2017 924 2072; x_wconf 83' lang='lat' dir='ltr'>secundis</span> <span class='ocrx_word' id='word_1_274' title='bbox 955 2015 1190 2088; x_wconf 81' lang='lat' dir='ltr'>(Ezech.</span> <span class='ocrx_word' id='word_1_275' title='bbox 1223 2035 1321 2088; x_wconf 77' lang='lat' dir='ltr'>xx,</span> <span class='ocrx_word' id='word_1_276' title='bbox 1353 2023 1441 2086; x_wconf 96' lang='lat'>32,</span> <span class='ocrx_word' id='word_1_277' title='bbox 1489 2023 1579 2088; x_wconf 87' lang='lat'>33,</span> <span class='ocrx_word' id='word_1_278' title='bbox 1626 2023 1734 2092; x_wconf 89' lang='lat'>37).</span> <span class='ocrx_word' id='word_1_279' title='bbox 1791 2025 1934 2088; x_wconf 82' lang='lat' dir='ltr'>Quae</span> <span class='ocrx_word' id='word_1_280' title='bbox 1986 2041 2130 2096; x_wconf 87' lang='lat' dir='ltr'>ergo</span> 
     </span>
    </p>
   </div>
   <div class='ocr_carea' id='block_1_39' title="bbox 469 2105 2128 2186">
    <p class='ocr_par' dir='ltr' id='par_1_39' title="bbox 469 2105 2128 2186">
     <span class='ocr_line' id='line_1_39' title="bbox 469 2105 2128 2186; baseline 0.005 -25"><span class='ocrx_word' id='word_1_281' title='bbox 469 2105 670 2175; x_wconf 87' lang='lat' dir='ltr'>major</span> <span class='ocrx_word' id='word_1_282' title='bbox 695 2105 935 2172; x_wconf 90' lang='lat' dir='ltr'>utilitas,</span> <span class='ocrx_word' id='word_1_283' title='bbox 965 2121 1153 2177; x_wconf 88' lang='lat' dir='ltr'>quam</span> <span class='ocrx_word' id='word_1_284' title='bbox 1185 2111 1248 2162; x_wconf 90' lang='lat' dir='ltr'>ut</span> <span class='ocrx_word' id='word_1_285' title='bbox 1271 2123 1379 2178; x_wconf 91' lang='lat' dir='ltr'>per</span> <span class='ocrx_word' id='word_1_286' title='bbox 1399 2107 1666 2166; x_wconf 87' lang='lat' dir='ltr'>infusum</span> <span class='ocrx_word' id='word_1_287' title='bbox 1687 2110 1954 2168; x_wconf 88' lang='lat' dir='ltr'>furorem</span> <span class='ocrx_word' id='word_1_288' title='bbox 1988 2130 2128 2186; x_wconf 92' lang='lat' dir='ltr'>pro-</span> 
     </span>
    </p>
   </div>
   <div class='ocr_carea' id='block_1_40' title="bbox 467 2193 2131 2266">
    <p class='ocr_par' dir='ltr' id='par_1_40' title="bbox 467 2193 2131 2266">
     <span class='ocr_line' id='line_1_40' title="bbox 467 2193 2131 2266; baseline 0.006 -17"><span class='ocrx_word' id='word_1_289' title='bbox 467 2193 791 2250; x_wconf 89' lang='lat' dir='ltr'>hibeantur</span> <span class='ocrx_word' id='word_1_290' title='bbox 828 2193 1018 2250; x_wconf 88' lang='lat' dir='ltr'>colere</span> <span class='ocrx_word' id='word_1_291' title='bbox 1047 2193 1303 2266; x_wconf 87' lang='lat' dir='ltr'>lapides,</span> <span class='ocrx_word' id='word_1_292' title='bbox 1337 2201 1394 2252; x_wconf 89' lang='lat' dir='ltr'>et</span> <span class='ocrx_word' id='word_1_293' title='bbox 1445 2196 1630 2266; x_wconf 84' lang='lat' dir='ltr'>ligna,</span> <span class='ocrx_word' id='word_1_294' title='bbox 1677 2205 1733 2255; x_wconf 91' lang='lat' dir='ltr'>et</span> <span class='ocrx_word' id='word_1_295' title='bbox 1765 2199 2131 2258; x_wconf 88' lang='lat' dir='ltr'>inducantur</span> 
     </span>
    </p>
   </div>
   <div class='ocr_carea' id='block_1_41' title="bbox 469 2282 1700 2345">
    <p class='ocr_par' dir='ltr' id='par_1_41' title="bbox 469 2282 1700 2345">
     <span class='ocr_line' id='line_1_41' title="bbox 469 2282 1700 2345; baseline 0.006 -7"><span class='ocrx_word' id='word_1_296' title='bbox 469 2282 532 2338; x_wconf 91' lang='lat' dir='ltr'>in</span> <span class='ocrx_word' id='word_1_297' title='bbox 563 2282 818 2338; x_wconf 87' lang='lat' dir='ltr'>vinculis</span> <span class='ocrx_word' id='word_1_298' title='bbox 849 2283 1130 2338; x_wconf 90' lang='lat' dir='ltr'>secundis</span> <span class='ocrx_word' id='word_1_299' title='bbox 1162 2287 1219 2340; x_wconf 91' lang='lat' dir='ltr'>et</span> <span class='ocrx_word' id='word_1_300' title='bbox 1243 2285 1516 2342; x_wconf 69' lang='lat' dir='ltr'>amicitiae</span> <span class='ocrx_word' id='word_1_301' title='bbox 1552 2289 1650 2344; x_wconf 89' lang='lat' dir='ltr'>Dei</span> <span class='ocrx_word' id='word_1_302' title='bbox 1672 2290 1700 2345; x_wconf 74' lang='lat' dir='ltr'>‘I</span> 
     </span>
    </p>
   </div>
   <div class='ocr_carea' id='block_1_42' title="bbox 541 2371 2126 2446">
    <p class='ocr_par' dir='ltr' id='par_1_42' title="bbox 541 2371 2126 2446">
     <span class='ocr_line' id='line_1_42' title="bbox 541 2371 2126 2446; baseline 0.006 -18"><span class='ocrx_word' id='word_1_303' title='bbox 541 2375 741 2428; x_wconf 83' lang='lat' dir='ltr'>XLVII.</span> <span class='ocrx_word' id='word_1_304' title='bbox 762 2371 966 2428; x_wconf 81' lang='lat' dir='ltr'>Mirum</span> <span class='ocrx_word' id='word_1_305' title='bbox 991 2374 1300 2444; x_wconf 89' lang='lat' dir='ltr'>quomodo</span> <span class='ocrx_word' id='word_1_306' title='bbox 1323 2391 1435 2446; x_wconf 90' lang='lat' dir='ltr'>pro</span> <span class='ocrx_word' id='word_1_307' title='bbox 1453 2379 1868 2435; x_wconf 88' lang='lat' dir='ltr'>conservanda</span> <span class='ocrx_word' id='word_1_308' title='bbox 1893 2397 2126 2437; x_wconf 91' lang='lat' dir='ltr'>morum</span> 
     </span>
    </p>
   </div>
   <div class='ocr_carea' id='block_1_43' title="bbox 467 2460 2132 2540">
    <p class='ocr_par' dir='ltr' id='par_1_43' title="bbox 467 2460 2132 2540">
     <span class='ocr_line' id='line_1_43' title="bbox 467 2460 2132 2540; baseline 0.005 -24"><span class='ocrx_word' id='word_1_309' title='bbox 467 2460 767 2534; x_wconf 87' lang='lat' dir='ltr'>probitate</span> <span class='ocrx_word' id='word_1_310' title='bbox 795 2461 1200 2517; x_wconf 85' lang='lat' dir='ltr'>necessariam</span> <span class='ocrx_word' id='word_1_311' title='bbox 1225 2477 1353 2518; x_wconf 88' lang='lat' dir='ltr'>esse</span> <span class='ocrx_word' id='word_1_312' title='bbox 1385 2465 1732 2522; x_wconf 86' lang='lat' dir='ltr'>exteriorem</span> <span class='ocrx_word' id='word_1_313' title='bbox 1749 2467 2132 2540; x_wconf 82' lang='lat' dir='ltr'>disciplinam</span> 
     </span>
    </p>
   </div>
   <div class='ocr_carea' id='block_1_44' title="bbox 471 2545 2131 2627">
    <p class='ocr_par' dir='ltr' id='par_1_44' title="bbox 471 2545 2131 2627">
     <span class='ocr_line' id='line_1_44' title="bbox 471 2545 2131 2627; baseline 0.008 -27"><span class='ocrx_word' id='word_1_314' title='bbox 471 2545 690 2616; x_wconf 89' lang='lat' dir='ltr'>Scipio,</span> <span class='ocrx_word' id='word_1_315' title='bbox 723 2545 858 2601; x_wconf 90' lang='lat' dir='ltr'>licet</span> <span class='ocrx_word' id='word_1_316' title='bbox 885 2561 1186 2618; x_wconf 86' lang='lat' dir='ltr'>paganus,</span> <span class='ocrx_word' id='word_1_317' title='bbox 1237 2549 1624 2620; x_wconf 78' lang='lat' dir='ltr'>intellexerat,</span> <span class='ocrx_word' id='word_1_318' title='bbox 1673 2555 1774 2627; x_wconf 89' lang='lat' dir='ltr'>qui</span> <span class='ocrx_word' id='word_1_319' title='bbox 1825 2557 2131 2626; x_wconf 82' lang='lat' dir='ltr'>Carthagi-</span> 
     </span>
    </p>
   </div>
   <div class='ocr_carea' id='block_1_45' title="bbox 469 2633 2130 2718">
    <p class='ocr_par' dir='ltr' id='par_1_45' title="bbox 469 2633 2130 2718">
     <span class='ocr_line' id='line_1_45' title="bbox 469 2633 2130 2718; baseline 0.009 -32"><span class='ocrx_word' id='word_1_320' title='bbox 469 2647 611 2687; x_wconf 91' lang='lat' dir='ltr'>nem</span> <span class='ocrx_word' id='word_1_321' title='bbox 641 2633 927 2689; x_wconf 86' lang='lat' dir='ltr'>Romanis</span> <span class='ocrx_word' id='word_1_322' title='bbox 957 2633 1238 2691; x_wconf 86' lang='lat' dir='ltr'>infestam</span> <span class='ocrx_word' id='word_1_323' title='bbox 1261 2637 1340 2693; x_wconf 91' lang='lat' dir='ltr'>ob</span> <span class='ocrx_word' id='word_1_324' title='bbox 1379 2638 1492 2693; x_wconf 92' lang='lat' dir='ltr'>hoc</span> <span class='ocrx_word' id='word_1_325' title='bbox 1537 2640 1778 2697; x_wconf 85' lang='lat' dir='ltr'>nolebat</span> <span class='ocrx_word' id='word_1_326' title='bbox 1801 2643 1973 2710; x_wconf 84' lang='lat' dir='ltr'>dirui,</span> <span class='ocrx_word' id='word_1_327' title='bbox 2008 2661 2130 2718; x_wconf 88' lang='lat' dir='ltr'>quo</span> 
     </span>
    </p>
   </div>
   <div class='ocr_carea' id='block_1_46' title="bbox 467 2719 2132 2794">
    <p class='ocr_par' dir='ltr' id='par_1_46' title="bbox 467 2719 2132 2794">
     <span class='ocr_line' id='line_1_46' title="bbox 467 2719 2132 2794; baseline 0.01 -20"><span class='ocrx_word' id='word_1_328' title='bbox 467 2725 676 2794; x_wconf 88' lang='lat' dir='ltr'>posset</span> <span class='ocrx_word' id='word_1_329' title='bbox 703 2719 782 2776; x_wconf 89' lang='lat' dir='ltr'>ab</span> <span class='ocrx_word' id='word_1_330' title='bbox 812 2721 1040 2778; x_wconf 90' lang='lat' dir='ltr'>eisdem</span> <span class='ocrx_word' id='word_1_331' title='bbox 1091 2726 1374 2782; x_wconf 83' lang='lat' dir='ltr'>Romanis</span> <span class='ocrx_word' id='word_1_332' title='bbox 1423 2729 1624 2784; x_wconf 89' lang='lat' dir='ltr'>teneri.</span> <span class='ocrx_word' id='word_1_333' title='bbox 1681 2731 1914 2788; x_wconf 85' lang='lat' dir='ltr'>Sciebat</span> <span class='ocrx_word' id='word_1_334' title='bbox 1969 2735 2132 2790; x_wconf 86' lang='lat' dir='ltr'>enim</span> 
     </span>
    </p>
   </div>
   <div class='ocr_carea' id='block_1_47' title="bbox 467 2809 2132 2894">
    <p class='ocr_par' dir='ltr' id='par_1_47' title="bbox 467 2809 2132 2894">
     <span class='ocr_line' id='line_1_47' title="bbox 467 2809 2132 2894; baseline 0.01 -29"><span class='ocrx_word' id='word_1_335' title='bbox 467 2809 725 2865; x_wconf 89' lang='lat' dir='ltr'>inﬁrmis</span> <span class='ocrx_word' id='word_1_336' title='bbox 772 2811 992 2866; x_wconf 88' lang='lat' dir='ltr'>animis</span> <span class='ocrx_word' id='word_1_337' title='bbox 1023 2813 1424 2884; x_wconf 85' lang='lat' dir='ltr'>periculosam</span> <span class='ocrx_word' id='word_1_338' title='bbox 1466 2833 1598 2874; x_wconf 90' lang='lat' dir='ltr'>esse</span> <span class='ocrx_word' id='word_1_339' title='bbox 1649 2821 2047 2894; x_wconf 89' lang='lat' dir='ltr'>securitatem,</span> <span class='ocrx_word' id='word_1_340' title='bbox 2077 2829 2132 2880; x_wconf 92' lang='lat' dir='ltr'>et</span> 
     </span>
    </p>
   </div>
   <div class='ocr_carea' id='block_1_48' title="bbox 2229 1660 3910 1734">
    <p class='ocr_par' dir='ltr' id='par_1_48' title="bbox 2229 1660 3910 1734">
     <span class='ocr_line' id='line_1_48' title="bbox 2229 1660 3910 1734; baseline 0.001 -18"><span class='ocrx_word' id='word_1_341' title='bbox 2229 1661 2476 1718; x_wconf 88' lang='lat' dir='ltr'>lascivia</span> <span class='ocrx_word' id='word_1_342' title='bbox 2504 1662 2698 1732; x_wconf 90' lang='lat' dir='ltr'>mergi</span> <span class='ocrx_word' id='word_1_343' title='bbox 2733 1665 2988 1734; x_wconf 86' lang='lat' dir='ltr'>poterat,</span> <span class='ocrx_word' id='word_1_344' title='bbox 3023 1661 3070 1716; x_wconf 92' lang='lat' dir='ltr'>si</span> <span class='ocrx_word' id='word_1_345' title='bbox 3099 1660 3232 1718; x_wconf 90' lang='lat' dir='ltr'>loco</span> <span class='ocrx_word' id='word_1_346' title='bbox 3262 1661 3665 1718; x_wconf 87' lang='lat' dir='ltr'>tribulationis</span> <span class='ocrx_word' id='word_1_347' title='bbox 3687 1677 3818 1718; x_wconf 91' lang='lat' dir='ltr'>non</span> <span class='ocrx_word' id='word_1_348' title='bbox 3841 1661 3910 1718; x_wconf 89' lang='lat' dir='ltr'>li-</span> 
     </span>
    </p>
   </div>
   <div class='ocr_carea' id='block_1_49' title="bbox 2234 1753 3332 1818">
    <p class='ocr_par' dir='ltr' id='par_1_49' title="bbox 2234 1753 3332 1818">
     <span class='ocr_line' id='line_1_49' title="bbox 2234 1753 3332 1818; baseline 0.001 -14"><span class='ocrx_word' id='word_1_349' title='bbox 2234 1753 2491 1818; x_wconf 77' lang='lat' dir='ltr'>geretur.</span> <span class='ocrx_word' id='word_1_350' title='bbox 3309 1755 3332 1768; x_wconf 79' lang='lat'><strong><em>&#39;</em></strong></span> 
     </span>
    </p>
   </div>
   <div class='ocr_carea' id='block_1_50' title="bbox 2305 1837 3910 1912">
    <p class='ocr_par' dir='ltr' id='par_1_50' title="bbox 2305 1837 3910 1912">
     <span class='ocr_line' id='line_1_50' title="bbox 2305 1837 3910 1912; baseline 0.001 -20"><span class='ocrx_word' id='word_1_351' title='bbox 2305 1839 2528 1892; x_wconf 84' lang='lat' dir='ltr'>XLVIII.</span> <span class='ocrx_word' id='word_1_352' title='bbox 2565 1839 2630 1893; x_wconf 86' lang='lat' dir='ltr'>Et</span> <span class='ocrx_word' id='word_1_353' title='bbox 2661 1837 2808 1910; x_wconf 89' lang='lat' dir='ltr'>quid</span> <span class='ocrx_word' id='word_1_354' title='bbox 2841 1837 3060 1910; x_wconf 82' lang='lat' dir='ltr'>plura?</span> <span class='ocrx_word' id='word_1_355' title='bbox 3115 1837 3280 1911; x_wconf 90' lang='lat' dir='ltr'>quod</span> <span class='ocrx_word' id='word_1_356' title='bbox 3328 1853 3778 1912; x_wconf 88' lang='lat' dir='ltr'>nonnunquam</span> <span class='ocrx_word' id='word_1_357' title='bbox 3807 1851 3910 1910; x_wconf 81' lang='lat' dir='ltr'>pe-</span> 
     </span>
    </p>
   </div>
   <div class='ocr_carea' id='block_1_51' title="bbox 2233 1924 3906 2000">
    <p class='ocr_par' dir='ltr' id='par_1_51' title="bbox 2233 1924 3906 2000">
     <span class='ocr_line' id='line_1_51' title="bbox 2233 1924 3906 2000; baseline 0 -20"><span class='ocrx_word' id='word_1_358' title='bbox 2233 1924 2491 1981; x_wconf 91' lang='lat' dir='ltr'>riculosa</span> <span class='ocrx_word' id='word_1_359' title='bbox 2520 1926 2890 1999; x_wconf 89' lang='lat' dir='ltr'>prosperitas</span> <span class='ocrx_word' id='word_1_360' title='bbox 2921 1927 3012 1994; x_wconf 90' lang='lat' dir='ltr'>sit,</span> <span class='ocrx_word' id='word_1_361' title='bbox 3046 1942 3218 1984; x_wconf 89' lang='lat' dir='ltr'>sacra</span> <span class='ocrx_word' id='word_1_362' title='bbox 3271 1925 3573 2000; x_wconf 90' lang='lat' dir='ltr'>Scriptura</span> <span class='ocrx_word' id='word_1_363' title='bbox 3615 1931 3675 1982; x_wconf 91' lang='lat' dir='ltr'>et</span> <span class='ocrx_word' id='word_1_364' title='bbox 3701 1925 3906 1986; x_wconf 84' lang='lat' dir='ltr'>verbis</span> 
     </span>
    </p>
   </div>
   <div class='ocr_carea' id='block_1_52' title="bbox 2235 2013 3908 2086">
    <p class='ocr_par' dir='ltr' id='par_1_52' title="bbox 2235 2013 3908 2086">
     <span class='ocr_line' id='line_1_52' title="bbox 2235 2013 3908 2086; baseline 0.001 -17"><span class='ocrx_word' id='word_1_365' title='bbox 2235 2019 2293 2070; x_wconf 89' lang='lat' dir='ltr'>et</span> <span class='ocrx_word' id='word_1_366' title='bbox 2317 2013 2610 2086; x_wconf 88' lang='lat' dir='ltr'>exemplis</span> <span class='ocrx_word' id='word_1_367' title='bbox 2641 2015 2986 2086; x_wconf 82' lang='lat' dir='ltr'>frequenter</span> <span class='ocrx_word' id='word_1_368' title='bbox 3013 2015 3289 2084; x_wconf 89' lang='lat' dir='ltr'>inculcat,</span> <span class='ocrx_word' id='word_1_369' title='bbox 3321 2019 3386 2070; x_wconf 92' lang='lat' dir='ltr'>ut</span> <span class='ocrx_word' id='word_1_370' title='bbox 3429 2014 3606 2071; x_wconf 93' lang='lat' dir='ltr'>illud:</span> <span class='ocrx_word' id='word_1_371' title='bbox 3649 2016 3908 2084; x_wconf 83' lang='lat' dir='ltr'>Prospe-</span> 
     </span>
    </p>
   </div>
   <div class='ocr_carea' id='block_1_53' title="bbox 2237 2103 3902 2176">
    <p class='ocr_par' dir='ltr' id='par_1_53' title="bbox 2237 2103 3902 2176">
     <span class='ocr_line' id='line_1_53' title="bbox 2237 2103 3902 2176; baseline -0.001 -16"><span class='ocrx_word' id='word_1_372' title='bbox 2237 2105 2390 2160; x_wconf 82' lang='lat' dir='ltr'>ritas</span> <span class='ocrx_word' id='word_1_373' title='bbox 2419 2105 2740 2160; x_wconf 83' lang='lat' dir='ltr'>stultorum</span> <span class='ocrx_word' id='word_1_374' title='bbox 2761 2106 2976 2174; x_wconf 81' lang='lat' dir='ltr'>perdet</span> <span class='ocrx_word' id='word_1_375' title='bbox 3007 2106 3144 2160; x_wconf 85' lang='lat' dir='ltr'>illos</span> <span class='ocrx_word' id='word_1_376' title='bbox 3177 2105 3374 2176; x_wconf 85' lang='lat' dir='ltr'>(Prov.</span> <span class='ocrx_word' id='word_1_377' title='bbox 3406 2121 3444 2170; x_wconf 86' lang='grc' dir='ltr'>ι,</span> <span class='ocrx_word' id='word_1_378' title='bbox 3475 2104 3582 2176; x_wconf 89' lang='lat'>32).</span> <span class='ocrx_word' id='word_1_379' title='bbox 3617 2107 3688 2160; x_wconf 85' lang='lat' dir='ltr'>Et</span> <span class='ocrx_word' id='word_1_380' title='bbox 3713 2103 3902 2160; x_wconf 90' lang='lat' dir='ltr'>item:</span> 
     </span>
    </p>
   </div>
   <div class='ocr_carea' id='block_1_54' title="bbox 2239 2193 3900 2264">
    <p class='ocr_par' dir='ltr' id='par_1_54' title="bbox 2239 2193 3900 2264">
     <span class='ocr_line' id='line_1_54' title="bbox 2239 2193 3900 2264; baseline 0.004 -16"><span class='ocrx_word' id='word_1_381' title='bbox 2239 2193 2620 2250; x_wconf 83' lang='lat' dir='ltr'>Incrassatus</span> <span class='ocrx_word' id='word_1_382' title='bbox 2663 2200 2748 2250; x_wconf 86' lang='lat' dir='ltr'>est</span> <span class='ocrx_word' id='word_1_383' title='bbox 2801 2195 3077 2264; x_wconf 86' lang='lat' dir='ltr'>dilectus,</span> <span class='ocrx_word' id='word_1_384' title='bbox 3129 2199 3184 2252; x_wconf 88' lang='lat' dir='ltr'>et</span> <span class='ocrx_word' id='word_1_385' title='bbox 3241 2194 3652 2252; x_wconf 77' lang='lat' dir='ltr'>recalcitravit</span> <span class='ocrx_word' id='word_1_386' title='bbox 3696 2193 3900 2264; x_wconf 84' lang='lat' dir='ltr'>(Deut.</span> 
     </span>
    </p>
   </div>
   <div class='ocr_carea' id='block_1_55' title="bbox 2235 2281 3907 2356">
    <p class='ocr_par' dir='ltr' id='par_1_55' title="bbox 2235 2281 3907 2356">
     <span class='ocr_line' id='line_1_55' title="bbox 2235 2281 3907 2356; baseline 0.001 -20"><span class='ocrx_word' id='word_1_387' title='bbox 2235 2297 2424 2352; x_wconf 82' lang='lat' dir='ltr'>xxxn,</span> <span class='ocrx_word' id='word_1_388' title='bbox 2463 2281 2566 2354; x_wconf 79' lang='lat' dir='ltr'>I5).</span> <span class='ocrx_word' id='word_1_389' title='bbox 2593 2283 2880 2356; x_wconf 83' lang='lat' dir='ltr'>Exempla</span> <span class='ocrx_word' id='word_1_390' title='bbox 2907 2299 3049 2339; x_wconf 88' lang='lat' dir='ltr'>vero</span> <span class='ocrx_word' id='word_1_391' title='bbox 3073 2282 3260 2339; x_wconf 89' lang='lat' dir='ltr'>multa</span> <span class='ocrx_word' id='word_1_392' title='bbox 3291 2287 3448 2350; x_wconf 89' lang='lat' dir='ltr'>sunt,</span> <span class='ocrx_word' id='word_1_393' title='bbox 3478 2283 3582 2339; x_wconf 90' lang='lat' dir='ltr'>sed</span> <span class='ocrx_word' id='word_1_394' title='bbox 3611 2285 3680 2338; x_wconf 92' lang='lat' dir='ltr'>ut</span> <span class='ocrx_word' id='word_1_395' title='bbox 3699 2281 3780 2338; x_wconf 89' lang='lat' dir='ltr'>de</span> <span class='ocrx_word' id='word_1_396' title='bbox 3813 2297 3907 2338; x_wconf 90' lang='lat' dir='ltr'>re-</span> 
     </span>
    </p>
   </div>
   <div class='ocr_carea' id='block_1_56' title="bbox 2237 2370 3908 2445">
    <p class='ocr_par' dir='ltr' id='par_1_56' title="bbox 2237 2370 3908 2445">
     <span class='ocr_line' id='line_1_56' title="bbox 2237 2370 3908 2445; baseline 0.001 -21"><span class='ocrx_word' id='word_1_397' title='bbox 2237 2370 2444 2442; x_wconf 91' lang='lat' dir='ltr'>probis</span> <span class='ocrx_word' id='word_1_398' title='bbox 2473 2374 2802 2440; x_wconf 87' lang='lat' dir='ltr'>taceamus,</span> <span class='ocrx_word' id='word_1_399' title='bbox 2853 2377 3150 2444; x_wconf 89' lang='lat' dir='ltr'>quantum</span> <span class='ocrx_word' id='word_1_400' title='bbox 3199 2370 3344 2445; x_wconf 90' lang='lat' dir='ltr'>ipsis</span> <span class='ocrx_word' id='word_1_401' title='bbox 3399 2371 3622 2442; x_wconf 89' lang='lat' dir='ltr'>electis,</span> <span class='ocrx_word' id='word_1_402' title='bbox 3674 2371 3908 2444; x_wconf 89' lang='lat' dir='ltr'>quibus</span> 
     </span>
    </p>
   </div>
   <div class='ocr_carea' id='block_1_57' title="bbox 2238 2459 3910 2531">
    <p class='ocr_par' dir='ltr' id='par_1_57' title="bbox 2238 2459 3910 2531">
     <span class='ocr_line' id='line_1_57' title="bbox 2238 2459 3910 2531; baseline 0.001 -17"><span class='ocrx_word' id='word_1_403' title='bbox 2238 2459 2445 2514; x_wconf 90' lang='lat' dir='ltr'>omnia</span> <span class='ocrx_word' id='word_1_404' title='bbox 2467 2464 2868 2531; x_wconf 88' lang='lat' dir='ltr'>cooperantur</span> <span class='ocrx_word' id='word_1_405' title='bbox 2895 2460 2954 2516; x_wconf 92' lang='lat' dir='ltr'>in</span> <span class='ocrx_word' id='word_1_406' title='bbox 3003 2459 3259 2528; x_wconf 92' lang='lat' dir='ltr'>bonum,</span> <span class='ocrx_word' id='word_1_407' title='bbox 3289 2475 3506 2515; x_wconf 91' lang='lat' dir='ltr'>nocere</span> <span class='ocrx_word' id='word_1_408' title='bbox 3540 2459 3752 2529; x_wconf 91' lang='lat' dir='ltr'>soleat,</span> <span class='ocrx_word' id='word_1_409' title='bbox 3789 2462 3910 2516; x_wconf 77' lang='lat' dir='ltr'>Rex</span> 
     </span>
    </p>
   </div>
   <div class='ocr_carea' id='block_1_58' title="bbox 2237 2547 3912 2604">
    <p class='ocr_par' dir='ltr' id='par_1_58' title="bbox 2237 2547 3912 2604">
     <span class='ocr_line' id='line_1_58' title="bbox 2237 2547 3912 2604; baseline 0.001 -2"><span class='ocrx_word' id='word_1_410' title='bbox 2237 2547 2424 2603; x_wconf 88' lang='lat' dir='ltr'>David</span> <span class='ocrx_word' id='word_1_411' title='bbox 2471 2547 2550 2603; x_wconf 90' lang='lat' dir='ltr'>ad</span> <span class='ocrx_word' id='word_1_412' title='bbox 2599 2548 2866 2604; x_wconf 88' lang='lat' dir='ltr'>medium</span> <span class='ocrx_word' id='word_1_413' title='bbox 2917 2547 3210 2604; x_wconf 88' lang='lat' dir='ltr'>deductus</span> <span class='ocrx_word' id='word_1_414' title='bbox 3264 2547 3565 2604; x_wconf 89' lang='lat' dir='ltr'>ostendat.</span> <span class='ocrx_word' id='word_1_415' title='bbox 3595 2549 3702 2604; x_wconf 86' lang='lat' dir='ltr'>Hic</span> <span class='ocrx_word' id='word_1_416' title='bbox 3735 2564 3912 2604; x_wconf 88' lang='lat' dir='ltr'>nam-</span> 
     </span>
    </p>
   </div>
   <div class='ocr_carea' id='block_1_59' title="bbox 2239 2636 3912 2710">
    <p class='ocr_par' dir='ltr' id='par_1_59' title="bbox 2239 2636 3912 2710">
     <span class='ocr_line' id='line_1_59' title="bbox 2239 2636 3912 2710; baseline 0 -18"><span class='ocrx_word' id='word_1_417' title='bbox 2239 2653 2378 2710; x_wconf 85' lang='lat' dir='ltr'>que,</span> <span class='ocrx_word' id='word_1_418' title='bbox 2404 2637 2554 2692; x_wconf 87' lang='lat' dir='ltr'>sicut</span> <span class='ocrx_word' id='word_1_419' title='bbox 2599 2636 2658 2692; x_wconf 89' lang='lat' dir='ltr'>in</span> <span class='ocrx_word' id='word_1_420' title='bbox 2689 2637 2976 2694; x_wconf 86' lang='lat' dir='ltr'>Pastorali</span> <span class='ocrx_word' id='word_1_421' title='bbox 3007 2637 3243 2706; x_wconf 91' lang='lat' dir='ltr'>dicitur,</span> <span class='ocrx_word' id='word_1_422' title='bbox 3278 2636 3645 2694; x_wconf 84' lang='lat' dir='ltr'>Conditionis</span> <span class='ocrx_word' id='word_1_423' title='bbox 3671 2636 3912 2708; x_wconf 89' lang='lat' dir='ltr'>judicio</span> 
     </span>
    </p>
   </div>
   <div class='ocr_carea' id='block_1_60' title="bbox 2239 2727 3910 2800">
    <p class='ocr_par' dir='ltr' id='par_1_60' title="bbox 2239 2727 3910 2800">
     <span class='ocr_line' id='line_1_60' title="bbox 2239 2727 3910 2800; baseline -0.001 -18"><span class='ocrx_word' id='word_1_424' title='bbox 2239 2743 2393 2800; x_wconf 83' lang='lat' dir='ltr'>pene</span> <span class='ocrx_word' id='word_1_425' title='bbox 2439 2728 2667 2782; x_wconf 92' lang='lat' dir='ltr'>cunctis</span> <span class='ocrx_word' id='word_1_426' title='bbox 2716 2727 2948 2783; x_wconf 90' lang='lat' dir='ltr'>actibus</span> <span class='ocrx_word' id='word_1_427' title='bbox 2995 2727 3264 2800; x_wconf 89' lang='lat' dir='ltr'>placens,</span> <span class='ocrx_word' id='word_1_428' title='bbox 3297 2743 3440 2784; x_wconf 87' lang='lat' dir='ltr'>mox</span> <span class='ocrx_word' id='word_1_429' title='bbox 3489 2731 3554 2782; x_wconf 92' lang='lat' dir='ltr'>ut</span> <span class='ocrx_word' id='word_1_430' title='bbox 3599 2741 3910 2799; x_wconf 69' lang='lat' dir='ltr'>pressurae</span> 
     </span>
    </p>
   </div>
   <div class='ocr_carea' id='block_1_61' title="bbox 2237 2814 3912 2887">
    <p class='ocr_par' dir='ltr' id='par_1_61' title="bbox 2237 2814 3912 2887">
     <span class='ocr_line' id='line_1_61' title="bbox 2237 2814 3912 2887; baseline 0 -17"><span class='ocrx_word' id='word_1_431' title='bbox 2237 2815 2504 2887; x_wconf 84' lang='lat' dir='ltr'>pondere</span> <span class='ocrx_word' id='word_1_432' title='bbox 2535 2815 2744 2884; x_wconf 88' lang='lat' dir='ltr'>caruit,</span> <span class='ocrx_word' id='word_1_433' title='bbox 2787 2817 2848 2871; x_wconf 91' lang='lat' dir='ltr'>in</span> <span class='ocrx_word' id='word_1_434' title='bbox 2883 2821 3180 2872; x_wconf 86' lang='lat' dir='ltr'>tumorem</span> <span class='ocrx_word' id='word_1_435' title='bbox 3223 2815 3487 2870; x_wconf 91' lang='lat' dir='ltr'>vulneris</span> <span class='ocrx_word' id='word_1_436' title='bbox 3533 2815 3752 2887; x_wconf 91' lang='lat' dir='ltr'>erupit,</span> <span class='ocrx_word' id='word_1_437' title='bbox 3787 2814 3912 2870; x_wconf 84' lang='lat' dir='ltr'>fac-</span> 
     </span>
    </p>
   </div>
   <div class='ocr_carea' id='block_1_62' title="bbox 471 2902 3914 2994">
    <p class='ocr_par' dir='ltr' id='par_1_62' title="bbox 471 2902 3914 2994">
     <span class='ocr_line' id='line_1_62' title="bbox 471 2902 3914 2994; baseline 0.007 -40"><span class='ocrx_word' id='word_1_438' title='bbox 471 2902 758 2954; x_wconf 90' lang='lat' dir='ltr'>terrorem</span> <span class='ocrx_word' id='word_1_439' title='bbox 779 2903 1072 2972; x_wconf 88' lang='lat' dir='ltr'>tanquam</span> <span class='ocrx_word' id='word_1_440' title='bbox 1101 2903 1343 2974; x_wconf 85' lang='lat' dir='ltr'>pupillis</span> <span class='ocrx_word' id='word_1_441' title='bbox 1367 2908 1771 2964; x_wconf 89' lang='lat' dir='ltr'>necessarium</span> <span class='ocrx_word' id='word_1_442' title='bbox 1801 2925 1929 2967; x_wconf 87' lang='lat' dir='ltr'>esse</span> <span class='ocrx_word' id='word_1_443' title='bbox 1981 2917 2132 2969; x_wconf 88' lang='lat' dir='ltr'>tuto-</span> <span class='ocrx_word' id='word_1_444' title='bbox 2159 2939 2200 2994; x_wconf 69' lang='grc' dir='ltr'><strong>ρ</strong></span> <span class='ocrx_word' id='word_1_445' title='bbox 2241 2909 2454 2978; x_wconf 88' lang='lat' dir='ltr'>tusque</span> <span class='ocrx_word' id='word_1_446' title='bbox 2485 2910 2573 2961; x_wconf 84' lang='lat' dir='ltr'>est</span> <span class='ocrx_word' id='word_1_447' title='bbox 2626 2905 2688 2960; x_wconf 90' lang='lat' dir='ltr'>in</span> <span class='ocrx_word' id='word_1_448' title='bbox 2727 2909 2915 2961; x_wconf 85' lang='lat' dir='ltr'>morte</span> <span class='ocrx_word' id='word_1_449' title='bbox 2959 2905 3068 2960; x_wconf 78' lang='lat' dir='ltr'>Viri</span> <span class='ocrx_word' id='word_1_450' title='bbox 3107 2904 3425 2961; x_wconf 67' lang='lat' dir='ltr'>Grndeliler</span> <span class='ocrx_word' id='word_1_451' title='bbox 3457 2905 3708 2974; x_wconf 65' lang='lat' dir='ltr'>rigidus:</span> <span class='ocrx_word' id='word_1_452' title='bbox 3761 2904 3914 2976; x_wconf 66' lang='grc' dir='ltr'><strong>(Ιιιίδ</strong></span> 
     </span>
    </p>
   </div>
   <div class='ocr_carea' id='block_1_63' title="bbox 469 2989 2128 3075">
    <p class='ocr_par' dir='ltr' id='par_1_63' title="bbox 469 2989 2128 3075">
     <span class='ocr_line' id='line_1_63' title="bbox 469 2989 2128 3075; baseline 0.01 -33"><span class='ocrx_word' id='word_1_453' title='bbox 469 3003 616 3043; x_wconf 90' lang='lat' dir='ltr'>rem.</span> <span class='ocrx_word' id='word_1_454' title='bbox 672 2989 846 3054; x_wconf 86' lang='lat' dir='ltr'>Quod</span> <span class='ocrx_word' id='word_1_455' title='bbox 894 2990 1093 3062; x_wconf 92' lang='lat' dir='ltr'>reipsa</span> <span class='ocrx_word' id='word_1_456' title='bbox 1149 2993 1468 3064; x_wconf 89' lang='lat' dir='ltr'>probatum</span> <span class='ocrx_word' id='word_1_457' title='bbox 1517 3001 1621 3053; x_wconf 88' lang='lat' dir='ltr'>est.</span> <span class='ocrx_word' id='word_1_458' title='bbox 1663 2999 1862 3056; x_wconf 91' lang='lat' dir='ltr'>Deleta</span> <span class='ocrx_word' id='word_1_459' title='bbox 1904 3001 2128 3075; x_wconf 90' lang='lat' dir='ltr'>quippe</span> 
     </span>
    </p>
   </div>
   <div class='ocr_carea' id='block_1_64' title="bbox 471 3077 2130 3156">
    <p class='ocr_par' dir='ltr' id='par_1_64' title="bbox 471 3077 2130 3156">
     <span class='ocr_line' id='line_1_64' title="bbox 471 3077 2130 3156; baseline 0.01 -24"><span class='ocrx_word' id='word_1_460' title='bbox 471 3077 824 3146; x_wconf 86' lang='lat' dir='ltr'>Carthagine</span> <span class='ocrx_word' id='word_1_461' title='bbox 851 3083 1016 3135; x_wconf 89' lang='lat' dir='ltr'>tanta</span> <span class='ocrx_word' id='word_1_462' title='bbox 1041 3097 1186 3136; x_wconf 82' lang='lat' dir='ltr'>mox</span> <span class='ocrx_word' id='word_1_463' title='bbox 1209 3081 1284 3137; x_wconf 87' lang='lat' dir='ltr'>de</span> <span class='ocrx_word' id='word_1_464' title='bbox 1312 3086 1707 3156; x_wconf 85' lang='lat' dir='ltr'>prosperitate</span> <span class='ocrx_word' id='word_1_465' title='bbox 1733 3089 1896 3145; x_wconf 91' lang='lat' dir='ltr'>mala</span> <span class='ocrx_word' id='word_1_466' title='bbox 1926 3096 2130 3148; x_wconf 81' lang='lat' dir='ltr'>exorta</span> 
     </span>
    </p>
   </div>
   <div class='ocr_carea' id='block_1_65' title="bbox 472 3168 2128 3250">
    <p class='ocr_par' dir='ltr' id='par_1_65' title="bbox 472 3168 2128 3250">
     <span class='ocr_line' id='line_1_65' title="bbox 472 3168 2128 3250; baseline 0.01 -31"><span class='ocrx_word' id='word_1_467' title='bbox 472 3169 632 3228; x_wconf 90' lang='lat' dir='ltr'>sunt,</span> <span class='ocrx_word' id='word_1_468' title='bbox 665 3170 810 3223; x_wconf 90' lang='lat' dir='ltr'>utet</span> <span class='ocrx_word' id='word_1_469' title='bbox 845 3168 1188 3236; x_wconf 87' lang='lat' dir='ltr'>seditiones,</span> <span class='ocrx_word' id='word_1_470' title='bbox 1222 3175 1278 3226; x_wconf 91' lang='lat' dir='ltr'>et</span> <span class='ocrx_word' id='word_1_471' title='bbox 1331 3173 1521 3228; x_wconf 83' lang='lat' dir='ltr'>civilia</span> <span class='ocrx_word' id='word_1_472' title='bbox 1549 3174 1706 3231; x_wconf 85' lang='lat' dir='ltr'>bella</span> <span class='ocrx_word' id='word_1_473' title='bbox 1735 3182 1792 3233; x_wconf 92' lang='lat' dir='ltr'>et</span> <span class='ocrx_word' id='word_1_474' title='bbox 1816 3181 2128 3250; x_wconf 84' lang='lat' dir='ltr'>sanguinis</span> 
     </span>
    </p>
   </div>
   <div class='ocr_carea' id='block_1_66' title="bbox 471 3250 2133 3330">
    <p class='ocr_par' dir='ltr' id='par_1_66' title="bbox 471 3250 2133 3330">
     <span class='ocr_line' id='line_1_66' title="bbox 471 3250 2133 3330; baseline 0.011 -24"><span class='ocrx_word' id='word_1_475' title='bbox 471 3250 814 3318; x_wconf 80' lang='lat' dir='ltr'>effusiones,</span> <span class='ocrx_word' id='word_1_476' title='bbox 850 3257 908 3309; x_wconf 92' lang='lat' dir='ltr'>et</span> <span class='ocrx_word' id='word_1_477' title='bbox 933 3255 1164 3326; x_wconf 71' lang='lat' dir='ltr'>rapinae</span> <span class='ocrx_word' id='word_1_478' title='bbox 1197 3261 1317 3312; x_wconf 89' lang='lat' dir='ltr'>tam</span> <span class='ocrx_word' id='word_1_479' title='bbox 1347 3259 1662 3316; x_wconf 89' lang='lat' dir='ltr'>crudeliter</span> <span class='ocrx_word' id='word_1_480' title='bbox 1685 3263 1914 3330; x_wconf 86' lang='lat' dir='ltr'>ﬁerent,</span> <span class='ocrx_word' id='word_1_481' title='bbox 1939 3271 2004 3322; x_wconf 91' lang='lat' dir='ltr'>ut</span> <span class='ocrx_word' id='word_1_482' title='bbox 2027 3271 2133 3323; x_wconf 86' lang='lat' dir='ltr'>Ro—</span> 
     </span>
    </p>
   </div>
   <div class='ocr_carea' id='block_1_67' title="bbox 471 3341 2128 3424">
    <p class='ocr_par' dir='ltr' id='par_1_67' title="bbox 471 3341 2128 3424">
     <span class='ocr_line' id='line_1_67' title="bbox 471 3341 2128 3424; baseline 0.013 -32"><span class='ocrx_word' id='word_1_483' title='bbox 471 3353 690 3394; x_wconf 88' lang='lat' dir='ltr'>manus</span> <span class='ocrx_word' id='word_1_484' title='bbox 719 3341 982 3412; x_wconf 91' lang='lat' dir='ltr'>populus</span> <span class='ocrx_word' id='word_1_485' title='bbox 1009 3343 1181 3414; x_wconf 87' lang='lat' dir='ltr'>pejus</span> <span class='ocrx_word' id='word_1_486' title='bbox 1207 3360 1243 3400; x_wconf 88' lang='lat' dir='ltr'>a</span> <span class='ocrx_word' id='word_1_487' title='bbox 1273 3345 1396 3400; x_wconf 88' lang='lat' dir='ltr'>suis</span> <span class='ocrx_word' id='word_1_488' title='bbox 1422 3345 1672 3418; x_wconf 87' lang='lat' dir='ltr'>civibus,</span> <span class='ocrx_word' id='word_1_489' title='bbox 1717 3367 1902 3424; x_wconf 79' lang='lat' dir='ltr'>quam</span> <span class='ocrx_word' id='word_1_490' title='bbox 1933 3371 1969 3411; x_wconf 89' lang='lat' dir='ltr'>a</span> <span class='ocrx_word' id='word_1_491' title='bbox 1991 3359 2128 3413; x_wconf 90' lang='lat' dir='ltr'>Car-</span> 
     </span>
    </p>
   </div>
   <div class='ocr_carea' id='block_1_68' title="bbox 473 3426 2130 3500">
    <p class='ocr_par' dir='ltr' id='par_1_68' title="bbox 473 3426 2130 3500">
     <span class='ocr_line' id='line_1_68' title="bbox 473 3426 2130 3500; baseline 0.012 -19"><span class='ocrx_word' id='word_1_492' title='bbox 473 3426 933 3495; x_wconf 86' lang='lat' dir='ltr'>thaginensibus</span> <span class='ocrx_word' id='word_1_493' title='bbox 961 3430 1235 3487; x_wconf 87' lang='lat' dir='ltr'>hostibus</span> <span class='ocrx_word' id='word_1_494' title='bbox 1290 3439 1638 3494; x_wconf 86' lang='lat' dir='ltr'>vastaretur.</span> <span class='ocrx_word' id='word_1_495' title='bbox 1697 3440 1860 3497; x_wconf 89' lang='lat' dir='ltr'>Hanc</span> <span class='ocrx_word' id='word_1_496' title='bbox 1901 3443 2130 3500; x_wconf 88' lang='lat' dir='ltr'>animo-</span> 
     </span>
    </p>
   </div>
   <div class='ocr_carea' id='block_1_69' title="bbox 469 3514 2128 3600">
    <p class='ocr_par' dir='ltr' id='par_1_69' title="bbox 469 3514 2128 3600">
     <span class='ocr_line' id='line_1_69' title="bbox 469 3514 2128 3600; baseline 0.013 -33"><span class='ocrx_word' id='word_1_497' title='bbox 469 3529 606 3568; x_wconf 91' lang='lat' dir='ltr'>rum</span> <span class='ocrx_word' id='word_1_498' title='bbox 633 3514 856 3583; x_wconf 89' lang='lat' dir='ltr'>labem,</span> <span class='ocrx_word' id='word_1_499' title='bbox 889 3533 1022 3588; x_wconf 70' lang='lat' dir='ltr'>quaa</span> <span class='ocrx_word' id='word_1_500' title='bbox 1054 3518 1128 3573; x_wconf 86' lang='lat' dir='ltr'>de</span> <span class='ocrx_word' id='word_1_501' title='bbox 1149 3523 1426 3577; x_wconf 90' lang='lat' dir='ltr'>secundis</span> <span class='ocrx_word' id='word_1_502' title='bbox 1459 3525 1636 3580; x_wconf 88' lang='lat' dir='ltr'>rebus</span> <span class='ocrx_word' id='word_1_503' title='bbox 1668 3529 1952 3600; x_wconf 87' lang='lat' dir='ltr'>nascitur,</span> <span class='ocrx_word' id='word_1_504' title='bbox 1973 3533 2128 3589; x_wconf 87' lang='lat' dir='ltr'>hanc</span> 
     </span>
    </p>
   </div>
   <div class='ocr_carea' id='block_1_70' title="bbox 469 3603 2129 3694">
    <p class='ocr_par' dir='ltr' id='par_1_70' title="bbox 469 3603 2129 3694">
     <span class='ocr_line' id='line_1_70' title="bbox 469 3603 2129 3694; baseline 0.014 -40"><span class='ocrx_word' id='word_1_505' title='bbox 469 3603 882 3673; x_wconf 87' lang='lat' dir='ltr'>prosperitatis</span> <span class='ocrx_word' id='word_1_506' title='bbox 905 3605 1302 3664; x_wconf 89' lang='lat' dir='ltr'>ethonestatis</span> <span class='ocrx_word' id='word_1_507' title='bbox 1324 3613 1696 3670; x_wconf 89' lang='lat' dir='ltr'>eversionem</span> <span class='ocrx_word' id='word_1_508' title='bbox 1713 3615 1902 3674; x_wconf 91' lang='lat' dir='ltr'>isdem</span> <span class='ocrx_word' id='word_1_509' title='bbox 1935 3621 2129 3694; x_wconf 89' lang='lat' dir='ltr'>Scipio</span> 
     </span>
    </p>
   </div>
   <div class='ocr_carea' id='block_1_71' title="bbox 471 3690 2124 3767">
    <p class='ocr_par' dir='ltr' id='par_1_71' title="bbox 471 3690 2124 3767">
     <span class='ocr_line' id='line_1_71' title="bbox 471 3690 2124 3767; baseline 0.015 -24"><span class='ocrx_word' id='word_1_510' title='bbox 471 3690 708 3746; x_wconf 89' lang='lat' dir='ltr'>evenire</span> <span class='ocrx_word' id='word_1_511' title='bbox 737 3693 1074 3749; x_wconf 87' lang='lat' dir='ltr'>metuebat:</span> <span class='ocrx_word' id='word_1_512' title='bbox 1108 3698 1356 3767; x_wconf 90' lang='lat' dir='ltr'>quando</span> <span class='ocrx_word' id='word_1_513' title='bbox 1387 3699 1652 3760; x_wconf 85' lang='lat' dir='ltr'>instabat</span> <span class='ocrx_word' id='word_1_514' title='bbox 1705 3721 1779 3760; x_wconf 90' lang='lat' dir='ltr'>ne</span> <span class='ocrx_word' id='word_1_515' title='bbox 1829 3690 2124 3767; x_wconf 79' lang='lat' dir='ltr'>theatrum</span> 
     </span>
    </p>
   </div>
   <div class='ocr_carea' id='block_1_72' title="bbox 473 3777 2130 3870">
    <p class='ocr_par' dir='ltr' id='par_1_72' title="bbox 473 3777 2130 3870">
     <span class='ocr_line' id='line_1_72' title="bbox 473 3777 2130 3870; baseline 0.015 -39"><span class='ocrx_word' id='word_1_516' title='bbox 473 3777 678 3870; x_wconf 77' lang='lat' dir='ltr'>Romae</span> <span class='ocrx_word' id='word_1_517' title='bbox 699 3785 1156 3840; x_wconf 89' lang='lat' dir='ltr'>construeretur.</span> <span class='ocrx_word' id='word_1_518' title='bbox 1189 3786 1421 3844; x_wconf 88' lang='lat' dir='ltr'>Sciebat</span> <span class='ocrx_word' id='word_1_519' title='bbox 1451 3789 1610 3848; x_wconf 92' lang='lat' dir='ltr'>enim</span> <span class='ocrx_word' id='word_1_520' title='bbox 1635 3791 1793 3850; x_wconf 88' lang='lat' dir='ltr'>cives</span> <span class='ocrx_word' id='word_1_521' title='bbox 1823 3791 1993 3852; x_wconf 85' lang='lat' dir='ltr'>facile</span> <span class='ocrx_word' id='word_1_522' title='bbox 2021 3813 2130 3870; x_wconf 92' lang='lat' dir='ltr'>per</span> 
     </span>
    </p>
   </div>
   <div class='ocr_carea' id='block_1_73' title="bbox 471 3865 2130 3947">
    <p class='ocr_par' dir='ltr' id='par_1_73' title="bbox 471 3865 2130 3947">
     <span class='ocr_line' id='line_1_73' title="bbox 471 3865 2130 3947; baseline 0.014 -27"><span class='ocrx_word' id='word_1_523' title='bbox 471 3865 768 3923; x_wconf 90' lang='lat' dir='ltr'>civitatem</span> <span class='ocrx_word' id='word_1_524' title='bbox 799 3884 976 3940; x_wconf 91' lang='lat' dir='ltr'>posse</span> <span class='ocrx_word' id='word_1_525' title='bbox 1007 3875 1332 3947; x_wconf 89' lang='lat' dir='ltr'>corrumpi,</span> <span class='ocrx_word' id='word_1_526' title='bbox 1369 3882 1426 3934; x_wconf 91' lang='lat' dir='ltr'>et</span> <span class='ocrx_word' id='word_1_527' title='bbox 1469 3877 1690 3937; x_wconf 91' lang='lat' dir='ltr'>idcirco</span> <span class='ocrx_word' id='word_1_528' title='bbox 1740 3881 1988 3940; x_wconf 87' lang='lat' dir='ltr'>ludendi</span> <span class='ocrx_word' id='word_1_529' title='bbox 2021 3865 2130 3943; x_wconf 71' lang='grc' dir='ltr'>ὀο-</span> 
     </span>
    </p>
   </div>
   <div class='ocr_carea' id='block_1_74' title="bbox 471 3955 2126 4044">
    <p class='ocr_par' dir='ltr' id='par_1_74' title="bbox 471 3955 2126 4044">
     <span class='ocr_line' id='line_1_74' title="bbox 471 3955 2126 4044; baseline 0.015 -36"><span class='ocrx_word' id='word_1_530' title='bbox 471 3955 776 4044; x_wconf 79' lang='lat' dir='ltr'>casionem</span> <span class='ocrx_word' id='word_1_531' title='bbox 823 3959 1064 4016; x_wconf 87' lang='lat' dir='ltr'>volebat</span> <span class='ocrx_word' id='word_1_532' title='bbox 1111 3962 1383 4022; x_wconf 87' lang='lat' dir='ltr'>inhiberi.</span> <span class='ocrx_word' id='word_1_533' title='bbox 1425 3969 1574 4038; x_wconf 83' lang='lat' dir='ltr'>Ergo</span> <span class='ocrx_word' id='word_1_534' title='bbox 1623 3971 1668 4026; x_wconf 92' lang='lat' dir='ltr'>si</span> <span class='ocrx_word' id='word_1_535' title='bbox 1725 3971 1821 4028; x_wconf 91' lang='lat' dir='ltr'>ille</span> <span class='ocrx_word' id='word_1_536' title='bbox 1881 3975 1985 4044; x_wconf 89' lang='lat' dir='ltr'>sic,</span> <span class='ocrx_word' id='word_1_537' title='bbox 2015 3991 2126 4033; x_wconf 91' lang='lat' dir='ltr'>no-</span> 
     </span>
    </p>
   </div>
   <div class='ocr_carea' id='block_1_75' title="bbox 469 4041 2128 4136">
    <p class='ocr_par' dir='ltr' id='par_1_75' title="bbox 469 4041 2128 4136">
     <span class='ocr_line' id='line_1_75' title="bbox 469 4041 2128 4136; baseline 0.016 -39"><span class='ocrx_word' id='word_1_538' title='bbox 469 4041 564 4098; x_wconf 90' lang='lat' dir='ltr'>bis</span> <span class='ocrx_word' id='word_1_539' title='bbox 615 4045 764 4136; x_wconf 83' lang='lat' dir='ltr'>quid</span> <span class='ocrx_word' id='word_1_540' title='bbox 791 4049 1096 4116; x_wconf 85' lang='lat' dir='ltr'>agendum</span> <span class='ocrx_word' id='word_1_541' title='bbox 1128 4057 1234 4120; x_wconf 90' lang='lat' dir='ltr'>est,</span> <span class='ocrx_word' id='word_1_542' title='bbox 1288 4057 1390 4127; x_wconf 91' lang='lat' dir='ltr'>qui</span> <span class='ocrx_word' id='word_1_543' title='bbox 1449 4055 1708 4117; x_wconf 71' lang='lat' dir='ltr'>revelata</span> <span class='ocrx_word' id='word_1_544' title='bbox 1754 4061 1880 4134; x_wconf 92' lang='lat' dir='ltr'>jam</span> <span class='ocrx_word' id='word_1_545' title='bbox 1937 4041 2128 4136; x_wconf 77' lang='lat' dir='ltr'>gratia</span> 
     </span>
    </p>
   </div>
   <div class='ocr_carea' id='block_1_76' title="bbox 474 4133 2128 4226">
    <p class='ocr_par' dir='ltr' id='par_1_76' title="bbox 474 4133 2128 4226">
     <span class='ocr_line' id='line_1_76' title="bbox 474 4133 2128 4226; baseline 0.016 -41"><span class='ocrx_word' id='word_1_546' title='bbox 474 4133 858 4226; x_wconf 77' lang='lat' dir='ltr'>speculamur</span> <span class='ocrx_word' id='word_1_547' title='bbox 909 4153 1044 4209; x_wconf 66' lang='lat' dir='ltr'>quae</span> <span class='ocrx_word' id='word_1_548' title='bbox 1095 4145 1316 4199; x_wconf 56' lang='lat' dir='ltr'>aeterna</span> <span class='ocrx_word' id='word_1_549' title='bbox 1369 4151 1525 4214; x_wconf 91' lang='lat' dir='ltr'>sunt,</span> <span class='ocrx_word' id='word_1_550' title='bbox 1559 4150 1662 4221; x_wconf 89' lang='lat' dir='ltr'>qui</span> <span class='ocrx_word' id='word_1_551' title='bbox 1718 4133 1915 4209; x_wconf 88' lang='lat' dir='ltr'>vivere</span> <span class='ocrx_word' id='word_1_552' title='bbox 1944 4133 2128 4226; x_wconf 81' lang='lat' dir='ltr'>jube-</span> 
     </span>
    </p>
   </div>
   <div class='ocr_carea' id='block_1_77' title="bbox 471 4223 2129 4301">
    <p class='ocr_par' dir='ltr' id='par_1_77' title="bbox 471 4223 2129 4301">
     <span class='ocr_line' id='line_1_77' title="bbox 471 4223 2129 4301; baseline 0.017 -28"><span class='ocrx_word' id='word_1_553' title='bbox 471 4235 609 4274; x_wconf 90' lang='lat' dir='ltr'>mur</span> <span class='ocrx_word' id='word_1_554' title='bbox 636 4236 706 4274; x_wconf 83' lang='lat' dir='ltr'>ex</span> <span class='ocrx_word' id='word_1_555' title='bbox 747 4223 886 4292; x_wconf 76' lang='lat' dir='ltr'>fide,</span> <span class='ocrx_word' id='word_1_556' title='bbox 927 4226 1032 4296; x_wconf 90' lang='lat' dir='ltr'>qui</span> <span class='ocrx_word' id='word_1_557' title='bbox 1077 4227 1466 4300; x_wconf 84' lang='lat' dir='ltr'>diligentibus</span> <span class='ocrx_word' id='word_1_558' title='bbox 1521 4239 1703 4295; x_wconf 90' lang='lat' dir='ltr'>Deum</span> <span class='ocrx_word' id='word_1_559' title='bbox 1761 4223 1973 4298; x_wconf 81' lang='lat' dir='ltr'>omnia</span> <span class='ocrx_word' id='word_1_560' title='bbox 2023 4261 2129 4301; x_wconf 92' lang='lat' dir='ltr'>no-</span> 
     </span>
    </p>
   </div>
   <div class='ocr_carea' id='block_1_78' title="bbox 469 4306 2130 4395">
    <p class='ocr_par' dir='ltr' id='par_1_78' title="bbox 469 4306 2130 4395">
     <span class='ocr_line' id='line_1_78' title="bbox 469 4306 2130 4395; baseline 0.019 -37"><span class='ocrx_word' id='word_1_561' title='bbox 469 4306 670 4395; x_wconf 81' lang='lat' dir='ltr'>vimus</span> <span class='ocrx_word' id='word_1_562' title='bbox 697 4309 756 4363; x_wconf 91' lang='lat' dir='ltr'>in</span> <span class='ocrx_word' id='word_1_563' title='bbox 787 4310 1016 4368; x_wconf 89' lang='lat' dir='ltr'>bonum</span> <span class='ocrx_word' id='word_1_564' title='bbox 1049 4321 1382 4391; x_wconf 88' lang='lat' dir='ltr'>cooperari,</span> <span class='ocrx_word' id='word_1_565' title='bbox 1425 4323 1532 4395; x_wconf 91' lang='lat' dir='ltr'>qui</span> <span class='ocrx_word' id='word_1_566' title='bbox 1563 4327 1786 4384; x_wconf 88' lang='lat' dir='ltr'>scimus</span> <span class='ocrx_word' id='word_1_567' title='bbox 1811 4331 1892 4386; x_wconf 91' lang='lat' dir='ltr'>nil</span> <span class='ocrx_word' id='word_1_568' title='bbox 1925 4331 2130 4388; x_wconf 82' lang='lat' dir='ltr'>fortui-</span> 
     </span>
    </p>
   </div>
   <div class='ocr_carea' id='block_1_79' title="bbox 469 4393 2126 4496">
    <p class='ocr_par' dir='ltr' id='par_1_79' title="bbox 469 4393 2126 4496">
     <span class='ocr_line' id='line_1_79' title="bbox 469 4393 2126 4496; baseline 0.02 -49"><span class='ocrx_word' id='word_1_569' title='bbox 469 4393 544 4496; x_wconf 68' lang='lat' dir='ltr'>tis</span> <span class='ocrx_word' id='word_1_570' title='bbox 569 4397 812 4496; x_wconf 81' lang='lat' dir='ltr'>casibus</span> <span class='ocrx_word' id='word_1_571' title='bbox 840 4401 984 4472; x_wconf 91' lang='lat' dir='ltr'>geri,</span> <span class='ocrx_word' id='word_1_572' title='bbox 1019 4405 1124 4460; x_wconf 89' lang='lat' dir='ltr'>sed</span> <span class='ocrx_word' id='word_1_573' title='bbox 1157 4414 1373 4466; x_wconf 89' lang='lat' dir='ltr'>cuncta</span> <span class='ocrx_word' id='word_1_574' title='bbox 1414 4393 1694 4472; x_wconf 79' lang='lat' dir='ltr'>divinitus</span> <span class='ocrx_word' id='word_1_575' title='bbox 1733 4419 2014 4477; x_wconf 88' lang='lat' dir='ltr'>ordinari.</span> <span class='ocrx_word' id='word_1_576' title='bbox 2069 4424 2126 4480; x_wconf 90' lang='lat' dir='ltr'>Si</span> 
     </span>
    </p>
   </div>
   <div class='ocr_carea' id='block_1_80' title="bbox 470 4571 2124 4671">
    <p class='ocr_par' dir='ltr' id='par_1_80' title="bbox 470 4571 2124 4671">
     <span class='ocr_line' id='line_1_80' title="bbox 470 4571 2124 4671; baseline 0.019 -46"><span class='ocrx_word' id='word_1_577' title='bbox 691 4575 998 4671; x_wconf 43' lang='lat' dir='ltr'>Sicuenim</span> <span class='ocrx_word' id='word_1_578' title='bbox 1047 4598 1186 4640; x_wconf 92' lang='lat' dir='ltr'>cum</span> <span class='ocrx_word' id='word_1_579' title='bbox 1245 4571 1494 4646; x_wconf 79' lang='lat' dir='ltr'>morbos</span> <span class='ocrx_word' id='word_1_580' title='bbox 1541 4593 1758 4666; x_wconf 90' lang='lat' dir='ltr'>pellere</span> <span class='ocrx_word' id='word_1_581' title='bbox 1825 4599 2124 4671; x_wconf 90' lang='lat' dir='ltr'>cupimus,</span> 
     </span>
    </p>
   </div>
   <div class='ocr_carea' id='block_1_81' title="bbox 469 4661 2126 4758">
    <p class='ocr_par' dir='ltr' id='par_1_81' title="bbox 469 4661 2126 4758">
     <span class='ocr_line' id='line_1_81' title="bbox 469 4661 2126 4758; baseline 0.019 -43"><span class='ocrx_word' id='word_1_582' title='bbox 469 4661 942 4758; x_wconf 71' lang='lat' dir='ltr'>tristesquidem</span> <span class='ocrx_word' id='word_1_583' title='bbox 998 4687 1275 4731; x_wconf 88' lang='lat' dir='ltr'>amarum</span> <span class='ocrx_word' id='word_1_584' title='bbox 1319 4661 1606 4751; x_wconf 72' lang='lat' dir='ltr'>poculum</span> <span class='ocrx_word' id='word_1_585' title='bbox 1653 4661 1969 4758; x_wconf 76' lang='lat' dir='ltr'>sumimus,</span> <span class='ocrx_word' id='word_1_586' title='bbox 2020 4661 2126 4746; x_wconf 86' lang='lat' dir='ltr'>sed</span> 
     </span>
    </p>
   </div>
   <div class='ocr_carea' id='block_1_82' title="bbox 411 4751 2124 4841">
    <p class='ocr_par' dir='ltr' id='par_1_82' title="bbox 411 4751 2124 4841">
     <span class='ocr_line' id='line_1_82' title="bbox 411 4751 2124 4841; baseline 0.019 -38"><span class='ocrx_word' id='word_1_587' title='bbox 411 4819 414 4822; x_wconf 94' lang='lat'><em>_</em></span> <span class='ocrx_word' id='word_1_588' title='bbox 467 4751 610 4841; x_wconf 76' lang='lat' dir='ltr'>certi</span> <span class='ocrx_word' id='word_1_589' title='bbox 646 4753 720 4808; x_wconf 90' lang='lat' dir='ltr'>de</span> <span class='ocrx_word' id='word_1_590' title='bbox 751 4755 1144 4831; x_wconf 88' lang='lat' dir='ltr'>subsequenti</span> <span class='ocrx_word' id='word_1_591' title='bbox 1175 4765 1366 4822; x_wconf 90' lang='lat' dir='ltr'>salute</span> <span class='ocrx_word' id='word_1_592' title='bbox 1399 4771 1758 4836; x_wconf 85' lang='lat' dir='ltr'>gaudemus.</span> <span class='ocrx_word' id='word_1_593' title='bbox 1786 4777 1936 4841; x_wconf 86' lang='lat' dir='ltr'>Quia</span> <span class='ocrx_word' id='word_1_594' title='bbox 1956 4751 2124 4836; x_wconf 76' lang='lat' dir='ltr'>enim</span> 
     </span>
    </p>
   </div>
   <div class='ocr_carea' id='block_1_83' title="bbox 467 4837 2124 4934">
    <p class='ocr_par' dir='ltr' id='par_1_83' title="bbox 467 4837 2124 4934">
     <span class='ocr_line' id='line_1_83' title="bbox 467 4837 2124 4934; baseline 0.02 -43"><span class='ocrx_word' id='word_1_595' title='bbox 467 4837 567 4934; x_wconf 82' lang='lat' dir='ltr'>ad</span> <span class='ocrx_word' id='word_1_596' title='bbox 597 4841 850 4934; x_wconf 79' lang='lat' dir='ltr'>salutem</span> <span class='ocrx_word' id='word_1_597' title='bbox 878 4849 1188 4934; x_wconf 88' lang='lat' dir='ltr'>pervenire</span> <span class='ocrx_word' id='word_1_598' title='bbox 1215 4869 1436 4927; x_wconf 90' lang='lat' dir='ltr'>corpus</span> <span class='ocrx_word' id='word_1_599' title='bbox 1489 4859 1655 4915; x_wconf 82' lang='lat' dir='ltr'>aliter</span> <span class='ocrx_word' id='word_1_600' title='bbox 1685 4837 2010 4934; x_wconf 38' lang='lat' dir='ltr'>non‘valet,</span> <span class='ocrx_word' id='word_1_601' title='bbox 2063 4867 2124 4923; x_wconf 91' lang='lat' dir='ltr'>in</span> 
     </span>
    </p>
   </div>
   <div class='ocr_carea' id='block_1_84' title="bbox 466 4927 2124 5024">
    <p class='ocr_par' dir='ltr' id='par_1_84' title="bbox 466 4927 2124 5024">
     <span class='ocr_line' id='line_1_84' title="bbox 466 4927 2124 5024; baseline 0.021 -45"><span class='ocrx_word' id='word_1_602' title='bbox 466 4929 614 5024; x_wconf 84' lang='lat' dir='ltr'>potu</span> <span class='ocrx_word' id='word_1_603' title='bbox 637 4927 790 5024; x_wconf 83' lang='lat' dir='ltr'>bibit</span> <span class='ocrx_word' id='word_1_604' title='bbox 815 4933 992 4992; x_wconf 89' lang='lat' dir='ltr'>etiam</span> <span class='ocrx_word' id='word_1_605' title='bbox 1017 4940 1184 5010; x_wconf 89' lang='lat' dir='ltr'>quod</span> <span class='ocrx_word' id='word_1_606' title='bbox 1209 4943 1406 5000; x_wconf 70' lang='lat' dir='ltr'>taedet.</span> <span class='ocrx_word' id='word_1_607' title='bbox 1437 4949 1706 5022; x_wconf 87' lang='lat' dir='ltr'>Cumque</span> <span class='ocrx_word' id='word_1_608' title='bbox 1739 4927 2124 5012; x_wconf 83' lang='lat' dir='ltr'>amaritudini</span> 
     </span>
    </p>
   </div>
   <div class='ocr_carea' id='block_1_85' title="bbox 463 5019 2125 5116">
    <p class='ocr_par' dir='ltr' id='par_1_85' title="bbox 463 5019 2125 5116">
     <span class='ocr_line' id='line_1_85' title="bbox 463 5019 2125 5116; baseline 0.019 -47"><span class='ocrx_word' id='word_1_609' title='bbox 463 5019 662 5116; x_wconf 69' lang='lat' dir='ltr'>inesse</span> <span class='ocrx_word' id='word_1_610' title='bbox 695 5019 880 5116; x_wconf 76' lang='lat' dir='ltr'>vitam</span> <span class='ocrx_word' id='word_1_611' title='bbox 919 5025 1160 5084; x_wconf 91' lang='lat' dir='ltr'>animus</span> <span class='ocrx_word' id='word_1_612' title='bbox 1201 5033 1514 5106; x_wconf 90' lang='lat' dir='ltr'>conspicit,</span> <span class='ocrx_word' id='word_1_613' title='bbox 1546 5019 1802 5098; x_wconf 57' lang='lat' dir='ltr'>mtnrore</span> <span class='ocrx_word' id='word_1_614' title='bbox 1851 5043 2125 5100; x_wconf 88' lang='lat' dir='ltr'>turbatus</span> 
     </span>
    </p>
   </div>
   <div class='ocr_carea' id='block_1_86' title="bbox 461 5103 2126 5204">
    <p class='ocr_par' dir='ltr' id='par_1_86' title="bbox 461 5103 2126 5204">
     <span class='ocr_line' id='line_1_86' title="bbox 461 5103 2126 5204; baseline 0.019 -44"><span class='ocrx_word' id='word_1_615' title='bbox 461 5103 782 5204; x_wconf 68' lang='lat' dir='ltr'>bilarescit.</span> <span class='ocrx_word' id='word_1_616' title='bbox 812 5113 1014 5204; x_wconf 85' lang='lat' dir='ltr'>Quod</span> <span class='ocrx_word' id='word_1_617' title='bbox 1061 5117 1224 5174; x_wconf 90' lang='lat' dir='ltr'>enim</span> <span class='ocrx_word' id='word_1_618' title='bbox 1277 5103 1386 5194; x_wconf 77' lang='lat' dir='ltr'>per</span> <span class='ocrx_word' id='word_1_619' title='bbox 1433 5123 1742 5196; x_wconf 80' lang='lat' dir='ltr'>ﬂagellum</span> <span class='ocrx_word' id='word_1_620' title='bbox 1797 5137 1854 5188; x_wconf 89' lang='lat' dir='ltr'>et</span> <span class='ocrx_word' id='word_1_621' title='bbox 1915 5137 2126 5204; x_wconf 80' lang='lat' dir='ltr'>praete-</span> 
     </span>
    </p>
   </div>
   <div class='ocr_carea' id='block_1_87' title="bbox 459 5197 2120 5293">
    <p class='ocr_par' dir='ltr' id='par_1_87' title="bbox 459 5197 2120 5293">
     <span class='ocr_line' id='line_1_87' title="bbox 459 5197 2120 5293; baseline 0.017 -44"><span class='ocrx_word' id='word_1_622' title='bbox 459 5197 573 5293; x_wconf 61' lang='lat' dir='ltr'>rita</span> <span class='ocrx_word' id='word_1_623' title='bbox 615 5203 864 5293; x_wconf 89' lang='lat' dir='ltr'>peccata</span> <span class='ocrx_word' id='word_1_624' title='bbox 909 5211 1260 5293; x_wconf 82' lang='lat' dir='ltr'>purgentur,</span> <span class='ocrx_word' id='word_1_625' title='bbox 1308 5215 1366 5268; x_wconf 90' lang='lat' dir='ltr'>et</span> <span class='ocrx_word' id='word_1_626' title='bbox 1409 5213 1610 5274; x_wconf 86' lang='lat' dir='ltr'>futura</span> <span class='ocrx_word' id='word_1_627' title='bbox 1661 5197 2120 5293; x_wconf 75' lang='lat' dir='ltr'>prohibeantur,</span> 
     </span>
    </p>
   </div>
   <div class='ocr_carea' id='block_1_88' title="bbox 458 5282 2122 5381">
    <p class='ocr_par' dir='ltr' id='par_1_88' title="bbox 458 5282 2122 5381">
     <span class='ocr_line' id='line_1_88' title="bbox 458 5282 2122 5381; baseline 0.017 -44"><span class='ocrx_word' id='word_1_628' title='bbox 458 5282 744 5381; x_wconf 80' lang='lat' dir='ltr'>salomon</span> <span class='ocrx_word' id='word_1_629' title='bbox 775 5291 1057 5362; x_wconf 89' lang='lat' dir='ltr'>ostendit,</span> <span class='ocrx_word' id='word_1_630' title='bbox 1091 5295 1336 5356; x_wconf 87' lang='lat' dir='ltr'>dicens:</span> <span class='ocrx_word' id='word_1_631' title='bbox 1365 5303 1547 5360; x_wconf 84' lang='lat' dir='ltr'>Livor</span> <span class='ocrx_word' id='word_1_632' title='bbox 1575 5282 1844 5366; x_wconf 68' lang='lat' dir='ltr'>vulneris</span> <span class='ocrx_word' id='word_1_633' title='bbox 1892 5282 2122 5366; x_wconf 54' lang='lat' dir='ltr'>abster;</span> 
     </span>
    </p>
   </div>
   <div class='ocr_carea' id='block_1_89' title="bbox 457 5376 2118 5466">
    <p class='ocr_par' dir='ltr' id='par_1_89' title="bbox 457 5376 2118 5466">
     <span class='ocr_line' id='line_1_89' title="bbox 457 5376 2118 5466; baseline 0.015 -37"><span class='ocrx_word' id='word_1_634' title='bbox 457 5376 564 5438; x_wconf 80' lang='lat' dir='ltr'>git,</span> <span class='ocrx_word' id='word_1_635' title='bbox 593 5377 762 5466; x_wconf 82' lang='lat' dir='ltr'>mala</span> <span class='ocrx_word' id='word_1_636' title='bbox 787 5385 840 5434; x_wconf 85' lang='lat' dir='ltr'>et</span> <span class='ocrx_word' id='word_1_637' title='bbox 877 5384 1079 5454; x_wconf 65' lang='lat' dir='ltr'>plaga?</span> <span class='ocrx_word' id='word_1_638' title='bbox 1105 5403 1170 5444; x_wconf 67' lang='grc' dir='ltr'>τη</span> <span class='ocrx_word' id='word_1_639' title='bbox 1199 5395 1614 5454; x_wconf 80' lang='lat' dir='ltr'>secretioribus</span> <span class='ocrx_word' id='word_1_640' title='bbox 1647 5399 1872 5455; x_wconf 77' lang='lat' dir='ltr'>ventris</span> <span class='ocrx_word' id='word_1_641' title='bbox 1911 5399 2118 5466; x_wconf 84' lang='lat' dir='ltr'>(Prov.</span> 
     </span>
    </p>
   </div>
   <div class='ocr_carea' id='block_1_90' title="bbox 455 5464 2122 5558">
    <p class='ocr_par' dir='ltr' id='par_1_90' title="bbox 455 5464 2122 5558">
     <span class='ocr_line' id='line_1_90' title="bbox 455 5464 2122 5558; baseline 0.017 -43"><span class='ocrx_word' id='word_1_642' title='bbox 455 5472 556 5558; x_wconf 49' lang='lat' dir='ltr'>ax,</span> <span class='ocrx_word' id='word_1_643' title='bbox 584 5464 696 5558; x_wconf 81' lang='lat'>30).</span> <span class='ocrx_word' id='word_1_644' title='bbox 745 5467 969 5558; x_wconf 73' lang='lat' dir='ltr'>Ventris</span> <span class='ocrx_word' id='word_1_645' title='bbox 1023 5478 1268 5537; x_wconf 90' lang='lat' dir='ltr'>nomine</span> <span class='ocrx_word' id='word_1_646' title='bbox 1317 5497 1490 5542; x_wconf 89' lang='lat' dir='ltr'>mens</span> <span class='ocrx_word' id='word_1_647' title='bbox 1536 5464 1926 5556; x_wconf 76' lang='lat' dir='ltr'>signiﬁcatur,</span> <span class='ocrx_word' id='word_1_648' title='bbox 1977 5487 2122 5558; x_wconf 89' lang='lat' dir='ltr'>quia</span> 
     </span>
    </p>
   </div>
   <div class='ocr_carea' id='block_1_91' title="bbox 451 5555 2120 5648">
    <p class='ocr_par' dir='ltr' id='par_1_91' title="bbox 451 5555 2120 5648">
     <span class='ocr_line' id='line_1_91' title="bbox 451 5555 2120 5648; baseline 0.03 -47"><span class='ocrx_word' id='word_1_649' title='bbox 451 5555 604 5612; x_wconf 79' lang='lat' dir='ltr'>sicut</span> <span class='ocrx_word' id='word_1_650' title='bbox 651 5557 860 5614; x_wconf 87' lang='lat' dir='ltr'>venter</span> <span class='ocrx_word' id='word_1_651' title='bbox 913 5561 1060 5618; x_wconf 90' lang='lat' dir='ltr'>cibis</span> <span class='ocrx_word' id='word_1_652' title='bbox 1119 5571 1477 5648; x_wconf 81' lang='lat' dir='ltr'>extenditur,</span> <span class='ocrx_word' id='word_1_653' title='bbox 1541 5555 1624 5638; x_wconf 65' lang='lat' dir='ltr'>ita</span> <span class='ocrx_word' id='word_1_654' title='bbox 1681 5591 1854 5642; x_wconf 75' lang='lat' dir='ltr'>meas</span> <span class='ocrx_word' id='word_1_655' title='bbox 1913 5555 2120 5648; x_wconf 42' lang='lat' dir='ltr'>Pri—1‘&quot;.8</span> 
     </span>
    </p>
   </div>
   <div class='ocr_carea' id='block_1_92' title="bbox 2237 2992 3908 3066">
    <p class='ocr_par' dir='ltr' id='par_1_92' title="bbox 2237 2992 3908 3066">
     <span class='ocr_line' id='line_1_92' title="bbox 2237 2992 3908 3066; baseline -0.001 -18"><span class='ocrx_word' id='word_1_656' title='bbox 2237 2992 2298 3048; x_wconf 90' lang='lat' dir='ltr'>in</span> <span class='ocrx_word' id='word_1_657' title='bbox 2349 2994 2612 3066; x_wconf 88' lang='lat' dir='ltr'>appetitu</span> <span class='ocrx_word' id='word_1_658' title='bbox 2661 2993 2898 3050; x_wconf 65' lang='lat' dir='ltr'>feminae</span> <span class='ocrx_word' id='word_1_659' title='bbox 2937 2993 3225 3050; x_wconf 87' lang='lat' dir='ltr'>enervlter</span> <span class='ocrx_word' id='word_1_660' title='bbox 3273 2993 3381 3050; x_wconf 90' lang='lat' dir='ltr'>fuit</span> <span class='ocrx_word' id='word_1_661' title='bbox 3419 2993 3640 3062; x_wconf 84' lang='lat' dir='ltr'>ﬂuxus,</span> <span class='ocrx_word' id='word_1_662' title='bbox 3691 2995 3752 3048; x_wconf 90' lang='lat' dir='ltr'>et</span> <span class='ocrx_word' id='word_1_663' title='bbox 3801 2992 3908 3064; x_wconf 91' lang='lat' dir='ltr'>qui</span> 
     </span>
    </p>
   </div>
   <div class='ocr_carea' id='block_1_93' title="bbox 2239 3081 3912 3155">
    <p class='ocr_par' dir='ltr' id='par_1_93' title="bbox 2239 3081 3912 3155">
     <span class='ocr_line' id='line_1_93' title="bbox 2239 3081 3912 3155; baseline -0.001 -18"><span class='ocrx_word' id='word_1_664' title='bbox 2239 3081 2414 3138; x_wconf 90' lang='lat' dir='ltr'>malis</span> <span class='ocrx_word' id='word_1_665' title='bbox 2445 3087 2582 3138; x_wconf 90' lang='lat' dir='ltr'>ante</span> <span class='ocrx_word' id='word_1_666' title='bbox 2612 3087 2860 3139; x_wconf 87' lang='lat' dir='ltr'>noverat</span> <span class='ocrx_word' id='word_1_667' title='bbox 2891 3083 2984 3155; x_wconf 90' lang='lat' dir='ltr'>pie</span> <span class='ocrx_word' id='word_1_668' title='bbox 3017 3099 3293 3155; x_wconf 86' lang='lat' dir='ltr'>parcere,</span> <span class='ocrx_word' id='word_1_669' title='bbox 3316 3083 3378 3138; x_wconf 92' lang='lat' dir='ltr'>in</span> <span class='ocrx_word' id='word_1_670' title='bbox 3421 3083 3724 3139; x_wconf 87' lang='lat' dir='ltr'>bonorum</span> <span class='ocrx_word' id='word_1_671' title='bbox 3759 3097 3912 3154; x_wconf 89' lang='lat' dir='ltr'>quo-</span> 
     </span>
    </p>
   </div>
   <div class='ocr_carea' id='block_1_94' title="bbox 2239 3170 3910 3244">
    <p class='ocr_par' dir='ltr' id='par_1_94' title="bbox 2239 3170 3910 3244">
     <span class='ocr_line' id='line_1_94' title="bbox 2239 3170 3910 3244; baseline -0.001 -18"><span class='ocrx_word' id='word_1_672' title='bbox 2239 3187 2358 3244; x_wconf 90' lang='lat' dir='ltr'>que</span> <span class='ocrx_word' id='word_1_673' title='bbox 2399 3187 2544 3227; x_wconf 72' lang='lat' dir='ltr'>nece</span> <span class='ocrx_word' id='word_1_674' title='bbox 2569 3175 2706 3244; x_wconf 91' lang='lat' dir='ltr'>post</span> <span class='ocrx_word' id='word_1_675' title='bbox 2735 3171 2940 3227; x_wconf 83' lang='lat' dir='ltr'>didicit</span> <span class='ocrx_word' id='word_1_676' title='bbox 2966 3171 3092 3228; x_wconf 90' lang='lat' dir='ltr'>sine</span> <span class='ocrx_word' id='word_1_677' title='bbox 3121 3171 3437 3228; x_wconf 89' lang='lat' dir='ltr'>obstaculo</span> <span class='ocrx_word' id='word_1_678' title='bbox 3467 3170 3910 3228; x_wconf 85' lang='lat' dir='ltr'>retractationis</span> 
     </span>
    </p>
   </div>
   <div class='ocr_carea' id='block_1_95' title="bbox 2240 3259 3912 3335">
    <p class='ocr_par' dir='ltr' id='par_1_95' title="bbox 2240 3259 3912 3335">
     <span class='ocr_line' id='line_1_95' title="bbox 2240 3259 3912 3335; baseline 0 -19"><span class='ocrx_word' id='word_1_679' title='bbox 2240 3261 2544 3316; x_wconf 90' lang='lat' dir='ltr'>anhelare.</span> <span class='ocrx_word' id='word_1_680' title='bbox 2579 3261 2747 3316; x_wconf 85' lang='lat' dir='ltr'>Prius</span> <span class='ocrx_word' id='word_1_681' title='bbox 2775 3261 3000 3333; x_wconf 79' lang='lat' dir='ltr'>quippe</span> <span class='ocrx_word' id='word_1_682' title='bbox 3031 3260 3202 3317; x_wconf 90' lang='lat' dir='ltr'>ferire</span> <span class='ocrx_word' id='word_1_683' title='bbox 3249 3259 3702 3335; x_wconf 87' lang='lat' dir='ltr'>deprehensum</span> <span class='ocrx_word' id='word_1_684' title='bbox 3755 3277 3912 3332; x_wconf 71' lang='lat' dir='ltr'>prae-</span> 
     </span>
    </p>
   </div>
   <div class='ocr_carea' id='block_1_96' title="bbox 2238 3347 3909 3422">
    <p class='ocr_par' dir='ltr' id='par_1_96' title="bbox 2238 3347 3909 3422">
     <span class='ocr_line' id='line_1_96' title="bbox 2238 3347 3909 3422; baseline 0 -18"><span class='ocrx_word' id='word_1_685' title='bbox 2238 3353 2614 3422; x_wconf 88' lang='lat' dir='ltr'>sumptorem</span> <span class='ocrx_word' id='word_1_686' title='bbox 2658 3349 2866 3418; x_wconf 91' lang='lat' dir='ltr'>noluit,</span> <span class='ocrx_word' id='word_1_687' title='bbox 2915 3355 2974 3406; x_wconf 90' lang='lat' dir='ltr'>et</span> <span class='ocrx_word' id='word_1_688' title='bbox 3001 3354 3140 3422; x_wconf 91' lang='lat' dir='ltr'>post</span> <span class='ocrx_word' id='word_1_689' title='bbox 3169 3366 3310 3406; x_wconf 91' lang='lat' dir='ltr'>cum</span> <span class='ocrx_word' id='word_1_690' title='bbox 3338 3349 3566 3405; x_wconf 88' lang='lat' dir='ltr'>damno</span> <span class='ocrx_word' id='word_1_691' title='bbox 3597 3347 3909 3404; x_wconf 89' lang='lat' dir='ltr'>desudan-</span> 
     </span>
    </p>
   </div>
   <div class='ocr_carea' id='block_1_97' title="bbox 2239 3435 3906 3494">
    <p class='ocr_par' dir='ltr' id='par_1_97' title="bbox 2239 3435 3906 3494">
     <span class='ocr_line' id='line_1_97' title="bbox 2239 3435 3906 3494; baseline -0.001 0"><span class='ocrx_word' id='word_1_692' title='bbox 2239 3437 2310 3494; x_wconf 89' lang='lat' dir='ltr'>tis</span> <span class='ocrx_word' id='word_1_693' title='bbox 2353 3437 2644 3494; x_wconf 82' lang='lat' dir='ltr'>exercitus</span> <span class='ocrx_word' id='word_1_694' title='bbox 2699 3437 2878 3494; x_wconf 90' lang='lat' dir='ltr'>etiam</span> <span class='ocrx_word' id='word_1_695' title='bbox 2933 3435 3220 3494; x_wconf 88' lang='lat' dir='ltr'>devotum</span> <span class='ocrx_word' id='word_1_696' title='bbox 3277 3437 3528 3494; x_wconf 90' lang='lat' dir='ltr'>militem</span> <span class='ocrx_word' id='word_1_697' title='bbox 3585 3437 3906 3494; x_wconf 78' lang='lat' dir='ltr'>exstinxit:</span> 
     </span>
    </p>
   </div>
   <div class='ocr_carea' id='block_1_98' title="bbox 2237 3527 3908 3600">
    <p class='ocr_par' dir='ltr' id='par_1_98' title="bbox 2237 3527 3908 3600">
     <span class='ocr_line' id='line_1_98' title="bbox 2237 3527 3908 3600; baseline 0.001 -20"><span class='ocrx_word' id='word_1_698' title='bbox 2237 3541 2420 3597; x_wconf 89' lang='lat' dir='ltr'>quem</span> <span class='ocrx_word' id='word_1_699' title='bbox 2475 3529 2742 3598; x_wconf 87' lang='lat' dir='ltr'>profecto</span> <span class='ocrx_word' id='word_1_700' title='bbox 2774 3527 2853 3584; x_wconf 89' lang='lat' dir='ltr'>ab</span> <span class='ocrx_word' id='word_1_701' title='bbox 2897 3527 3222 3585; x_wconf 88' lang='lat' dir='ltr'>electorum</span> <span class='ocrx_word' id='word_1_702' title='bbox 3259 3541 3514 3585; x_wconf 89' lang='lat' dir='ltr'>numero</span> <span class='ocrx_word' id='word_1_703' title='bbox 3555 3527 3742 3600; x_wconf 88' lang='lat' dir='ltr'>culpa</span> <span class='ocrx_word' id='word_1_704' title='bbox 3775 3527 3908 3583; x_wconf 90' lang='lat' dir='ltr'>lon-</span> 
     </span>
    </p>
   </div>
   <div class='ocr_carea' id='block_1_99' title="bbox 2239 3612 3914 3686">
    <p class='ocr_par' dir='ltr' id='par_1_99' title="bbox 2239 3612 3914 3686">
     <span class='ocr_line' id='line_1_99' title="bbox 2239 3612 3914 3686; baseline 0.002 -19"><span class='ocrx_word' id='word_1_705' title='bbox 2239 3612 2370 3682; x_wconf 87' lang='lat' dir='ltr'>gius</span> <span class='ocrx_word' id='word_1_706' title='bbox 2405 3615 2680 3684; x_wconf 88' lang='lat' dir='ltr'>traheret,</span> <span class='ocrx_word' id='word_1_707' title='bbox 2712 3615 2826 3671; x_wconf 88' lang='lat' dir='ltr'>nisi</span> <span class='ocrx_word' id='word_1_708' title='bbox 2857 3615 3019 3672; x_wconf 86' lang='lat' dir='ltr'>hunc</span> <span class='ocrx_word' id='word_1_709' title='bbox 3065 3617 3144 3674; x_wconf 87' lang='lat' dir='ltr'>ad</span> <span class='ocrx_word' id='word_1_710' title='bbox 3183 3617 3412 3673; x_wconf 87' lang='lat' dir='ltr'>veniam</span> <span class='ocrx_word' id='word_1_711' title='bbox 3441 3615 3684 3686; x_wconf 88' lang='lat' dir='ltr'>ﬂegella</span> <span class='ocrx_word' id='word_1_712' title='bbox 3737 3631 3914 3672; x_wconf 87' lang='lat' dir='ltr'>revo-</span> 
     </span>
    </p>
   </div>
   <div class='ocr_carea' id='block_1_100' title="bbox 2237 3705 3914 3780">
    <p class='ocr_par' dir='ltr' id='par_1_100' title="bbox 2237 3705 3914 3780">
     <span class='ocr_line' id='line_1_100' title="bbox 2237 3705 3914 3780; baseline 0.002 -24"><span class='ocrx_word' id='word_1_713' title='bbox 2237 3709 2492 3760; x_wconf 88' lang='lat' dir='ltr'>cassent.</span> <span class='ocrx_word' id='word_1_714' title='bbox 2525 3707 2820 3762; x_wconf 72' lang='lat' dir='ltr'>Noverunt</span> <span class='ocrx_word' id='word_1_715' title='bbox 2841 3706 3026 3762; x_wconf 90' lang='lat' dir='ltr'>sancti</span> <span class='ocrx_word' id='word_1_716' title='bbox 3043 3706 3148 3763; x_wconf 90' lang='lat' dir='ltr'>viri</span> <span class='ocrx_word' id='word_1_717' title='bbox 3169 3723 3354 3779; x_wconf 89' lang='lat' dir='ltr'>quam</span> <span class='ocrx_word' id='word_1_718' title='bbox 3375 3705 3719 3780; x_wconf 87' lang='lat' dir='ltr'>periculosa</span> <span class='ocrx_word' id='word_1_719' title='bbox 3739 3719 3914 3778; x_wconf 73' lang='lat' dir='ltr'>pros-</span> 
     </span>
    </p>
   </div>
   <div class='ocr_carea' id='block_1_101' title="bbox 2235 3789 3905 3869">
    <p class='ocr_par' dir='ltr' id='par_1_101' title="bbox 2235 3789 3905 3869">
     <span class='ocr_line' id='line_1_101' title="bbox 2235 3789 3905 3869; baseline 0.002 -21"><span class='ocrx_word' id='word_1_720' title='bbox 2235 3789 2457 3864; x_wconf 86' lang='lat' dir='ltr'>peritas</span> <span class='ocrx_word' id='word_1_721' title='bbox 2497 3793 2590 3864; x_wconf 91' lang='lat' dir='ltr'>sit,</span> <span class='ocrx_word' id='word_1_722' title='bbox 2645 3796 2750 3868; x_wconf 90' lang='lat' dir='ltr'>qui</span> <span class='ocrx_word' id='word_1_723' title='bbox 2794 3795 3238 3869; x_wconf 86' lang='lat' dir='ltr'>adversilatem,</span> <span class='ocrx_word' id='word_1_724' title='bbox 3285 3812 3424 3852; x_wconf 92' lang='lat' dir='ltr'>cum</span> <span class='ocrx_word' id='word_1_725' title='bbox 3475 3795 3622 3851; x_wconf 85' lang='lat' dir='ltr'>forte</span> <span class='ocrx_word' id='word_1_726' title='bbox 3673 3795 3905 3862; x_wconf 77' lang='lat' dir='ltr'>deerat,</span> 
     </span>
    </p>
   </div>
   <div class='ocr_carea' id='block_1_102' title="bbox 2237 3883 3906 3960">
    <p class='ocr_par' dir='ltr' id='par_1_102' title="bbox 2237 3883 3906 3960">
     <span class='ocr_line' id='line_1_102' title="bbox 2237 3883 3906 3960; baseline 0.002 -23"><span class='ocrx_word' id='word_1_727' title='bbox 2237 3883 2510 3954; x_wconf 88' lang='lat' dir='ltr'>precibus</span> <span class='ocrx_word' id='word_1_728' title='bbox 2535 3883 2962 3957; x_wconf 87' lang='lat' dir='ltr'>implorabant,</span> <span class='ocrx_word' id='word_1_729' title='bbox 2991 3892 3052 3942; x_wconf 89' lang='lat' dir='ltr'>ut</span> <span class='ocrx_word' id='word_1_730' title='bbox 3085 3886 3404 3960; x_wconf 60' lang='lat' dir='ltr'>praedictus</span> <span class='ocrx_word' id='word_1_731' title='bbox 3427 3885 3618 3940; x_wconf 87' lang='lat' dir='ltr'>David</span> <span class='ocrx_word' id='word_1_732' title='bbox 3646 3901 3795 3941; x_wconf 89' lang='lat' dir='ltr'>cum</span> <span class='ocrx_word' id='word_1_733' title='bbox 3818 3885 3906 3940; x_wconf 86' lang='lat' dir='ltr'>di-</span> 
     </span>
    </p>
   </div>
   <div class='ocr_carea' id='block_1_103' title="bbox 2235 3975 3908 4046">
    <p class='ocr_par' dir='ltr' id='par_1_103' title="bbox 2235 3975 3908 4046">
     <span class='ocr_line' id='line_1_103' title="bbox 2235 3975 3908 4046; baseline 0.001 -18"><span class='ocrx_word' id='word_1_734' title='bbox 2235 3977 2426 4029; x_wconf 89' lang='lat' dir='ltr'>ceret:</span> <span class='ocrx_word' id='word_1_735' title='bbox 2461 3975 2660 4031; x_wconf 82' lang='lat' dir='ltr'>Proba</span> <span class='ocrx_word' id='word_1_736' title='bbox 2691 3991 2800 4038; x_wconf 90' lang='lat' dir='ltr'>me,</span> <span class='ocrx_word' id='word_1_737' title='bbox 2833 3977 3104 4046; x_wconf 83' lang='lat' dir='ltr'>Domine,</span> <span class='ocrx_word' id='word_1_738' title='bbox 3149 3982 3206 4034; x_wconf 87' lang='lat' dir='ltr'>et</span> <span class='ocrx_word' id='word_1_739' title='bbox 3235 3981 3400 4032; x_wconf 86' lang='lat' dir='ltr'>tenta</span> <span class='ocrx_word' id='word_1_740' title='bbox 3429 3991 3522 4032; x_wconf 88' lang='lat' dir='ltr'>me</span> <span class='ocrx_word' id='word_1_741' title='bbox 3543 3977 3742 4042; x_wconf 87' lang='lat' dir='ltr'>(Psal.</span> <span class='ocrx_word' id='word_1_742' title='bbox 3769 3991 3908 4043; x_wconf 78' lang='lat' dir='ltr'>xxv,</span> 
     </span>
    </p>
   </div>
   <div class='ocr_carea' id='block_1_104' title="bbox 2233 4063 3912 4138">
    <p class='ocr_par' dir='ltr' id='par_1_104' title="bbox 2233 4063 3912 4138">
     <span class='ocr_line' id='line_1_104' title="bbox 2233 4063 3912 4138; baseline 0 -18"><span class='ocrx_word' id='word_1_743' title='bbox 2233 4067 2312 4130; x_wconf 82' lang='lat'>2).</span> <span class='ocrx_word' id='word_1_744' title='bbox 2369 4065 2512 4121; x_wconf 90' lang='lat' dir='ltr'>Item</span> <span class='ocrx_word' id='word_1_745' title='bbox 2557 4065 2710 4122; x_wconf 90' lang='lat' dir='ltr'>alius</span> <span class='ocrx_word' id='word_1_746' title='bbox 2747 4086 2758 4122; x_wconf 93' lang='lat'>:</span> <span class='ocrx_word' id='word_1_747' title='bbox 2805 4067 3200 4138; x_wconf 82' lang='lat' dir='ltr'>Ingrediatur</span> <span class='ocrx_word' id='word_1_748' title='bbox 3245 4065 3504 4136; x_wconf 86' lang='lat' dir='ltr'>putredo</span> <span class='ocrx_word' id='word_1_749' title='bbox 3553 4066 3619 4120; x_wconf 87' lang='lat' dir='ltr'>in</span> <span class='ocrx_word' id='word_1_750' title='bbox 3675 4063 3912 4120; x_wconf 72' lang='lat' dir='ltr'>ossibus</span> 
     </span>
    </p>
   </div>
   <div class='ocr_carea' id='block_1_105' title="bbox 2235 4151 3910 4227">
    <p class='ocr_par' dir='ltr' id='par_1_105' title="bbox 2235 4151 3910 4227">
     <span class='ocr_line' id='line_1_105' title="bbox 2235 4151 3910 4227; baseline -0.001 -18"><span class='ocrx_word' id='word_1_751' title='bbox 2235 4156 2376 4210; x_wconf 82' lang='lat' dir='ltr'>meis</span> <span class='ocrx_word' id='word_1_752' title='bbox 2401 4151 2650 4225; x_wconf 82' lang='lat' dir='ltr'>(Habac.</span> <span class='ocrx_word' id='word_1_753' title='bbox 2684 4167 2761 4224; x_wconf 83' lang='lat' dir='ltr'>tu,</span> <span class='ocrx_word' id='word_1_754' title='bbox 2813 4157 2919 4227; x_wconf 86' lang='lat' dir='ltr'>l6).</span> <span class='ocrx_word' id='word_1_755' title='bbox 2953 4159 3014 4212; x_wconf 88' lang='lat' dir='ltr'>Et</span> <span class='ocrx_word' id='word_1_756' title='bbox 3045 4157 3231 4212; x_wconf 88' lang='lat' dir='ltr'>alius:</span> <span class='ocrx_word' id='word_1_757' title='bbox 3273 4157 3346 4211; x_wconf 87' lang='lat' dir='ltr'>In</span> <span class='ocrx_word' id='word_1_758' title='bbox 3367 4155 3617 4225; x_wconf 84' lang='lat' dir='ltr'>ﬂagello</span> <span class='ocrx_word' id='word_1_759' title='bbox 3641 4155 3910 4223; x_wconf 74' lang='lat' dir='ltr'>positus,</span> 
     </span>
    </p>
   </div>
   <div class='ocr_carea' id='block_1_106' title="bbox 2233 4241 3906 4316">
    <p class='ocr_par' dir='ltr' id='par_1_106' title="bbox 2233 4241 3906 4316">
     <span class='ocr_line' id='line_1_106' title="bbox 2233 4241 3906 4316; baseline -0.001 -19"><span class='ocrx_word' id='word_1_760' title='bbox 2233 4245 2342 4313; x_wconf 87' lang='lat' dir='ltr'>qui</span> <span class='ocrx_word' id='word_1_761' title='bbox 2369 4246 2540 4313; x_wconf 75' lang='lat' dir='ltr'>czepit</span> <span class='ocrx_word' id='word_1_762' title='bbox 2568 4246 2696 4314; x_wconf 88' lang='lat' dir='ltr'>ipse</span> <span class='ocrx_word' id='word_1_763' title='bbox 2721 4261 2814 4302; x_wconf 88' lang='lat' dir='ltr'>me</span> <span class='ocrx_word' id='word_1_764' title='bbox 2842 4249 3114 4302; x_wconf 83' lang='lat' dir='ltr'>conterat</span> <span class='ocrx_word' id='word_1_765' title='bbox 3141 4245 3268 4316; x_wconf 85' lang='lat' dir='ltr'>(Job</span> <span class='ocrx_word' id='word_1_766' title='bbox 3289 4261 3368 4312; x_wconf 84' lang='lat' dir='ltr'>v1,</span> <span class='ocrx_word' id='word_1_767' title='bbox 3401 4247 3478 4310; x_wconf 87' lang='lat'>9).</span> <span class='ocrx_word' id='word_1_768' title='bbox 3509 4243 3654 4298; x_wconf 90' lang='lat' dir='ltr'>Item</span> <span class='ocrx_word' id='word_1_769' title='bbox 3697 4241 3854 4298; x_wconf 86' lang='lat' dir='ltr'>alius</span> <span class='ocrx_word' id='word_1_770' title='bbox 3887 4255 3906 4296; x_wconf 90' lang='lat'>:</span> 
     </span>
    </p>
   </div>
   <div class='ocr_carea' id='block_1_107' title="bbox 2233 4327 3904 4403">
    <p class='ocr_par' dir='ltr' id='par_1_107' title="bbox 2233 4327 3904 4403">
     <span class='ocr_line' id='line_1_107' title="bbox 2233 4327 3904 4403; baseline -0.002 -15"><span class='ocrx_word' id='word_1_771' title='bbox 2233 4333 2440 4402; x_wconf 78' lang='lat' dir='ltr'>Argue</span> <span class='ocrx_word' id='word_1_772' title='bbox 2463 4349 2572 4400; x_wconf 88' lang='lat' dir='ltr'>me,</span> <span class='ocrx_word' id='word_1_773' title='bbox 2621 4335 2887 4400; x_wconf 85' lang='lat' dir='ltr'>Domine,</span> <span class='ocrx_word' id='word_1_774' title='bbox 2929 4335 3034 4392; x_wconf 87' lang='lat' dir='ltr'>sed</span> <span class='ocrx_word' id='word_1_775' title='bbox 3061 4351 3180 4390; x_wconf 84' lang='lat' dir='ltr'>non</span> <span class='ocrx_word' id='word_1_776' title='bbox 3219 4335 3282 4390; x_wconf 86' lang='lat' dir='ltr'>in</span> <span class='ocrx_word' id='word_1_777' title='bbox 3327 4335 3544 4403; x_wconf 80' lang='lat' dir='ltr'>furore</span> <span class='ocrx_word' id='word_1_778' title='bbox 3571 4339 3676 4387; x_wconf 90' lang='lat' dir='ltr'>tuo</span> <span class='ocrx_word' id='word_1_779' title='bbox 3707 4327 3904 4398; x_wconf 79' lang='lat' dir='ltr'>(Psal.</span> 
     </span>
    </p>
   </div>
   <div class='ocr_carea' id='block_1_108' title="bbox 2233 4421 3908 4494">
    <p class='ocr_par' dir='ltr' id='par_1_108' title="bbox 2233 4421 3908 4494">
     <span class='ocr_line' id='line_1_108' title="bbox 2233 4421 3908 4494; baseline -0.001 -20"><span class='ocrx_word' id='word_1_780' title='bbox 2233 4435 2306 4486; x_wconf 83' lang='lat' dir='ltr'>v1,</span> <span class='ocrx_word' id='word_1_781' title='bbox 2353 4421 2430 4490; x_wconf 89' lang='lat'>2).</span> <span class='ocrx_word' id='word_1_782' title='bbox 2477 4421 2622 4477; x_wconf 91' lang='lat' dir='ltr'>Item</span> <span class='ocrx_word' id='word_1_783' title='bbox 2661 4423 2850 4478; x_wconf 85' lang='lat' dir='ltr'>alius:</span> <span class='ocrx_word' id='word_1_784' title='bbox 2908 4425 3176 4490; x_wconf 87' lang='lat' dir='ltr'>Domine,</span> <span class='ocrx_word' id='word_1_785' title='bbox 3220 4421 3431 4494; x_wconf 88' lang='lat' dir='ltr'>inquit,</span> <span class='ocrx_word' id='word_1_786' title='bbox 3489 4425 3552 4474; x_wconf 84' lang='lat' dir='ltr'>tu</span> <span class='ocrx_word' id='word_1_787' title='bbox 3593 4421 3908 4489; x_wconf 77' lang='lat' dir='ltr'>propitius</span> 
     </span>
    </p>
   </div>
   <div class='ocr_carea' id='block_1_109' title="bbox 2107 4507 3907 4583">
    <p class='ocr_par' dir='ltr' id='par_1_109' title="bbox 2107 4507 3907 4583">
     <span class='ocr_line' id='line_1_109' title="bbox 2107 4507 3907 4583; baseline -0.001 -19"><span class='ocrx_word' id='word_1_788' title='bbox 2107 4545 2129 4554; x_wconf 86' lang='lat'><strong>-</strong></span> <span class='ocrx_word' id='word_1_789' title='bbox 2229 4507 2409 4578; x_wconf 85' lang='lat' dir='ltr'>fuisti</span> <span class='ocrx_word' id='word_1_790' title='bbox 2431 4511 2512 4566; x_wconf 91' lang='lat' dir='ltr'>eis</span> <span class='ocrx_word' id='word_1_791' title='bbox 2545 4511 2733 4578; x_wconf 82' lang='lat' dir='ltr'>(Psal.</span> <span class='ocrx_word' id='word_1_792' title='bbox 2763 4527 2955 4576; x_wconf 81' lang='lat' dir='ltr'>xcvm,</span> <span class='ocrx_word' id='word_1_793' title='bbox 2982 4516 3060 4580; x_wconf 92' lang='lat'>8).</span> <span class='ocrx_word' id='word_1_794' title='bbox 3089 4510 3259 4566; x_wconf 94' lang='lat' dir='ltr'>Unde</span> <span class='ocrx_word' id='word_1_795' title='bbox 3281 4509 3364 4566; x_wconf 89' lang='lat' dir='ltr'>eis</span> <span class='ocrx_word' id='word_1_796' title='bbox 3393 4508 3695 4583; x_wconf 88' lang='lat' dir='ltr'>propitius</span> <span class='ocrx_word' id='word_1_797' title='bbox 3725 4507 3907 4564; x_wconf 84' lang='lat' dir='ltr'>fuerit</span> 
     </span>
    </p>
   </div>
   <div class='ocr_carea' id='block_1_110' title="bbox 2232 4599 3911 4666">
    <p class='ocr_par' dir='ltr' id='par_1_110' title="bbox 2232 4599 3911 4666">
     <span class='ocr_line' id='line_1_110' title="bbox 2232 4599 3911 4666; baseline -0.001 -13"><span class='ocrx_word' id='word_1_798' title='bbox 2232 4599 2574 4657; x_wconf 86' lang='lat' dir='ltr'>manifestat</span> <span class='ocrx_word' id='word_1_799' title='bbox 2602 4617 2742 4666; x_wconf 89' lang='lat' dir='ltr'>cum</span> <span class='ocrx_word' id='word_1_800' title='bbox 2790 4601 2965 4657; x_wconf 89' lang='lat' dir='ltr'>dicit:</span> <span class='ocrx_word' id='word_1_801' title='bbox 3018 4603 3315 4658; x_wconf 84' lang='lat' dir='ltr'>Ulciscens</span> <span class='ocrx_word' id='word_1_802' title='bbox 3361 4601 3424 4655; x_wconf 86' lang='lat' dir='ltr'>in</span> <span class='ocrx_word' id='word_1_803' title='bbox 3475 4613 3680 4654; x_wconf 87' lang='lat' dir='ltr'>omnes</span> <span class='ocrx_word' id='word_1_804' title='bbox 3722 4599 3911 4654; x_wconf 79' lang='lat' dir='ltr'>adin-</span> 
     </span>
    </p>
   </div>
   <div class='ocr_carea' id='block_1_111' title="bbox 2233 4687 3916 4764">
    <p class='ocr_par' dir='ltr' id='par_1_111' title="bbox 2233 4687 3916 4764">
     <span class='ocr_line' id='line_1_111' title="bbox 2233 4687 3916 4764; baseline -0.002 -19"><span class='ocrx_word' id='word_1_805' title='bbox 2233 4690 2538 4746; x_wconf 85' lang='lat' dir='ltr'>ventiones</span> <span class='ocrx_word' id='word_1_806' title='bbox 2568 4705 2771 4746; x_wconf 84' lang='lat' dir='ltr'>eorum</span> <span class='ocrx_word' id='word_1_807' title='bbox 2815 4691 3036 4764; x_wconf 86' lang='lat' dir='ltr'>(Ibid.),</span> <span class='ocrx_word' id='word_1_808' title='bbox 3070 4691 3130 4746; x_wconf 92' lang='lat' dir='ltr'>id</span> <span class='ocrx_word' id='word_1_809' title='bbox 3179 4694 3286 4757; x_wconf 89' lang='lat' dir='ltr'>est,</span> <span class='ocrx_word' id='word_1_810' title='bbox 3335 4688 3592 4762; x_wconf 90' lang='lat' dir='ltr'>puniens</span> <span class='ocrx_word' id='word_1_811' title='bbox 3641 4687 3706 4743; x_wconf 90' lang='lat' dir='ltr'>in</span> <span class='ocrx_word' id='word_1_812' title='bbox 3755 4701 3916 4760; x_wconf 63' lang='lat' dir='ltr'>pra»-</span> 
     </span>
    </p>
   </div>
   <div class='ocr_carea' id='block_1_112' title="bbox 2233 4777 3908 4852">
    <p class='ocr_par' dir='ltr' id='par_1_112' title="bbox 2233 4777 3908 4852">
     <span class='ocr_line' id='line_1_112' title="bbox 2233 4777 3908 4852; baseline 0.001 -22"><span class='ocrx_word' id='word_1_813' title='bbox 2233 4779 2383 4832; x_wconf 88' lang='lat' dir='ltr'>senti</span> <span class='ocrx_word' id='word_1_814' title='bbox 2415 4779 2712 4851; x_wconf 86' lang='lat' dir='ltr'>quidquid</span> <span class='ocrx_word' id='word_1_815' title='bbox 2745 4795 2850 4852; x_wconf 89' lang='lat' dir='ltr'>per</span> <span class='ocrx_word' id='word_1_816' title='bbox 2877 4779 3213 4836; x_wconf 85' lang='lat' dir='ltr'>humanam</span> <span class='ocrx_word' id='word_1_817' title='bbox 3259 4777 3640 4848; x_wconf 87' lang='lat' dir='ltr'>fragilitatem</span> <span class='ocrx_word' id='word_1_818' title='bbox 3691 4791 3908 4848; x_wconf 77' lang='lat' dir='ltr'>pecca-</span> 
     </span>
    </p>
   </div>
   <div class='ocr_carea' id='block_1_113' title="bbox 2231 4867 3908 4941">
    <p class='ocr_par' dir='ltr' id='par_1_113' title="bbox 2231 4867 3908 4941">
     <span class='ocr_line' id='line_1_113' title="bbox 2231 4867 3908 4941; baseline 0.001 -21"><span class='ocrx_word' id='word_1_819' title='bbox 2231 4872 2465 4922; x_wconf 88' lang='lat' dir='ltr'>verunt.</span> <span class='ocrx_word' id='word_1_820' title='bbox 2495 4871 2608 4922; x_wconf 85' lang='lat' dir='ltr'>Nos</span> <span class='ocrx_word' id='word_1_821' title='bbox 2646 4884 2790 4938; x_wconf 87' lang='lat' dir='ltr'>ergo</span> <span class='ocrx_word' id='word_1_822' title='bbox 2839 4869 3089 4940; x_wconf 86' lang='lat' dir='ltr'>ﬂagellis</span> <span class='ocrx_word' id='word_1_823' title='bbox 3119 4869 3294 4925; x_wconf 86' lang='lat' dir='ltr'>cincti</span> <span class='ocrx_word' id='word_1_824' title='bbox 3319 4867 3600 4941; x_wconf 88' lang='lat' dir='ltr'>quamvis</span> <span class='ocrx_word' id='word_1_825' title='bbox 3627 4883 3702 4922; x_wconf 79' lang='lat' dir='ltr'>ex</span> <span class='ocrx_word' id='word_1_826' title='bbox 3733 4871 3908 4938; x_wconf 84' lang='lat' dir='ltr'>parte</span> 
     </span>
    </p>
   </div>
   <div class='ocr_carea' id='block_1_114' title="bbox 2231 4954 3910 5031">
    <p class='ocr_par' dir='ltr' id='par_1_114' title="bbox 2231 4954 3910 5031">
     <span class='ocr_line' id='line_1_114' title="bbox 2231 4954 3910 5031; baseline 0.002 -23"><span class='ocrx_word' id='word_1_827' title='bbox 2231 4954 2430 5008; x_wconf 89' lang='lat' dir='ltr'>carnis</span> <span class='ocrx_word' id='word_1_828' title='bbox 2461 4955 2901 5024; x_wconf 88' lang='lat' dir='ltr'>contristemur,</span> <span class='ocrx_word' id='word_1_829' title='bbox 2925 4963 3124 5014; x_wconf 89' lang='lat' dir='ltr'>tamen</span> <span class='ocrx_word' id='word_1_830' title='bbox 3157 4957 3363 5031; x_wconf 88' lang='lat' dir='ltr'>spiritu</span> <span class='ocrx_word' id='word_1_831' title='bbox 3389 4957 3682 5026; x_wconf 69' lang='lat' dir='ltr'>ltetemur,</span> <span class='ocrx_word' id='word_1_832' title='bbox 3712 4955 3910 5012; x_wconf 75' lang='lat' dir='ltr'>afﬂic-</span> 
     </span>
    </p>
   </div>
   <div class='ocr_carea' id='block_1_115' title="bbox 2229 5041 3908 5121">
    <p class='ocr_par' dir='ltr' id='par_1_115' title="bbox 2229 5041 3908 5121">
     <span class='ocr_line' id='line_1_115' title="bbox 2229 5041 3908 5121; baseline 0.002 -25"><span class='ocrx_word' id='word_1_833' title='bbox 2229 5041 2407 5097; x_wconf 89' lang='lat' dir='ltr'>tionis</span> <span class='ocrx_word' id='word_1_834' title='bbox 2437 5043 2748 5102; x_wconf 87' lang='lat' dir='ltr'>utilitatem</span> <span class='ocrx_word' id='word_1_835' title='bbox 2784 5047 3278 5121; x_wconf 86' lang='lat' dir='ltr'>contemplantes.</span> <span class='ocrx_word' id='word_1_836' title='bbox 3311 5045 3592 5118; x_wconf 81' lang='lat' dir='ltr'>Alioquin</span> <span class='ocrx_word' id='word_1_837' title='bbox 3622 5043 3764 5116; x_wconf 86' lang='lat' dir='ltr'>ipsa</span> <span class='ocrx_word' id='word_1_838' title='bbox 3793 5059 3908 5100; x_wconf 86' lang='lat' dir='ltr'>na-</span> 
     </span>
    </p>
   </div>
   <div class='ocr_carea' id='block_1_116' title="bbox 2229 5133 3906 5210">
    <p class='ocr_par' dir='ltr' id='par_1_116' title="bbox 2229 5133 3906 5210">
     <span class='ocr_line' id='line_1_116' title="bbox 2229 5133 3906 5210; baseline 0.001 -24"><span class='ocrx_word' id='word_1_839' title='bbox 2229 5136 2365 5188; x_wconf 88' lang='lat' dir='ltr'>tura</span> <span class='ocrx_word' id='word_1_840' title='bbox 2395 5149 2506 5190; x_wconf 91' lang='lat' dir='ltr'>nos</span> <span class='ocrx_word' id='word_1_841' title='bbox 2533 5134 2808 5205; x_wconf 89' lang='lat' dir='ltr'>instruat,</span> <span class='ocrx_word' id='word_1_842' title='bbox 2839 5137 3006 5210; x_wconf 88' lang='lat' dir='ltr'>quod</span> <span class='ocrx_word' id='word_1_843' title='bbox 3045 5137 3377 5193; x_wconf 90' lang='lat' dir='ltr'>debeamus</span> <span class='ocrx_word' id='word_1_844' title='bbox 3425 5136 3584 5192; x_wconf 90' lang='lat' dir='ltr'>hanc</span> <span class='ocrx_word' id='word_1_845' title='bbox 3613 5133 3806 5190; x_wconf 86' lang='lat' dir='ltr'>vitam</span> <span class='ocrx_word' id='word_1_846' title='bbox 3841 5133 3906 5189; x_wconf 90' lang='lat' dir='ltr'>in</span> 
     </span>
    </p>
   </div>
   <div class='ocr_carea' id='block_1_117' title="bbox 2229 5222 3915 5299">
    <p class='ocr_par' dir='ltr' id='par_1_117' title="bbox 2229 5222 3915 5299">
     <span class='ocr_line' id='line_1_117' title="bbox 2229 5222 3915 5299; baseline 0.002 -25"><span class='ocrx_word' id='word_1_847' title='bbox 2229 5235 2487 5279; x_wconf 69' lang='lat' dir='ltr'>maerore</span> <span class='ocrx_word' id='word_1_848' title='bbox 2521 5226 2880 5297; x_wconf 81' lang='lat' dir='ltr'>expendere,</span> <span class='ocrx_word' id='word_1_849' title='bbox 2911 5231 2966 5282; x_wconf 88' lang='lat' dir='ltr'>et</span> <span class='ocrx_word' id='word_1_850' title='bbox 2995 5227 3057 5282; x_wconf 91' lang='lat' dir='ltr'>in</span> <span class='ocrx_word' id='word_1_851' title='bbox 3083 5225 3354 5299; x_wconf 87' lang='lat' dir='ltr'>sequenti</span> <span class='ocrx_word' id='word_1_852' title='bbox 3385 5222 3680 5294; x_wconf 89' lang='lat' dir='ltr'>gaudium</span> <span class='ocrx_word' id='word_1_853' title='bbox 3699 5237 3915 5295; x_wconf 88' lang='lat' dir='ltr'>spera-</span> 
     </span>
    </p>
   </div>
   <div class='ocr_carea' id='block_1_118' title="bbox 2228 5311 3914 5386">
    <p class='ocr_par' dir='ltr' id='par_1_118' title="bbox 2228 5311 3914 5386">
     <span class='ocr_line' id='line_1_118' title="bbox 2228 5311 3914 5386; baseline 0.002 -23"><span class='ocrx_word' id='word_1_854' title='bbox 2228 5323 2312 5364; x_wconf 92' lang='lat' dir='ltr'>re.</span> <span class='ocrx_word' id='word_1_855' title='bbox 2343 5313 2432 5366; x_wconf 85' lang='lat' dir='ltr'>An</span> <span class='ocrx_word' id='word_1_856' title='bbox 2479 5329 2604 5368; x_wconf 93' lang='lat' dir='ltr'>non</span> <span class='ocrx_word' id='word_1_857' title='bbox 2635 5315 2904 5371; x_wconf 89' lang='lat' dir='ltr'>innuitur</span> <span class='ocrx_word' id='word_1_858' title='bbox 2949 5315 3066 5372; x_wconf 89' lang='lat' dir='ltr'>hoc</span> <span class='ocrx_word' id='word_1_859' title='bbox 3110 5331 3249 5370; x_wconf 90' lang='lat' dir='ltr'>cum</span> <span class='ocrx_word' id='word_1_860' title='bbox 3301 5311 3592 5386; x_wconf 87' lang='lat' dir='ltr'>parvulus</span> <span class='ocrx_word' id='word_1_861' title='bbox 3637 5311 3914 5384; x_wconf 85' lang='lat' dir='ltr'>quisque</span> 
     </span>
    </p>
   </div>
   <div class='ocr_carea' id='block_1_119' title="bbox 2227 5393 3916 5476">
    <p class='ocr_par' dir='ltr' id='par_1_119' title="bbox 2227 5393 3916 5476">
     <span class='ocr_line' id='line_1_119' title="bbox 2227 5393 3916 5476; baseline 0.005 -27"><span class='ocrx_word' id='word_1_862' title='bbox 2227 5393 2288 5450; x_wconf 90' lang='lat' dir='ltr'>in</span> <span class='ocrx_word' id='word_1_863' title='bbox 2311 5396 2468 5454; x_wconf 91' lang='lat' dir='ltr'>hanc</span> <span class='ocrx_word' id='word_1_864' title='bbox 2489 5401 2686 5458; x_wconf 92' lang='lat' dir='ltr'>lucem</span> <span class='ocrx_word' id='word_1_865' title='bbox 2709 5419 2968 5460; x_wconf 88' lang='lat' dir='ltr'>nascens</span> <span class='ocrx_word' id='word_1_866' title='bbox 2990 5403 3251 5476; x_wconf 87' lang='lat' dir='ltr'>primam</span> <span class='ocrx_word' id='word_1_867' title='bbox 3275 5417 3487 5456; x_wconf 91' lang='lat' dir='ltr'>vocem</span> <span class='ocrx_word' id='word_1_868' title='bbox 3517 5399 3733 5456; x_wconf 86' lang='lat' dir='ltr'>emittit</span> <span class='ocrx_word' id='word_1_869' title='bbox 3775 5397 3916 5472; x_wconf 90' lang='lat' dir='ltr'>plo-</span> 
     </span>
    </p>
   </div>
   <div class='ocr_carea' id='block_1_120' title="bbox 2227 5487 3912 5560">
    <p class='ocr_par' dir='ltr' id='par_1_120' title="bbox 2227 5487 3912 5560">
     <span class='ocr_line' id='line_1_120' title="bbox 2227 5487 3912 5560; baseline 0.005 -22"><span class='ocrx_word' id='word_1_870' title='bbox 2227 5499 2408 5554; x_wconf 89' lang='lat' dir='ltr'>rans;</span> <span class='ocrx_word' id='word_1_871' title='bbox 2437 5489 2628 5547; x_wconf 89' lang='lat' dir='ltr'>ridere</span> <span class='ocrx_word' id='word_1_872' title='bbox 2675 5509 2840 5556; x_wconf 86' lang='lat' dir='ltr'>vero,</span> <span class='ocrx_word' id='word_1_873' title='bbox 2883 5497 2948 5550; x_wconf 91' lang='lat' dir='ltr'>ut</span> <span class='ocrx_word' id='word_1_874' title='bbox 2983 5493 3196 5550; x_wconf 84' lang='lat' dir='ltr'>beatus</span> <span class='ocrx_word' id='word_1_875' title='bbox 3241 5489 3606 5560; x_wconf 78' lang='lat' dir='ltr'>Augustinus</span> <span class='ocrx_word' id='word_1_876' title='bbox 3647 5489 3708 5544; x_wconf 88' lang='lat' dir='ltr'>in</span> <span class='ocrx_word' id='word_1_877' title='bbox 3743 5487 3912 5546; x_wconf 87' lang='lat' dir='ltr'>libro</span> 
     </span>
    </p>
   </div>
   <div class='ocr_carea' id='block_1_121' title="bbox 2234 5575 3911 5660">
    <p class='ocr_par' dir='ltr' id='par_1_121' title="bbox 2234 5575 3911 5660">
     <span class='ocr_line' id='line_1_121' title="bbox 2234 5575 3911 5660; baseline 0.003 -31"><span class='ocrx_word' id='word_1_878' title='bbox 2234 5575 2692 5638; x_wconf 85' lang='lat' dir='ltr'>Confessionum</span> <span class='ocrx_word' id='word_1_879' title='bbox 2716 5583 3014 5660; x_wconf 87' lang='lat' dir='ltr'>perhibet,</span> <span class='ocrx_word' id='word_1_880' title='bbox 3045 5579 3402 5640; x_wconf 81' lang='lat' dir='ltr'>dormienda</span> <span class='ocrx_word' id='word_1_881' title='bbox 3427 5577 3618 5645; x_wconf 88' lang='lat' dir='ltr'>discit,</span> <span class='ocrx_word' id='word_1_882' title='bbox 3653 5581 3722 5632; x_wconf 90' lang='lat' dir='ltr'>ut</span> <span class='ocrx_word' id='word_1_883' title='bbox 3751 5577 3911 5650; x_wconf 76' lang='lat' dir='ltr'>quia</span> 
     </span>
    </p>
   </div>
  </div>
