4150 6128
255 128 361 182 633

1327 120 1818 179 οοιιΑτιοΝῠιι
1855 113 2041 172 LIBRI
2081 120 2280 182 τηε.
2318 155 2392 168 -
2427 128 2554 185 LIB.
2596 133 2684 185 ΙΙΙ.

3596 134 3700 190 634

252 263 366 322 per
394 244 708 302 somnium
733 261 921 316 mors,
949 247 1006 302 et
1048 260 1158 319 per
1187 243 1379 301 risum
1433 245 1634 302 laetitia
1679 242 1828 300 solet
1853 239 1928 295 si-
1967 242 2017 294 A
2044 249 2228 314 prata
2247 248 2308 304 in
2335 249 2540 307 itinere
2567 251 2713 307 forte
2733 254 3127 328 conspiciunt,
3153 269 3358 310 moras
3376 253 3698 326 innectere,

256 335 470 407 gnari;
527 333 683 390 dum
712 333 921 390 infans
953 333 1300 404 ingrediens
1353 334 1653 390 mundum
1710 331 1932 406 plorat,

256 423 565 481 dormiens
628 427 835 479 autem
866 422 1042 495 ridet,
1068 424 1182 480 hoc
1213 422 1320 496 per
1366 423 1566 497 ipsam
1595 427 1829 480 naturae
1856 417 1936 474 le-

258 529 397 584 gem
423 511 896 582 demonstratur,
944 511 1114 585 quod
1141 516 1207 568 ut
1250 513 1540 586 scriptum
1575 516 1663 570 est
1694 532 1706 570 :
1740 512 1936 567 Homo

256 603 533 658 nascitur
561 598 646 657 ad
668 601 933 658 laborem
996 600 1132 670 (Job
1163 616 1221 667 v,
1254 601 1331 673 7),
1372 606 1481 658 etc.
1517 602 1664 658 Cum
1703 597 1938 658 dederit

260 690 491 745 dilectis
509 690 636 745 suis
655 704 949 754 somnum,
974 703 1106 747 ecce
1129 689 1452 748 htereditas
1476 692 1718 748 Domini
1743 686 1933 758 (Psal.

263 795 445 846 cxxvi,
469 779 546 850 2).
580 780 647 834 Et
674 778 813 835 item
859 795 872 834 :
915 780 1178 835 Timenti
1205 780 1525 837 Dominum
1560 781 1703 840 bene
1729 779 1844 838 erit
1872 777 1937 833 in

263 869 542 925 extremis
571 868 786 939 (Eccli.
843 885 884 939 ι,
934 869 1044 941 13).
1092 871 1372 926 Peccator
1399 869 1651 942 quilibet
1677 871 1739 926 in
1786 883 1938 941 prae-

263 956 414 1012 senti
438 954 715 1012 felicitate
746 955 1069 1026 extollitur,
1128 957 1237 1013 sed
1283 962 1349 1014 ut
1389 958 1679 1032 scriptum
1710 961 1799 1014 est
1831 956 1940 1013 :In

261 1046 578 1102 novissimo
627 1044 1036 1102 arctabuntur
1063 1062 1301 1118 gressus
1329 1063 1460 1117 ejus
1502 1049 1638 1116 (Job
1669 1063 1832 1117 xvm,
1859 1047 1939 1117 7).

265 1135 382 1193 Sed
437 1135 669 1192 timenti
717 1133 1046 1191 Dominum
1101 1135 1164 1192 in
1225 1137 1566 1194 novissimis
1616 1138 1770 1194 bene
1809 1135 1936 1204 erit,

261 1223 577 1296 quoniam,
601 1227 668 1278 ut
686 1222 827 1278 item
851 1221 1075 1279 dicitur
1103 1242 1116 1280 :
1150 1225 1224 1280 Os
1245 1227 1559 1296 justorum
1588 1226 1941 1296 implebitur

264 1328 394 1368 risu
425 1311 560 1383 (Job
587 1329 709 1379 vm,
742 1312 850 1384 2i),
881 1317 938 1368 et
963 1314 1259 1383 gaudium
1292 1315 1539 1371 illorum
1570 1331 1741 1371 nemo
1772 1314 1940 1370 tollet

265 1403 345 1460 ab
379 1403 460 1459 eis
515 1403 711 1471 (Joan.
762 1417 886 1468 xvr,
914 1402 1035 1474 22).
1107 1403 1279 1470 Quod
1307 1405 1371 1460 in
1399 1408 1690 1474 praesenti
1717 1409 1822 1471 est,
1853 1402 1940 1458 in-

264 1489 396 1564 quit
419 1488 757 1561 Apostolus,
786 1495 1269 1549 momentaneum
1296 1499 1351 1550 et
1380 1494 1506 1550 leve
1529 1490 1939 1548 tribulationis

2049 337 2110 390 et
2179 338 2622 410 pulchritudine
2681 341 2951 400 delectati
3007 345 3086 401 ad
3147 345 3322 400 devia
3377 343 3696 401 declinare.

2046 419 2186 481 Vita
2230 430 2433 483 nostra
2483 443 2747 500 praesens
2774 429 2872 486 via
2903 435 3014 498 est,
3066 447 3189 503 qua
3213 431 3292 488 ad
3347 431 3700 504 paradisum

2047 513 2369 570 tendimus.
2401 515 2526 572 Hac
2554 533 2696 588 ergo
2719 517 3001 590 praesenti
3028 519 3232 591 requie
3288 521 3450 576 velut
3475 519 3700 576 itineris

2046 603 2392 660 amoenitate
2442 606 2617 678 pasti,
2668 606 2814 679 quia
2857 607 3052 677 magis
3103 606 3208 663 diu
3236 623 3480 680 pergere
3508 623 3700 682 quam

2045 689 2217 747 citius
2242 693 2550 765 pervenire
2579 693 2850 764 delectat,
2899 699 3126 752 secreto
3183 696 3281 751 Dei
3311 695 3558 753 consilio
3581 696 3698 752 fre-

2043 782 2253 852 quenti
2282 783 2725 855 perturbatione
2751 785 3077 855 atterimur,
3124 800 3199 841 ne
3245 785 3409 840 viam
3449 801 3558 858 pro
3586 801 3699 858 pa-

2045 870 2158 926 tria
2175 871 2484 942 diligentes
2500 873 2930 930 obliviscamur
2952 890 3076 947 quo
3093 873 3335 931 tendere
3361 872 3657 930 debemus
3681 891 3695 942 ;

2047 965 2105 1016 et
2131 961 2210 1017 ob
2230 961 2367 1032 hoc,
2399 963 2549 1019 sicut
2574 963 2636 1018 in
2683 963 2971 1020 vicesimo
2995 964 3165 1020 tertio
3194 962 3501 1021 Moralium
3545 963 3701 1019 libro

2047 1049 2282 1122 dicitur,
2309 1051 2370 1106 in
2392 1051 2709 1122 cujuslibet
2737 1051 2964 1108 ordinis
2992 1052 3128 1108 loco
3155 1051 3254 1108 vel
3281 1051 3344 1108 in
3384 1050 3706 1121 cujuslibet

2047 1140 2253 1197 secreti
2278 1156 2514 1197 recessu
2541 1157 2917 1198 maneamus.
2952 1141 3156 1197 Vivere
3196 1140 3322 1197 sine
3367 1138 3705 1196 tentationi-

2043 1227 2161 1284 bus
2189 1228 2311 1284 ullo
2357 1233 2534 1300 pacto
2563 1245 2688 1285 non
2713 1229 3008 1286 valemus.
3040 1232 3168 1285 Non
3219 1243 3362 1298 ergo
3396 1227 3706 1298 negligen-

2043 1315 2191 1372 tiam
2220 1321 2394 1389 putes
2423 1317 2589 1389 quod
2612 1316 2953 1387 afﬂigimur.
2989 1315 3160 1382 Quod
3190 1331 3332 1372 vero
3355 1331 3468 1372 nos
3487 1329 3704 1371 conso-

2043 1404 2281 1462 lationis
2302 1407 2553 1474 gratiam
2576 1407 2998 1476 longanimiter
3026 1405 3408 1476 sustinemus,
3465 1403 3610 1461 mali
3637 1403 3703 1460 in

2045 1495 2220 1566 pejus
2245 1495 2584 1567 proﬁciunt,
2613 1511 2809 1568 neque
2860 1496 2976 1551 hoc
3030 1495 3289 1551 otiosum
3339 1493 3569 1550 credas.
3615 1491 3704 1548 Illi

264 1584 506 1649 nostra,
535 1593 724 1648 supra
752 1579 996 1635 modum
1018 1581 1084 1636 in
1104 1581 1474 1638 sublimitate
1495 1587 1792 1638 aeternum
1813 1580 1940 1650 glo-
1979 1597 2020 1651 Β
2047 1583 2208 1640 enim
2229 1583 2376 1639 dum
2417 1584 2495 1640 ad
2548 1584 2900 1656 semetipsos
2952 1582 3426 1638 considerandos
3454 1597 3580 1636 non
3613 1595 3703 1636 re-

264 1669 379 1726 rite
417 1668 659 1738 pondus
713 1674 1006 1738 operatur
1059 1670 1122 1726 in
1162 1670 1330 1726 nobis
1381 1671 1470 1743 (II
1512 1671 1644 1726 Cor.
1696 1685 1775 1733 xv,
1829 1669 1937 1740 17).

267 1757 438 1815 Solus
467 1760 801 1813 Zoroastres
833 1760 974 1813 ante
999 1758 1309 1831 ploratum
1338 1759 1540 1816 risisse
1570 1758 1774 1824 fertur,
1813 1772 1944 1829 pes-

267 1847 423 1901 simo
451 1844 750 1919 siquidem
777 1845 1081 1918 prodigio.
1120 1847 1431 1920 Siquidem
1461 1848 1592 1920 ipse
1616 1844 1728 1901 fuit
1757 1845 1945 1914 magi-

267 1953 352 1991 cae
376 1935 516 1992 artis
547 1936 834 1991 inventor.
869 1935 1191 2007 Caeterum,
1219 1941 1286 1992 ut
1313 1938 1396 1994 ait
1422 1937 1642 1994 beatus
1667 1934 1946 2006 Hierony-

270 2042 430 2094 mus,
505 2025 680 2097 juxta
753 2024 1034 2081 miserias
1108 2025 1294 2097 hujus
1385 2023 1700 2098 temporis,
1773 2023 1946 2093 juxta

269 2113 581 2170 saevientes
612 2112 833 2186 ubique
860 2112 1123 2184 gladios,
1158 2113 1302 2170 satis
1332 2113 1502 2170 dives
1531 2116 1623 2169 est
1652 2111 1758 2183 qui
1785 2126 1945 2183 pane

266 2219 393 2259 non
429 2202 676 2273 indiget,
734 2201 1119 2275 nimiumque
1177 2205 1394 2274 potens
1436 2202 1556 2273 ille,
1589 2200 1697 2273 qui
1726 2200 1946 2256 servire

266 2307 394 2346 non
423 2291 673 2361 cogitur.

340 2382 510 2436 XLIX.
545 2378 837 2451 Quisquis
862 2381 1228 2451 praesentem
1259 2378 1516 2448 gloriam
1549 2377 1761 2448 diligit,
1794 2377 1946 2434 sicut

263 2470 398 2541 ejus
427 2467 823 2542 praeceptione
880 2467 1166 2533 reﬁcitur,
1199 2467 1284 2522 sic
1340 2469 1674 2524 amissione
1731 2466 1944 2540 procul

263 2557 454 2615 dubio
486 2557 805 2614 sauciatur.
831 2561 902 2612 At
928 2559 1160 2627 contra,
1191 2556 1473 2629 quisquis
1498 2558 1779 2627 degustat
1800 2573 1945 2627 gau-

261 2647 436 2704 dium
455 2647 621 2721 quod
640 2647 800 2703 intus
829 2648 1168 2719 permanet,
1201 2644 1332 2701 leve
1361 2647 1643 2718 protinus
1685 2647 1946 2703 aestimat

265 2752 452 2794 omne
506 2736 674 2808 quod
719 2734 861 2792 foris
911 2734 1094 2790 dolet.
1129 2733 1276 2790 Hinc
1311 2735 1605 2808 scriptum
1647 2740 1733 2792 est
1768 2738 1943 2793 :Non

270 2826 653 2883 contristabit
686 2827 946 2896 justum,
1003 2823 1300 2895 quidquid
1349 2826 1404 2880 ei
1426 2827 1712 2882 acciderit
1736 2827 1943 2896 (Prov.

2048 1673 2254 1740 dcunt,
2277 1671 2426 1728 dum
2455 1672 2656 1728 nullus
2693 1671 3022 1744 disciplinae
3052 1687 3260 1726 murus
3281 1669 3505 1740 obviat,
3536 1668 3706 1724 nulla.

2043 1760 2317 1832 judicum
2340 1764 2604 1834 potestas
2633 1761 2824 1830 adest,
2849 1776 2985 1832 quae
3035 1758 3373 1828 restringat,
3422 1755 3589 1812 nulla
3615 1755 3705 1810 fu-

2051 1849 2166 1905 turi
2191 1849 2398 1919 judicii
2421 1864 2604 1917 poena
2632 1848 3014 1920 prospicitur,
3073 1862 3210 1918 quae
3261 1849 3492 1902 terreat.
3553 1843 3708 1902 Mala

2053 1937 2405 2009 temporalia
2428 1938 2676 2010 quidem
2708 1937 2913 1994 clauso
2942 1935 3119 1992 oculo
3141 1934 3338 1991 cordis
3365 1932 3556 1988 securi
3574 1948 3710 2004 per-

2051 2031 2308 2100 petrant,
2334 2027 2531 2084 bonos
2550 2031 2752 2084 autem
2780 2026 2964 2082 rebus
2991 2025 3348 2098 exspoliant,
3391 2028 3495 2080 aut
3522 2023 3707 2078 etiam

2052 2116 2370 2188 perimunt.
2398 2116 2510 2172 Sed
2542 2115 2806 2172 districto
2861 2117 3013 2170 certe
3038 2113 3266 2184 judicio
3305 2128 3444 2168 cum
3473 2112 3558 2167 eis
3585 2110 3712 2181 agi-

2054 2207 2167 2272 tur,
2199 2208 2264 2259 ut
2288 2207 2454 2259 tanto
2480 2203 2676 2259 acrius
2709 2208 2930 2258 aeterna
2958 2200 3347 2256 damnatione
3397 2198 3705 2261 feriantur,

2053 2295 2280 2364 quanto
2310 2307 2471 2348 nunc
2500 2291 2668 2364 quod
2697 2290 2854 2346 male
2902 2289 3336 2362 concupiscunt
3362 2285 3712 2344 effrenatius

2052 2395 2227 2449 agere
2255 2381 2699 2452 permitluntur.
2733 2381 2878 2435 Cum
2906 2377 3138 2434 afﬂictis
3183 2392 3326 2432 vero
3381 2373 3714 2430 misericor-

2051 2468 2204 2524 diter
2261 2469 2347 2532 ﬁt,
2399 2472 2464 2524 ut
2509 2469 2604 2524 hic
2661 2483 2868 2524 eorum
2927 2465 3117 2537 culpae
3166 2468 3516 2538 purgentur,
3551 2478 3715 2535 quos

2050 2557 2450 2631 reproborum
2495 2557 2763 2629 nequitia
2816 2555 3034 2610 triturae
3092 2569 3258 2610 more
3301 2552 3477 2626 quasi
3521 2566 3717 2621 grana

2052 2664 2088 2704 a
2173 2645 2362 2718 paleis
2449 2645 2694 2701 terendo
2770 2646 3027 2716 separat,
3081 2641 3228 2698 dum
3297 2657 3407 2715 per
3460 2656 3532 2697 ea
3574 2655 3715 2712 quae

2052 2735 2341 2792 violenter
2369 2734 2603 2803 ingerit,
2637 2732 2916 2788 festinare
2973 2747 3075 2787 eos
3114 2731 3193 2788 ad
3245 2745 3508 2802 superna
3552 2743 3717 2784 com-

2054 2821 2238 2896 pellit.

267 2933 374 2985 xn,
414 2917 528 2988 2t).
569 2915 680 2982 Qui
731 2915 912 2985 igitur
969 2912 1267 2969 exteriora
1319 2915 1568 2987 appetit,
1630 2932 1769 2971 cum
1815 2915 1946 2971 haec
1982 2945 2022 2998 ρ
2130 2915 2189 2968 L.
2223 2910 2373 2998 Quia
2421 2925 2563 2965 vero
2592 2923 2917 2998 granorum
2963 2910 3142 2978 atque
3183 2903 3718 2998 trituraimemini-

268 3006 439 3080 apud
464 3021 604 3060 eum
631 3004 902 3077 qualibet
939 3001 1257 3058 occasione
1285 3002 1628 3074 turbantur,
1671 3008 1950 3060 autcum
1988 2991 2022 2998 ν
2057 3015 2216 3067 mus,
2270 2997 2508 3053 videtur
2562 3003 2627 3053 ut
2679 2997 2753 3051 de
2805 3011 2921 3051 usu
2962 3009 3206 3067 quoque
3250 2992 3468 3060 segetis
3513 2991 3716 3046 adhuc

269 3095 501 3152 nolenti
529 3094 710 3150 etiam
740 3093 1203 3161 subtrahuntur,
1235 3108 1396 3148 cmca
1425 3093 1710 3162 cogitatio
1737 3093 1948 3149 subre-

269 3186 383 3257 pit,
417 3187 474 3239 et
503 3182 833 3251 calamitas,
865 3196 1007 3253 quae
1030 3184 1524 3237 momentaneam
1565 3181 1855 3251 laetitiam,
1887 3181 1952 3237 li-

273 3277 370 3328 cet
399 3287 538 3328 mox
556 3269 901 3338 transitura,
937 3268 1224 3339 concutit,
1259 3270 1432 3341 quasi
1489 3270 1725 3328 infinita
1768 3271 1951 3326 deﬂe-

273 3366 393 3417 tur.
449 3361 560 3426 Qui
601 3376 744 3432 ergo
794 3373 922 3415 non
952 3357 1082 3414 vult
1111 3358 1371 3415 externis
1425 3359 1736 3416 doloribus
1773 3359 1950 3427 afﬁci,

275 3449 517 3506 studeat
545 3465 651 3521 spe
673 3447 1008 3505 caelestium
1041 3446 1120 3502 ab
1144 3446 1368 3503 inﬁmis
1393 3447 1633 3506 elevari.
1665 3448 1781 3504 Sed
1808 3449 1956 3521 quia

276 3539 428 3596 tales
454 3554 568 3594 nos
595 3553 720 3594 non
751 3552 990 3607 sumus,
1021 3535 1127 3608 qui
1155 3535 1251 3591 vel
1283 3537 1793 3609 contemplatione
1840 3553 1955 3592 coe-

277 3627 522 3684 lestium
551 3631 786 3683 terrena
815 3629 1301 3694 contemnamus,
1343 3625 1438 3681 vel
1496 3625 1718 3694 gaudio
1767 3626 1958 3682 mani-

277 3717 589 3791 pulorum,
620 3715 725 3788 qui
780 3715 856 3771 de
907 3714 1137 3769 semine
1172 3714 1570 3770 tribulationis
1622 3719 1951 3780 metuntur,

280 3804 648 3877 temporales
680 3803 992 3873 angustias
1021 3801 1220 3858 saltim
1249 3803 1503 3876 experiri
1523 3803 1781 3858 velimus
1805 3822 1818 3869 ;
1867 3803 1957 3859 id-

283 3895 444 3950 circo
460 3909 570 3949 nos
593 3895 768 3958 Deus,
793 3891 977 3947 veluti
1003 3890 1255 3964 quidam
1287 3890 1579 3963 providus
1600 3895 1790 3962 pater,
1809 3907 1956 3964 pue-

283 3999 427 4038 rum
455 3986 512 4038 et
539 3981 949 4038 lascivientem
980 3978 1174 4035 ﬁlium
1229 3996 1338 4052 per
1382 3979 1582 4034 minas
1614 3978 1958 4035 aﬂlictionis

283 4072 365 4130 ad
399 4070 645 4127 meliora
673 4075 730 4126 et
759 4069 936 4125 saluti
964 4068 1253 4125 viciniora
1281 4068 1604 4140 compellit.
1655 4068 1826 4133 Quod
1858 4068 1961 4124 be-

285 4177 364 4217 ne
397 4160 706 4216 lsraelitico
735 4158 966 4232 populo
998 4160 1198 4230 Moyse
1253 4163 1526 4223 vocante,
1555 4163 1612 4213 et
1641 4157 1958 4213 Pharaone

283 4263 429 4318 rege
458 4247 733 4304 saeviente
765 4247 1070 4316 signatum
1100 4251 1208 4302 est.
1242 4249 1402 4302 Tunc
1429 4262 1695 4317 namque
1726 4247 1958 4316 Moyses

286 4337 369 4395 ad
400 4337 740 4394 vocandum
764 4339 984 4392 missus
1042 4340 1151 4402 est,
1181 4352 1319 4391 cum
1372 4336 1501 4406 jam
1534 4336 1766 4390 Pharao
1790 4333 1959 4391 duris

286 4425 578 4498 operibus
610 4425 689 4483 ad
719 4425 1189 4498 opprimendum
1219 4423 1415 4480 fuerat
1445 4424 1753 4487 excitatus,
1789 4427 1852 4477 ut
1880 4425 1960 4478 Is-

286 4515 636 4571 raelitarum
664 4519 894 4570 mentes
923 4517 1176 4585 Egypto
1231 4512 1575 4568 deformiter
1601 4512 1959 4566 inhterentes

290 4603 449 4661 alius
475 4603 620 4659 dum
659 4607 900 4659 vocaret
928 4603 1108 4674 quasi
1137 4602 1411 4667 traheret,
1435 4600 1590 4656 alius
1615 4599 1790 4672 quasi
1817 4615 1958 4656 cum

292 4691 532 4748 saeviret
559 4691 907 4764 impelleret,
937 4690 1108 4763 plebs
1142 4691 1202 4745 in
1231 4689 1472 4746 servitio
1513 4689 1761 4760 turpiter
1818 4703 1958 4759 pro-

290 4785 507 4836 vocata
562 4781 738 4836 bonis
794 4779 888 4835 vel
939 4779 1116 4835 malis
1145 4779 1410 4851 impulsa
1441 4782 1800 4833 moveretur.
1843 4780 1959 4832 Hoc

289 4869 562 4941 quotidie
592 4869 791 4939 agitur
811 4868 957 4923 dum
980 4868 1320 4941 praedicatis
1337 4868 1678 4923 coelestibus
1701 4867 1962 4938 praemiis

292 4958 502 5014 saevire
532 4960 593 5014 in
620 4959 821 5015 electis
851 4958 1091 5030 reprobi
1117 4959 1559 5030 permittuntur,
1593 4961 1658 5013 ut
1684 4956 1729 5011 si
1762 4957 1839 5012 ad
1875 4974 1963 5013 rc-

294 5048 718 5119 promissionis
772 5051 992 5104 terram
1037 5048 1197 5102 exire
1242 5046 1622 5117 negligimus,
1670 5047 1962 5117 pressuris

293 5135 509 5192 saltem
541 5135 927 5194 saevientibus
956 5135 1360 5209 impellamur.
1395 5138 1524 5190 Haec
1555 5135 1754 5206 itaque
1780 5151 1964 5190 causa

289 5229 412 5295 est,
443 5226 607 5297 quod
647 5225 727 5282 ab
755 5226 996 5297 injustis
1023 5227 1167 5297 justi
1197 5225 1474 5281 sinuntur
1509 5224 1712 5294 afﬂigi,
1748 5223 1966 5279 scilicet

287 5319 366 5372 ut
386 5315 531 5371 dum
553 5315 753 5374 futura
774 5315 1029 5372 audiunt
1048 5315 1214 5370 bona
1234 5330 1367 5386 quae
1389 5311 1965 5386 cupiunt,patiantur

291 5403 482 5460 etiam
521 5405 685 5462 mala
714 5405 1033 5477 praesentia
1064 5409 1245 5476 atque
1277 5404 1756 5476 perhorrescant.
1785 5406 1964 5471 atque

294 5492 383 5552 ad
423 5493 1004 5564 facilioremexitum,
1039 5495 1185 5550 dum
1217 5509 1389 5550 amor
1407 5497 1716 5566 provocat,
1743 5491 1964 5547 crucia-

293 5589 402 5643 tus
432 5582 720 5656 impellat.
745 5584 946 5642 Solent
962 5582 1236 5641 nonnulli
1261 5582 1538 5651 viatores,
1566 5596 1706 5638 cum
1721 5595 1962 5638 amoena

2057 3085 2225 3161 quod
2253 3085 2534 3141 ducimus
2562 3082 2956 3141 astruendum
3006 3079 3236 3153 aliquid
3283 3093 3713 3136 assumamus:

2061 3181 2185 3240 Dei,
2215 3176 2408 3248 inquit
2427 3175 2768 3248 Apostolus,
2802 3173 3183 3244 agricultura
3213 3171 3348 3226 estis
3379 3171 3441 3238 (I
3467 3170 3606 3226 Cor.
3629 3183 3717 3234 In,

2059 3268 2134 3339 9),
2165 3265 2337 3332 Quod
2362 3265 2408 3320 si
2435 3265 2518 3321 ita
2546 3270 2652 3330 est,
2687 3278 2830 3332 ergo
2855 3261 2930 3318 de
2977 3262 3092 3317 hac
3120 3259 3469 3331 exemplum
3515 3273 3720 3314 suma-

2061 3371 2218 3411 mus.
2251 3356 2636 3409 Frumentum
2667 3351 2890 3423 quippe
2919 3349 2981 3404 in
3028 3350 3223 3418 segete
3254 3345 3384 3402 sola
3436 3344 3719 3415 tangitur,

2063 3442 2209 3499 illud
2255 3441 2492 3514 pluvias
2522 3440 2788 3514 percipit,
2841 3437 2970 3492 hth
3027 3434 3289 3492 veritatis
3321 3434 3562 3508 eloquio
3593 3433 3722 3506 pin-

2065 3529 2311 3603 guescit.
2340 3529 2487 3585 Illud
2518 3529 2707 3585 ventis
2752 3525 3103 3588 concutitur,
3137 3525 3263 3579 haec
3293 3521 3722 3580 tentationibus

2065 3623 2392 3676 exercetur.
2427 3616 2578 3672 Illud
2620 3613 2819 3671 saeculi
2871 3615 3204 3668 crescentes
3242 3610 3450 3682 paleas
3498 3613 3718 3684 portat,

2065 3711 2192 3764 haec
2222 3723 2486 3779 nequam
2516 3705 2698 3760 vitam
2729 3703 3150 3758 sceleratorum
3202 3702 3420 3770 portat.
3455 3699 3604 3756 Illud
3629 3699 3727 3756 tri-

2067 3803 2198 3854 tura
2224 3795 2534 3867 premitur,
2580 3792 2768 3865 paleis
2823 3790 3075 3855 exuitur,
3133 3788 3260 3843 haec
3294 3787 3520 3844 caelesti
3550 3787 3725 3844 disci-

2067 3886 2232 3959 plina
2255 3882 2613 3951 ﬂagellatur,
2645 3885 2708 3935 ut
2763 3895 2800 3934 a
2856 3869 3133 3932 societate
3164 3875 3500 3932 carnalium
3543 3875 3722 3931 corde

2069 3976 2397 4044 separetur.
2425 3969 2572 4025 lllud
2594 3968 2806 4024 relictis
2835 3965 3024 4038 paleis
3043 3964 3121 4019 ad
3146 3963 3428 4019 horreum
3448 3962 3721 4034 refertur,

2067 4064 2196 4118 haec
2249 4060 2389 4115 foris
2427 4055 2875 4114 remanentibus
2926 4053 3198 4126 reprobis
3250 4052 3309 4106 in
3358 4051 3593 4107 Domini
3626 4051 3721 4106 sui

2068 4149 2359 4222 gaudium
2385 4146 2808 4203 intromittitur.
2844 4143 3008 4199 Unde
3047 4143 3232 4197 electo
3261 4139 3488 4213 populo
3517 4140 3579 4195 in
3605 4139 3720 4194 Job

2067 4240 2283 4295 dicitur
2304 4256 2316 4292 :
2337 4236 2697 4307 Ingredieris
2714 4236 2776 4290 in
2807 4233 3181 4288 abundantia
3203 4231 3544 4298 sepulcrum
3568 4229 3720 4284 sicut

2069 4344 2317 4386 acervus
2335 4329 2397 4382 in
2419 4333 2680 4394 tempore
2697 4339 2804 4379 suo
2846 4321 2976 4388 (Job
3006 4338 3063 4383 v,
3093 4324 3206 4376 26).
3238 4322 3498 4391 Tempus
3523 4333 3726 4389 repro-

2068 4419 2288 4475 borum
2318 4417 2379 4472 in
2411 4417 2524 4471 hac
2555 4415 2673 4470 vita
2701 4418 2807 4471 est.
2830 4411 3152 4467 electorum
3178 4409 3238 4464 in
3260 4407 3550 4479 sequenti.
3575 4407 3727 4462 sicut

2071 4523 2277 4563 eorum
2312 4508 2503 4577 Caput
2531 4503 2673 4559 dicit
2704 4519 2716 4557 :
2742 4504 2990 4570 Tempus
3009 4515 3204 4555 meum
3242 4497 3509 4552 nondum
3546 4495 3726 4551 adve-

2069 4598 2372 4663 nit(Joan.
2404 4610 2507 4658 vn,
2532 4593 2603 4663 6).
2635 4595 2712 4646 De
2741 4589 2855 4644 illis
2893 4604 3034 4644 vero
3064 4607 3075 4642 :
3107 4588 3353 4654 Tempus
3375 4590 3574 4640 autem
3605 4597 3726 4639 ves-

2071 4692 2233 4741 trum
2257 4699 2487 4752 semper
2515 4687 2595 4737 est
2620 4684 2909 4748 paratum
2955 4677 3174 4744 (Ibid).
3205 4673 3556 4744 Sepulcrum
3581 4685 3727 4740 ergo

2070 4777 2130 4831 in
2161 4778 2430 4845 tempore
2459 4786 2590 4832 suo,
2619 4768 2768 4822 sicut
2789 4764 3070 4820 frumenti
3092 4777 3362 4826 acervus,
3380 4761 3576 4831 justus
3597 4759 3728 4832 qui-

2071 4865 2213 4919 libet
2233 4862 2290 4916 in
2314 4867 2576 4928 tempore
2599 4873 2708 4911 suo
2727 4853 2991 4918 infertur,
3015 4852 3305 4924 quoniam
3334 4849 3429 4905 ille
3459 4849 3726 4904 futuram

2073 4950 2338 5024 requiem
2370 4946 2638 5020 percipit.
2677 4943 2780 5015 qui
2809 4943 2975 5015 prius
3009 4941 3104 4997 hic
3134 4940 3292 4997 velut
3346 4939 3406 4994 in
3459 4942 3728 5008 tempore

2073 5042 2266 5099 alieno
2315 5052 2625 5111 prcssuras
2681 5032 3010 5104 disciplinae
3091 5029 3479 5096 corrigendus
3531 5025 3724 5081 sentit.

2075 5132 2277 5188 Aristae
2291 5142 2430 5184 vero
2450 5125 2545 5182 vel
2574 5123 2757 5196 paleis
2783 5137 2891 5194 per
2907 5123 3021 5177 hoc
3051 5120 3236 5176 falsos
3270 5120 3477 5172 fratres
3506 5112 3728 5195 signiﬁs

2074 5225 2232 5288 cant,
2265 5215 2431 5290 quod
2459 5215 2520 5270 in
2545 5212 2758 5269 eadem
2787 5210 2955 5281 spica
2981 5208 3138 5264 velut
3184 5208 3244 5261 in
3277 5220 3398 5259 una
3425 5201 3544 5256 ﬁde
3581 5214 3723 5290 cum

2074 5287 2599 5379 granis-crescunt.
2634 5303 2775 5368 Quae
2811 5315 2974 5354 nunc
3010 5295 3342 5368 superiores
3372 5293 3526 5349 sunt,
3581 5287 3727 5360 quia

2071 5377 2248 5456 bonis
2280 5397 2618 5467 frequenter
2641 5388 3003 5459 prmvalent;
3035 5387 3240 5440 erectae
3271 5383 3428 5442 sunt,
3460 5383 3515 5434 et
3536 5377 3614 5433 ab
3643 5379 3728 5433 in-

2071 5489 2264 5545 vicem
2309 5484 2534 5546 divisaz,
2577 5481 2720 5554 quia
2755 5476 2896 5533 mali
2931 5471 3304 5546 superbiunt,
3339 5474 3393 5524 et
3423 5468 3573 5524 inter
3623 5483 3728 5522 eos

2073 5590 2308 5649 semper
2317 5572 2518 5646 jurgia
2535 5575 2688 5629 sunt.
2714 5569 2987 5624 Attamen
3010 5576 3193 5636 super
3209 5573 3399 5631 grana
3425 5560 3639 5614 mutuo
3662 5569 3728 5610 se
