4092 6158
558 108 660 166 635

557 227 827 296 tangunt,
855 221 998 296 quia
1047 220 1110 280 in
1157 219 1546 294 oppressione
1573 219 1874 279 bonorum
1918 216 2030 274 sibi
2060 231 2202 272 con-

557 313 824 374 cordant.
857 308 1116 384 Hispidae
1144 312 1305 374 sunt,
1349 312 1407 366 et
1455 307 1694 377 fragiles
1740 307 1884 381 quia
1913 305 1988 362 ad
2030 303 2208 360 corri-

552 402 816 480 pientem
845 399 1023 473 quasi
1084 402 1426 467 tangentem
1473 396 1874 457 intractabiles
1925 394 2204 455 existunt.

554 490 716 550 viciis
745 505 885 547 vero
909 505 1048 546 mox
1077 487 1316 545 cedunt.
1344 487 1485 546 Mira
1531 491 1732 546 autem
1767 483 2209 558 :lispensatione

551 580 620 638 ﬁt
647 583 713 641 ut
734 578 884 638 dum
911 577 1006 639 hic
1037 593 1150 636 nos
1170 581 1310 650 post
1329 576 1776 652 perceptionem
1801 573 2054 630 caelestis
2081 587 2211 642 gra-

553 668 648 730 tiae
693 683 805 744 pro
833 666 1095 742 peccatis
1140 665 1360 726 nostris
1407 663 1704 736 afﬂigunt,
1753 662 1924 738 quasi
1948 677 2208 718 messem

553 761 693 837 post
741 756 981 834 pluvias
1030 755 1093 814 in
1147 755 1349 814 herbis
1405 754 1564 814 male
1604 753 2020 829 pullulantem,
2056 751 2205 807 utin

557 861 747 918 grano
792 845 1106 906 fecundior
1151 845 1454 914 exuberet,
1515 845 1653 916 gelu
1700 842 2018 914 restringit,
2079 845 2209 897 uta

554 935 725 994 ﬂuxu
747 934 1064 1010 voluptatis
1090 938 1422 1006 coerceant,
1475 938 1534 992 et
1575 933 1637 990 in
1667 932 1862 990 fructu
1912 931 2205 988 mercedis

557 1028 788 1083 reternae
819 1022 1192 1084 fecundiores
1247 1022 1520 1080 reddant.
1556 1025 1704 1080 Eant
1757 1035 1900 1090 ergo
1927 1035 2088 1078 nunc
2120 1037 2210 1076 sa-

558 1113 763 1172 tellites
791 1112 1035 1181 diaboli,
1068 1117 1125 1172 et
1145 1112 1210 1171 in
1253 1112 1419 1186 spica
1451 1111 1770 1171 Dominicis
1797 1112 2012 1168 messis
2042 1109 2207 1168 altio-

554 1217 684 1262 rem
733 1201 934 1262 locum
983 1201 1157 1274 quasi
1211 1200 1407 1264 aristae
1461 1203 1717 1260 teneant.
1773 1201 1934 1258 Certe
1974 1199 2117 1272 quia
2146 1197 2208 1254 in

551 1291 770 1353 horrea
795 1305 906 1351 nec
936 1289 1213 1350 ultimum
1247 1289 1605 1356 retinebunt,
1643 1287 1763 1346 sint
1815 1291 1871 1346 et
1899 1302 2058 1344 nunc
2083 1287 2206 1344 his-

553 1376 698 1452 pidi,
729 1381 786 1436 et
808 1377 1209 1436 excusationis
1221 1377 1488 1450 spinulas
1519 1381 1726 1434 contra
1747 1375 1974 1432 malum
2001 1374 2208 1432 redar-

553 1465 788 1540 guentis
812 1471 1143 1543 opponant.
1167 1465 1370 1524 Veniet
1411 1464 1676 1540 profecto
1704 1463 1891 1538 judex
1921 1463 2023 1540 qui
2079 1479 2208 1536 per-

553 1569 768 1614 sonam
822 1569 947 1612 non
999 1553 1215 1627 accipit
1243 1569 1424 1628 quem
1468 1553 1689 1626 jugiter
1734 1552 1795 1610 in
1827 1551 1950 1608 suis
1978 1551 2206 1626 pusillis

555 1636 848 1706 aﬂligunt.
877 1637 1079 1694 Veniet
1106 1637 1275 1707 virga
1291 1637 1500 1701 ferrea,
1522 1651 1646 1709 qua
1670 1640 1874 1706 gentes
1895 1635 2062 1706 regit,
2085 1653 2209 1708 qua

553 1725 766 1786 aristas
818 1725 1204 1792 comminuet,
1259 1731 1315 1786 et
1361 1723 1548 1802 paleis
1597 1723 1676 1782 ad
1728 1723 1929 1796 ignem
1977 1723 2207 1782 traditis

555 1829 744 1888 grana
773 1813 884 1874 sibi
903 1813 1204 1872 recondet.

627 1904 710 1964 LI.
741 1902 917 1964 Multa
940 1903 1072 1978 jam
1092 1907 1298 1963 contra
1315 1902 1850 1962 murmurationem
1880 1903 1971 1959 vel
2000 1901 2208 1975 despe-

553 1989 846 2051 rationem
876 1991 1109 2062 prolata
1139 1995 1300 2058 sunt,
1349 1995 1405 2050 et
1431 1990 1652 2050 idcirco
1682 1989 1830 2049 dum
1859 1993 2004 2047 nota
2028 1989 2206 2064 repli-

551 2081 757 2142 cantes
783 2083 977 2140 vestra
1007 2079 1174 2138 vobis
1202 2078 1550 2150 ingerimus,
1593 2079 1874 2137 timemus
1906 2095 1980 2136 ne
2010 2078 2072 2138 in
2099 2077 2208 2135 ﬂu-

552 2182 692 2228 men
746 2165 966 2228 frustra
1011 2166 1240 2238 jactare
1291 2166 1508 2231 stillam
1558 2182 1904 2238 arguamur,
1978 2167 2204 2224 concite

551 2253 718 2332 quod
733 2258 912 2316 restat
932 2253 1318 2330 explicemus.
1341 2260 1543 2330 itaque
1565 2255 1878 2316 sciendum
1894 2254 2061 2327 quod
2081 2271 2205 2315 non

549 2341 745 2405 solum
769 2347 1090 2416 praecepto,
1124 2343 1230 2402 sed
1251 2347 1312 2404 et
1337 2342 1612 2418 pluribus
1642 2342 1930 2418 exemplis
1959 2342 2037 2400 ad
2065 2343 2205 2402 tole-

548 2432 808 2496 rantiam
890 2431 1290 2504 multipliciter
1366 2432 1784 2490 informamur.
1848 2431 2204 2490 llniversitas

548 2520 774 2600 quippe
803 2518 1148 2588 electorum,
1205 2536 1412 2596 quam,
1475 2525 1536 2577 ut
1591 2520 1772 2578 Isaias
1827 2519 2204 2589 vaticinatur,

545 2623 698 2688 puer
726 2608 1034 2688 parvulus,
1067 2607 1129 2666 id
1159 2611 1248 2668 est
1297 2607 1542 2666 humilis
1597 2611 1784 2675 Jesus,
1820 2609 1911 2690 ad.
1929 2623 2202 2682 supernae

551 2695 820 2761 stationis
849 2695 1054 2756 caulas
1079 2695 1459 2766 ﬂagellando,
1505 2695 1680 2770 quasi
1706 2696 1885 2754 minis
1941 2696 2200 2766 agendo,

547 2799 656 2856 per
685 2787 912 2839 arctam
939 2783 1102 2839 viam
1132 2783 1315 2846 ducit,
1346 2782 1494 2838 dum
1519 2784 1614 2838 hic
1635 2783 1772 2840 vivit
1791 2783 2048 2842 adversa
2074 2799 2202 2856 per-

547 2871 784 2950 petitur.
845 2873 1008 2940 Quos
1063 2887 1206 2946 ergo
1255 2871 1589 2944 specialiter
1617 2872 2009 2947 proferemus,
2059 2889 2197 2928 cum

547 2961 744 3026 omnis
797 2959 1123 3025 electorum
1177 2961 1495 3020 multitudo
1542 2961 1886 3035 exemplum
1935 2961 2063 3018 sit?
2121 2966 2201 3019 De

545 3050 768 3130 quibus
791 3051 1130 3130 Apostolus,
1164 3054 1229 3112 ut
1275 3051 1405 3126 jam
1448 3051 1795 3110 dixeramus
1829 3069 1842 3107 :
1874 3051 2198 3124 Habentes,

543 3140 758 3222 inquit,
791 3146 1024 3202 tantam
1072 3143 1408 3214 impositam
1447 3141 1662 3201 nubem
1695 3142 1931 3200 testium
1958 3157 2070 3214 per
2094 3157 2202 3214 pa-

547 3231 816 3294 tientiam
835 3245 1151 3288 curramus
1180 3231 1388 3302 (Hebr.
1417 3245 1530 3300 xu,
1562 3230 1630 3292 l).
1666 3232 1743 3286 De
1769 3246 1892 3302 qua
1919 3231 2082 3288 nube
2108 3233 2200 3289 Ja-

545 3316 1174 3392 cobuszExemptum,
1230 3317 1332 3387 ait,
1383 3319 1657 3391 excipite,
1705 3319 1958 3390 fratres,
2005 3321 2200 3376 exitus

545 3404 696 3468 mali
709 3409 765 3464 et
783 3405 1280 3476 longanimitatis,
1299 3405 1520 3466 laboris
1537 3411 1593 3462 et
1609 3408 1932 3476 patientiae,
1963 3423 2094 3478 quae
2112 3409 2198 3464 lo-

543 3494 1138 3570 cutisuntproplietw
1154 3496 1217 3554 in
1241 3497 1478 3552 nomine
1494 3496 1732 3552 Domini
1747 3497 1898 3566 (Jac.
1916 3511 1968 3562 v,
1992 3497 2100 3567 10).
2116 3499 2199 3552 Ac

545 3583 597 3648 si
615 3581 838 3646 diceret
876 3601 890 3643 ;
928 3587 1093 3645 utea
1121 3599 1258 3660 quae
1293 3583 1466 3642 vobis
1496 3583 1852 3654 contingunt
1879 3584 2199 3657 patientius

545 3671 803 3734 toleratis
835 3689 847 3734 ;
884 3670 1088 3730 Videte
1117 3671 1282 3744 quod
1335 3671 1417 3730 illi
1469 3673 1576 3746 qui
1624 3677 1742 3729 tam
1790 3672 1980 3728 sancti
2008 3677 2198 3744 erant,

545 3766 611 3826 ut
632 3777 741 3840 per
761 3777 863 3824 eos
894 3765 1050 3823 Deus
1068 3761 1432 3842 loqueretur,
1463 3761 1682 3822 durum
1705 3763 1949 3820 exitium
1974 3763 2200 3822 habue-

502 3853 508 3859 ’
541 3855 700 3914 runt.
751 3850 1102 3928 Quicunque
1132 3850 1292 3908 enim
1323 3853 1442 3908 Deo
1499 3850 1800 3909 chariores
1831 3851 2196 3921 exstiterunt,

541 3955 783 4014 semper
830 3939 1075 4002 duriora
1123 3945 1458 4002 senserunt.
1531 3939 1695 4000 Libet
1767 3944 1971 3998 tamen
2021 3941 2196 4012 duos,

544 4045 734 4092 unum
787 4030 862 4090 de
914 4029 1108 4088 Veteri
1136 4033 1530 4099 Testamento,
1565 4029 1752 4088 alium
1803 4031 1877 4090 de
1914 4034 2073 4090 Novo
2120 4031 2199 4088 ad

539 4118 810 4180 medium
837 4119 1064 4176 deferre
1096 4118 1246 4179 :Job
1306 4119 1528 4178 scilicet
1585 4123 1642 4176 et
1693 4120 2013 4186 Joannem,
2043 4136 2197 4196 quos

536 4207 785 4280 quidem
816 4223 954 4266 cum
984 4207 1530 4282 incomparabiliter
1575 4207 1875 4276 laudatos,
1903 4212 1960 4266 et
1991 4212 2193 4266 tamen

539 4297 665 4357 tam
693 4295 958 4358 crudelia
982 4311 1200 4368 passos
1231 4294 1412 4354 fuisse
1441 4295 1896 4366 revolverimus,
1942 4297 2091 4372 quid
2121 4297 2195 4354 de

538 4382 784 4456 reliquis
830 4383 1258 4448 aestimandum
1288 4385 1363 4445 sit
1390 4389 1601 4460 aptum
1653 4385 2046 4445 advertimus.
2085 4386 2196 4444 Job

535 4470 762 4548 itaque,
793 4471 869 4536 de
897 4489 1022 4552 quo
1053 4473 1281 4534 dictum
1307 4478 1399 4533 est
1429 4489 1442 4533 :
1468 4474 1604 4532 Non
1652 4479 1740 4535 est
1797 4475 2009 4532 similis
2049 4475 2106 4532 ei
2132 4476 2195 4532 in

537 4566 706 4624 terra
731 4561 866 4633 (Job
892 4577 932 4632 ι,
966 4560 1042 4638 8),
1082 4578 1224 4620 cum
1249 4565 1336 4624 tot
1377 4577 1578 4621 rerum
1607 4561 1835 4620 damna
1860 4561 2192 4633 sustineret,

535 4648 686 4712 dum
702 4653 789 4712 tot
799 4649 1112 4714 funeribus
1123 4650 1448 4728 pignorum
1463 4665 1786 4724 percussus
1803 4649 2194 4722 doleret,cum

535 4742 623 4801 tot
649 4739 903 4803 vulnera
928 4739 1223 4817 toleraret,
1260 4755 1386 4802 non
1411 4739 1476 4800 in
1507 4744 1662 4802 terra
1688 4739 1942 4810 munda,
1997 4741 2106 4798 sed
2130 4741 2193 4798 in

537 4827 906 4902 sterquilinio
933 4829 1164 4890 sedisse
1190 4828 1564 4890 describitur.
1621 4829 1793 4896 Quod
1843 4829 2065 4888 idcirco
2103 4824 2190 4902 fit,

536 4919 604 4978 ut
630 4931 704 4977 ex
721 4915 905 4978 fetore
923 4917 1038 4977 loci
1065 4923 1548 4980 commoneretur
1575 4917 1719 4990 quia
1747 4917 1952 4976 festive
1972 4935 2192 4992 corpus

533 5004 668 5078 ejus
692 5005 774 5070 ad
795 5004 1045 5064 fetorem
1069 5005 1306 5068 rediret.
1339 5006 1429 5068 Ad
1455 5005 1791 5066 radendam
1821 5023 2065 5083 quoque
2093 5025 2188 5066 sa-

532 5093 698 5160 niem
725 5110 848 5156 non
869 5094 1111 5165 digitos,
1172 5110 1298 5154 non
1349 5099 1576 5156 vestem
1605 5095 1899 5162 adhibuit,
1947 5096 2056 5156 sed
2081 5101 2190 5154 tes-

533 5187 659 5248 tam
691 5201 706 5244 :
737 5200 862 5258 quo
914 5183 1072 5246 facto
1125 5188 1559 5244 monstraretur
1610 5185 1920 5260 quomodo
1969 5201 2190 5258 corpus

534 5289 715 5336 suum
745 5289 963 5336 sanum
991 5273 1351 5348 despexerit,
1401 5273 1568 5346 quod
1597 5273 1778 5334 etiam
1825 5289 2186 5347 percussum

533 5363 810 5433 neglexit.
845 5363 960 5422 Sed
987 5378 1142 5433 ecce,
1173 5363 1322 5422 dum
1353 5363 1515 5422 beati
1543 5362 1654 5420 Job
1683 5361 1936 5420 vulnera
1965 5361 2188 5420 crucia-

534 5453 751 5523 tusque
780 5451 1116 5522 considero,
1146 5456 1389 5528 repente
1425 5451 1642 5508 mentis
1670 5449 1878 5510 oculos
1910 5449 1988 5505 ad
2015 5453 2189 5511 Joan-

531 5552 676 5602 nem
725 5536 972 5610 reduco,
1001 5543 1062 5600 et
1082 5555 1210 5606 non
1243 5539 1374 5604 sine
1406 5536 1762 5614 gravissima
1789 5536 2186 5602 admiratione

1631 97 1686 154 S.
1717 95 1978 158 ODONIS
2001 91 2297 156 ΑΒΒΑΤιε
2333 91 2831 154 CLUNIACENSIS
2864 95 2910 148 ll

3783 103 3859 158 836

2245 219 2292 270 Α
2321 215 2632 290 perpendo
2651 215 2817 291 quod
2845 213 2945 272 ille
2975 207 3298 288 prophetiae
3348 213 3544 286 spiritu
3565 214 3694 276 intra
3711 222 3864 278 matris

2321 309 2556 361 uterum
2581 303 2862 378 repletus,
2887 308 3086 380 atque,
3121 307 3187 360 ut
3211 303 3292 374 ita
3319 301 3575 370 dixerim,
3589 305 3863 382 priusquam

2318 398 2661 450 nasceretur
2686 398 2950 461 renatus,
2983 391 3080 452 ille
3109 391 3336 452 amicus
3359 392 3568 468 sponsi,
3591 393 3671 450 ille
3692 411 3788 468 quo
3807 397 3863 453 in.

2320 485 2406 540 ter
2431 486 2608 539 natos
2668 481 2987 541 mulierum
3035 481 3228 554 major
3255 496 3430 538 nemo
3459 482 3696 548 surrexit,
3721 483 3793 540 ille
3810 486 3864 541 sic

2317 571 2632 646 propheta,
2689 576 2756 627 ut.
2806 571 2941 644 plus
2966 570 3146 628 etiam
3199 568 3271 626 sit
3297 585 3478 644 quam
3527 571 3864 644 propheta,ab

2316 659 2539 732 iniquis
2561 659 2624 716 in
2654 674 2892 716 carcere
2921 658 3190 727 mittitur,
3215 661 3270 716 et
3297 657 3384 714 vir
3409 661 3576 714 tantis
3621 659 3868 716 severitatis

2316 765 2428 822 pro
2466 749 2591 805 risu
2619 749 2886 824 turpium
2941 747 3211 806 moritur.
3267 745 3418 812 Quid
3465 752 3552 802 est
3587 762 3726 816 ergo,
3751 749 3868 820 quod

2315 837 2425 893 Job
2451 837 2552 894 Dei
2585 836 2920 896 testimonio
2947 835 3277 910 praefertur,
3308 839 3365 892 et
3417 839 3601 892 tamen
3628 833 3788 908 plagis
3809 853 3873 892 us-

2315 942 2434 1002 que
2463 926 2540 984 ad
2571 925 3007 1000 sterquilinium
3063 923 3391 982 sternitur?
3445 923 3589 989 Quid
3627 929 3718 987 est,
3752 925 3872 998 quod

2314 1017 2576 1072 Joannes
2605 1015 2706 1072 Dei
2759 1031 2905 1072 voce
2952 1013 3251 1082 laudatur,
3303 1016 3360 1070 et
3388 1016 3578 1070 tamen
3603 1027 3699 1086 pro
3737 1017 3872 1069 temu-

2313 1102 2488 1160 lentis
2549 1102 2742 1160 verbis
2791 1103 2854 1158 in
2908 1101 3236 1160 saltationis
3291 1099 3591 1174 praemium
3634 1100 3874 1156 moritur?

2317 1191 2471 1259 Quid
2500 1197 2588 1248 est
2614 1191 2781 1265 quod
2835 1192 3218 1265 omnipotens
3246 1192 3400 1248 Deus
3451 1189 3528 1245 sic
3573 1187 3875 1244 vehementer

2316 1281 2377 1337 in
2397 1281 2510 1336 hoc
2536 1279 2767 1338 mundo
2817 1278 3086 1352 despicit,
3142 1294 3298 1351 quos
3351 1277 3431 1334 sic
3471 1275 3760 1334 sublimiter
3781 1281 3874 1334 ante

2317 1370 2537 1428 saecula
2564 1369 2792 1440 elegit?
2821 1369 2936 1426 nisi
2986 1369 3100 1425 hoc
3125 1367 3292 1441 quod
3322 1366 3520 1440 pietati
3557 1364 3784 1424 ﬁdelium
3803 1381 3875 1439 pa-

2317 1463 2414 1523 tet,
2473 1458 2764 1536 quoniam
2817 1456 3038 1514 idcirco
3095 1456 3180 1513 sic
3235 1471 3339 1512 eos
3363 1453 3567 1529 premit
3611 1453 3666 1510 in
3696 1452 3872 1523 inﬁmis,

2245 1563 2290 1618 Β
2316 1548 2461 1622 quia
2490 1547 2652 1606 videt
2697 1547 3008 1621 quomodo
3057 1561 3162 1602 eos
3193 1549 3528 1602 remuneret
3562 1544 3620 1602 in
3650 1541 3872 1605 summis;

2315 1641 2372 1694 et
2397 1636 2556 1694 foras
2579 1652 2774 1708 usque
2805 1635 2886 1692 ad
2914 1635 3197 1710 despecta
3237 1633 3459 1708 dejicit,
3487 1633 3623 1706 quia
3665 1632 3793 1688 intus
3813 1647 3876 1688 us

2311 1742 2432 1799 que
2461 1725 2539 1784 ad
2566 1724 3195 1800 incomprehensibilia
3245 1722 3566 1798 perducit?
3615 1721 3735 1782 Hinc
3777 1734 3876 1790 ergo

2315 1814 2731 1890 unusquisque
2781 1814 3025 1886 colligat
3049 1813 3199 1886 quid
3247 1812 3366 1870 illic
3397 1811 3511 1870 sint
3545 1809 3751 1885 passuri
3771 1824 3876 1884 quos

2311 1903 2618 1975 reprobat,
2675 1903 2722 1961 si
2779 1903 2874 1960 hic
2929 1901 3238 1978 patiuntur
3270 1902 3354 1960 sic
3403 1915 3550 1975 quos
3593 1903 3766 1966 amat;
3808 1899 3876 1954 aut

2313 1992 2625 2066 quomodo
2647 1991 2949 2062 ferientur,
2980 1990 3084 2066 qui
3114 1990 3172 2047 in
3199 1989 3432 2062 judicio
3471 1986 3730 2060 arguendi
3764 1988 3872 2044 sunt.

2313 2080 2364 2138 si
2393 2080 2479 2136 sic
2519 2097 2729 2138 eorum
2756 2079 2876 2138 vita
2900 2080 3210 2154 premitur,
3250 2079 3358 2156 qui
3412 2078 3542 2154 ipso
3561 2074 3736 2150 judice
3780 2077 3875 2132 teste

2312 2167 2659 2226 laudantur.

2389 2257 2497 2310 Lll.
2527 2256 2682 2310 Inter
2709 2253 2916 2312 omnia
2964 2269 3106 2310 vero
3133 2258 3360 2311 nostrae
3391 2249 3774 2310 consolationis
3809 2262 3874 2318 ge-

2313 2358 2480 2414 nera,
2513 2342 2891 2414 singulariter
2935 2341 3085 2402 illud
3112 2343 3421 2417 praecedit,
3447 2339 3605 2416 quod
3623 2336 3876 2406 benignum

2315 2432 2692 2492 Conditorem
2718 2435 2995 2489 nostrum
3025 2431 3201 2490 nobis
3228 2431 3318 2489 ita
3345 2427 3777 2488 condescendere
3805 2439 3878 2480 sua

2309 2520 2695 2592 benignitate,
2727 2525 2790 2576 ut
2818 2519 2901 2580 ita
2953 2519 3175 2591 dicam,
3227 2519 3567 2592 benignitas
3618 2514 3800 2588 adegit,
3837 2517 3878 2570 ut

2311 2625 2450 2667 cum
2475 2609 2680 2669 omnia
2702 2625 2841 2686 quae
2875 2608 3173 2682 peccatori
3204 2609 3442 2666 homini
3477 2604 3729 2666 salutaria
3767 2605 3878 2662 sunt.

2307 2697 2662 2770 indulgeret,
2689 2701 2905 2756 cuncta
2929 2695 3150 2771 pariter
3177 2714 3318 2772 quae
3351 2697 3541 2758 eidem
3567 2691 3764 2754 homini
3805 2703 3880 2764 pro

2308 2791 2554 2860 peccato
2579 2786 2889 2848 debentur,
2918 2801 2994 2844 ex
3023 2785 3150 2844 sola
3180 2785 3598 2862 compassione
3621 2781 3877 2840 sustineret.

2239 2911 2280 2965 ο
2308 2880 2436 2934 Non
2461 2877 2622 2934 enim
2655 2875 2964 2948 indigebat
2981 2876 3168 2934 homo
3188 2873 3575 2934 solummodo
3595 2869 3792 2965 redimi,

2307 2966 2488 3023 etiam
2516 2965 2770 3039 qualiter
2798 2969 2938 3042 post
2959 2965 3440 3039 redemptionem
3460 2965 3513 3023 ei
3539 2960 3812 3022 vivendum
3832 2955 3880 3012 sit

2306 3053 2563 3112 edoceri.
2592 3053 2758 3112 Venit
2785 3053 2964 3124 igitur
2991 3054 3072 3110 ad
3093 3053 3420 3126 fugitivum
3445 3068 3634 3119 suum,
3657 3055 3711 3106 ut
3730 3045 3879 3104 retine

2305 3148 2395 3204 ret
2439 3143 2659 3200 nostris
2704 3142 2935 3201 visibus
2968 3159 3100 3202 sese
3130 3143 3407 3212 ingessit,
3437 3141 3540 3216 qui
3566 3140 3612 3198 si
3645 3135 3767 3198 nihil
3799 3149 3882 3190 am-

2306 3231 2465 3306 plius
2487 3230 2741 3304 fecisset,
2769 3235 2826 3288 et
2852 3230 2916 3288 in
2938 3231 3056 3290 hoc
3085 3236 3314 3303 tamen,
3337 3230 3502 3305 quod
3521 3230 3580 3287 in
3607 3225 3751 3286 terris
3771 3221 3882 3278 visus

2304 3324 2412 3384 est,
2447 3319 2705 3378 multum
2736 3336 2798 3376 se
2828 3317 3191 3378 humiliaret.
3223 3323 3379 3380 Nam
3421 3318 3563 3392 quia
3589 3329 3788 3376 omnes,
3813 3306 3881 3382 qui

2305 3411 2381 3468 de
2413 3409 2554 3465 Adae
2577 3409 2755 3482 stirpe
2785 3408 3080 3482 progeniti
3135 3407 3466 3470 studebant
3494 3419 3752 3480 prospera
3789 3398 3880 3454 tite

2303 3497 2614 3574 praesentis
2667 3501 2969 3572 appetere,
3023 3497 3284 3558 adversa
3333 3498 3611 3566 devitare,
3634 3485 3883 3570 approbria

2306 3587 2531 3660 fugere,
2585 3585 2840 3658 gloriam
2899 3586 3112 3660 sequi;
3163 3584 3264 3646 ille
3300 3594 3509 3646 contra
3556 3599 3729 3644 novus
3751 3580 3882 3638 homo

2307 3675 2576 3739 veniens,
2600 3690 2945 3749 novamque
2992 3675 3175 3732 vitam
3206 3680 3441 3740 tenens,
3475 3675 3617 3747 fugit
3642 3668 3782 3746 quod
3799 3679 3886 3722 om-

2306 3782 2413 3824 nes
2430 3767 2740 3838 appetunt,
2765 3768 2822 3822 et
2845 3763 3091 3838 appetiit
3113 3764 3284 3838 quod
3299 3781 3516 3824 omnes
3539 3763 3764 3834 fugiunt.
3782 3753 3884 3824 Οηίδ

2313 3871 2450 3910 vero
2504 3853 2642 3910 duae
2697 3853 2830 3910 vitae
2885 3857 3044 3918 sunt,
3077 3869 3354 3928 praesens
3385 3859 3444 3912 et
3465 3854 3671 3919 futura,
3695 3857 3887 3925 quarum

2307 3958 2494 4000 unam
2535 3956 2923 4009 noveramus,
2984 3941 3236 3999 alteram
3278 3942 3722 4004 nesciebamus;
3748 3939 3793 3990 et
3822 3929 3886 3987 hic

2303 4031 2644 4088 humanum
2673 4045 2864 4100 genus
2892 4029 3032 4087 huic
3059 4031 3173 4087 soli
3201 4048 3402 4104 quam
3431 4033 3670 4090 noverat
3692 4018 3889 4084 intende-

2301 4116 2430 4190 bat,
2457 4118 2616 4175 hanc
2647 4117 2824 4173 nobis
2857 4117 3160 4187 cognitam
3195 4118 3340 4176 ideo
3384 4120 3655 4192 suscepit,
3685 4109 3886 4170 utillant

2304 4223 2441 4282 quae
2466 4212 2592 4265 erat
2619 4205 2926 4277 incognita
2949 4206 3413 4266 demonstraret.
3446 4210 3517 4268 Ut
3555 4209 3737 4266 autem
3777 4198 3887 4256 hanc

2303 4295 2821 4369 contemptibilem
2835 4311 2988 4360 esse,
3013 4300 3070 4352 et
3098 4295 3261 4352 illam
3287 4296 3669 4371 appetibilem
3681 4293 3889 4348 ostende—

2300 4389 2410 4455 ret,
2432 4384 2496 4441 in
2520 4385 2631 4442 ista
2657 4400 2855 4458 neque
2907 4385 3256 4458 prosperari
3309 4402 3512 4462 neque
3538 4385 3638 4444 diu
3665 4384 3794 4438 stare
3821 4385 3892 4462 τρι

2297 4473 2427 4540 luit,
2445 4473 2552 4532 sed
2571 4473 2651 4530 ad
2674 4472 2841 4532 illam
2859 4473 3144 4548 patiendo
3171 4459 3473 4548 migravit,
3489 4479 3546 4532 et
3559 4471 3690 4531 dicit
3705 4487 3716 4525 :
3733 4459 3888 4548 Siquis

2300 4563 2452 4622 mihi
2461 4565 2788 4633 ministrat,
2803 4546 2894 4620 me
2908 4569 3196 4636 sequatur
3207 4546 3404 4632 (Joan.
3423 4581 3523 4628 xu,
3542 4562 3647 4634 26).
3667 4546 3888 4624 Exemplo

2300 4668 2413 4710 suo
2441 4667 2554 4710 nos
2581 4651 2809 4709 docens
2834 4651 3002 4724 quod
3027 4651 3153 4709 haec
3176 4652 3298 4709 vita
3327 4657 3542 4711 nostra
3565 4665 3680 4710 non
3702 4642 3890 4720 propter

2299 4756 2365 4798 se
2417 4739 2684 4799 amanda
2743 4739 2838 4809 sit,
2891 4740 2997 4798 sed
3047 4746 3294 4816 propter
3331 4742 3582 4800 alteram
3621 4725 3888 4796 toleranda.

2308 4829 2521 4902 Itaque
2537 4833 2780 4904 propter
2798 4827 2945 4886 illud
2963 4829 3264 4901 singulare
3275 4831 3635 4905 praesidium,
3654 4819 3794 4908 quod
3810 4828 3890 4908 ne}

2297 4899 2445 4976 fuse
2452 4899 2744 4988 sanguine
2763 4917 3037 4990 redemit,
3065 4899 3212 4977 illud
3228 4899 3888 4994 praestantissimumlu‘il'

2295 5005 2651 5079 cetur,quod
2661 5022 2773 5064 nos
2790 5011 3096 5081 tantopere
3118 5007 3197 5064 ad
3209 4990 3619 5080 penitentiam
3627 4990 3886 5060 roboravit-

2300 5095 2390 5152 Ad
2421 5095 2586 5170 quod
2616 5095 2888 5153 videlicet
2915 5095 3370 5164 inculcandum,
3390 5103 3450 5156 et
3472 5113 3544 5154 ea
3571 5088 3770 5169 sprevit
3789 5091 3887 5157 (1⁸⁸

2303 5198 2531 5254 matgna
2554 5181 2718 5242 mala
2773 5182 3029 5258 imperiti
3068 5187 3302 5258 putant,
3349 5182 3670 5258 praesertim
3693 5187 3808 5258 cum
3845 5177 3889 5222 $9

2297 5277 2383 5331 tot
2431 5272 2734 5330 miraculis
2791 5257 3019 5331 tantam
3067 5257 3269 5333 rerum
3329 5257 3676 5348 potestatem
3716 5257 3888 5322 habete

2294 5365 2672 5420 monstraret.
2703 5364 2821 5419 Hoc
2851 5377 2994 5433 ergo
3031 5363 3501 5428 consideremus,
3547 5354 3702 5434 quod
3725 5355 3889 5421 θίΡθθ

2295 5455 2570 5508 catorum
2585 5466 2696 5508 nos
2711 5451 3140 5524 punctionibus
3163 5453 3402 5510 salvans
3415 5448 3600 5525 spinis
3615 5443 3776 5517 caput
3786 5446 3889 5525 SPP'

2300 5556 2524 5614 ponere
2548 5555 2672 5600 non
2699 5522 3014 5611 recusavit,
3035 5541 3204 5617 quod
3247 5522 3472 5603 aeterna
3501 5554 3609 5598 nos
3632 5522 3888 5593 dulcedine

2228 4260 2273 4314 ι)
