4092 6158
221 143 320 197 οθτ
1033 113 1037 117 ’
1260 143 1752 200 COLLATIONUM
1797 141 1973 197 uani
2014 143 2208 201 rans.
2241 175 2310 186 —
2343 146 2469 202 ua.
2514 150 2601 203 m.

3531 152 3637 210 088

216 262 538 354 inebrians,
567 263 629 318 in
660 262 754 318 siti
769 280 894 354 sua
943 264 1091 321 fellis
1126 266 1589 322 amaritudinem
1620 265 1868 338 accepit.
1904 267 1950 319 Α
1986 266 2148 329 Unde
2178 273 2233 329 et
2265 268 2497 332 amictae
2528 269 2766 333 familiai
2794 272 3113 337 blandiens
3146 289 3252 352 per
3276 275 3635 354 prophetam

217 350 383 418 Quod
413 350 516 423 qui
548 367 657 423 pro
685 351 861 406 nobis
893 356 1142 421 Patrem,
1172 355 1452 427 quamvis
1481 359 1638 410 esset
1660 354 1869 409 divini-

216 446 326 497 tate
376 439 652 512 aaqualis,
725 440 1017 508 adoravit,
1069 443 1183 501 sub
1247 444 1520 505 irrisione
1586 443 1869 507 adoratus

215 529 410 591 tacuit,
445 528 612 602 quod
662 528 844 584 vitam
891 532 1139 586 mortuis
1186 548 1538 605 prieparaus
1570 549 1760 606 usque
1790 533 1869 589 ad

216 623 463 675 mortem
510 618 642 691 ipsa
691 617 811 675 vita
853 621 1141 691 pervenit.
1177 627 1289 677 (Zur
1335 622 1537 694 itaque
1586 638 1868 691 asperum

215 706 488 776 creditur,
520 711 642 763 uta
672 710 790 763 Deo
820 708 1003 764 homo
1032 709 1233 766 toleret
1266 710 1503 779 ﬂagella
1531 728 1642 784 pro
1672 711 1865 778 malis,

214 797 260 852 si
306 801 470 852 tanta
524 798 678 851 Deus
730 797 808 853 ab
863 798 1209 854 hominibus
1264 800 1502 873 pertulit
1550 801 1710 856 mala
1757 817 1867 873 pro

212 885 403 953 bonis,
434 890 497 947 ut
530 885 692 943 hunc
719 887 795 945 ad
827 887 1116 951 amissam
1166 889 1595 949 beatitudinem
1624 906 1867 951 revoca-

212 977 336 1032 ret?
368 976 533 1032 Unde
564 977 889 1049 propheta:
924 978 1207 1035 Alienum
1237 996 1383 1049 opus
1433 984 1580 1051 ejus,
1609 988 1672 1037 ut
1700 982 1865 1051 face-

212 1070 295 1120 ret
326 1080 472 1133 opus
497 1081 666 1120 suum
703 1066 839 1134 (Isa.
873 1083 1074 1129 xxvni,
1107 1069 1215 1138 ‘21).
1235 1070 1397 1141 Opus
1430 1069 1590 1124 enim
1620 1070 1749 1139 ejus
1779 1073 1867 1125 est

209 1152 436 1209 salvere
466 1154 631 1226 quod
662 1155 902 1223 creavit,
928 1155 1214 1225 ﬂagellari
1245 1162 1446 1219 autem
1463 1174 1619 1230 opus
1639 1162 1731 1217 est
1754 1159 1865 1215 hos

208 1238 382 1293 minis
412 1241 763 1311 peccatoris,
797 1259 917 1298 non
949 1244 1079 1313 ejus
1100 1246 1202 1317 qui
1218 1249 1534 1318 peccatum
1562 1262 1683 1301 non
1705 1246 1857 1301 fecit.

205 1328 471 1401 Suscepit
497 1329 675 1399 igitur
704 1331 967 1387 alienum
996 1348 1172 1406 Opus,
1214 1334 1275 1389 id
1305 1338 1392 1390 est
1424 1334 1677 1399 ﬂagella,
1710 1351 1859 1407 qua-

206 1420 377 1471 tenus
408 1418 489 1474 ita
515 1419 771 1476 salvat-et
810 1426 1143 1478 creaturam
1178 1440 1374 1488 suam,
1403 1423 1568 1495 quod
1593 1429 1681 1481 est
1708 1439 1863 1497 opus

203 1520 350 1575 ejus.

197 1681 304 1751 juti
366 1687 451 1738 tot
498 1685 1050 1756 comparationibus
1107 1688 1543 1759 exemplorum,
1581 1706 1857 1745 amemus

1980 355 2157 411 dicit:
2191 358 2361 413 Sicut
2382 360 2602 427 juravi
2624 360 2767 429 Noe,
2800 366 2863 415 ut
2920 363 3089 417 ultra
3135 378 3255 417 non
3294 363 3637 420 inducet-em

1977 459 2166 517 aquas
2194 447 2430 517 diluvii,
2458 449 2543 507 sic
2564 453 2618 511 et
2663 448 2790 515 tibi,
2820 454 2883 503 ut
2922 465 3041 505 non
3076 451 3375 520 increpem
3417 457 3472 508 te
3517 467 3637 507 am-

1972 534 2137 602 plius
2175 535 2317 601 (Isa.
2360 552 2469 605 Liv,
2501 536 2578 604 9).
2610 540 2682 593 At
2725 552 2864 592 vero
2922 538 3027 609 qui
3073 538 3395 595 adversum
3445 539 3635 598 ﬁlium

1977 623 2185 678 matris
2219 640 2340 678 suae
2371 625 2540 696 ponit
2569 625 2947 693 scandalum,
2974 627 3375 684 comminatur
3399 628 3632 686 dicens:

1975 712 2248 781 Arguam
2300 720 2355 770 te
2407 720 2462 769 et
2491 720 2775 786 statuam,
2808 715 3121 781 subaudis,
3155 732 3226 772 ea
3265 734 3400 789 quae
3452 718 3637 776 fecisti

1976 807 2115 856 ante
2140 802 2359 869 faciem
2390 808 2551 859 tuam
2583 804 2766 873 (Psal.
2800 820 2953 871 XLIX,
2987 806 3101 876 21).
3145 807 3261 860 Ista
3290 822 3429 861 cum
3468 807 3635 863 vide-

1974 888 2049 945 rit
2076 890 2261 949 Deum
2292 891 2544 955 deorum
2574 891 2633 947 in
2667 892 2825 960 Sion,
2860 897 3106 966 portans
3135 893 3196 949 in
3242 893 3634 959 excaltatione

1973 977 2317 1049 manipulos
2337 995 2491 1051 quos
2522 981 2581 1035 in
2610 980 2894 1052 lacrymis
2923 981 3257 1049 seminavit,
3288 980 3637 1037 lmtabunda

1974 1066 2293 1122 clamabit:
2327 1068 2665 1125 Secundum
2689 1070 3133 1125 multitudinem
3167 1071 3447 1125 dolorum
3478 1085 3633 1124 meo-

1974 1171 2109 1211 rum
2141 1158 2203 1211 in
2226 1158 2404 1217 corde
2416 1174 2561 1227 meo,
2585 1160 3013 1219 consolationes
3035 1166 3153 1215 tuae
3172 1160 3631 1227 lwtiﬁcaverunt

1973 1246 2234 1300 animam
2290 1261 2476 1301 meam
2529 1248 2897 1317 (Psal.xc1u,
2957 1248 3061 1317 19).
3116 1250 3194 1303 De
3245 1246 3632 1303 aﬂlictoribus

1972 1349 2109 1388 vero
2137 1333 2251 1387 sub
2279 1335 2473 1406 specie
2522 1336 2842 1408 Babylonis
2886 1337 3091 1393 matris
3133 1353 3343 1392 eorum
3373 1336 3627 1391 dicitur:

1974 1422 2271 1488 Quantum
2302 1425 2592 1485 exultavit
2626 1441 2704 1491 se,
2736 1432 2790 1481 et
2834 1428 2897 1482 in
2939 1427 3166 1482 deliciis
3212 1427 3355 1495 fuit,
3392 1430 3629 1481 tantum

1970 1511 2110 1567 date
2134 1513 2190 1567 ei
2213 1518 2569 1568 tormentum
2601 1518 2655 1569 et
2687 1515 2913 1570 luctum
2962 1516 3169 1584 (Apoc.
3198 1530 3363 1582 xvm,
3394 1514 3468 1583 7).
3502 1517 3630 1569 Non

272 1594 408 1649 LIII.
442 1594 683 1650 Excitati
711 1611 853 1665 ergo
880 1601 965 1652 tot
999 1597 1243 1653 vocibus
1273 1562 1732 1672 praeceptorum,
1759 1601 1862 1657 ad-
1886 1610 1936 1665 ι
2202 1562 2715 1669 glorieturvmmus
2745 1602 2793 1659 ai
2823 1562 3135 1667 exallat'ur,
3167 1601 3228 1656 id
3258 1562 3364 1668 est:
3408 1562 3631 1656 inimici

1971 1688 2203 1743 Domini
2236 1689 2283 1743 si
2309 1689 2640 1761 praevalent
2670 1690 2812 1761 quia
2844 1690 3045 1745 fumus
3076 1688 3461 1744 ascendendo
3493 1688 3634 1744 facit

201 1770 291 1824 Dei
318 1771 655 1841 judicium:
684 1774 826 1829 certi
856 1774 1025 1847 quod
1066 1775 1126 1830 in
1156 1776 1485 1832 humilibus
1519 1779 1858 1834 amaritudo
1970 1780 2033 1830 ut
2076 1792 2198 1831 non
2231 1777 2321 1831 sit.
2360 1780 2423 1832 Et
2452 1777 2705 1833 istorum
2734 1794 2880 1833 voce
2920 1777 3162 1833 dicitur:
3200 1777 3458 1831 Elevans
3496 1774 3632 1829 alli-

199 1860 507 1931 prtesentis
522 1863 811 1930 angustiae
833 1863 1154 1934 exstinguit
1172 1865 1468 1945 supplicia
1489 1882 1853 1943 permanenv
1966 1865 2099 1923 sisti
2120 1881 2213 1923 me
2232 1865 2422 1931 (Psal.
2452 1881 2525 1935 Cl,
2549 1869 2657 1927 12).
2689 1865 2902 1922 Pusillo
2926 1869 3125 1921 autem
3157 1864 3319 1935 gregi
3349 1878 3459 1917 suo
3489 1860 3632 1917 dicit

199 1948 268 2002 tis
296 1949 423 2003 iraa.
458 1953 570 2005 Nos
599 1966 737 2021 ergo
767 1952 1042 2024 quamvis
1074 1951 1324 2021 ﬂagellis
1350 1955 1543 2020 cincti,
1563 1957 1846 2028 quamvis
1973 1952 2219 2023 Spiritus
2264 1958 2541 2009 sanctus:
2593 1955 2735 2019 Fili,
2780 1956 2909 2009 noli
2936 1954 3183 2021 deﬁcere
3235 1968 3272 2008 a
3306 1952 3629 2020 disciplina

199 2053 303 2109 pro
359 2043 530 2110 parte
581 2040 776 2095 carnis
828 2041 1267 2106 contristemur,
1302 2048 1498 2099 tamen
1546 2045 1606 2099 in
1651 2045 1858 2116 spiritu
1968 2042 2210 2095 Domini
2231 2041 2432 2108 (Prov.
2468 2058 2548 2107 III,
2580 2045 2687 2108 tl),
2720 2047 2828 2097 etc.
2858 2045 2923 2096 Et
2952 2042 3092 2096 item
3114 2056 3221 2112 per
3241 2038 3625 2111 Apostolum:

196 2124 487 2195 laetemur,
519 2128 831 2184 utilitatem
878 2128 1215 2185 aﬂlictionis
1264 2132 1760 2203 contemplantes.
1796 2136 1862 2189 Et
1972 2129 2111 2195 Quis
2158 2131 2313 2184 enim
2344 2136 2447 2197 est,
2494 2145 2665 2201 quem
2706 2146 2826 2186 non
2866 2131 3113 2199 corripit
3154 2132 3375 2198 pater?
3424 2127 3624 2198 (Hebr.

195 2216 497 2274 orandum
552 2217 799 2290 quidem
830 2233 941 2291 pro
999 2218 1391 2276 aﬂlictoribus
1429 2226 1537 2277 est.
1582 2225 1859 2278 Attamen
1971 2223 2173 2285 m,7).
2212 2221 2275 2275 Et
2304 2218 2362 2273 in
2402 2218 2654 2275 eodem:
2708 2220 2922 2275 Patres
2967 2219 3243 2275 carnales
3287 2216 3625 2286 habuimus,

199 2304 244 2359 si
271 2320 399 2361 non
444 2306 845 2379 resipuerunt,
878 2321 1038 2378 cum,
1076 2308 1247 2379 juxta
1279 2309 1515 2376 Isaiam,
1547 2309 1858 2383 depraeda-

192 2392 412 2449 tionem
442 2396 1015 2465 consummaverint,
1044 2397 1247 2470 prada
1265 2396 1614 2454 daemonum
1663 2403 1855 2455 erunt.

197 2483 257 2537 Et
302 2483 464 2539 sicut
492 2483 553 2539 in
619 2485 1008 2557 Septuaginta
1080 2484 1313 2556 legitur,
1374 2485 1627 2543 afﬂictos
1679 2487 1860 2543 etiam

194 2570 262 2627 de
289 2572 537 2628 illorum
572 2572 814 2630 interitu
843 2590 959 2631 vox
989 2574 1195 2631 divina
1238 2576 1589 2632 consolatur
1618 2576 1855 2633 dicens:

203 2661 293 2717 νδ
319 2662 434 2733 qui
460 2676 560 2719 vos
589 2663 831 2719 miseros
858 2665 1118 2733 faciunt,
1155 2667 1297 2734 quia
1348 2666 1853 2734 reprobabuntur.

193 2752 332 2805 Item
363 2750 420 2804 in
468 2749 683 2809 eodem
725 2752 1050 2824 prOpheta:
1083 2753 1174 2807 Ad
1211 2759 1501 2822 punctum
1548 2755 1694 2809 etin
1733 2769 1853 2808 mo-

189 2840 318 2895 dico
343 2839 645 2911 deretiqui
663 2846 737 2911 te,
765 2843 1160 2912 paupercula,
1187 2848 1531 2911 tempestate
1544 2843 1851 2904 convulsa,

1968 2312 2023 2363 et
2064 2308 2484 2363 reverebamur
2531 2309 2862 2364 m-uditores
2892 2323 3006 2371 eos,
3050 2324 3171 2363 non
3214 2308 3405 2362 multo
3437 2305 3627 2375 magis

1925 2424 1937 2435 -
1969 2396 2507 2463 obtemperabimus
2565 2398 2743 2451 Patri
2791 2398 3132 2464 spirituum,
3178 2400 3233 2450 et
3292 2396 3551 2450 vivemus
3600 2396 3629 2447 ?

1969 2485 2175 2551 (Hebr.
2208 2500 2308 2553 xu,
2339 2484 2393 2555 9)
2465 2486 2845 2557 Quapropter
2872 2488 3120 2556 peteme
3149 2482 3400 2551 ﬂagella
3430 2482 3627 2539 delec-

1969 2573 2242 2636 tabiliter,
2294 2577 2359 2629 ut
2396 2574 2476 2629 ita
2522 2574 2743 2644 dicam,
2802 2588 2926 2628 non
2976 2572 3313 2638 mordeant,
3366 2570 3628 2626 suaviter

1967 2663 2325 2725 excrucient,
2352 2661 2616 2725 hilariter
2659 2661 3027 2727 contristent,
3058 2660 3352 2733 quoniam
3380 2658 3430 2713 si
3460 2674 3626 2715 com-

1966 2750 2230 2821 patimur
2258 2754 2317 2806 et
2366 2750 2901 2818 conregnabimus.
2932 2751 3183 2805 Paterna
3211 2764 3353 2804 vero
3384 2746 3627 2817 ﬂagella

1964 2839 2239 2905 dixerim,
2272 2840 2415 2911 quia
2442 2839 2579 2894 licet
2628 2854 2923 2907 magnum
2967 2838 3043 2897 sit
3086 2838 3372 2910 cuiquam
3424 2836 3627 2893 vocari

189 2929 415 3002 absque
467 2930 600 2985 ulla
653 2932 1057 2987 consolatione
1110 2931 1212 2987 sed.
1263 2932 1325 2986 in
1380 2932 1856 2987 miserationibus
1894 2960 1934 3015 ρ
1964 2945 2204 2984 servum
2248 2929 2367 2995 Dei,
2417 2933 2619 2984 tamen
2681 2925 2908 2996 aﬂlicti,
2955 2932 3022 2982 ut
3075 2928 3156 2983 ait
3204 2927 3621 3015 Hieronymus,

187 3019 396 3073 multis
424 3018 697 3074 misertus
725 3034 855 3073 sum
884 3019 975 3074 tui
1002 3018 1142 3089 (Isa.
1170 3035 1281 3085 LIV,
1316 3024 1370 3088 7,
1404 3022 1459 3089 8,
1505 3023 1610 3087 Η),
1644 3024 1700 3074 et
1740 3021 1857 3075 tuli
1960 3034 2083 3073 non
2110 3022 2402 3074 vocantur
2426 3017 2720 3086 servi,nec
2753 3016 2929 3073 amici
2959 3014 3409 3087 quidem,qued
3426 3014 3624 3084 majus

188 3106 254 3161 de
273 3122 467 3162 manu
488 3114 590 3162 tua
619 3108 863 3163 calicem
889 3109 1116 3176 soporis
1148 3113 1202 3164 et
1233 3108 1669 3178 indignationis
1686 3121 1849 3176 metu,

185 3201 236 3251 et
260 3212 492 3265 ponam
519 3197 692 3251 illum
722 3198 782 3252 in
830 3212 1012 3252 manu
1045 3212 1244 3252 eorum
1286 3197 1391 3267 qui
1420 3202 1474 3253 te
1505 3197 1854 3254 humiliave-

185 3286 323 3342 rint.
372 3287 457 3340 Tu
476 3290 674 3341 autem
705 3301 826 3341 non
856 3286 1125 3355 adjicies,
1186 3291 1247 3340 ut
1294 3286 1457 3341 bibas
1484 3287 1656 3341 illum
1686 3287 1852 3347 ultra

186 3375 301 3441 (Isa
332 3390 420 3440 Li,
450 3374 559 3445 22).
592 3376 661 3428 Et
708 3373 846 3429 item
877 3390 890 3428 :
925 3374 1351 3444 Egrediemini,
1400 3380 1455 3430 et
1501 3376 1751 3440 salictis,
1796 3380 1853 3430 et

185 3464 500 3520 calt-abitis
546 3464 778 3534 impios,
842 3480 973 3519 cum
999 3464 1233 3533 fuerint
1286 3465 1458 3531 cinis,
1497 3464 1605 3519 sub
1632 3466 1849 3533 planta

177 3553 401 3621 pedum
434 3558 761 3609 vestrorum
818 3554 1062 3622 (Malae.
1105 3568 1182 3608 iv.
1217 3557 1295 3621 3).
1328 3556 1476 3608 Nam
1507 3557 1572 3609 ut
1599 3553 1849 3626 quidam

180 3641 488 3723 piissimus
515 3641 705 3712 Pater,
741 3642 835 3701 cui
884 3642 1133 3703 dilectus
1160 3641 1318 3700 ﬁlius
1355 3642 1621 3705 occissus
1652 3642 1743 3710 sit,
1791 3645 1840 3699 si

180 3728 327 3789 forte
378 3729 711 3786 occisorem
748 3743 806 3793 et
856 3729 1125 3802 gladium
1172 3732 1471 3803 repererit,
1518 3731 1848 3791 occisorem

184 3835 325 3876 cum
360 3816 577 3875 eodem
598 3816 798 3886 gladio
830 3818 1103 3883 trucidat,
1140 3817 1341 3893 ipsum
1369 3834 1512 3875 vero
1560 3819 1847 3889 gladium,

180 3923 324 3965 cum
348 3920 473 3979 quo
515 3904 673 3963 ﬁlius
710 3905 989 3981 perierat,
1015 3905 1420 3981 particulatim
1449 3908 1801 3969 comminuit
1832 3926 1846 3963 :

179 3995 260 4057 ita
286 3998 528 4055 amator
545 3994 862 4055 hominum
881 3994 1141 4052 Christus
1158 4010 1195 4057 a
1211 3995 1335 4055 suis
1362 3995 1610 4069 quidem
1629 3997 1852 4057 abster-

185 4090 282 4161 get
312 4098 563 4143 omnem
588 4083 916 4161 lacymam,
940 4087 1222 4141 tortorem
1241 4088 1452 4143 autem
1494 4084 1633 4143 illuc
1665 4084 1848 4159 proji-

184 4172 313 4242 ciet,
348 4170 455 4229 ubi
485 4172 558 4229 sit
586 4172 764 4233 ﬂetus
795 4177 852 4233 et
910 4171 1126 4235 stridor
1153 4171 1457 4241 dentium;
1491 4172 1849 4235 afﬂictorum

183 4279 318 4323 vero
348 4262 638 4325 malleum
666 4263 750 4327 ita
777 4267 1062 4335 conteret,
1091 4267 1155 4319 ut
1190 4263 1353 4325 hunc
1383 4280 1421 4323 θ.
1448 4264 1574 4325 suis
1605 4266 1848 4339 penitus

186 4352 420 4413 auferat
443 4356 503 4415 et
533 4356 764 4415 tantum
790 4352 1029 4431 pondus
1058 4352 1190 4425 ejus
1214 4351 1277 4413 in
1316 4352 1451 4415 illos
1489 4358 1845 4431 retorqueat.

1961 3112 2066 3172 est,
2094 3107 2219 3176 sed,
2251 3106 2417 3179 quod
2447 3106 2993 3179 prmstantissimun
3037 3109 3145 3171 est,
3178 3103 3281 3158 ﬁlii
3310 3107 3621 3171 vocantur,

1960 3202 2017 3253 et
2046 3197 2225 3253 etiam
2282 3196 2504 3252 dilecti:
2539 3197 2864 3267 Flagellat,
2912 3194 3122 3266 inquit,
3156 3207 3383 3248 omnem
3426 3193 3622 3259 ﬁlium

1959 3304 2128 3361 quem
2152 3290 2373 3356 recepit
2400 3286 2604 3353 (Hebr.
2639 3302 2737 3351 xu,
2771 3288 2844 3356 6);
2872 3289 2928 3339 et
2955 3283 3121 3356 quod
3149 3281 3436 3354 sequitur,
3466 3284 3530 3335 ut
3560 3280 3622 3335 in

1957 3377 2068 3433 Job
2092 3376 2457 3449 perhibetur,
2486 3377 2707 3432 Beatus
2736 3376 2831 3430 vir
2856 3375 2962 3445 qui
2985 3373 3317 3441 corripitur
3346 3386 3383 3427 a
3415 3370 3620 3425 Domi-

1959 3483 2035 3522 no
2095 3466 2222 3531 (Job
2252 3483 2306 3533 v,
2339 3468 2446 3529 l7).
2506 3465 2660 3520 Licet
2689 3463 2850 3519 enim
2899 3461 3218 3518 convenire
3268 3458 3448 3515 simul
3498 3474 3620 3514 non

1958 3560 2183 3630 queant
2211 3554 2517 3611 beatitudo
2548 3558 2605 3609 et
2645 3553 2835 3620 dolor,
2882 3557 3086 3608 tamen
3116 3551 3260 3623 quia
3292 3549 3497 3605 salutis
3530 3564 3621 3603 ar-

1958 3651 2313 3719 gumentum
2339 3649 2444 3715 est,
2467 3643 2527 3701 vi
2568 3642 2793 3707 doloris
2839 3646 3148 3717 correptus
3200 3644 3356 3694 recte
3404 3638 3619 3699 dicitur

1956 3736 2191 3805 beatus,
2223 3733 2514 3809 quoniam
2543 3749 2649 3807 per
2686 3732 2799 3792 hoc
2828 3730 2995 3811 quod
3040 3730 3294 3791 exterius
3337 3727 3619 3796 afﬂigitur

1956 3823 2202 3889 interius
2227 3822 2384 3883 vivit.
2430 3824 2497 3879 Ut
2542 3820 2720 3889 igitur
2759 3819 2822 3879 in
2874 3823 3087 3874 octavo
3127 3817 3433 3877 Moralium
3462 3815 3615 3871 libro

1956 3912 2167 3977 beatus
2216 3908 2529 3979 Gregorius
2580 3906 2808 3977 astruit,
2838 3922 2973 3987 spes
3026 3905 3141 3963 ista
3192 3922 3301 3969 vos
3350 3908 3612 3970 maneat,

1957 4000 2245 4077 quoniam
2299 4001 2593 4073 quantum
2662 3996 2724 4051 in
2792 3994 3251 4059 necessitatibus
3306 3992 3614 4077 praesentis

1957 4087 2242 4160 temporis
2269 4085 2342 4142 de
2397 4083 2666 4141 libertate
2716 4082 2778 4147 in
2812 4083 2909 4147 Dei
2948 4081 3083 4141 ﬁliis
3142 4081 3286 4147 nihil
3343 4083 3612 4159 apparet,

1959 4181 2190 4237 tantum
2219 4174 2282 4237 in
2318 4173 2515 4233 futura
2544 4171 2829 4233 libertatis
2860 4170 3049 4243 gloria,
3106 4169 3249 4235 nihil
3296 4168 3358 4225 in
3387 4166 3614 4233 eisdem

1958 4266 2057 4329 Dei
2084 4263 2323 4327 famulis
2348 4261 2422 4321 de
2449 4261 2728 4321 servitute
2753 4258 3005 4339 parebit.
