4094 6156
485 164 588 217 639

1997 343 2102 356 -..ι-ὀ

1447 505 2124 625 SANG'I'I

489 344 1978 380 ω

1526 153 1583 209 S.
1625 150 1884 208 ODONIS
1921 147 2214 205 ABBATIS
2253 150 2754 211 CLUNIACENSIS
2793 155 2838 208 ll

2297 345 2320 356 ο
2323 345 2546 358 mu...
2549 345 2832 358 num"..-

2267 507 2508 626 OD
2519 505 2946 627 ONIS

2673 343 3622 374 mw

1733 742 2033 798 ABBATIS
2071 741 2576 800 CLUNIACENSIS
2617 742 2666 798 Il

626 919 901 1060 DE
1125 917 1624 1058 VITA
1847 911 2587 1059 SANCTI
2809 911 3739 1056 GEBALDI

1287 1187 2406 1312 AUBILIACENSIS
2515 1185 3100 1310 COMITIS

1737 1428 2044 1517 LIBRI
2115 1426 2642 1525 QUATUOR

1295 1634 1400 1694 (Ex
1431 1631 1780 1685 Bibliotheca
1803 1630 2193 1692 Clunianensl,
2231 1630 2432 1684 edente
2463 1631 2524 1680 ι).
2557 1629 2806 1690 Marrler,
2837 1639 2960 1693 pag.
2985 1629 3084 1690 65).

1361 1913 1784 1978 AUCTORIS
1840 1912 2252 1974 EPISTULA

2325 1911 3018 1976 NUNCUPATORIA.

1969 2071 2382 2088 ἡ

553 2239 780 2298 Affectu
830 2239 1148 2297 recolendo
1201 2256 1310 2314 pro
1351 2240 1474 2296 suis
1523 2239 1746 2296 meritis
1799 2240 1905 2311 (72)
1954 2239 2140 2296 domo
2167 2243 2215 2294 Α
2245 2239 2508 2295 bonitate
2535 2237 2746 2296 Christi
2769 2236 3054 2306 conﬁsus,
3087 2236 3465 2309 aggrediens,
3497 2241 3552 2294 te
3573 2253 3812 2310 quaeso,
3845 2244 3902 2292 ut

483 2333 703 2384 Avuom
734 2329 958 2396 abbati,
989 2344 1314 2384 conservus
1363 2327 1612 2384 fratrum
1634 2329 1754 2382 Ono
1783 2331 2136 2400 perpetuam

484 2416 740 2474 salutem
759 2417 822 2472 in
850 2417 1098 2473 Christo.

557 2505 864 2573 Libellum,
893 2504 1250 2560 venerabilis
1275 2509 1463 2575 pater,
1485 2519 1669 2575 quem
1711 2501 1786 2558 de
1816 2517 2136 2558 conversa-

485 2592 644 2649 tione
673 2599 730 2648 et
756 2591 1062 2648 miraculis
1091 2591 1248 2647 beati
1275 2591 1534 2647 hominis
1569 2589 1822 2660 Geraldi,
1843 2605 1961 2662 me,
1985 2607 2134 2662 qua-

483 2681 856 2753 litercunque
885 2680 1132 2752 possim,
1165 2679 1388 2736 dictare
1437 2685 1558 2736 tam
1589 2679 1907 2751 imperiose
1945 2694 2139 2751 nuper

485 2785 784 2834 suaseras,
809 2769 960 2840 jam,
985 2767 1120 2824 licet
1145 2773 1423 2834 tremens,
1457 2767 1793 2838 aggredior.
1827 2770 1994 2838 Nam,
2027 2767 2139 2823 etsi

483 2857 757 2916 faciendo
777 2859 1332 2931 praesumptionem,
1355 2858 1530 2930 quasi
1553 2857 1700 2913 meis
1719 2857 1947 2913 viribus
1968 2873 2138 2913 exce-

482 2947 653 3018 dens,
675 2948 887 3015 timeo;
919 2953 977 3004 et
1003 2963 1128 3004 non
1149 2947 1444 3016 faciendo,
1471 2947 1938 3015 contumaciam,
1962 2948 2140 3020 quasi

482 3037 866 3106 inobediens,
927 3037 1303 3110 pertimesco.
1371 3041 1448 3095 De
1504 3037 1846 3095 obedientia
1889 3052 2030 3094 vero
2086 3042 2144 3094 et

2243 2327 2517 2400 ejusdem
2546 2327 2758 2384 Christi
2813 2326 3192 2384 clementiam
3255 2325 3566 2399 implores,
3607 2329 3902 2398 quatenus

2243 2431 2354 2488 pro
2386 2431 2590 2471 amore
2639 2414 2830 2487 ipsius
2879 2413 3088 2472 famuli
3117 2415 3208 2470 sui
3259 2413 3514 2480 Geraldi,
3547 2413 3900 2470 relationem

2243 2504 2326 2560 sic
2347 2503 2690 2560 modiﬁcare
2709 2503 3078 2574 dignetur,ut
3097 2503 3347 2572 homini,
3366 2519 3550 2576 quem
3573 2501 3904 2572 gloriﬁcare

2245 2590 2560 2663 disposuit,
2583 2607 2706 2648 non
2736 2593 2812 2648 sit
2837 2608 2910 2648 ex
2945 2596 3069 2649 toto
3095 2592 3364 2664 indigna,
3395 2607 3506 2648 nec
3527 2591 3676 2648 mihi
3705 2597 3902 2647 trans-

2249 2681 2570 2750 gressionis
2600 2697 2804 2738 causa.
2829 2681 2918 2738 Ad
2947 2697 3136 2754 quam
3175 2681 3450 2738 videlicet
3486 2680 3906 2750 transgressio-

2245 2786 2388 2828 nem
2435 2770 2838 2836 evadendam,
2888 2771 3204 2838 nonnulla,
3260 2771 3336 2827 de
3387 2770 3611 2844 quibus
3655 2775 3723 2827 tu
3757 2769 3906 2828 forte

2247 2859 2613 2926 causaberis,
2639 2863 2964 2932 praetereo;
2995 2859 3124 2916 sola
3143 2859 3246 2918 illa
3266 2875 3404 2932 quae
3433 2858 3583 2916 mihi
3611 2863 3750 2916 sunt
3789 2859 3908 2916 vnl-

2249 2953 2407 3016 gata,
2439 2964 2576 3004 cum
2607 2951 2664 3004 et
2703 2951 2765 3003 tu
2796 2963 3002 3004 coram
3041 2948 3290 3006 adesses
3337 2948 3510 3005 certis
3559 2947 3904 3005 auctoribus

2251 3042 2590 3094 contexens.
2627 3035 2790 3094 Vale.

1889 3359 2504 3449 PR/EFATIO.

553 3699 821 3772 Plerique
869 3697 1142 3755 dubitare
1189 3698 1403 3762 solent,
1435 3703 1638 3756 utrum
1686 3714 1828 3756 vera
1867 3699 1984 3755 sint
2009 3715 2142 3772 quae
2175 3701 2219 3754 B
2251 3715 2388 3754 mus
2408 3698 2919 3772 respondendum.
2939 3701 3090 3756 Nam
3115 3703 3175 3756 et
3195 3714 3306 3756 nos
3322 3699 3560 3756 dudum
3583 3699 3792 3757 audita
3807 3701 3912 3756 mi-

481 3787 558 3845 de
607 3788 785 3845 beato
813 3787 1064 3845 Geraldo
1105 3787 1458 3846 referuntur.
1503 3793 1656 3845 Inter
1684 3805 1840 3862 quos
1868 3787 2142 3844 nonnulli

481 3877 718 3950 penitus
767 3893 890 3934 non
914 3893 1143 3945 verum,
1173 3877 1280 3933 sed
1303 3878 1752 3951 phantasticum
1782 3881 2014 3952 putant.
2033 3877 2142 3932 Alii

477 3981 722 4040 quoque
747 3965 909 4022 velut
936 3966 1352 4022 excusationes
1403 3967 1464 4022 in
1497 3967 1756 4039 peccatis
1781 3968 2140 4039 quaerentes,

479 4053 794 4112 indiscrete
825 4057 986 4111 hunc
1037 4055 1342 4120 extollunt,
1394 4057 1658 4112 dicentes
1685 4053 1959 4112 videlicet
1998 4053 2142 4127 quia

481 4143 766 4200 Geraldus
789 4149 1002 4216 potens
1034 4149 1092 4200 et
1120 4144 1286 4199 dives
1317 4145 1445 4213 fuit,
1479 4151 1536 4201 et
1563 4161 1702 4200 cum
1727 4144 1953 4200 deliciis
1975 4142 2140 4213 vixit,

479 4237 538 4289 et
567 4233 768 4305 utique
793 4237 1036 4289 sanctus
1065 4238 1171 4290 est.
1193 4234 1304 4299 Qui
1331 4234 1616 4290 nimirum
1635 4250 1810 4290 suam
1831 4232 2144 4306 voluptuoo

483 4337 615 4377 sam
642 4321 828 4377 vitam
881 4323 1010 4392 ejus
1051 4322 1320 4378 nituntur
1349 4323 1625 4395 exemplo
1681 4337 1990 4378 excusare,
2045 4321 2140 4376 His

481 4424 626 4479 ergo
656 4409 832 4465 nobis
863 4409 1056 4467 visum
1104 4414 1162 4466 et
1207 4410 1669 4484 aliquantulum,
1701 4414 1880 4484 prout
1925 4424 2140 4482 possu-

554 4586 670 4658 (72)
698 4587 929 4644 Damno
955 4587 1218 4658 Aymom'
1245 4588 1468 4644 abbati.
1497 4587 1694 4644 Sancti
1739 4587 2016 4645 Martialis
2065 4590 2140 4644 Le

491 4657 874 4732 movicensis,
906 4657 1030 4732 quo
1059 4659 1355 4732 suadente?
1376 4663 1618 4732 sanctus
1663 4658 1795 4732 Odo_
1815 4659 2036 4732 librum
2052 4659 2140 4732 de

483 4729 947 4785 conversatione
988 4735 1045 4786 et
1089 4729 1393 4786 miraculis
1423 4729 1580 4786 beati
1631 4729 1884 4796 (ieraldi,
1907 4729 2140 4786 comitis

483 4798 900 4870 Auriliacensis
930 4801 1188 4857 scribere
1217 4817 1496 4870 egressus
1529 4805 1634 4858 est.
1661 4801 1754 4856 Sic
1783 4801 1942 4857 enim
1973 4802 2142 4856 chro-

483 4867 726 4938 nologia
745 4867 1566 4928 Lemovicensiumabbatum
1584 4889 1597 4927 τ
1617 4893 1646 4922 ‹‹
1669 4874 1922 4928 Octavus
1947 4871 2139 4928 abbas

483 4941 678 5020 {tme
707 4941 942 5020 praefuit
970 4942 1144 4998 annis
1170 4959 1252 5020 vi,
1281 4941 1428 5020 obiit
1451 4945 1599 5020 Non.
1625 4943 1773 5020 Maii,
1809 4943 1906 5020 Hic
1933 4942 2138 5020 amici—

487 5009 629 5081 tiam
660 5009 870 5081 babuit
895 5027 1034 5068 cum
1053 5009 1261 5069 sancto
1283 5013 1487 5069 Odone
1511 5009 1882 5070 Cluniacensi
1897 5013 2137 5081 abbate,

485 5080 581 5157 cui
606 5079 785 5157 jussit
811 5081 984 5157 edere
1009 5083 1204 5140 Vitam
1238 5085 1430 5157 sancti
1456 5085 1744 5157 Geraldi.»
1769 5085 1987 5157 Turpio
2017 5079 2139 5157 sive

483 5153 781 5228 Turpinus
801 5153 1118 5228 episcopus
1141 5155 1602 5228 Leinoviccnsis,
1617 5157 1788 5228 cujus
1811 5153 1988 5212 frater
2009 5153 2137 5228 fuit,

485 5225 755 5306 et‘quem
785 5225 1027 5306 summo
1052 5241 1258 5306 amore
1282 5225 1558 5306 excoluit,
1583 5225 1918 5306 Αἰὴιοημηξ
1939 5225 2143 5306 θρρθξτ

485 5294 570 5350 lat
589 5294 660 5350 in
713 5299 1069 5352 testamento
1101 5297 1546 5354 restaurationis
1575 5297 1923 5354 monasterii
1951 5294 2140 5352 sancti

486 5367 809 5440 augustini
846 5370 960 5422 Nec
1011 5367 1558 5440 proptereaiminus
1589 5383 1800 5440 verum
1849 5371 1941 5440 est
1973 5366 2142 5440 quod

485 5434 712 5511 habent
739 5434 1500 5511 etiamcgesta'pontiﬁcum
1522 5434 2061 5511 Lemovicensiufn,
2079 5437 2142 5492 in

491 5503 818 5582 [ξφ-910116,
860 5508 1080 5582 scilicet
1120 5503 1291 5582 quod
1330 5529 1359 5561 α
1383 5508 1510 5565 Odo
1556 5507 1850 5582 Turpione
1893 5503 2142 5582 rogante

499 5526 818 5586 lux-prone,
860 5526 1080 5590 scilicet
1099 5526 1291 5639 at]qu
1330 5529 1359 5561 α
1383 5526 1510 5565 υαο
1557 5526 1850 5590 'i'urpione
1893 5526 2142 5578 rogante

489 5576 686 5634 Vitam
744 5583 934 5637 sancti
985 5581 1098 5638 Ger
1159 5580 1222 5638 di
1267 5583 1628 5655 composuit,
1673 5583 1730 5636 et
1783 5578 2006 5637 librum
2057 5581 2146 5638 De

2247 3788 2592 3844 raculorum
2621 3787 2805 3858 fama,
2831 3787 3220 3846 nihilominus
3244 3789 3318 3845 de
3344 3787 3437 3844 his
3453 3788 3907 3855 dubitabamus,

2249 3877 2329 3933 ob
2359 3877 2474 3933 hoc
2485 3877 2747 3932 maxime
2763 3877 2930 3950 quod
2947 3878 3008 3934 in
3027 3877 3398 3951 quibusdam
3413 3877 3559 3934 locis
3583 3879 3788 3934 nescio
3809 3895 3910 3952 per

2249 3983 2402 4040 quos
2451 3981 2722 4023 rumores
2769 3965 2962 4024 solent
2989 3966 3269 4037 vulgares
3319 3972 3650 4024 conventus
3681 3969 3910 4024 naviter

2249 4055 2394 4122 fieri,
2425 4055 2840 4128 paulatimque
2869 4055 3032 4111 velut
3049 4071 3144 4111 res
3172 4071 3331 4112 vana
3360 4056 3602 4114 cessari.
3627 4056 3740 4112 Sed
3771 4073 3908 4112 cum

2249 4159 2434 4201 causa
2458 4143 2754 4200 insisteret
2774 4145 2903 4216 (73),
2921 4149 2986 4200 ut
3007 4144 3335 4200 Tutelensis
3363 4145 3622 4201 casnobii
3643 4145 3910 4202 fraterni-

2247 4237 2428 4290 tatem
2455 4231 2868 4302 inviseremus,
2900 4231 2980 4289 ad
3005 4232 3348 4306 sepulcrum
3369 4233 3559 4306 ipsius
3597 4233 3910 4290 intendere

2247 4321 2602 4377 libuiLTunc
2619 4337 2757 4377 vero
2771 4321 2973 4378 accitis
2995 4326 3258 4394 quatuor
3276 4337 3350 4378 ex
3365 4321 3642 4396 his,quos
3657 4323 3788 4397 ipse
3803 4339 3912 4379 nu-

2248 4409 2723 4480 trierat,Hugone
2753 4409 3027 4466 videlicet
3081 4409 3408 4477 monacho,
3445 4409 3786 4468 Hildeberto
3815 4427 3910 4467 sa-

2251 4587 2609 4662 Ccntemptzg
2649 4587 2959 4662 mundian
2991 4589 3166 4662 Nam,
3193 4591 3260 4662 ut
3285 4586 3482 4660 inquit
3507 4588 3636 4662 ipse
3663 4595 3914 4662 sanctus

2251 4659 2399 4726 Odo,
2434 4681 2460 4708 ‹‹
2487 4657 2545 4714 et
2572 4659 2834 4731 domnus
2879 4658 3096 4731 Turpio
3127 4657 3471 4731 episcopus,
3513 4657 3570 4717 et
3598 4661 3910 4718 dilectissi—

2249 4745 2480 4806 musac
2509 4728 2869 4806 venerabilis
2900 4728 3093 4786 abbas
3121 4728 3667 4806 Xymofcumualiis
3695 4747 3912 4806 quam-

2249 4799 2520 4873 pluribus
2549 4799 2740 4856 multa
2765 4800 2824 4855 vi
2851 4815 3101 4873 precum
3132 4799 3457 4871 cbegerunt
3507 4801 3657 4858 illud
3689 4799 3754 4858 ut
3777 4805 3910 4859 haec

2249 4869 2690 4939 aggrederetur.
2735 4889 2764 4922 ι»

2319 4943 2431 5014 (73)
2461 4943 2532 4999 Ut
2562 4942 2884 4998 Tutelensis
2917 4942 3164 5014 carnobii
3181 4942 3656 5014 fraternitatem.
3693 4943 3914 5002 Monui-

2249 5027 2384 5067 mus
2399 5011 2528 5082 jam
2558 5017 2832 5068 sanctum
2884 5013 3155 5070 Odonem
3182 5011 3460 5070 'abbatize
3489 5016 3822 5072 Tutelensis
3853 5016 3916 5070 in

2249 5082 2626 5158 Lemovicino
2655 5099 2862 5158 curam
2897 5083 3176 5158 gessisse:
3225 5087 3404 5142 Docet
3425 5085 3918 5158 Martyrologium

2247 5153 2668 5212 Lemovicence
2688 5155 2780 5211 his
2809 5153 3006 5210 verbis
3030 5153 3214 5212 :«Odo
3236 5155 3538 5212 secundus
3561 5153 3768 5214 abbas
3783 5159 3920 5212 Clu-

2245 5223 2542 5307 niacensis
2571 5227 2766 5298 primo
2794 5224 3105 5308 fuitabbas
3119 5225 3444 5308 Tutelensis
3473 5228 3920 5284 Lemovicensis

2249 5295 2547 5353 dimces1s.
2599 5319 2626 5347 »
2687 5300 2852 5352 Nunc
2901 5301 3042 5352 satis
3097 5303 3172 5355 sit
3229 5297 3470 5356 addere.
3535 5300 3920 5356 Tutelarum.

2293 5314 2547 5353 ιωοθειε.
2599 5319 2626 5347 )›
2689 5314 2852 5352 Μιηο
2901 5314 3042 5352 83.1118
3097 5314 3172 5355 811
3229 5314 3470 5364 aaaere,
3535 5314 3920 5362 “ucturum,

2248 5382 2404 5439 quas
2459 5373 2516 5423 et
2561 5369 2823 5439 Tullym,
2879 5371 3126 5424 vetustte
3191 5367 3380 5424 sancti
3435 5369 3725 5425 Martialis
3777 5373 3922 5425 vitm

2249 5437 2522 5520 scriptor,
2544 5437 2808 5522 appellat
2825 5439 3260 5522 mo‘nasterium
3291 5455 3328 5496 a
3345 5440 3576 5522 Joanne
3599 5442 3734 5522 XXI}
3749 5455 3926 5522 papa

2249 5509 2769 5638 iznulcpiscopalem
2833 5509 3044 5567 sedem
3094 5513 3362 5568 erectum
3411 5509 3614 5569 fuisse.
3691 5509 3926 5570 Gallice
