4150 6128
193 109 282 164 544
1024 97 1118 152 DE
1155 97 1311 155 VITA
1347 108 1402 156 δ.
1444 98 1749 155 GERALDI
1789 98 2068 156 COMITIS
2107 98 2456 156 AURlLlAC.
2498 130 2565 140 --
2605 101 2732 156 LIB.
2772 103 2816 156 ι.

191 221 747 293 cerdote,Witardo
772 235 1042 296 quoque,
1070 225 1131 277 et
1157 221 1276 278 alio
1304 221 1636 278 Hildeberto
1657 220 1870 278 nobili-

189 320 300 377 bus
320 314 509 381 laicis,
538 311 645 369 sed
681 315 742 368 et
762 309 896 366 aliis
915 309 1407 382 quampluribus,
1430 310 1504 366 de
1525 311 1796 366 moribus
1818 314 1874 366 et

190 406 475 482 qualitate
515 403 655 458 vitae
691 400 828 472 ejus
859 399 1159 454 hactenus
1190 399 1678 472 disquisivimus:
1711 415 1872 456 nunc
1901 406 1904 408 ’

190 495 387 562 simul,
419 507 586 550 nunc
618 487 928 555 semotim,
961 485 1118 558 quid
1150 487 1372 557 singuli
1402 487 1682 555 dicerent,
1707 488 1798 543 vel
1827 488 1875 544 si

191 587 248 642 in
298 580 560 640 dicendo
615 577 738 635 sibi
798 573 1262 643 concordarent,
1297 577 1565 633 certatim
1617 577 1878 649 inspexi-

191 690 343 741 mus,
377 669 552 726 tacite
610 664 1052 740 expendentes,
1089 663 1140 718 si
1189 664 1326 721 talis
1373 665 1492 721 vita
1538 665 1669 736 ejus
1698 669 1873 732 esset,

192 763 285 820 cui
309 761 456 817 forte
498 756 802 814 miracula
845 752 1298 810 convenissent.
1332 756 1646 826 Comperto
1675 757 1875 811 autem

190 867 372 926 quam
401 847 682 917 religiose
717 843 951 906 vixerit,
983 843 1044 896 et
1073 842 1247 914 quod
1291 858 1452 898 nunc
1491 846 1646 900 Deus
1677 843 1738 898 in
1768 858 1879 900 sua

193 938 376 1011 gratia
406 935 688 1008 pluribus
730 929 970 988 indiciis
1002 944 1144 986 esse
1178 931 1616 1002 monstraverit,
1641 932 1771 1002 jam
1802 929 1878 986 de

191 1030 318 1099 ejus
346 1023 660 1081 sanctitate
710 1020 992 1077 dubitare
1025 1019 1441 1091 nequivimus.
1476 1019 1656 1090 Magis
1695 1018 1876 1097 mira-

194 1132 344 1183 mur;
372 1112 538 1188 quod
568 1111 630 1166 in
658 1111 783 1167 hac
808 1111 1016 1165 nostra
1050 1111 1250 1175 aetate,
1284 1124 1423 1164 cum
1449 1109 1579 1180 jam
1617 1107 1876 1164 charitas

193 1221 342 1280 pene
370 1208 490 1260 tota
518 1198 875 1270 refrigescit,
904 1196 1173 1253 instante
1204 1197 1532 1253 antichristi
1587 1201 1876 1269 tempore,

193 1300 534 1352 sanctorum
564 1288 868 1345 miracula
898 1300 1145 1342 cessare
1172 1285 1411 1342 debeat.
1449 1286 1563 1344 Sed
1592 1286 1877 1342 nimirum

195 1401 318 1440 suae
343 1377 769 1456 promissionis
816 1379 908 1432 est
950 1388 1214 1444 memor,
1242 1374 1396 1448 quia
1425 1390 1532 1446 per
1558 1375 1875 1430 Jeremiam

192 1473 366 1530 dicit:
416 1470 550 1527 Non
582 1467 860 1524 desinam
915 1462 1276 1532 benefacere
1308 1465 1541 1533 populo
1571 1479 1694 1519 meo
1725 1463 1872 1534 (Jer.

192 1579 371 1630 xxni,
410 1562 523 1624 40).
558 1560 638 1647 De
690 1555 809 1611 hoc
838 1557 1041 1647 autem
1093 1553 1227 1647 ejus
1273 1552 1593 1647 benefacto
1633 1555 1879 1647 testatur
1908 1593 1948 1647 Β

194 1649 534 1726 Apostolus,
567 1645 778 1702 dicens
804 1641 943 1717 quia
996 1642 1159 1696 Deus
1186 1642 1250 1698 in
1284 1640 1458 1698 nullo
1489 1639 1706 1696 saeculo
1749 1640 1876 1695 sine

194 1738 536 1797 testimonio
598 1732 998 1805 semetipsum
1053 1729 1434 1802 relinquens,
1495 1727 1878 1785 benefaciens

195 1827 382 1885 corda
410 1823 732 1882 hominum
761 1819 961 1876 laetitia
987 1817 1218 1891 implet.
1271 1818 1335 1875 Si
1365 1833 1510 1889 ergo
1534 1815 1753 1873 divinae
1784 1817 1881 1871 be-

193 1915 471 1987 nignitati
499 1915 629 1986 ejus
655 1912 872 1984 placet,
908 1912 970 1964 ut
993 1907 1100 1980 qui
1129 1906 1270 1964 fecit
1299 1924 1443 1964 cum
1473 1905 1750 1980 patribus
1777 1905 1882 1960 mi-

194 2006 432 2066 rabilia,
456 2002 677 2059 nostris
701 2013 947 2074 quoque
978 1995 1353 2066 gloriﬁcetur
1380 1994 1775 2068 temporibus,
1798 1993 1883 2049 in-

195 2093 428 2152 creduli
455 2104 848 2164 nequaquam
875 2101 1006 2142 esse
1035 2084 1362 2141 debemus.
1395 2083 1570 2151 Quod
1597 2085 1798 2140 autem
1826 2087 1883 2138 et

193 2185 265 2240 in
291 2183 402 2238 isto
429 2185 723 2252 tempore,
755 2179 814 2233 et
838 2189 947 2248 per
988 2172 1362 2230 modernum
1410 2171 1723 2228 hominem
1753 2171 1882 2226 haec

195 2272 408 2329 divina
453 2264 827 2340 dispensatio
879 2263 1048 2334 gerit,
1077 2262 1194 2318 hoc
1222 2262 1519 2317 nimirum
1553 2275 1686 2316 esse
1715 2259 1881 2315 vide-

198 2368 322 2431 tur,
352 2359 498 2432 quia
530 2358 659 2430 jam
714 2358 933 2410 cuncta
977 2353 1333 2408 sanctorum
1381 2357 1539 2407 retro
1587 2349 1745 2405 facta
1793 2348 1884 2404 vel

197 2451 389 2519 dicta,
421 2446 596 2522 quasi
627 2447 903 2501 mortuus
935 2457 972 2497 a
998 2439 1176 2496 corde
1214 2443 1619 2497 recesserunt.
1656 2441 1884 2494 Etcum

199 2541 298 2596 vir
321 2539 432 2595 iste
465 2533 721 2600 Domini,
751 2531 909 2587 sicut
936 2529 998 2585 in
1042 2528 1260 2584 diebus
1305 2533 1426 2585 Noe
1453 2531 1726 2600 repertus
1769 2530 1878 2590 est,

203 2629 317 2704 qui
345 2626 683 2683 secundum
713 2623 913 2693 legem
945 2618 1172 2686 vixerit,
1191 2618 1362 2674 hunc
1390 2619 1592 2691 ipsum
1624 2619 1776 2672 Deus
1806 2617 1883 2672 ad

203 2703 620 2774 testimonium
650 2707 1024 2766 intuentibus
1053 2705 1290 2776 ingerit,
1323 2712 1387 2762 ut
1410 2705 1680 2762 videntes
1719 2703 1886 2776 quod

195 2807 366 2880 juste
396 2809 454 2860 et
484 2802 578 2876 pie
602 2799 838 2868 vixerit,
869 2797 949 2854 ad
990 2797 1121 2867 ejus
1146 2794 1563 2861 imitationem,
1593 2799 1883 2866 tanquam

201 2897 287 2952 de
316 2893 598 2967 proximo
649 2885 1138 2961 resplendentem
1188 2883 1348 2940 acies
1392 2883 1587 2940 cordis
1626 2881 1880 2952 evigilet.

203 2990 326 3042 Nec
359 2979 746 3039 observantia
799 2974 1233 3033 mandatorum
1284 2973 1385 3029 Dei
1415 2972 1613 3042 gravis
1643 2975 1746 3027 aut
1772 2970 1884 3025 im-

202 3071 521 3148 possibilis
549 3061 1212 3136 aestimetur,quoniam
1242 3060 1490 3134 quidem
1520 3060 1648 3116 haec
1679 3076 1712 3113 a
1731 3057 1886 3114 laico

206 3168 273 3220 et
303 3164 546 3234 potente
573 3157 823 3214 homine
874 3153 1194 3210 observata
1229 3151 1480 3207 videtur.
1510 3148 1658 3205 Nihil
1687 3152 1886 3204 autem

207 3249 441 3309 mentis
473 3246 778 3320 ignaviam
808 3241 1072 3300 deterius
1095 3240 1302 3312 nutrit,
1330 3256 1521 3313 quam
1563 3240 1678 3294 hoc
1720 3236 1887 3310 quod

205 3339 366 3397 boni
398 3337 492 3394 vel
521 3335 665 3392 mali
693 3331 897 3406 operis
938 3328 1269 3398 retributio,
1299 3344 1435 3400 quae
1466 3330 1602 3399 post
1623 3327 1779 3382 hanc
1808 3325 1890 3380 vi-

207 3434 347 3487 tam
374 3429 576 3495 restat,
599 3425 660 3480 in
683 3419 965 3496 praesenti
981 3434 1106 3475 non
1131 3418 1508 3489 recogitatur.
1533 3417 1662 3482 Quo
1683 3418 1893 3471 contra

205 3520 430 3575 monet
455 3530 566 3571 nos
593 3512 923 3585 Scriptura,
957 3512 1021 3564 ut
1047 3507 1111 3563 in
1147 3506 1432 3563 omnibus
1469 3504 1754 3577 operibus
1781 3519 1888 3560 no-

212 3605 367 3662 stris
386 3617 795 3660 memoremus
816 3595 1150 3655 novissima
1170 3598 1392 3651 nostra.
1415 3596 1572 3650 Deus
1597 3592 1776 3663 igitur
1800 3589 1889 3648 fa-

3529 103 3636 160 842

1981 220 2216 278 mulum
2246 237 2448 292 suum,
2478 236 2661 294 quem
2689 222 2750 278 in
2780 223 2946 280 caelis
2975 226 3338 293 remunerat,
3368 222 3549 280 etiam
3571 224 3636 282 in

1983 311 2170 380 terris,
2203 325 2408 367 coram
2455 311 2579 366 suis
2608 312 3120 384 contemptoribus
3147 313 3403 369 exaltat:
3437 317 3502 368 ut
3527 328 3635 386 per

1981 400 2096 456 hoc
2133 399 2295 471 quod
2344 398 2485 455 foris
2516 398 2730 469 agitur,
2756 400 3002 456 interius
3041 401 3140 456 Dei
3194 405 3635 473 contemptores

1984 489 2246 554 videant,
2275 490 2418 561 quia
2447 505 2642 546 vanus
2691 504 2815 545 non
2861 494 2950 545 est
2998 490 3101 563 qui
3151 491 3333 546 servit
3357 492 3497 557 Deo,
3529 490 3636 547 sed

1984 576 2134 632 sicut
2161 576 2291 650 ipse
2334 581 2603 638 testatur,
2633 577 2739 650 qui
2768 577 3103 647 gloriﬁcant
3144 594 3306 644 eum,
3347 577 3636 648 gloriﬁca-

1982 664 2069 720 bit
2097 681 2220 736 eos,
2248 669 2305 722 et
2352 665 2456 738 qui
2498 671 2891 723 contemnunt
2931 682 3091 734 eum,
3124 666 3274 722 eruit
3317 657 3632 737 ignobiles.

1984 754 2277 818 Quoniam
2307 769 2448 810 vero
2477 755 2640 810 hunc
2671 754 2771 810 Dei
2795 753 3103 810 homin-em
3135 753 3196 810 in
3221 755 3494 826 exemplo
3523 770 3634 827 po-

1985 842 2244 898 tentibus
2290 841 2499 919 datum
2547 842 2868 911 credimus,
2909 841 3162 899 viderint
3214 841 3328 914 ipsi
3384 842 3638 914 qualiter

1985 945 2145 998 eum,
2175 929 2326 986 sicut
2353 945 2383 985 e
2409 930 2626 1000 vicino,
2658 935 2714 986 et
2756 931 2831 986 de
2871 946 2981 985 suo
3026 930 3233 987 ordine
3277 929 3388 985 sibi
3430 928 3640 1002 praela-

1986 1023 2113 1076 tum
2136 1019 2437 1074 imitentur
2455 1037 2467 1074 :
2501 1035 2575 1075 ne
2599 1019 2749 1076 forte
2766 1019 2918 1074 sicut
2934 1020 3142 1089 regina
3160 1019 3355 1075 Austri
3371 1018 3636 1085 Judaeos,

1986 1109 2069 1165 sic
2111 1109 2217 1165 iste
2265 1109 2324 1165 in
2369 1109 2598 1181 judicio
2641 1109 3002 1166 condemnet
3028 1125 3148 1165 eos.
3184 1113 3299 1165 Nos
3328 1113 3531 1165 autem
3561 1107 3639 1163 de

1985 1198 2118 1269 ejus
2149 1197 2382 1254 actibus
2406 1199 2787 1256 occasionem
2820 1202 3142 1266 sumentes,
3172 1196 3398 1269 aliquid
3428 1196 3506 1253 ad
3533 1211 3638 1251 eo-

1987 1286 2155 1342 sdem
2187 1289 2456 1358 potentes
2483 1286 2976 1353 commonendos,
3000 1285 3102 1341 ubi
3130 1301 3191 1340 se
3221 1283 3640 1357 opportunitas

1985 1375 2324 1447 praebuerit,
2359 1374 2512 1430 sicut
2534 1374 2808 1444 rogastis,
2841 1374 3236 1430 annectimus.
3257 1373 3560 1445 Siquidem
3581 1375 3642 1428 et

1985 1462 2249 1518 domnus
2275 1462 2492 1534 Turpio
2519 1463 2862 1535 episcopus,
2879 1467 2936 1518 et
2959 1461 3375 1518 dilectissimus
3403 1460 3550 1516 mihi
3563 1474 3640 1516 ac

1986 1549 2344 1607 venerabilis
2375 1549 2566 1607 abbas
2595 1552 2814 1622 Aymo,
2847 1566 2986 1606 cum
3016 1549 3146 1607 aliis
3175 1548 3639 1622 quampluribus

1987 1640 2176 1695 multa
2219 1640 2278 1695 vi
2321 1655 2568 1712 precum
2607 1655 2704 1695 me
2730 1643 3071 1710 coegerunt,
3101 1643 3168 1695 ut.
3191 1638 3321 1693 haec
3357 1637 3644 1707 aggrede-

1989 1745 2100 1786 rer.
2135 1732 2282 1786 Cum
2309 1729 2556 1801 quidem
2582 1744 2792 1784 veram
2819 1728 3042 1784 inertiae
3067 1726 3517 1800 praetendissem
3543 1741 3642 1782 ex-

1988 1817 2381 1887 cusationem,
2413 1816 2570 1873 male
2600 1832 2663 1872 se
2693 1816 2993 1884 dixerunt,
3015 1819 3080 1873 ut
3105 1817 3233 1872 haec
3255 1814 3522 1886 aggressi
3540 1829 3646 1888 po-

1988 1905 2105 1961 tius
2136 1906 2292 1977 stylo
2338 1906 2750 1978 proderentur.
2787 1912 2860 1963 At
2907 1922 3020 1978 ego
3065 1905 3443 1979 perpendens
3475 1902 3644 1978 quod

1988 1994 2198 2050 humili
2254 2009 2497 2067 quoque
2552 1994 2782 2050 homini
2829 2010 3129 2068 pomposa
3171 1993 3376 2050 relatio
3440 1994 3644 2050 minus

1990 2086 2302 2153 congruat,
2331 2084 2515 2139 ﬁdem
2568 2098 2710 2139 vero
2755 2084 2931 2140 dictis
2961 2083 3197 2140 testium
3227 2082 3498 2139 adhibui.
3539 2076 3651 2144 Qui

1992 2172 2167 2242 signa
2193 2170 2440 2244 quidem
2469 2186 2605 2243 quae
2628 2170 2851 2240 vulgus
2872 2172 3075 2243 magni
3100 2171 3339 2245 pendet,
3353 2186 3478 2228 non
3501 2164 3656 2227 mul-

1993 2266 2052 2316 ta
2074 2259 2418 2328 retulerunt,
2443 2259 2547 2315 sed
2569 2259 3024 2332 disciplinatum
3046 2260 3283 2317 vivendi
3297 2260 3584 2328 modum,
3604 2255 3662 2309 et

1991 2364 2177 2422 opera
2206 2347 2627 2404 misericordiae
2663 2363 2806 2420 quae
2857 2351 2978 2407 Deo
3004 2350 3197 2420 magis
3239 2349 3512 2423 placent,
3539 2355 3668 2404 non

1989 2454 2210 2513 pauca.
2239 2441 2388 2494 Nam
2412 2441 2528 2494 Rex
2556 2437 2618 2492 in
2645 2437 2880 2509 judicio
2908 2440 3107 2496 multis
3134 2439 3238 2514 qui
3261 2439 3674 2513 prophetave-

1993 2530 2148 2594 runt,
2182 2529 2239 2581 et
2267 2524 2468 2581 multis
2497 2526 2600 2596 qui
2652 2525 2846 2594 digna
2891 2528 3175 2598 fecerunt,
3206 2527 3398 2584 dicet:
3441 2527 3679 2588 Nescio

1993 2631 2094 2672 vos
2119 2614 2358 2682 (Matth.
2391 2631 2520 2681 xxv,
2553 2615 2656 2682 12).
2691 2615 2804 2676 Qui
2827 2631 2969 2673 vero
2985 2617 3281 2688 justitiam
3305 2624 3678 2690 operantur,

1991 2704 2053 2760 in
2083 2718 2207 2775 qua
2235 2702 2521 2758 Geraldus
2547 2718 2732 2774 quam
2777 2705 3039 2761 maxime
3068 2705 3342 2770 excrevit,
3395 2710 3678 2769 audituri

1995 2796 2171 2848 sunt:
2219 2793 2438 2861 Venite,
2464 2792 2756 2848 benedicti
2783 2794 2987 2850 Patris
3001 2797 3120 2852 mei
3135 2795 3375 2866 (Matth.
3396 2804 3669 2876 xxv,34).

1996 2884 2061 2938 Et
2083 2896 2290 2936 revera
2314 2880 2517 2952 qualia
2548 2885 2686 2936 sunt
2712 2886 2880 2951 gesta
2906 2899 3011 2955 per
3040 2899 3177 2956 quae
3207 2883 3339 2946 Job,
3367 2886 3586 2956 David,
3611 2897 3670 2951 et

1994 2968 2236 3038 Tobias,
2269 2972 2325 3024 et
2355 2967 2451 3025 alii
2480 2968 2873 3041 quamplures
2921 2971 3356 3038 beatiticantur,
3388 2987 3520 3030 non
3550 2978 3665 3037 ista

1995 3073 2131 3130 qua:
2178 3055 2467 3112 Geraldus
2519 3057 2713 3126 egisse
2753 3058 3207 3130 comprobatur.
3242 3057 3337 3112 His
3382 3075 3531 3131 ergo
3580 3065 3664 3123 ita

1997 3145 2403 3212 consideratis,
2455 3145 2692 3201 credere
2741 3146 2889 3202 mihi
2942 3163 3302 3219 persuasum
3349 3151 3458 3216 est,
3492 3153 3662 3223 quod

1998 3233 2282 3292 Geraldus
2309 3237 2654 3291 sanctorum
2675 3235 2974 3291 consortio
2989 3235 3212 3304 dignus
3233 3233 3326 3305 sit,
3344 3250 3453 3307 per
3473 3254 3659 3310 quem

1998 3324 2178 3381 etiam
2243 3323 2498 3380 caelestis
2554 3329 2968 3381 remunerator
3022 3323 3316 3380 miracula
3379 3325 3662 3396 dignetur

1998 3411 2252 3486 operari.
2290 3412 2404 3469 Sed
2446 3413 2603 3469 hanc
2643 3412 3081 3486 apologeticam
3126 3411 3544 3486 praefationem
3574 3420 3658 3473 te-

1998 3506 2228 3571 xentes,
2274 3501 2380 3557 diu
2407 3501 2626 3569 locuti;
2677 3501 2807 3573 jam
2854 3501 2932 3557 ad
2979 3501 3215 3558 initium
3267 3500 3555 3574 loquendi
3597 3504 3662 3560 in

2002 3590 2214 3648 Christi
2238 3589 2483 3646 nomine
2513 3589 2848 3646 veniamus.

2766 3737 2816 3749 ν.-

1502 3866 1844 3953 LIBER
1958 3863 2418 3952 PRIMUS.

305 4123 347 4175 ι.
383 4117 478 4173 Vir
502 4115 680 4188 igitur
726 4111 966 4171 Domini
1008 4107 1299 4167 Geraldus
1347 4122 1421 4164 ea
1468 4110 1636 4179 parte
1685 4104 1896 4162 Gallia-
1927 4116 1970 4170 ι)
2015 4110 2139 4162 tam
2208 4103 2410 4171 rebus,
2468 4119 2657 4176 quam
2738 4100 3032 4174 probitate
3102 4116 3366 4167 morum,
3419 4102 3662 4172 genero‘

212 4225 396 4276 rum,
446 4222 580 4280 quae
637 4205 716 4261 ab
775 4201 1038 4274 antiquis
1097 4198 1312 4256 Celtica
1364 4199 1637 4265 vocatur,
1689 4195 1891 4251 oriun-

216 4299 356 4357 dus
409 4295 555 4364 fuit;
610 4291 936 4352 terrritorio
976 4288 1270 4356 videlicet,
1320 4285 1488 4360 quod
1554 4289 1642 4341 est
1691 4288 1900 4341 Arver-

218 4384 414 4446 nensi
485 4388 662 4457 atque
732 4379 1113 4447 Caturcenci,
1169 4393 1279 4433 nec
1355 4391 1478 4432 non
1553 4374 1736 4431 etiam
1800 4371 1900 4428 Al-

219 4473 434 4535 hiensi
488 4471 929 4530 conterminum
975 4468 1112 4540 (74),
1163 4464 1390 4539 oppido
1447 4463 1542 4520 vel
1593 4462 1735 4518 villa
1788 4463 1904 4516 Au-

221 4565 464 4624 reliaco
481 4605 495 4629 ,
551 4567 718 4635 patre
775 4558 1028 4617 Geraldo
1050 4601 1063 4625 ,
1121 4560 1312 4613 matre
1364 4569 1508 4611 vero
1575 4550 1902 4608 Adaltrude

225 4652 612 4731 progenitus.
662 4649 870 4709 Carnis
911 4647 1219 4704 nobilitate
1263 4648 1390 4702 tam
1441 4641 1793 4699 excellenter
1829 4638 1900 4731 il-

227 4729 469 4812 lustris,
497 4744 560 4797 ut
586 4741 737 4798 inter
782 4737 1117 4796 Gallicanas
1147 4733 1404 4792 familias
1439 4732 1570 4804 ejus
1598 4729 1901 4804 prosapia,

310 4848 434 4922 (74)
475 4847 701 4922 Oppido
721 4847 826 4922 pel
853 4845 1004 4901 villa
1032 4842 1688 4922 Αμνςιίᾳσοηςαεςναξη
1718 4837 1906 4922 Aure-

235 4911 677 4980 lidcer'zse'dixit
717 4916 875 4973 infra
915 4930 1049 4986 cap.
1085 4915 1152 4969 34
1174 4912 1356 4986 hujus
1387 4911 1566 4986 libql,
1600 4915 1822 4986 e_t_cap.
1849 4911 1905 4978 4,

230 4993 350 5050 lib.
381 5005 440 5057 ιι,
463 4991 848 5046 Aureliacum
874 4980 1110 5057 insigne
1125 4980 1763 5057 praediumﬁeraldus
1778 4980 1906 5057 ipse

235 5053 456 5121 comes
500 5061 910 5127 Aureliacum,
958 5053 1273 5113 Gerbertus
1307 5053 1688 5109 Aurilacum.
1719 5053 1906 5120 Vulgo

236 5149 367 5192 nos
394 5131 693 5188 Auranc.

314 5202 433 5275 (75)
465 5200 757 5275 Caesarius
779 5197 1150 5275 Arelatensis

241 5337 662 5404 ﬁensis'fértur
687 5337 866 5398 fuisse
896 5337 1199 5409 indigena.
1216 5337 1396 5403 Cujus

1247 5195 1502 5264 iscopus.
1532 5215 1559 5241 «
1586 5190 1707 5264 Hic,
1731 5194 1796 5264 u_t
1811 5190 1906 5264 _i_n-

239 5259 383 5349 quit
409 5259 764 5349 :Cjiprianus
797 5271 929 5349 ejus
972 5259 1323 5349 discipulps,
1365 5259 1910 5349 territoriiC‘abi‘lo-

1470 5337 1704 5390 arentes
1721 5331 1908 5387 fortu-

242 5402 331 5474 na
361 5414 600 5493 egregia
625 5402 1238 5493 mque‘acprovsapia,
1269 5402 1446 5480 quod
1468 5402 1910 5493 estillustre,_et

291 5477 626 5557 raecipuvum
657 5477 976 5557 nobilitatis
987 5477 1487 5557 exemplum,_prae
1512 5477 1741 5555 cunctis
1767 5477 1910 5557 civi-

291 5504 626 5557 recolpuum
657 5504 976 5540 nominans
987 5504 1349 5551 exempiuiu,
1367 5504 1487 5548 prw
1512 5504 1741 5530 uuuuua
1773 5504 1910 5528 mu-

245 5504 372 5616 gus
401 5557 525 5613 suis
539 5556 657 5612 ﬁde
672 5560 730 5612 et
747 5553 1020 5611 moribus
1039 5551 1425 5608 ﬂoruerunt.»
1455 5544 1696 5604 Iuvenis
1709 5543 1910 5601 adhuc

2009 4195 2129 4251 sior
2172 4193 2484 4250 videretur.
2543 4195 2744 4248 Fertur
2798 4189 2959 4248 enim
3018 4189 3185 4263 quod
3252 4195 3530 4264 parentes
3598 4189 3664 4247 il-

2006 4284 2122 4339 lius
2171 4282 2530 4339 modestiam
2573 4287 2752 4354 atque
2781 4278 3129 4350 religionem
3165 4278 3348 4336 veluti
3391 4279 3662 4353 quadam

2007 4372 2383 4431 haereditaria
2411 4371 2548 4428 dote
2579 4370 2693 4428 sibi
2723 4368 3037 4426 tenuerint.
3072 4369 3253 4441 Cujus
3277 4369 3362 4426 rei
3399 4368 3522 4426 duo
3551 4373 3666 4426 tes-

2010 4466 2096 4518 tes
2163 4478 2237 4517 ex
2299 4459 2514 4518 eadem
2564 4459 2746 4532 stirpe
2809 4460 3181 4527 emergentes
3245 4456 3527 4525 existunt,
3585 4456 3665 4514 ad

2009 4551 2125 4608 hoc
2170 4548 2563 4608 astruendum
2619 4547 2759 4603 satis
2813 4546 3052 4602 idonei:
3105 4550 3347 4601 sanctus
3393 4543 3667 4600 videlicet

2013 4640 2159 4714 (75)
2232 4639 2522 4697 Caesarius
2601 4634 2960 4692 Arelatensis
3029 4634 3350 4707 episcopus
3409 4632 3557 4703 (76)
3609 4634 3668 4687 et

2010 4727 2226 4784 beatus
2271 4725 2519 4782 Aredius
2547 4722 2764 4780 abbas.
2799 4724 2867 4778 Et
2899 4721 3043 4794 quia
3087 4719 3378 4778 Dominus
3406 4719 3469 4775 in
3494 4733 3669 4790 gene-

2017 4832 2330 4889 Lerinense
2376 4829 2813 4887 monasterium
2869 4828 3193 4898 ingressus,
3242 4843 3317 4883 ex
3343 4825 3668 4898 rmonaﬁcho

2013 4903 2410 4976 postmodum
2433 4901 2516 4957 ibi
2543 4901 2735 4976 factus
2765 4902 2854 4976 est
2880 4897 3088 4976 abbas
3103 4917 3141 4976 ;_
3172 4903 3231 4976 et_
3255 4897 3396 4976 inde
3423 4897 3668 4976 tandem

2014 4967 2150 5051 post
2181 4976 2235 5031 S.
2270 4973 2522 5051 Eoniiun
2571 4971 2671 5051 ad_
2698 4969 3054 5051 arelatensis
3103 4968 3376 5026 Ecclesiae
3425 4967 3669 5051 pongﬁ-

2015 5041 2176 5120 cium
2225 5046 2594 5115 assumptus.
2623 5041 2842 5120 Habuit
2867 5045 2926 5120 et
2963 5055 3235 5120 sororem
3272 5041 3520 5120 nomine
3532 5041 3669 5120 Cae-

2017 5117 2262 5188 sariam,
2294 5112 2480 5188 quam
2529 5116 2801 5188 sanctam
2828 5112 3121 5188 virginem
3167 5115 3286 5188 Deo
3327 5112 3568 5188 dicavit,
3595 5121 3668 5188 ac

2017 5177 2293 5244 coenobio
2312 5177 2626 5252 'virginum
2668 5183 2888 5240 Arelati
2922 5177 2966 5240 ὃ.
3005 5199 3066 5240 se
3096 5185 3434 5252 constructo
3463 5177 3671 5252 praefe-

2017 5259 2112 5314 cit.
2143 5257 2257 5329 Sed
2285 5249 2536 5329 qualiter
2578 5271 2649 5312 ex
2679 5255 2808 5326 ejus
2839 5254 3022 5327 stirpe
3061 5250 3436 5329 S._Geraldus
3466 5249 3668 5329 :Aure-

2016 5321 2546 5386 liacensis'comes
2588 5321 2888 5397 emergere
2916 5321 3196 5397 potuerit,
3220 5321 3303 5376 uti
3327 5323 3497 5377 notat
3538 5333 3672 5374 san-

2018 5405 2149 5456 ctus
2175 5399 2324 5466 Odo,
2355 5399 2502 5454 mihi
2532 5404 2687 5455 certe
2716 5394 2991 5454 nondum
3020 5394 3222 5466 liquet.

2088 5471 2202 5542 (76)
2239 5461 2320 5542 Et
2351 5471 2554 5542 beatus
2582 5469 2840 5542 Aredius
2869 5461 3673 5542 ab_b_as,_Lemovicinae_u7jbis

2018 5534 2242 5611 incola,
2271 5541 2426 5598 sicut
2471 5541 2552 5599 ait
2597 5536 2912 5613 Gregorius
2954 5538 3171 5593 Turon.
3202 5534 3306 5594 lib.
3353 5552 3407 5605 x,
3457 5535 3669 5591 Histor.
