4094 6156
439 62 546 120 648

1480 49 1536 106 8.
1579 45 1838 104 ODONIS
1874 38 2166 102 ΔΒΒΑΤΙΒ
2199 37 2706 97 CLUNLACENSIS
2746 40 2812 94 ll.

3753 41 3863 97 646

410 181 665 258 ratione
695 180 882 250 justa,
903 173 1206 244 generatio
1228 185 1372 229 vero
1417 170 1649 228 Geraldi
1690 167 2088 243 quaerentium
2128 188 2178 242 Α
2210 177 2414 258 vocem
2465 161 2870 258 quam‘amb‘o
2922 159 3266 258 audierunt.
3293 158 3562 258 Cumque
3607 160 3870 232 attoniti,

436 274 524 327 est
551 265 926 324 Dominicum
951 281 965 320 :
995 277 1373 335 consequens
1395 267 1488 318 est
1502 266 1566 316 ut
1586 258 1888 330 generatio
1907 261 2093 312 recto-

436 373 570 414 rum
599 353 1008 412 benedicatur.
1041 355 1194 409 Sane
1224 355 1524 424 quantum
1562 347 1887 421 locupletes
1910 346 2090 402 iidem

433 444 670 511 fuerint,
685 442 781 500 vel
799 441 1026 515 praedia
1045 438 1366 511 mancipiis
1393 437 1608 494 referta
1630 440 1937 504 testantur,
1955 451 2091 508 quas

433 531 908 604 circumquaque
926 527 1147 584 diffusa
1167 527 1361 583 eidem
1405 525 1658 582 Geraldo
1679 525 1814 595 jure
1859 538 2092 578 succes-

436 620 624 678 sionis
659 620 1054 676 obvenerunt.
1085 616 1198 672 Sed
1231 615 1417 671 decus
1445 614 1661 670 mentis
1686 613 1853 686 quod
1882 629 1954 668 ex
1991 627 2094 682 pa-

434 711 704 768 rentibus
729 711 1034 776 hauserat,
1065 707 1128 763 in
1156 706 1289 778 ipso
1310 703 1709 776 multipliciter
1733 707 1980 760 auctum
2006 717 2092 756 re-

436 798 618 855 fulsit.
642 797 920 865 Quadam
933 796 1092 852 enim
1116 795 1308 866 gratia
1338 792 1636 862 genitores
1659 793 1709 863 ej
1720 808 1790 846 us
1814 791 2094 847 clariores

441 891 600 958 sunt,
633 887 742 962 qui
767 885 999 959 prolem
1045 889 1170 962 tam
1200 882 1430 939 felicem
1455 881 1698 951 gignere
1724 881 2092 936 meruerunt.

509 977 578 1034 Il.
607 977 780 1034 Pater
800 975 1027 1048 quippe
1047 973 1237 1046 ipsius
1256 971 1318 1028 in
1346 971 1481 1044 ipso
1507 971 1642 1042 conj
1653 969 1792 1040 ugio
1813 985 1942 1024 sese
1967 985 2094 1024 cas-

439 1065 650 1124 tiﬁcari
673 1069 979 1137 tantopere
1007 1063 1306 1129 studebat,
1340 1065 1408 1118 ut
1435 1065 1668 1116 semoto
1705 1060 2096 1132 frequentera

440 1156 696 1227 conjuge
724 1159 877 1226 toro,
905 1153 1068 1209 solus
1121 1150 1506 1218 accubitaret,
1536 1149 1694 1206 velut
1724 1150 1802 1205 ad
1833 1154 2092 1220 tempus,

435 1247 608 1317 juxta
655 1243 1030 1317 Apostolum,
1060 1240 1313 1298 orationi
1357 1255 1604 1296 vacans.
1634 1238 1907 1305 Quadam
1951 1251 2094 1292 vero

438 1337 615 1391 nocte
639 1333 902 1390 monitus
922 1332 985 1388 in
1007 1330 1237 1388 somnis
1261 1329 1938 1402 perhibetur,quatenus
1954 1342 2094 1381 uxo-

437 1439 568 1480 rem
625 1424 1032 1492 cognosceret,
1064 1419 1209 1492 quia
1237 1417 1428 1473 ﬁlium
1467 1421 1860 1486 generaturus
1917 1417 2092 1470 esset.

439 1511 620 1568 Aiunt
661 1509 825 1566 enim
853 1507 1021 1581 quod
1049 1507 1102 1564 ei
1131 1506 1386 1562 missum
1430 1506 1523 1572 sit,
1557 1509 1622 1560 ut
1652 1503 1822 1560 illum
1851 1501 2094 1558 nomine
2131 1532 2176 1586 Β

440 1616 554 1656 suo
593 1597 916 1656 Geraldum
963 1599 1224 1652 vocaret.
1259 1593 1490 1650 Dictum
1518 1609 1763 1666 quoque
1801 1592 2094 1664 quoniam

441 1687 678 1744 futurus
705 1685 914 1756 magni
941 1683 1133 1740 meriti
1162 1682 1332 1740 foret.
1357 1682 1592 1738 Excitus
1613 1686 1814 1738 autem
1845 1687 2092 1748 congra-

442 1773 747 1832 tulabatur
765 1771 1000 1830 visioni.
1025 1771 1249 1827 Dehinc
1278 1770 1494 1826 iterum
1519 1772 1838 1840 soporatus
1857 1767 2098 1824 videba-

443 1868 541 1921 tur
568 1863 670 1931 illi,
702 1866 769 1919 ut
811 1862 887 1918 de
924 1860 1136 1934 pollice
1185 1859 1355 1932 pedis
1403 1859 1532 1930 ejus
1577 1858 1768 1914 dextri
1814 1857 2095 1930 quaedam

443 1950 681 2022 virgula
707 1954 1070 2016 nasceretur,
1099 1963 1236 2021 quas
1268 1946 1562 2020 paulatim
1590 1946 1652 2002 in
1683 1961 1971 2015 magnam
2001 1961 2096 2000 ar—

443 2041 658 2098 borem
685 2037 1120 2107 succrescebat,
1141 2053 1213 2093 ac
1237 2036 1492 2092 subinde
1521 2034 1836 2092 frondibus
1865 2033 2099 2090 diffusis

445 2129 769 2188 universim
814 2126 1082 2198 [sensim]
1127 2125 1518 2198 spatiabatur.
1571 2127 1720 2181 Tum
1773 2123 1870 2180 ille
1921 2122 2101 2196 quasi

443 2216 749 2291 operarios
783 2229 1027 2282 vocans,
1055 2213 1312 2286 jubebat
1355 2212 1670 2270 furcarum
1717 2211 1813 2269 vel
1856 2211 2100 2284 pertica-

442 2323 580 2364 rum
610 2304 978 2364 adminicula
1005 2304 1286 2377 supponi.
1317 2306 1384 2360 Et
1421 2319 1560 2359 cum
1590 2302 1692 2358 illa
1719 2303 2103 2358 vehementer

445 2395 882 2470 grandesceret,
923 2391 1159 2449 nullum
1228 2395 1433 2449 tamen
1479 2391 1722 2464 pondus
1780 2392 1841 2446 in
1889 2389 2103 2462 pollice

447 2482 738 2541 sentiebat
763 2481 898 2553 (77).
933 2479 1240 2552 Siquidem
1285 2478 1660 2534 somniorum
1689 2478 1949 2533 visiones
1978 2493 2099 2534 non

447 2587 687 2644 semper
727 2572 868 2626 sunt
892 2568 1124 2626 inanes.
1160 2571 1228 2624 Et
1251 2567 1300 2623 si
1331 2583 1548 2623 somno
1576 2566 1728 2623 ﬁdes
1757 2566 2104 2623 adhibenda

449 2666 562 2729 est,
585 2659 822 2717 videtur
849 2658 978 2714 huic
1001 2657 1149 2714 visio
1177 2672 1378 2714 rerum
1406 2655 1642 2713 eﬂ'ectui
1669 2657 1987 2714 convenire
2017 2656 2105 2711 fu-

448 2755 739 2807 turarum.
771 2747 1058 2828 Cognovit
1088 2746 1290 2819 itaque
1315 2761 1740 2818 uxorem,quai
1763 2746 1936 2818 juxta
1963 2761 2103 2801 con-

2203 251 2501 324 quidnam
2523 254 2682 306 esset
2709 249 3223 322 obstupescerent,
3239 264 3436 322 neque
3459 247 3740 318 ignorare
3759 264 3874 322 po-

2205 345 2415 406 terant,
2445 335 2610 412 quod
2630 339 2732 396 illa
2760 356 2881 396 vox
2903 341 2964 395 in
2996 338 3134 395 alvo
3165 337 3371 394 matris
3386 339 3672 406 senuerit,
3690 342 3876 395 vocat

2201 433 2370 502 pater
2400 427 2855 498 cubicularium,
2888 431 2945 484 et
2972 443 3243 500 quonam
3276 426 3372 484 ille
3399 427 3634 496 vagitus
3671 427 3871 484 incre-

2200 518 2414 591 puerit,
2460 517 2731 574 adhibito
2778 517 3006 574 lumine
3052 515 3224 588 jubet
3273 515 3544 588 disquiri.
3577 518 3730 573 Cum
3765 517 3876 573 illa

2201 607 2435 664 nullum
2463 607 2714 664 omnino
2739 607 3032 663 infantem
3059 607 3292 675 adesse,
3324 605 3430 678 qui
3454 621 3670 662 vocem
3697 605 3872 662 illam

2201 695 2451 753 ediderit
2502 695 2770 752 similiter
2822 695 3073 752 attonita
3129 699 3606 768 prostestaretur,
3663 695 3874 754 infans

2204 784 2420 841 iterum
2453 784 2720 841 secundo
2751 785 2969 841 sonuit.
3003 787 3068 840 Et
3089 788 3229 856 post
3255 783 3564 840 modicum
3585 784 3872 841 interval-

2199 872 2350 944 lum,
2384 873 2581 930 sonuit
2609 873 2790 930 etiam
2825 873 3012 938 tertio,
3034 872 3306 930 videlicet
3335 871 3488 928 sicut
3514 888 3725 930 recens
3753 889 3870 930 na-

2207 967 2299 1018 tus
2326 963 2527 1033 vagire
2559 963 2725 1020 solet.
2759 965 2866 1018 Ter
2894 962 3071 1033 igitur
3099 961 3160 1017 in
3207 966 3410 1018 ventre
3452 962 3662 1018 matris
3689 962 3872 1018 andi-

2203 1057 2301 1108 tus
2332 1056 2444 1118 est,
2474 1053 2640 1124 quod
2688 1051 2952 1124 profecto
2997 1055 3120 1109 tam
3169 1050 3390 1107 mirum
3430 1055 3537 1120 est,
3567 1067 3760 1124 quam
3812 1057 3874 1108 et

2201 1145 2410 1197 contra
2439 1147 2667 1196 natura:
2715 1141 2966 1197 modum
3023 1143 3255 1197 constat
3283 1139 3590 1196 accidisse.
3627 1143 3694 1196 Et
3719 1141 3874 1214 quia

2200 1245 2323 1286 non
2375 1246 2538 1296 casu,
2589 1229 2695 1286 sed
2725 1230 3080 1303 disponente
3109 1245 3306 1285 rerum
3361 1227 3706 1285 ordinatore
3745 1232 3871 1286 Deo

2201 1319 2429 1376 factum
2453 1325 2564 1386 est,
2593 1320 2741 1376 forte
2773 1336 2887 1376 vox
2917 1319 3018 1377 illa
3041 1320 3168 1390 jam
3200 1319 3582 1391 praesagabat
3608 1319 3872 1392 [praesa-

2203 1408 2448 1479 giebat],
2481 1409 2646 1481 quod
2677 1407 2739 1464 in
2781 1409 2962 1478 hujus
3001 1407 3379 1465 mortalitatis
3406 1407 3690 1464 clausura
3719 1409 3872 1464 vita.

2201 1497 2288 1552 les
2318 1502 2488 1553 actus
2519 1501 2648 1554 erat
2675 1497 3013 1555 habiturus.
3048 1501 3197 1553 Nam
3227 1496 3377 1552 sicut
3405 1501 3612 1569 partus
3635 1497 3698 1553 in
3727 1497 3868 1554 alvo

2203 1587 2414 1642 matris
2444 1585 2691 1656 degens,
2723 1586 2860 1642 vivit
2902 1586 3170 1659 quidem,
3203 1585 3306 1642 sed
3355 1585 3590 1642 nullum
3620 1602 3871 1642 sensum

2201 1676 2404 1748 habet,
2437 1675 2521 1732 sic
2549 1692 2729 1733 omne
2759 1692 2950 1748 genus
2981 1677 3322 1732 humanum
3349 1677 3413 1732 in
3442 1675 3554 1731 hac
3583 1676 3704 1732 vita
3729 1681 3875 1748 post

2201 1771 2438 1824 reatum
2467 1767 2646 1840 primi
2693 1767 2978 1834 hominis,
3010 1767 3172 1823 velut
3199 1767 3349 1823 inter
3378 1765 3688 1836 angustias
3720 1767 3874 1822 uteri

2203 1856 2478 1913 clausum
2507 1861 2758 1928 tenetur,
2787 1856 2890 1912 ubi
2913 1856 3048 1913 licet
3075 1872 3181 1930 per
3221 1855 3408 1912 fidem
3435 1856 3497 1912 in
3528 1872 3634 1929 spe
3665 1855 3872 1925 gloriae

2204 1945 2468 2001 filiorum
2498 1944 2600 2001 Dei
2630 1945 2808 2010 vivat,
2845 1949 3045 2002 tamen
3075 1944 3222 2001 nihil
3265 1943 3571 2018 spirituale
3601 1945 3874 2016 [sensua-

2203 2035 2281 2106 le]
2337 2035 2490 2091 sicut
2537 2039 2625 2091 est
2671 2035 2894 2102 videre,
2941 2049 3141 2107 neque
3197 2033 3528 2091 efﬁcaciam
3577 2050 3872 2090 sensuum

2205 2123 2450 2196 qualem
2479 2123 2712 2196 primus
2739 2125 2926 2180 homo
2973 2127 3112 2182 ante
3155 2127 3470 2196 peccatum
3511 2122 3744 2192 habuit,
3778 2123 3874 2179 vel

2209 2213 2398 2269 sancti
2439 2217 2579 2286 post
2624 2213 2782 2269 hanc
2821 2212 3002 2270 vitam
3028 2211 3349 2286 accipiunt,
3379 2211 3722 2269 nullatenus
3751 2211 3874 2268 nisi

2210 2299 2518 2373 languide,
2541 2305 2598 2357 et
2623 2317 2782 2372 aegre
2806 2304 3056 2358 exercet.
3077 2300 3363 2358 Geraldus
3378 2301 3558 2370 igitur
3576 2301 3638 2356 in
3659 2301 3876 2357 matris

2215 2394 2381 2446 utero
2401 2389 2556 2446 bene
2578 2390 2796 2457 sonuit,
2817 2390 3108 2462 quoniam
3137 2390 3290 2447 ultra
3315 2406 3702 2446 communem
3726 2389 3878 2446 alio-

2208 2494 2344 2534 rum
2369 2477 2638 2548 vigorem
2662 2477 2726 2534 in
2753 2477 2874 2534 ﬁde
2895 2481 3114 2535 sanctis
3146 2477 3436 2535 Trinitatis
3460 2493 3767 2546 exercens,
3795 2478 3880 2534 fe-

2208 2565 2380 2621 licem
2435 2565 2683 2634 famam,
2732 2581 2854 2638 qua
2906 2571 3034 2623 erat
3088 2565 3299 2622 orbem
3345 2565 3706 2638 repleturus,
3763 2582 3878 2640 per

2210 2655 2378 2712 illam
2407 2655 2690 2712 voculam
2719 2655 3098 2726 signiﬁcavit.

2282 2745 2369 2800 IV.
2413 2744 2518 2815 (78)
2546 2747 2726 2800 Natus
2753 2759 2915 2810 vero,
2944 2748 3002 2799 et
3031 2742 3386 2811 ablactatus,
3427 2759 3568 2798 cum
3596 2743 3678 2799 ad
3706 2742 3880 2801 illam

449 2839 678 2896 dictum
705 2836 950 2894 visionis
981 2852 1236 2909 puerum
1267 2835 1558 2908 concepit.
1593 2835 1708 2894 Sed
1736 2835 1986 2892 fortasse
2026 2835 2102 2891 de
2145 2885 2185 2909 η
2211 2831 2512 2890 aztatulam
2540 2831 2905 2905 pervenisset
2922 2831 2982 2888 in
3013 2848 3137 2906 qua
3165 2831 3317 2889 solet
3342 2832 3403 2888 in
3433 2831 3722 2906 parvulos
3738 2850 3878 2889 mo-

450 2929 568 2988 hoc
603 2927 780 3000 quasi
822 2926 898 2982 de
947 2925 1184 2982 somnio
1230 2924 1490 2982 dubitari
1519 2928 1736 2996 potest.
1766 2923 1940 2981 Aliud
1977 2930 2103 2981 tum
2145 2919 2186 2943 υ
2212 2937 2348 2978 rum
2376 2919 2633 2994 qualitas
2652 2919 3270 2994 expiorari.q..sedam
3291 2919 3533 2992 placens
3553 2919 3794 2977 indoles
3813 2921 3880 2978 in

451 3016 684 3076 virtutis
715 3015 1002 3072 indicium
1033 3014 1336 3072 evidenter
1363 3019 1634 3072 secutum
1659 3017 1768 3071 est.

522 3102 616 3158 Ill.
648 3099 907 3157 Genitrix
947 3100 998 3171 ej
1010 3117 1078 3155 us
1117 3115 1255 3155 cum
1293 3102 1448 3155 esset
1475 3097 1668 3156 vicina
1695 3097 1915 3172 partui,
1941 3114 2106 3154 nono

449 3189 726 3248 videlicet
743 3187 840 3244 die
858 3189 1214 3261 priusquam
1229 3191 1596 3250 nasceretur,
1614 3187 1862 3257 contigit
1881 3192 1945 3244 ut
1965 3203 2106 3244 cum

453 3293 568 3335 suo
592 3277 718 3334 viro
740 3275 1011 3346 vigilanti
1038 3275 1292 3345 vigilans
1319 3275 1457 3347 ipsa
1469 3275 1712 3346 jaceret.
1738 3279 1805 3332 Et
1830 3276 1980 3332 dum
2005 3291 2106 3332 ne-

453 3365 580 3423 scio
619 3364 767 3438 quid
793 3363 1058 3420 vicissim
1099 3363 1660 3435 sermocinarentur,
1687 3363 1886 3420 infans
1911 3365 2108 3422 emisit

453 3507 662 3562 Franc.
695 3517 829 3577 cap.
859 3521 1014 3577 uxrx,
1049 3527 1076 3554 «
1099 3504 1664 3577 nonmediocribus
1691 3501 1950 3577 regionis
1980 3521 2102 3560 suae

453 3581 620 3635 ortus
636 3575 1018 3650 parentibus,
1037 3575 1328 3650 sedvalde
1344 3575 1636 3650 ingenuis.
1649 3598 1676 3627 »
1688 3575 1890 3632 Abbas
1903 3581 2104 3650 autem

453 3646 965 3719 Attani'Ccenobii,
999 3646 1342 3719 quod_ipse
1384 3646 1676 3719 fundavit,
1709 3652 1768 3719 et
1811 3663 1882 3719 ex
1931 3647 2104 3718 cujus

453 3719 700 3776 nomine
719 3717 902 3782 vulgo
931 3717 1092 3774 nunc
1121 3717 1320 3774 adhuc
1352 3718 1708 3776 Saint-Yriex
1736 3717 1968 3774 dicitur.
1993 3717 2104 3774 Ka-

452 3790 702 3862 rissimas
729 3787 944 3862 nobilis
982 3792 1272 3862 matronae
1313 3794 1681 3862 praeceptum
1711 3805 1783 3844 ex
1807 3787 2104 3862 tabulario

349 3882 355 3896 ι
458 3860 755 3920 S.Martini
780 3859 1139 3932 Turonensis
1167 3859 1756 3932 depromptum,ejus
1773 3860 2106 3932 generatio-

453 3949 595 3990 nem
623 3949 660 3989 a
687 3930 1060 4003 Childeberto
1088 3945 1228 4001 rege
1247 3930 1621 4003 “Francorum
1649 3930 1838 4003 usque
1867 3931 1947 4003 ad
1964 3935 2107 4003 tem:

498 4019 606 4060 ora
653 4019 764 4059 sua
810 4002 894 4058 sic
937 4007 1193 4058 enarrat.
1240 4003 1356 4057 «In
1384 4001 1628 4058 nomine
1658 4001 1891 4058 Domini
1919 4001 2107 4058 nostri

483 4089 594 4130 esu
637 4073 864 4130 Christi.
918 4073 1186 4128 Narratio
1229 4073 1627 4141 generationis
1673 4073 1866 4128 Aredii
1907 4073 2107 4129 eximii

455 4144 694 4215 abbatis
742 4143 951 4215 incipit
992 4143 1094 4215 ita.
1121 4142 1391 4215 _S_u_ldeca
1435 4143 1662 4215 nobilis
1695 4143 1917 4215 femina
1949 4145 2106 4215 regis

457 4213 822 4298 Childoeberti.
849 4211 919 4298 ‘et
959 4211 1252 4298 Mathildis
1273 4213 1670 4295 '[Nanthildisl
1716 4214 1936 4283 reginae
1979 4213 2104 4298 ﬁlia
2145 4239 2187 4293 ι)

458 4279 999 4357 genuitAstidium
1047 4279 1533 4357 Lemoviceusem
1579 4279 1955 4357 episcopum,
1997 4284 2102 4357 qui

455 4351 719 4412 Treveris
739 4357 925 4424 ortus,
953 4351 1184 4427 favente
1215 4355 1352 4422 Deo,
1378 4353 1439 4409 in
1472 4351 1960 4427 Lemovica'urbe
1982 4351 2105 4427 epi-

457 4440 680 4509 scopus
725 4423 938 4507 postea
969 4423 1327 4508 sublimatus
1357 4429 1463 4507 est.
1498 4429 1629 4498 ipse
1675 4425 1934 4506 denique
1961 4423 2111 4482 Asti-

456 4497 594 4555 dius
621 4496 832 4555 habuit
877 4511 1201 4568 conjugem
1247 4495 1578 4568 benignam
1605 4512 1848 4552 nomine
1873 4497 2110 4568 Teclam

457 4574 596 4642 ante
621 4584 802 4642 suum
830 4565 1269 4642 episcopatum,
1288 4565 1473 4642 cujus
1497 4565 1604 4642 fuit
1621 4583 1921 4642 germana
1943 4567 2111 4642 dives

457 4640 797 4711 Frontunia,
850 4635 1324 4711 cujus'fuerunt
1349 4635 1660 4694 Nataliaci'
1681 4635 1928 4711 praedia.
1960 4641 2112 4711 Asti-

457 4710 593 4783 dius
622 4707 801 4781 igitur
827 4707 1080 4783 et_'l‘ecla
1109 4723 1261 4783 uxor
1273 4707 1406 4783 ejus
1437 4707 2108 4783 genueruntLiverium,

457 4780 769 4852 Adtecum,
800 4780 1138 4850 Dulcitium,
1169 4780 1455 4838 Adtecam
1484 4786 1542 4838 et
1581 4780 1992 4852 Austilianam.
2027 4782 2112 4838 Li-

458 4851 654 4924 verius
688 4851 832 4908 vero
871 4852 1075 4924 genuit
1119 4852 1390 4924 Sperium
1431 4856 1488 4910 et
1515 4852 1824 4924 Pientiam.
1855 4851 2112 4924 Adtecus

460 4921 667 4993 genuit
692 4922 1101 4993 Eustachium,
1133 4921 1433 4993 Ruricium
1479 4927 1536 4980 et
1573 4923 1892 4980 Peladiam.
1924 4923 2113 4980 Dulci-

460 4992 588 5050 cius
616 4997 819 5049 autem
848 4992 1054 5062 genuit
1079 4992 1485 5064 Ambrosium,
1511 4996 1794 5052 Severum
1817 4995 2112 5051 sanctissi-

459 5078 650 5138 mum,
677 5079 869 5138 quem
890 5068 1208 5120 veneratur
1231 5063 1484 5138 Biturica
1505 5064 1677 5137 plebs
1698 5082 1878 5138 super
1895 5065 2112 5138 Ligeris

458 5134 795 5206 ripamfet
839 5137 1246 5190 Ravennatem
1297 5134 1594 5192 Basoluin.
1640 5134 1862 5193 Adtéca
1908 5136 2115 5205 genuit

527 5207 723 5272 arum,
753 5209 812 5262 et
841 5209 1124 5278 lspanum
1174 5207 1507 5278 Martyrem.
1537 5207 1758 5278 Pientia
1785 5211 1986 5263 autem
2017 5223 2114 5278 ge-

460 5278 592 5348 nuit
617 5275 1036 5348 Perogoricum
1065 5275 1572 5348 [Petrogoricum],
1602 5278 1942 5334 Leoncium.
1976 5275 2114 5333 Ain-

462 5347 702 5418 hrosius
741 5347 884 5405 vero
913 5347 1118 5418 genuit
1143 5347 1384 5416 Iulium,
1426 5347 1808 5412 Industrium,
1840 5352 1898 5404 et
1941 5351 2114 5404 Euse-

463 5417 650 5490 biam.
683 5417 941 5476 Eusebia
960 5435 1102 5476 vero
1125 5419 1331 5490 genuit
1369 5417 1674 5484 Savinam,
1705 5417 2114 5490 SalicamsSa-

464 5488 626 5572 vina.
643 5490 854 5570 genuit
903 5487 1186 5572 Optatum
1219 5490 1666 5572 lBiturigensem
1710 5487 2114 5572 venerabilem

465 5559 1004 5633 archiepiscopum.
1060 5563 1308 5634 Optatus
1370 5559 1549 5634 igitur
1611 5559 1817 5634 genuit
1865 5561 2117 5633 Pompo-

2212 3026 2316 3068 eos
2347 3009 2764 3078 subrutilabat,
2788 3025 2894 3082 per
2913 3026 3102 3082 quam
3131 3009 3444 3080 diligenter
3464 3009 3878 3084 inspicientes,

2212 3099 2406 3154 virum
2432 3098 2594 3154 hunc
2623 3097 2852 3154 virtutis
2872 3097 3140 3154 futurum
3156 3115 3289 3155 esse
3315 3097 3690 3170 conjiciebat.
3721 3102 3880 3156 Nam

2209 3187 2273 3244 in
2300 3186 2497 3259 prima
2523 3190 2792 3253 aatate,ut
2817 3201 2977 3258 ssepe
3005 3186 3302 3256 videmus,
3320 3187 3722 3244 incitamentis
3742 3203 3878 3244 cor-

2209 3281 2400 3349 rupta)
2427 3281 2677 3346 naturae,
2710 3275 2901 3332 solent
2929 3276 3164 3348 parvuli
3194 3276 3390 3344 irasci,
3417 3281 3476 3333 et
3501 3276 3797 3347 invidere,
3820 3284 3880 3334 et

2211 3364 2360 3421 velle
2405 3363 2628 3431 ulcisci,
2661 3363 2754 3420 vel
2804 3363 2926 3421 alia
2955 3364 3308 3436 hujusmodi
3353 3369 3667 3422 attentare.
3699 3368 3772 3422 At
3809 3367 3875 3422 in

2212 3505 2375 3562 niam
2419 3503 2733 3561 Godefredi
2777 3501 3160 3561 Flandrensis
3207 3518 3480 3572 uxorem,
3513 3505 3571 3562 et
3615 3503 3876 3564 (icilium

2215 3576 2704 3650 Suessionensem
2747 3575 3191 3650 nobilissimum
3220 3578 3584 3650 ipprtesulem.
3630 3578 3876 3634 Peladia

2211 3664 2353 3704 vero
2385 3647 2588 3716 genuit
2625 3647 3010 3716 Cartheriam,
3043 3654 3100 3704 et
3130 3647 3441 3716 Eulaliam,
3475 3654 3530 3704 et
3574 3652 3875 3706 Mummu-

2209 3719 2357 3775 lum.
2393 3717 2694 3790 Cartheria
2741 3721 3191 3790 autemggenuit
3228 3719 3525 3789 Pelagiani
3571 3720 3876 3776 sanctissi-

2213 3806 2400 3857 mam,
2428 3793 2486 3845 et
2509 3789 2798 3862 ASavinam
2825 3789 3021 3862 Aradii
3068 3789 3303 3862 abbatis
3332 3790 3602 3855 amitam,
3633 3791 3874 3862 Pelagia

2213 3875 2356 3934 ergo
2378 3860 2555 3934 gregis
2600 3859 2990 3934 Theodeberti
3039 3861 3252 3934 neptis,
3285 3861 3460 3934 et_vir
3488 3862 3618 3932 ejus
3647 3859 3870 3918 Joclin-

2213 3932 2328 3988 dus
2375 3931 2827 4005 Lemovicorum
2875 3931 3152 4005 princeps
3200 3931 3610 4005 nobilissimus
3651 3949 3874 4005 genuee

2212 4007 2353 4059 runt
2393 4002 2676 4076 gredium
2726 4001 2920 4076 virum
2965 4001 3302 4076 eruditum;
3345 4004 3504 4076 regis
3542 4001 3871 4076 supradicti

2216 4073 2659 4140 cancellarium,
2678 4077 2734 4127 et
2756 4074 3144 4145 Eustachium
3174 4074 3420 4145 fratrem
3446 4075 3602 4145 ejus.
3617 4073 3873 4132 'Germa-

2214 4161 2382 4212 nam,
2413 4149 2470 4200 et
2498 4143 2892 4216 Consortiam.
2918 4144 3225 4216 Conﬁsortia
3249 4149 3448 4216 autem
3479 4143 3691 4216 genuit
3719 4147 3872 4202 Asti-

2217 4216 2410 4284 dium,
2456 4213 2766 4287 Pientiam,
2799 4219 2855 4270 et
2901 4215 3193 4287 Basiliam.
3246 4213 3467 4287 Pientia
3489 4213 3714 4287 ‘genuit
3741 4217 3873 4274 Oci-

2219 4285 2648 4368 lum.“l§‘asil‘ia
2714 4283 2866 4368 uitur
2931 4283 3191 4368 Dodonis
3254 4283 3533 4343 Bituricw'
3582 4287 3872 4368 principis

2219 4356 2424 4428 genuit
2452 4357 2698 4428 Pugiam
2728 4360 2786 4413 et
2815 4356 3224 4414 Karissimam.
3249 4371 3280 4412 s

2293 4429 2405 4485 Sed
2436 4443 2548 4501 nec
2573 4429 2711 4484 inde
2733 4428 2872 4501 quis
2885 4432 3093 4501 potest
3119 4429 3349 4486 discam
3375 4432 3654 4486 sanctum
3679 4429 3875 4488 Gel-al-

2219 4499 2678 4574 dumAcomitem
2702 4497 3177 4574 Aureliacensem
3203 4501 3875 4574 isto‘supramemorato

2219 4570 2434 4627 Aredio
2478 4569 2852 4644 nobilissimo
2895 4576 3271 4644 procreatum
3315 4569 3522 4644 fuisse,
3577 4573 3731 4630 sicut
3776 4571 3874 4628 hic

2222 4646 2467 4697 sanctus
2498 4637 2624 4697 Odo
2653 4645 2855 4697 noster
2883 4637 3114 4698 asserit.

2289 4712 2405 4782 (77)
2447 4712 2741 4782 Siquidem
2792 4712 3155 4768 somniorum
3201 4713 3468 4771 visiones.
3515 4714 3667 4771 Citat
3712 4713 3876 4770 hunc

2217 4783 2420 4838 locum
2449 4785 2650 4838 Petrus
2679 4782 3064 4851 Venerabilis,
3094 4783 3246 4841 libro
3277 4785 3541 4842 secundo
3570 4785 3878 4842 Miraculo-

2219 4869 2378 4922 rum,
2409 4851 2601 4924 capite
2631 4855 2851 4924 '25,hoc
2877 4853 3060 4910 modo
3085 4871 3097 4909 :
3122 4877 3161 4924 ί‹‹
3181 4858 3327 4912 Nam
3355 4861 3417 4911 ut
3437 4859 3684 4924 sanctus
3709 4858 3878 4924 Pater

2219 4927 2422 5001 noster
2475 4923 2602 4981 Odo
2647 4923 2732 5001 in
2757 4925 2892 4982 Vita
2943 4923 3136 4982 sancti
3181 4925 3289 4982 viri
3331 4923 3567 5001 Geraidi
3613 4923 3876 5001 scripsit.

2221 4993 2598 5078 somniorum
2628 4995 2895 5078 visiones
2913 5011 3036 5052 non
3057 5011 3301 5078 semper.
3321 5001 3462 5078 sunt
3477 4993 3782 5078 .inan_e_s‘.'»

2291 5065 2639 5141 _(78_)_1_Vatt_¢s
2665 5082 2822 5141 vero.
2843 5070 3040 5141 _Anno
3089 5063 3307 5141 scilicet
3337 5067 3568 5141 AChristi
3613 5071 3742 5141 856,
3772 5063 3876 5141 qui

2221 5135 2329 5192 fuit
2356 5135 2625 5193 Abbonis
2652 5137 2890 5194 abbatis
2920 5138 3111 5194 sancti
3134 5138 3410 5196 Martialis
3433 5135 3874 5196 Lemovicénsis

2223 5206 2472 5290 secundi
2509 5207 2776 5289 quintus,
2807 5207 2889 5264 uti
2937 5211 3108 5289 notat
3147 5207 3480 5267 Ademarus
3511 5213 3572 5266 et
3612 5210 3744 5336 ipse
3773 5212 3876 5266 Le-

2223 5294 2580 5336 movrcensm
2609 5277 2946 5336 monachus
2992 5293 3055 5335 1n
3086 5281 3545 5336 Commemorat.
3594 5295 3630 5336 a
3677 5281 3742 5336 b.
3769 5281 3876 5336 Le-

2221 5277 2580 5336 movicensis
2609 5277 2946 5336 monachus
2992 5277 3055 5335 in
3086 5281 3545 5337 Commemorat.
3594 5277 3742 5337 abb.
3769 5281 3876 5338 Le-

2221 5349 2436 5406 movic.
2468 5347 2729 5421 basilicae
2773 5347 2980 5421 sancti
2999 5350 3312 5407 Martialis:
3364 5373 3392 5402 «
3419 5349 3759 5421 Secundus,
3791 5351 3882 5408 in-

2220 5421 2369 5494 quit,
2401 5419 2593 5495 ablias
2621 5419 2791 5495 2t.be
2833 5420 3068 5495 praefuit
3105 5421 3279 5495 annis
3325 5440 3407 5493 ιι,
3437 5423 3608 5495 cujus
3647 5419 3815 5480 anno
3843 5440 3876 5477 v

2222 5490 2464 5549 sanctus
2493 5490 2778 5549 Geraldus
2803 5490 3238 5551 Kureliacensis
3263 5490 3442 5553 natus
3469 5490 3580 5552 est.
3601 5517 3628 5544 »
