4094 6156
173 142 268 200 845

935 109 940 113 ’
1041 148 1130 201 DE
1170 147 1327 203 VlTA
1366 142 1669 203 GBRALDI
1709 139 1982 202 coums
2022 144 2371 204 AURILIAC.
2412 174 2482 190 --
2521 151 2647 207 LIB.
2692 155 2732 208 1.

3484 158 3588 214 640

170 278 352 341 puero
383 265 634 323 Geraldo
660 267 918 324 dulcedo
947 270 1227 341 quaedam
1255 269 1439 325 animi
1479 285 1618 325 cum
1652 280 1816 324 vere-
1846 270 1895 325 Α
1938 269 2133 325 cordis
2161 273 2455 327 secretum
2484 272 2755 330 deserere
2802 287 2960 346 aegre
3002 274 3247 347 ferebat,
3306 279 3448 335 mox
3503 282 3590 337 ta-

170 354 405 422 cundia,
428 368 565 427 quae
595 356 854 412 multum
883 357 1162 412 honestat
1190 355 1677 425 adolescentiam,
1727 356 1819 428 ip-

171 459 266 499 sos
294 443 591 499 infantiles
622 448 791 500 actus
822 444 1167 501 decorabat.
1215 446 1326 511 Qui
1374 446 1582 502 divina
1618 456 1819 518 provt-

169 532 338 588 dente
368 531 558 603 gratia
583 532 792 589 studiis
839 533 1167 590 litterarum
1215 534 1549 608 applicatus
1598 538 1705 604 est,
1752 550 1823 591 ea

167 625 395 680 tantum
426 625 742 694 parentum
772 622 1099 694 voluntate,
1148 624 1211 679 ut
1235 623 1489 680 decurso
1519 621 1820 696 psalterio,

169 727 304 768 mox
327 710 713 768 saecularibus
743 711 1053 780 exercitiis,
1095 712 1247 769 sicut
1273 712 1577 770 nobilibus
1622 712 1824 786 pueris

168 814 297 855 mos
327 800 434 864 est,
475 800 826 856 erudiretur.
881 798 1111 857 Scilicet
1161 805 1225 858 ut
1269 801 1553 859 Molossos
1600 803 1821 872 ageret,

167 887 380 944 arcista
404 887 589 957 ﬂeret,
617 904 844 962 cappos
877 893 934 945 et
954 889 1261 962 accipitres
1283 889 1643 963 competenti
1657 889 1825 960 jactu

167 974 428 1033 emittere
455 983 893 1035 consuesceret.
940 979 1052 1035 Sed
1098 992 1173 1036 ne
1216 979 1383 1037 inani
1427 979 1627 1035 studio
1655 977 1823 1034 dedi-

167 1071 278 1132 tus,
311 1071 548 1139 tempus
574 1067 651 1124 ad
700 1067 1058 1125 discentium
1112 1069 1335 1126 litteras
1381 1084 1719 1140 congruum
1762 1067 1825 1123 in

162 1170 353 1211 vacuo
407 1156 702 1224 transiret,
753 1156 959 1214 divino
1016 1160 1167 1214 nutu
1215 1158 1573 1231 dispositum
1613 1160 1720 1227 est,
1758 1158 1827 1212 ut

163 1242 388 1299 diutius
415 1248 746 1315 aegrotaret.
797 1246 921 1302 Tali
964 1246 1245 1320 equidem
1295 1245 1654 1303 inﬁrmitatis
1698 1244 1825 1301 lan-

163 1347 371 1402 guore,
404 1335 468 1388 ut
498 1348 533 1389 a
563 1332 833 1390 saeculari
861 1335 1133 1391 exercitio
1157 1335 1575 1406 retraheretur,
1607 1334 1716 1392 sed
1745 1334 1825 1392 ad

162 1421 431 1477 discendi
461 1423 726 1478 studium
756 1437 881 1480 non
911 1424 1320 1496 impediretur.
1353 1424 1663 1497 Siquidem
1712 1423 1823 1480 mi-

160 1511 322 1567 nutis
344 1506 566 1582 jugiter
594 1512 848 1584 pustulis
895 1512 976 1570 ita
1030 1512 1389 1587 replebatur,
1451 1516 1517 1570 ut
1556 1526 1664 1586 per
1690 1513 1825 1568 lon-

1931 372 2070 429 men
2118 361 2183 413 ut
2220 359 2504 431 possibile
2551 364 2696 428 erat,
2739 363 2817 417 ad
2856 361 3004 420 illud
3048 366 3408 424 rec'urrebat.
3473 366 3587 425 Sed

1930 446 2077 502 dum
2130 447 2208 503 ab
2264 447 2385 504 alto
2436 449 2957 523 contemplationis
3008 455 3184 526 quasi
3237 470 3409 514 ruere
3480 471 3591 531 per

1928 539 2232 592 terrenam
2302 539 2759 611 occupationem
2824 539 3125 598 videretur
3154 586 3167 608 ,
3246 546 3398 603 sicut
3446 546 3586 604 ibici

1928 639 2063 680 mos
2114 629 2224 695 est,
2283 630 2347 682 ut
2385 640 2567 684 ruens
2612 628 2674 684 in
2729 628 2853 685 suis
2892 631 3176 687 cornibus
3216 650 3280 690 se
3316 636 3581 708 recipiat,

1929 729 2005 769 ne
2058 715 2389 785 moriatur;
2444 716 2525 773 ita
2569 717 2647 773 ad
2692 732 2962 774 amorem
2990 718 3280 792 divinum,
3314 724 3403 778 vel
3444 725 3591 780 Scri-

1928 806 2120 876 pturte
2167 807 2387 859 sanctae
2440 805 2889 862 meditationem
2940 820 3284 873 recurrens,
3341 811 3586 868 interna-3

1930 892 2136 947 mortis
2165 893 2404 948 ruinam
2433 894 2728 951 evadebat
2785 911 2799 950 :
2826 895 2955 951 ‘illo
2989 896 3275 952 nimirum
3308 898 3588 955 Davidico

1931 979 2140 1052 spiritu
2160 980 2311 1050 jam,
2339 984 2404 1037 ut
2432 996 2567 1037 reor
2598 981 2857 1053 afﬂatus,
2912 998 3036 1056 quo
3078 984 3173 1040 ille
3205 983 3436 1040 fervens
3463 1000 3588 1040 non

1931 1067 2118 1124 dabat
2170 1084 2451 1125 somnum
2502 1071 2712 1137 oculis,
2766 1071 2960 1128 donec
2990 1072 3325 1129 actionibus
3356 1073 3587 1130 diurnis

1932 1162 2360 1230 exoccupatus,
2388 1158 2591 1215 locum
2630 1160 2883 1216 Domino
2926 1160 2987 1216 in
3032 1162 3231 1234 seipso
3281 1161 3586 1227 inveniret,

1930 1245 1994 1302 in
2039 1260 2162 1320 quo
2213 1247 2325 1303 sub
2374 1248 2579 1319 lingua
2628 1263 2737 1304 sua
2777 1249 3047 1306 secretim
3078 1250 3371 1323 exultans,
3400 1266 3591 1324 quam

1933 1333 2126 1391 dulcis
2157 1338 2245 1391 est
2276 1336 2560 1392 Dominus
2588 1336 2950 1407 degustaret.
3014 1341 3178 1395 Forte
3220 1340 3393 1411 juxta
3442 1336 3592 1395 illud

1930 1422 2042 1481 Job
2096 1424 2257 1481 rivos
2308 1424 2419 1480 olei
2477 1425 2616 1480 huic
2662 1429 2833 1498 petra
2884 1426 3147 1483 Christus
3176 1428 3484 1497 fundebat,
3515 1443 3590 1485 ne

1933 1527 2107 1585 aqua:
2139 1512 2341 1568 multa:
2375 1516 2618 1584 possent
2654 1513 2998 1584 extinguere
3045 1515 3107 1570 in
3164 1532 3236 1571 eo
3281 1516 3591 1573 lucernam

161 1612 311 1669 gum
341 1604 577 1674 tempus
605 1605 939 1673 protractae,
963 1602 1095 1673 jam
1123 1618 1247 1659 non
1275 1606 1628 1676 putarentur
1645 1616 1824 1675 posse
1853 1620 1895 1675 Β
1933 1602 2254 1659 charitatis.
2288 1604 2354 1657 Et
2383 1601 2459 1658 ad
2491 1601 2665 1658 istam
2695 1602 2893 1658 cordis
2928 1602 3310 1660 refectionem
3357 1605 3592 1661 deﬁxus

161 1690 383 1746 sanari.
417 1692 546 1756 Qua
576 1690 650 1746 de
674 1705 858 1748 causa
885 1692 1117 1761 genitor
1144 1693 1273 1764 ejus
1305 1706 1444 1749 cum
1490 1697 1680 1749 matre
1723 1690 1824 1748 de-

160 1779 368 1843 cernit,
404 1784 465 1836 ut
491 1778 824 1836 litterarum
877 1782 1091 1837 studiis
1135 1782 1353 1837 arctius
1401 1780 1822 1855 applicaretur,

160 1869 293 1933 Quo
317 1864 615 1937 videlicet,
644 1870 690 1924 si
722 1870 933 1925 usibus
963 1869 1165 1926 saeculi
1187 1870 1388 1926 minus
1426 1874 1579 1927 esset
1627 1874 1824 1943 aptus,

158 1956 240 2013 ad
263 1957 733 2014 ecclesiasticum
773 1957 1038 2014 ofﬁcium
1094 1956 1443 2015 redderetur
1487 1973 1828 2015 accommoo

158 2044 298 2101 dus.
332 2048 452 2101 Hac
482 2044 661 2115 igitur
680 2045 997 2102 occasione
1024 2046 1250 2102 factum
1278 2050 1385 2115 est,
1409 2050 1475 2103 ut
1498 2060 1622 2101 non
1644 2044 1829 2102 modo

158 2138 410 2189 cantum
444 2132 715 2201 disceret,
747 2130 895 2207 quin
921 2135 1098 2191 etiam
1121 2138 1178 2191 et
1205 2133 1662 2206 grammaticam
1683 2150 1831 2207 prae-

154 2223 395 2279 libaret.
426 2224 599 2289 Quod
629 2224 681 2281 ei
710 2229 922 2298 postea
955 2225 1211 2281 multum
1241 2224 1486 2299 profuit,
1512 2240 1650 2280 cum
1672 2222 1829 2281 acies

154 2310 386 2381 ingenii
441 2327 550 2385 per
604 2310 752 2369 illud
811 2313 1156 2371 exercitium
1207 2310 1467 2383 elimata,
1522 2310 1601 2369 ad
1647 2328 1828 2369 omne

155 2400 335 2474 quod
357 2398 551 2471 vellet,
586 2402 814 2457 acutior
841 2402 1207 2458 redderetur.
1254 2404 1448 2457 Inerat
1502 2404 1701 2457 autem
1746 2398 1826 2456 illi

154 2488 339 2545 vivax
360 2489 575 2544 mentis
599 2489 991 2562 sagacitas,et
1011 2491 1089 2546 ad
1115 2489 1471 2546 discendum
1500 2500 1637 2562 quae
1654 2488 1828 2545 vellet

158 2577 312 2636 satis
337 2582 641 2651 prompta.

226 2668 301 2722 ν.
368 2665 744 2723 Transmissa
788 2666 1041 2739 pueritia
1092 2677 1231 2723 cum
1284 2668 1413 2739 jam
1462 2664 1830 2723 adolesceret

156 2755 581 2813 membrorum
610 2754 797 2813 robur
818 2755 1106 2813 nocivum
1143 2758 1411 2830 corporis
1453 2755 1829 2828 consumpsit

156 2848 508 2903 humorem.
540 2848 684 2903 Tam
712 2846 881 2903 velox
912 2851 1111 2903 autem
1143 2846 1333 2903 factus
1376 2852 1482 2913 est,
1537 2849 1601 2901 ut
1643 2858 1829 2917 equo-

155 2950 305 2991 rum
334 2938 499 3005 terga
526 2932 682 2991 facili
715 2934 868 2991 saltu
897 2932 1310 2991 transvolaret.
1354 2934 1421 2990 Et
1446 2934 1583 3003 quia
1607 2930 1829 2988 viribus

158 3023 435 3097 corporis
461 3023 685 3081 fortiter
714 3020 1083 3095 agiliscebat,
1111 3028 1411 3080 armatam
1441 3022 1715 3078 militiam
1741 3038 1831 3078 as-

160 3128 447 3169 suescere
477 3110 874 3186 quaerebatur.
911 3112 1025 3168 Sed
1051 3113 1180 3184 jam
1204 3112 1378 3169 dulce
1398 3112 1831 3185 scripturarum

161 3198 568 3260 adolescentis
588 3203 862 3259 animum
893 3202 1337 3270 subarraverat,
1382 3202 1458 3258 ad
1492 3198 1663 3274 cujus
1709 3204 1831 3256 stu-

161 3292 343 3349 dium
374 3286 756 3348 affectuosius
789 3290 1130 3348 anhelabat.
1174 3292 1262 3349 0b
1302 3291 1417 3347 hoc
1461 3289 1596 3347 licet
1623 3286 1835 3347 milita-

122 3452 128 3458 .
160 3383 338 3440 ribus
369 3381 656 3439 emineret
685 3381 918 3451 ofﬁciis,
952 3382 1341 3438 delectatione
1372 3386 1573 3438 tamen
1619 3379 1835 3437 littera-

160 3486 309 3528 rum
327 3468 559 3526 illectus
583 3488 596 3539 ;
627 3470 689 3526 in
718 3470 831 3526 illis
862 3468 1197 3527 voluntaria
1216 3468 1454 3544 pigritia
1477 3467 1834 3537 lentulus,in

161 3559 357 3631 hujus
383 3556 692 3615 sedulitate
724 3564 849 3615 erat
878 3563 1170 3615 assuetus.
1205 3557 1393 3616 Credo
1409 3558 1541 3630 jam
1561 3555 1837 3613 sentisce-

161 3648 279 3706 bat
308 3647 473 3720 quia,
500 3646 672 3719 juxta
699 3646 1013 3720 Scripturae
1043 3646 1471 3719 testimonium,
1512 3647 1725 3704 melior
1752 3649 1836 3702 est

162 3736 470 3808 sapientia
496 3751 675 3807 quam
704 3736 857 3792 vires
885 3734 1048 3807 (Sap.
1082 3750 1165 3799 v1,
1201 3735 1272 3807 t),
1302 3739 1359 3791 et
1382 3730 1531 3790 nihil
1561 3737 1648 3789 est
1673 3732 1838 3789 locu-

163 3823 391 3899 pictius
419 3822 538 3881 illa.
569 3826 635 3880 Et
663 3822 956 3897 quoniam
980 3822 1149 3880 facile
1177 3820 1414 3879 videtur
1458 3821 1537 3878 ab
1586 3821 1679 3877 his
1733 3820 1840 3894 qui

165 3913 434 3983 diligunt
508 3928 664 3983 eam,
738 3918 1003 3969 mentem
1087 3912 1363 3984 ejusdem
1445 3910 1839 3968 adolescentis

165 4003 646 4077 praeoccupabat
672 4044 689 4073 ,
762 4006 829 4057 ut
884 4001 937 4057 ei
993 4016 1055 4056 se
1111 4000 1275 4073 prior
1332 3998 1709 4067 ostenderet,
1778 4001 1843 4054 ut

167 4096 338 4148 esset
408 4091 599 4147 dulcis
670 4089 948 4147 allocutio
1014 4089 1391 4160 cogitationis
1460 4088 1608 4160 ejus.
1670 4087 1840 4144 Nullo

170 4182 363 4254 igitur
408 4179 839 4254 impedimento
898 4180 1186 4237 Geraldus
1248 4182 1479 4253 poterat
1535 4177 1838 4250 occupari,

172 4272 331 4343 quin
386 4270 464 4325 ad
522 4285 791 4326 amorem
844 4266 1111 4325 discendi
1172 4272 1517 4324 recurreret.
1559 4264 1729 4322 Unde
1761 4264 1843 4322 fa-

175 4364 343 4416 ctum
397 4363 503 4429 est,
555 4363 622 4414 ut
676 4359 1121 4432 propemodum
1194 4357 1444 4431 pleniter
1518 4355 1844 4428 Scriptura-

172 4462 315 4504 rum
364 4446 574 4503 seriem
630 4447 900 4516 disceret,
985 4451 1164 4521 atque
1218 4446 1439 4503 multos
1491 4444 1842 4501 clericorum

174 4536 624 4611 quantumlibet
698 4535 914 4593 sciolos
987 4536 1049 4592 in
1109 4536 1239 4608 ejus
1297 4533 1634 4605 cognitione
1688 4547 1842 4606 prte-

173 4625 310 4684 iret.

251 4718 347 4771 VI.
389 4714 820 4772 Decedentibus
879 4719 1080 4772 autem
1133 4713 1485 4789 parentibus
1533 4726 1673 4767 cum
1716 4711 1845 4783 ejus

176 4804 457 4861 dominio
486 4807 754 4877 potestas
785 4804 985 4859 omnis
1018 4800 1341 4870 deveniret,
1382 4814 1505 4857 non
1543 4803 1609 4856 ut
1656 4798 1847 4855 solent

130 4919 141 4923 -
179 4893 617 4963 adolescentes,
663 4892 764 4966 qui
812 4894 871 4948 in
916 4896 1153 4949 matura
1201 4889 1610 4947 dominatione
1638 4902 1845 4962 super-

177 4982 381 5051 biunt,
429 4980 714 5037 Geraldus
752 4980 1055 5050 intumuit,
1101 4995 1209 5036 nec
1267 4978 1592 5051 incceptam
1647 4975 1846 5034 cordis

179 5070 548 5128 modestiam
576 5070 935 5127 immutavit.
977 5067 1337 5126 Dominandi
1378 5070 1640 5140 potestas
1671 5080 1848 5137 gran-

179 5159 493 5225 descebat,
546 5160 650 5216 sed
707 5176 879 5216 mens
917 5157 1161 5216 humilis
1204 5171 1591 5230 nequaquam
1633 5153 1850 5210 insole-

182 5248 414 5306 scebat.
444 5249 557 5304 Pro
579 5246 971 5321 disponendis
1001 5263 1139 5304 vero
1170 5250 1348 5320 atque
1378 5242 1614 5301 tuendis
1645 5241 1848 5310 rebus,

180 5352 373 5411 quas,
405 5342 470 5394 ut
492 5337 773 5407 diximus,
821 5336 1196 5394 haereditario
1242 5335 1378 5407 jure
1434 5332 1548 5388 sibi
1590 5329 1855 5387 vindica-

183 5432 380 5495 verat,
414 5428 697 5501 occupari
724 5426 1069 5497 cogebatur,
1092 5430 1150 5482 et
1186 5425 1263 5481 ab
1290 5423 1390 5479 illa
1416 5420 1612 5478 cordis
1655 5417 1854 5475 dulce-

182 5514 355 5583 dine,
412 5533 598 5590 quam
656 5514 1030 5590 aliquatenus
1074 5515 1201 5586 jam
1252 5513 1736 5585 prrrgustaverat,
1776 5506 1855 5563 ad

186 5605 627 5663 amaritudines
672 5605 887 5664 terreni
934 5602 1154 5675 negotii
1183 5601 1344 5659 foras
1379 5601 1554 5657 exire.
1597 5600 1717 5656 Hoc
1760 5594 1856 5653 sui

1933 1692 2182 1765 quidem
2210 1690 2501 1761 inhiabat,
2531 1690 2631 1746 sed
2664 1689 3006 1746 domesticis
3037 1695 3257 1760 tamen,
3312 1698 3370 1749 et
3415 1693 3591 1748 fami-

1932 1779 2180 1835 liaribus
2211 1778 2579 1849 exigebatur,
2612 1781 2678 1834 ut
2705 1779 2827 1834 otia
2855 1784 3203 1850 contereret,
3234 1783 3292 1836 et
3333 1779 3590 1836 aliorum

1935 1883 2063 1924 sese
2093 1866 2443 1923 utilitatibus
2472 1867 2861 1941 impenderet.

2005 1957 2119 2012 VII.
2162 1956 2460 2013 Mordaces
2482 1956 2659 2026 igitur
2689 1972 2864 2012 curas
2893 1961 3140 2030 propter
3180 1957 3589 2030 querimonias

1935 2044 2395 2101 reclamantium
2449 2043 2666 2101 invitus
2731 2043 3099 2101 admittebat.
3177 2047 3596 2104 Causabantur

1938 2133 2097 2189 enim
2130 2132 2220 2189 sui
2246 2133 2561 2206 querelosa
2589 2148 2732 2188 voce
2764 2132 3028 2189 dicentes
3060 2151 3073 2188 :
3118 2136 3234 2192 Cur
3261 2139 3474 2208 potens
3503 2135 3596 2191 vir

1938 2222 2017 2279 ab
2057 2220 2277 2278 inﬁmis
2307 2221 2579 2296 personis
2608 2236 2744 2295 quae
2790 2238 2884 2278 res
2936 2239 3077 2279 suas
3124 2223 3592 2296 populabantur,

1938 2312 2249 2368 violentias
2279 2316 2618 2385 pateretur;
2651 2311 2961 2377 addentes,
3010 2312 3155 2385 quia
3201 2314 3349 2368 dum
3396 2312 3598 2385 explo-

1937 2405 2137 2457 rarent
2164 2398 2327 2473 quod
2359 2399 2457 2455 ille
2497 2416 2561 2455 se
2591 2398 2775 2456 nollet
2824 2398 3045 2469 ulcisci,
3096 2399 3394 2474 quidquid
3439 2399 3596 2457 illius

1931 2487 2085 2561 juris
2110 2492 2265 2544 esset
2295 2487 2641 2544 mordacius
2692 2489 3080 2545 devastarent
3138 2506 3152 2544 :
3211 2489 3483 2547 Sanctius
3539 2491 3597 2544 et

1935 2577 2245 2633 honestius
2277 2591 2429 2644 esse,
2457 2581 2524 2633 ut
2541 2577 2642 2649 jus
2675 2581 2923 2633 armata:
2950 2576 3171 2634 militiae
3200 2592 3592 2648 recognosce-

1936 2670 2042 2733 ret,
2065 2669 2125 2721 in
2155 2666 2357 2722 hostes
2387 2666 2610 2721 ferrum
2640 2665 3381 2737 stringeret,violentorum
3408 2666 3599 2723 auda-

1937 2755 2094 2810 ciam
2124 2751 2384 2810 frenaret
2416 2771 2429 2821 ;
2480 2752 2669 2808 satius
2724 2766 2852 2809 esse
2893 2753 3242 2810 temerarios
3288 2755 3346 2810 vi
3383 2754 3598 2810 bellica

1938 2842 2150 2915 premi,
2183 2856 2369 2914 quam
2396 2854 2692 2914 pagenses
2720 2845 2778 2896 et
2804 2840 3065 2897 inermes
3097 2842 3175 2897 ab
3199 2842 3426 2897 eisdem
3447 2842 3601 2912 inju-

1940 2935 2025 2986 ste
2056 2929 2335 3004 opprimi.
2368 2930 2540 2995 Quod
2566 2929 2854 2985 Geraldus
2884 2930 3154 2998 audiens,
3196 2946 3319 2987 non
3345 2929 3596 2995 assultu,

1941 3016 2046 3073 sed
2074 3018 2304 3074 ratione
2329 3017 2695 3085 cohortatus,
2746 3016 2830 3072 ad
2858 3017 3267 3073 miserandum
3298 3023 3355 3073 et
3384 3018 3600 3072 subve-

1940 3106 2230 3162 niendum
2262 3104 2628 3161 ﬂectebatur.
2658 3107 2990 3177 Totamque
3016 3121 3078 3161 se
3101 3105 3318 3161 divinae
3344 3103 3603 3177 disposi-

1940 3194 2087 3252 tioni
2114 3210 2183 3250 ac
2212 3192 2633 3250 misericordiae
2659 3193 3058 3264 committens,
3092 3193 3385 3250 tractabat
3410 3191 3603 3266 quali.

1943 3288 2029 3341 ter
2065 3282 2327 3357 pupillos
2376 3285 2434 3338 et
2482 3281 2698 3338 viduas
2738 3282 2910 3353 juxta
2956 3282 3353 3356 apostolicum
3382 3296 3602 3356 praece-

1943 3378 2115 3446 ptum
2144 3371 2425 3441 visitaret,
2453 3373 2518 3427 ut
2542 3386 2604 3426 se
2633 3368 2711 3427 ab
2741 3371 2856 3427 hoc
2882 3371 3104 3428 saeculo
3142 3371 3601 3429 immaculatum

1946 3460 2288 3518 custodiret.

2016 3554 2153 3607 Vlll.
2193 3549 2375 3621 Igitur
2411 3547 2491 3605 ad
2545 3549 2926 3607 insolentiam
2982 3550 3381 3608 violentorum
3420 3550 3604 3624 repri-

1946 3640 2234 3698 mendam
2264 3654 2326 3695 se
2351 3638 2480 3711 jam
2513 3638 2847 3709 exercebat,
2886 3638 2949 3695 id
2989 3640 3284 3712 imprimis
3332 3638 3601 3697 certatim

1946 3729 2293 3797 observans,
2340 3732 2406 3783 ut
2451 3726 2728 3783 hostibus
2757 3742 2995 3800 pacem,
3016 3728 3485 3801 facillimamque
3514 3743 3605 3784 re-

1947 3816 2424 3874 conciliationem
2452 3813 2840 3887 promitteret.
2870 3814 3044 3880 Quod
3069 3815 3273 3888 utique
3303 3815 3604 3886 studebat,

1947 3912 2013 3962 ut
2040 3904 2132 3963 vel
2160 3904 2222 3961 in
2242 3903 2406 3961 bono
2435 3902 2665 3959 malum
2694 3902 2971 3970 vinceret,
3017 3902 3110 3958 vel
3141 3903 3186 3958 si
3232 3902 3315 3958 illi
3356 3903 3608 3959 disside-

1947 3997 2098 4066 rent,
2125 3994 2255 4066 jam
2286 3995 2421 4048 ante
2463 3991 2564 4047 Dei
2611 3990 2819 4047 oculos
2872 4005 2995 4045 suae
3039 3989 3193 4062 parti
3216 3989 3444 4061 justitia
3477 3990 3606 4062 ple-

1950 4084 2085 4140 nius
2114 4080 2372 4139 favisset.
2421 4082 2487 4137 Et
2517 4079 2845 4153 aliquando
2870 4078 3117 4152 quidem
3146 4077 3452 4135 mulcebat
3479 4092 3604 4146 eos,

1951 4177 2008 4230 et
2057 4171 2120 4228 in
2165 4186 2375 4245 pacem
2442 4167 2789 4226 reducebat.
2847 4170 2994 4226 Cum
3044 4183 3181 4224 vero
3236 4167 3607 4240 inexplebilis

1950 4260 2177 4318 malitia
2207 4257 2612 4333 quorumdam
2641 4256 2959 4331 paciﬁcum
2979 4258 3289 4313 hominem
3310 4255 3605 4326 irrideret;

1948 4353 2075 4424 jam
2106 4355 2246 4408 tunc
2276 4346 2473 4406 cordis
2502 4347 2896 4404 acrimoniam
2943 4362 3211 4413 exerens,
3262 4347 3611 4404 conterebat

1953 4438 2147 4496 molas
2192 4437 2403 4520 iniqui,
2458 4441 2522 4495 ut
2564 4436 2639 4493 de
2681 4436 2961 4494 dentibus
3002 4450 3236 4502 eorum,
3262 4436 3434 4508 juxta
3462 4434 3610 4492 illud

1951 4529 2081 4597 Job,
2136 4527 2393 4585 auferret
2438 4525 2729 4599 praedam.
2788 4528 2917 4583 Non
2957 4529 3181 4593 tamen,
3218 4529 3283 4581 ut
3307 4524 3610 4598 plerisque

1952 4615 2137 4675 moris
2167 4620 2272 4679 est,
2306 4614 2633 4672 ulciscendi
2657 4613 2901 4671 libidine
2929 4614 3209 4686 percitus,
3262 4616 3365 4669 aut
3405 4611 3613 4681 vulga-

1952 4708 2033 4764 ris
2058 4721 2263 4764 amore
2290 4702 2489 4761 laudis
2518 4703 2764 4770 illectus,
2784 4703 2891 4759 sed
2911 4716 3248 4775 pauperum
3275 4700 3610 4772 dilectione,

1955 4795 2059 4869 qui
2090 4794 2317 4868 seipsos
2347 4791 2495 4849 tueri
2525 4791 2859 4865 nequibant
2884 4790 3199 4847 infervens.
3253 4790 3485 4871 Agebat
3513 4804 3617 4847 au-

1956 4889 2078 4941 tem
2100 4883 2214 4939 hoc
2233 4896 2309 4938 ne
2338 4881 2485 4937 forte
2512 4880 2559 4935 si
2582 4880 2753 4937 inerti
2783 4877 3068 4952 patientia
3098 4880 3440 4953 torpuisset,
3467 4894 3618 4953 pras-

1959 4978 2199 5047 ceptum
2228 4972 2303 5027 de
2332 4984 2476 5027 cura
2525 4984 2865 5043 pauperum
2923 4967 3253 5038 neglexisse
3294 4969 3613 5027 videretur.

1957 5062 2132 5120 Jubet
2158 5061 2319 5117 enim
2350 5058 2496 5133 eripi
2519 5074 2870 5133 pauperem,
2898 5060 2957 5114 et
2973 5058 3048 5114 de
3076 5073 3263 5116 manu
3285 5059 3616 5132 peccatoris

1960 5167 2218 5222 egenum
2246 5149 2503 5205 liberari.
2536 5149 2671 5203 Jure
2700 5147 2879 5217 igitur
2905 5163 3028 5203 non
3057 5147 3241 5204 dabat
3271 5160 3457 5203 cornu
3482 5158 3617 5219 pec-

1962 5239 2165 5297 catori.
2196 5237 2521 5311 Aliquoties
2551 5239 2751 5293 autem
2780 5252 2921 5293 cum
2963 5232 3319 5291 inevitabilis
3364 5235 3419 5289 ei
3466 5245 3616 5304 prae-

1960 5328 2146 5387 liandi
2174 5327 2498 5384 necessitas
2522 5324 2913 5392 incumberet,
2945 5323 3068 5379 suis
3112 5321 3435 5394 imperiosa
3471 5332 3616 5377 voce

1959 5412 2261 5492 praecepit,
2294 5414 2683 5472 mucronibus
2710 5412 3047 5483 gladiorum
3072 5409 3395 5476 retroactis,
3411 5410 3616 5467 hastas

1964 5511 2203 5566 inantea
2232 5508 2552 5578 dirigentes
2580 5504 2936 5578 pugnarent.
2974 5498 3305 5555 Ridiculum
3346 5499 3462 5557 hoc
3512 5500 3618 5556 ho-

1967 5596 2159 5654 stibus
2216 5596 2385 5664 foret,
2433 5593 2548 5650 nisi
2594 5589 2881 5649 Geraldus
2921 5588 2978 5645 vi
3014 5584 3220 5646 divina
3268 5589 3614 5651 roboratus,
