4150 6128
541 89 650 144 647

545 227 692 268 mox
734 207 960 266 eisdem
1017 205 1290 262 hostibus
1345 204 1732 262 intolerabilis
1785 207 1962 260 esset.
2027 202 2200 268 Quod

547 300 728 356 etiam
760 296 880 352 suis
909 295 1082 352 valde
1109 294 1429 352 videbatur
1455 293 1728 366 ineptum
1750 293 1814 348 ni
1834 291 2205 364 experimen-

548 391 608 443 to
636 385 1012 459 probassent,
1035 384 1202 457 quod
1233 369 1540 452 Geraldus,
1569 397 1754 456 quem
1773 383 1966 455 pietas
1986 380 2050 436 in
2070 380 2204 452 ipso

547 473 862 548 praeliandi
891 472 1140 530 articulo
1165 472 1445 529 vincebat
1471 471 1835 528 invincibilis
1856 485 2093 542 semper
2113 484 2202 524 es-

549 568 655 620 set.
689 566 838 621 Cum
868 578 1012 634 ergo
1039 563 1310 619 viderent
1337 561 1504 635 quod
1543 576 1704 618 novo
1749 558 2064 633 praeliandi
2103 573 2206 628 ge-

547 669 689 710 nere
719 653 896 710 mista
919 653 1136 725 pietate
1173 650 1584 724 triumpharet,
1639 647 1973 705 irrisionem
2015 651 2206 703 verte-

545 741 697 799 bant
722 741 784 797 in
813 740 1293 798 admirationem.
1327 740 1517 794 Etiam
1541 737 1800 794 victoriae
1839 736 2052 804 securi,
2080 751 2202 792 ser-

547 830 776 887 vabant
803 828 1030 885 alacres
1061 829 1226 901 quod
1245 827 1516 898 jubebat.
1567 829 1694 882 Non
1724 826 1886 881 enim
1931 825 2208 881 auditum

547 921 638 974 est
661 917 988 990 aliquando
1019 916 1186 990 quod
1215 915 1306 970 vel
1336 930 1494 982 eum,
1528 913 1622 969 vel
1651 913 1870 970 milites
1901 914 2053 984 ejus,
2100 911 2209 986 qui

551 1005 668 1061 sub
693 1005 850 1061 illius
883 1004 1165 1060 ﬁdelitate
1189 1005 1632 1076 pugnaverunt,
1658 1005 1902 1057 eventus
1943 1001 2210 1057 victorias

551 1093 876 1150 fefellisset.
912 1092 1025 1149 Sed
1071 1097 1128 1148 et
1167 1092 1282 1147 hoc
1328 1095 1556 1147 certum
1594 1093 1852 1156 constat,
1895 1089 2063 1162 quod
2099 1104 2212 1145 nec

549 1183 680 1255 ipse
709 1181 1038 1255 quemlibet
1069 1196 1340 1253 unquam
1365 1179 1777 1246 vulneraverit,
1823 1194 1932 1235 nec
1961 1194 2212 1251 prorsus

549 1269 630 1326 ab
649 1270 854 1342 aliquo
877 1269 1226 1325 vulneratus
1261 1273 1366 1325 est.
1397 1269 1660 1326 Christus
1682 1282 1948 1340 namque
1968 1271 2114 1334 erat,
2149 1269 2216 1321 ut

549 1358 840 1429 scriptum
868 1361 972 1422 est,
1008 1357 1070 1412 in
1098 1357 1280 1413 latere
1307 1358 1458 1428 ejus,
1490 1357 1594 1430 qui
1643 1357 1839 1413 cordis
1887 1356 2020 1427 ejus
2067 1370 2213 1410 ocu-

547 1445 672 1502 lum
701 1446 1045 1519 inspiciens,
1076 1445 1426 1517 pervidebat
1461 1444 1630 1517 quod
1675 1460 1785 1516 pro
1829 1445 1960 1516 ejus
1985 1459 2215 1533 amore
2243 1481 2288 1533 Β

549 1537 672 1592 tam
701 1533 1032 1590 beneficius
1060 1537 1206 1604 erat,
1237 1537 1304 1590 ut
1329 1549 1454 1588 non
1477 1533 1680 1590 hostes
1709 1533 1878 1606 ipsos
1904 1532 2082 1588 vellet
2111 1547 2220 1605 ap-

549 1629 770 1696 petere,
810 1622 918 1678 sed
942 1622 1134 1678 solam
1162 1623 1224 1678 in
1252 1623 1336 1679 eis
1361 1621 1680 1678 audaciam
1701 1622 2064 1678 dementare.
2099 1625 2210 1677 Ne-

550 1727 653 1767 mo
677 1725 822 1766 sane
851 1713 1186 1776 moveatur,
1213 1709 1380 1782 quod
1407 1710 1591 1765 homo
1611 1710 1811 1780 justus
1840 1725 2022 1765 usum
2053 1724 2213 1782 prae-

549 1798 756 1869 liandi,
787 1798 894 1871 qui
917 1799 1288 1869 incongruus
1317 1797 1588 1870 religioni
1609 1797 1858 1864 videtur,
1882 1797 2214 1870 aliquando

549 1886 846 1942 habuerit.
879 1885 1157 1958 Quisquis
1187 1885 1282 1942 ille
1311 1889 1418 1954 est,
1461 1887 1508 1942 si
1549 1887 1712 1956 justa
1761 1886 1930 1942 lance
1959 1901 2209 1942 causam

549 1973 908 2044 discreverit,
941 1989 1018 2029 ne
1041 1974 1102 2028 in
1131 1974 1246 2030 hac
1284 1973 1530 2046 quidem
1582 1978 1752 2046 parte
1796 1973 2050 2044 gloriam
2100 1975 2210 2029 Ge-

549 2061 702 2118 raldi
749 2061 1034 2134 probabit
1089 2060 1553 2118 obfuscandam.
1611 2061 1888 2117 Nonnulli
1939 2076 2207 2133 namque

548 2153 788 2206 Patrum
819 2166 958 2206 cum
985 2155 1042 2206 et
1071 2150 1432 2206 sanctissimi
1462 2154 1518 2205 et
1547 2149 1962 2222 patientissimi
1993 2149 2212 2205 fuerint

543 2239 784 2310 justitiaa
817 2243 1020 2296 tamen
1048 2253 1234 2294 causa
1261 2237 1534 2308 exigente
1555 2238 1794 2294 viriliter
1823 2239 1888 2294 in
1918 2238 2204 2294 adversa-

549 2327 650 2384 riis
703 2343 876 2384 arma
913 2327 1311 2400 corripiebant
1372 2344 1384 2381 :
1443 2331 1510 2382 ut
1557 2326 1886 2396 Abraham,
1937 2326 2042 2398 qui
2097 2342 2208 2398 pro

549 2417 814 2474 eruendo
854 2420 1070 2489 nepote
1103 2417 1405 2486 ingentem
1453 2416 1721 2472 hostium
1766 2414 2210 2472 multitudinem

551 2505 720 2562 fudit.
757 2509 821 2562 Et
847 2521 952 2561 rex
1000 2504 1211 2576 David,
1235 2505 1340 2577 qui
1369 2505 1548 2560 etiam
1575 2509 1784 2561 contra
1809 2504 2001 2560 ﬁlium
2023 2503 2210 2574 legio-

551 2611 658 2650 nes
687 2594 917 2651 direxit.
954 2594 1240 2650 Geraldus
1267 2609 1392 2650 non
1417 2593 1612 2651 aliena
1649 2593 2058 2667 pervadendo,
2104 2594 2211 2650 sed

552 2698 683 2752 sua,
714 2682 862 2756 quin
891 2681 1089 2754 potius
1117 2696 1374 2746 suorum
1395 2683 1536 2753 jura
1565 2682 1789 2739 tuendo
1827 2682 2204 2752 conﬂigebat.

553 2773 680 2828 Non
707 2771 981 2828 nesciens
1004 2771 1459 2840 rhinocerotem,
1489 2771 1552 2827 id
1578 2777 1687 2843 est,
1733 2771 2062 2844 quemlibet
2103 2788 2208 2844 po-

1600 81 1656 137 S.
1698 81 1957 138 ODONIS
1993 75 2298 146 ABBATIS
2335 78 2840 136 CLUNIACENSIS
2877 81 2924 134 II

3809 98 3896 151 648

2319 200 2558 274 pietatis
2587 202 2818 276 grando
2848 201 3194 272 confugere,
3235 205 3292 258 et
3317 201 3466 260 illius
3493 218 3794 271 comante
3815 232 3902 288 per

2321 288 2532 345 Christi
2559 290 2812 359 gratiam
2837 291 3112 348 refutare.
3149 290 3338 346 Hostis
3379 295 3570 350 autem
3591 296 3906 372 inexplebili-

2321 378 2408 431 ter
2433 376 2696 448 invidus,
2725 394 2863 435 cum
2889 378 3299 452 experimento
3338 380 3650 454 probasset,
3693 389 3834 459 quod
3857 391 3906 446 in

2317 479 2390 520 eo
2442 481 2550 538 per
2597 465 3051 524 delectationem
3092 467 3289 525 carnis
3317 483 3557 539 regnare
3581 475 3908 550 nequivisset,

2317 553 2635 624 bellorum,
2689 560 2756 613 ut
2803 573 2988 630 supra
3034 556 3319 625 diximus,
3365 558 3616 616 turbines
3641 563 3692 618 ei
3707 579 3802 636 per
3824 566 3909 622 im-

2319 643 2544 716 probos
2598 646 2952 715 concitabat,
2997 651 3063 702 ut
3117 662 3320 703 arcem
3364 648 3587 720 pietatis
3611 666 3708 722 per
3727 653 3841 709 illos
3863 657 3910 712 in

2319 734 2500 790 corde
2527 735 2657 806 ejus
2689 739 3090 808 oppugnaret,
3119 735 3202 792 ad
3230 751 3414 808 quam
3443 753 3546 810 per
3589 739 3823 812 seipsum
3855 743 3912 799 ir-

2318 838 2597 896 rumpere
2641 840 3033 897 nequaquam
3081 824 3336 881 valebat.
3387 829 3591 885 Contra
3633 829 3913 888 castitatem

2317 927 2482 978 vero,
2514 915 2580 969 ut
2609 913 2688 969 ad
2717 913 2846 985 ejus
2865 913 3186 986 juveniora
3203 913 3537 982 redeamus,
3565 933 3736 990 quam
3757 919 3912 976 isdem

2320 1001 2707 1071 virgunculus
2735 1003 3010 1060 certatim
3037 1003 3342 1074 diligebat,
3391 1005 3807 1062 versutissimus
3835 1008 3916 1065 ho-

2321 1089 2424 1145 stis
2473 1090 2761 1147 acerrime
2807 1091 3302 1148 succendebatur.
3349 1095 3572 1149 Novum
3607 1109 3841 1169 namque
3876 1103 3920 1152 et

2321 1177 2673 1236 inusitatum
2703 1180 2786 1236 illi
2813 1185 2961 1250 erat,
3001 1181 3170 1254 quod
3198 1181 3414 1254 aliquis
3436 1183 3773 1254 juvenculus
3797 1201 3918 1241 nau-

2321 1265 2584 1337 fragium
2609 1269 2860 1341 pudoris
2893 1273 3055 1325 tutus
3079 1270 3383 1326 evasisset.
3417 1270 3728 1328 Libidinem
3755 1273 3918 1344 igitur,

2323 1372 2460 1428 qua).
2492 1357 2574 1412 ad
2597 1358 3020 1430 decipiendum
3049 1375 3240 1431 genus
3269 1361 3598 1428 hominum,
3645 1361 3732 1417 vel
3771 1363 3920 1418 maxi-

2325 1461 2448 1513 ma,
2477 1446 2570 1502 vel
2599 1446 2795 1519 prima
2825 1450 2912 1502 est
2939 1447 3071 1518 ejus
3101 1447 3305 1518 virtus,
3335 1447 3614 1504 instanter
3641 1447 3718 1503 illi
3744 1464 3920 1519 sugge-

2325 1535 2516 1590 rebat.
2545 1538 2740 1600 Quam
2767 1551 2906 1591 cum
2935 1535 3030 1592 ille
3055 1536 3294 1609 penitus
3317 1537 3609 1606 refutaret,
3655 1537 3920 1610 torqueba-

2327 1628 2422 1678 tur
2449 1623 2674 1691 hostis;
2705 1624 2870 1696 quod
2899 1640 3008 1680 nec
3033 1625 3113 1681 ad
3137 1625 3294 1682 fores
3322 1625 3564 1698 quidem
3593 1625 3772 1681 cordis
3797 1625 3918 1681 illius

2325 1710 2482 1766 hanc
2501 1711 2890 1768 intromittere
2915 1716 3136 1784 posset.
3177 1716 3563 1770 Veternosam
3609 1712 3684 1769 ob
3721 1713 3822 1768 hoc
3857 1728 3920 1768 re-

2323 1799 2469 1872 petit
2515 1799 2810 1869 fraudem,
2871 1805 2927 1857 et
2973 1801 3054 1857 ad
3091 1801 3550 1859 instrumentum
3589 1801 3918 1874 deceptionis,

2319 1903 2444 1961 quo
2474 1887 2566 1944 vel
2592 1889 2806 1954 Adam,
2833 1889 2926 1946 vel
2955 1890 3182 1963 posteri
3212 1891 3344 1962 ejus
3379 1891 3634 1947 maxime
3657 1890 3830 1962 decipi
3851 1905 3921 1945 so-

2317 1976 2462 2046 lent,
2491 1979 2569 2034 ad
2599 1977 2914 2035 mulierem
2944 1980 3101 2044 dico,
3133 1981 3401 2037 recurrit.
3450 1980 3772 2046 Quamdam
3795 1979 3918 2034 enim

2313 2064 2706 2135 juvenculam
2763 2067 2894 2138 ejus
2949 2067 3156 2130 oculis,
3208 2071 3274 2124 ut
3314 2068 3522 2134 fertur,
3566 2068 3808 2138 ingessit.
3841 2067 3923 2132 Qui

2318 2153 2469 2209 dum
2493 2155 2554 2210 in
2585 2171 2654 2210 ea
2675 2155 2938 2212 colorem
2967 2157 3234 2213 nitidulaa
3263 2158 3418 2214 cutis
3463 2157 3728 2214 incautus
3768 2161 3918 2211 atten-

2317 2242 2459 2299 dere
2485 2260 2627 2312 mox
2654 2245 2716 2300 in
2746 2245 3135 2302 delectatione
3185 2247 3340 2303 illius
3388 2247 3720 2304 mollescere
3763 2245 3921 2316 erepit.

2319 2334 2363 2389 Ο
2397 2333 2444 2387 si
2474 2334 2745 2405 protinus
2774 2335 3075 2392 intellectu
3104 2337 3515 2410 conspexisset
3533 2336 3676 2410 quid
3701 2335 3800 2390 sub
3823 2341 3922 2389 cute

2315 2420 2575 2478 latebat!
2609 2424 2753 2496 quia
2781 2425 3067 2480 nimirum
3094 2426 3240 2482 nihil
3287 2427 3490 2482 carnis
3522 2425 3818 2498 pulchrum
3841 2427 3923 2487 est,

2317 2509 2431 2565 nisi
2461 2509 2634 2567 fucus
2655 2512 2846 2583 pellis.
2862 2515 3083 2570 Avertit
3111 2515 3205 2570 ille
3227 2515 3462 2585 oculos,
3495 2515 3598 2571 sed
3621 2513 3826 2587 species
3843 2525 3926 2584 per

2315 2597 2480 2670 ipsos
2501 2598 2666 2656 cordi
2693 2600 2988 2672 impressa
3016 2602 3322 2659 remansit.
3377 2607 3580 2676 itaque
3623 2600 3926 2672 angebatur,

2315 2685 2686 2755 illiciebatur,
2716 2693 2774 2744 et
2803 2705 2962 2746 caeco
2991 2690 3117 2760 igni
3149 2690 3540 2748 adurebatur.
3590 2687 3826 2746 Tandem
3865 2685 3928 2739 vi-

2316 2781 2446 2830 ctus
2479 2775 2654 2832 mittit
2676 2776 2754 2832 ad
2776 2781 3031 2834 matrem
3061 2778 3296 2851 puellae,
3323 2780 3438 2853 qui
3461 2795 3522 2835 se
3549 2777 3768 2834 nuntiat
3789 2779 3926 2830 nocte

550 2857 792 2930 tentem,
824 2860 953 2917 loro
983 2860 1318 2932 religatum,
1349 2865 1415 2916 ut
1441 2860 1646 2931 glebas
1669 2859 1938 2928 vallium,
1986 2861 2050 2916 id
2099 2864 2207 2928 est,
2236 2872 2277 2927 ρ
2315 2869 2651 2921 venturum.
2687 2868 2934 2922 Secutus
2962 2867 3059 2924 ille
3091 2869 3406 2939 nuntium,
3453 2868 3723 2924 violenter
3761 2864 3829 2920 ad
3857 2863 3926 2916 in-

549 2948 868 3006 humilium
917 2964 1304 3022 oppressores
1350 2949 1705 3020 confringat.
1754 2950 1978 3021 Neque,
2017 2953 2082 3004 ut
2128 2949 2210 3005 ait

549 3039 892 3111 Apostolus,
914 3039 1111 3109 judea:
1139 3040 1264 3095 sine
1292 3053 1475 3096 causa
1505 3040 1776 3110 gladium
1797 3043 2006 3109 portat
2031 3057 2043 3106 ;
2079 3039 2206 3094 vin-

549 3128 667 3184 dex
695 3130 852 3184 enim
883 3128 992 3183 Dei
1019 3133 1101 3184 est
1133 3129 1324 3198 (Rom.
1353 3143 1481 3197 xm,
1513 3128 1590 3199 4).
1643 3127 1827 3184 Licuit
1851 3127 2030 3197 igitur
2053 3126 2208 3182 laico

548 3216 780 3272 homini
807 3217 868 3272 in
900 3215 1108 3272 ordine
1132 3220 1538 3288 pugnatorum
1566 3216 1762 3288 posito
1784 3215 2053 3286 gladium
2073 3231 2209 3288 por-

549 3309 695 3376 tare,
753 3308 818 3361 ut
865 3305 1092 3360 inerme
1141 3304 1358 3375 vulgus
1403 3304 1565 3360 velut
1599 3305 1929 3362 innocuum
1959 3321 2143 3378 pecus
2171 3320 2208 3362 a

549 3391 730 3465 lupis,
761 3397 826 3449 ut
855 3392 1142 3465 scriptum
1191 3397 1299 3462 est,
1353 3393 1703 3465 vespertinis
1749 3393 2102 3450 defensaret.
2141 3396 2209 3450 Et

549 3496 705 3552 quos
741 3479 1142 3536 ecclesiastica
1189 3495 1444 3536 censura
1495 3480 1769 3552 subigere
1822 3482 2048 3553 nequit,
2103 3483 2209 3537 aut

549 3569 763 3626 bellico
809 3570 965 3641 jure,
1025 3573 1128 3626 aut
1173 3568 1233 3624 vi
1267 3567 1588 3640 judiciaria
1625 3573 2048 3642 compesceret.
2077 3574 2204 3626 Non

547 3658 728 3730 igitur
757 3658 1047 3715 obscurat
1075 3659 1206 3730 ejus
1237 3659 1514 3730 gloriam,
1550 3658 1717 3731 quod
1757 3675 1869 3732 pro
1892 3675 2077 3716 causa
2104 3660 2205 3716 Dei

547 3747 859 3821 pugnavit,
885 3763 997 3821 pro
1025 3763 1149 3820 quo
1175 3749 1405 3820 pugnat
1457 3745 1620 3803 orbis
1667 3749 1962 3804 terrarum
2000 3751 2207 3805 contra

547 3835 916 3906 insensatos;
972 3835 1120 3910 quin
1149 3836 1350 3909 potius
1382 3835 1462 3892 ad
1488 3835 1734 3892 laudem
1775 3837 1906 3909 ejus
1949 3836 2202 3909 proiicit,

546 3927 715 4000 quod
739 3941 980 3999 semper
1001 3925 1128 3982 sine
1155 3925 1366 3983 fraude
1387 3925 1480 3982 vel
1499 3925 1856 3982 insidiarum
1869 3924 2206 3983 interventu

544 4015 750 4090 palam
795 4015 1022 4088 vicerit,
1060 4019 1116 4072 et
1157 4017 1358 4071 tamen
1386 4014 1468 4070 ita
1491 4017 1794 4087 protectus
1845 4029 1884 4072 a
1934 4017 2054 4072 Deo
2106 4015 2202 4087 sit,

545 4109 614 4160 ut
637 4104 906 4175 gladium
936 4120 1134 4174 suum,
1169 4105 1320 4160 sicut
1363 4119 1549 4175 supra
1576 4103 1860 4170 diximus,
1887 4119 2202 4178 nunquam

2315 2953 2552 3010 teritum
2582 2954 2800 3010 animm
2825 2954 3167 3013 festinabat.
3213 2958 3458 3014 Interim
3496 2971 3655 3020 vero,
3693 2954 3824 3012 sicut
3857 2965 3931 3005 so-

2313 3041 2436 3099 lent
2481 3043 2702 3115 captivi
2737 3043 2887 3100 inter
2943 3045 3207 3113 vincula,
3255 3045 3530 3119 pristinae
3577 3041 3834 3100 libertatis
3859 3053 3932 3107 ge-

2317 3135 2546 3187 mentes
2577 3133 2921 3200 memorari,
2940 3134 3203 3206 suspirat
3227 3135 3612 3200 Geraldus,et
3629 3132 3930 3188 consuetam

2315 3219 2536 3276 divinas
2564 3221 2893 3278 dilectionis
2939 3222 3320 3280 dulcedinem
3373 3223 3686 3281 recolebat.
3737 3222 3794 3274 Et
3829 3217 3932 3272 licet

2315 3321 2478 3377 aegro
2531 3306 2769 3380 affectu,
2826 3309 3082 3380 rogabat
3125 3313 3335 3373 Deum,
3389 3326 3466 3368 ne
3506 3327 3570 3367 se
3611 3309 3704 3364 illa
3729 3301 3930 3362 tentatio

2313 3397 2554 3469 penitus
2583 3397 2944 3456 absorberet.
3001 3400 3240 3456 Venitur
3282 3401 3370 3457 ad
3417 3400 3766 3464 condictum,
3789 3394 3932 3451 intrat

2311 3484 2643 3559 hospitium
2671 3487 2890 3559 puella,
2921 3489 3068 3561 quia
3094 3489 3282 3561 frigus
3329 3494 3485 3558 erat,
3535 3488 3684 3545 stetit
3723 3485 3780 3542 in
3815 3480 3931 3539 facie

2304 3577 2484 3644 juxta
2507 3575 2754 3631 focum:
2799 3577 3120 3634 Geraldum
3167 3593 3308 3634 vero
3364 3580 3496 3651 jam
3543 3577 3740 3634 divina
3781 3568 3934 3642 gratia

2311 3666 2676 3735 respexerat.
2711 3664 2816 3721 Cui
2853 3668 2976 3744 tam
3003 3665 3286 3723 deformis
3332 3667 3558 3724 eadem
3603 3661 3791 3738 puella
3821 3671 3932 3714 mox

2311 3751 2444 3809 visa
2471 3755 2578 3824 est,
2611 3757 2678 3808 ut
2703 3769 2828 3810 non
2850 3753 3115 3812 crederet
3141 3770 3277 3812 eam
3313 3771 3458 3812 esse
3507 3771 3691 3830 quam
3725 3749 3930 3812 viderat.

2311 3838 2507 3898 donec
2534 3845 2704 3914 pater
2743 3843 2872 3915 ejus
2900 3844 3096 3917 ipsam
3124 3861 3256 3902 esse
3276 3849 3594 3902 assereret.
3639 3847 3708 3900 At
3743 3839 3828 3896 ille
3867 3837 3932 3891 in-

2311 3929 2584 4000 telligens
2615 3931 2679 3987 id
2707 3947 2830 3988 non
2861 3932 2989 3989 sine
3017 3933 3224 3990 divino
3264 3939 3426 3992 nutu
3475 3934 3628 4008 ﬁeri,
3675 3927 3825 4004 quod
3863 3938 3934 3979 ea-

2311 4016 2454 4075 dem
2473 4019 2800 4091 juvencula
2828 4037 2953 4077 non
2999 4022 3278 4079 eamdem
3323 4009 3706 4081 venustatem
3735 4019 3798 4078 in
3831 4014 3932 4084 eius

2311 4107 2503 4163 oculis
2531 4107 2798 4177 haberet,
2827 4125 2968 4166 mox
3015 4109 3095 4166 ad
3139 4111 3356 4168 Christi
3399 4107 3852 4169 misericordiam
3885 4112 3932 4154 se

544 4193 816 4250 humano
843 4192 1136 4262 sanguine
1157 4191 1569 4248 cruentaverit.
1601 4194 1786 4249 Porro
1824 4197 2048 4264 autem,
2095 4193 2202 4267 qui
2229 4223 2274 4276 D
2309 4198 2634 4270 recollegit,
2667 4203 2724 4253 et
2751 4197 3050 4270 profunde
3077 4201 3394 4274 suspirans
3444 4203 3709 4260 concitus
3747 4203 3932 4268 equum

546 4279 822 4353 exemplo
853 4281 983 4351 ejus
1011 4281 1300 4336 adversus
1327 4279 1604 4336 inimicos
1640 4296 1812 4338 arma
1857 4283 2199 4355 sumpserit,

547 4369 678 4440 ejus
707 4384 952 4442 quoque
979 4369 1256 4442 exemplo
1283 4385 1406 4426 non
1443 4369 1752 4442 propriam
1803 4371 2198 4429 commodita-

546 4461 688 4526 tem,
715 4459 822 4515 sed
845 4474 1234 4516 communem
1263 4461 1513 4532 quaerat.
1535 4457 1748 4516 Videas
1767 4475 2032 4533 namque
2051 4475 2203 4518 non-

545 4547 744 4605 nullos
767 4547 872 4621 qui
901 4563 1012 4621 pro
1044 4563 1249 4604 amore
1271 4545 1469 4604 laudis
1501 4550 1606 4603 aut
1631 4547 1798 4617 lucri,
1817 4563 1946 4604 sese
1967 4549 2198 4621 pericu-

543 4635 616 4693 lis
645 4637 936 4694 audenter
973 4636 1284 4708 objiciunt,
1343 4635 1508 4692 mala
1555 4635 1772 4692 mundi
1805 4651 1918 4708 pro
1966 4638 2200 4695 mundo

545 4721 796 4781 libenter
833 4724 1124 4780 sustinent
1171 4741 1186 4780 :
1233 4723 1408 4795 cujus
1448 4722 1598 4778 dum
1624 4723 2055 4780 amaritudines
2096 4741 2198 4782 oc-

547 4815 793 4869 currunt
847 4812 976 4883 ejus
1028 4812 1272 4882 gaudia,
1317 4815 1384 4868 ut
1421 4811 1504 4868 ita
1550 4809 1822 4880 dixerim,
1863 4817 2199 4885 quwrentes

543 4899 822 4973 perdunt.
844 4899 958 4956 Sed
985 4899 1240 4956 istorum
1269 4899 1388 4956 alia
1409 4915 1504 4955 res
1546 4903 1652 4955 est.
1697 4903 1860 4972 Opus
1906 4917 2044 4958 vero
2093 4905 2198 4959 Ge-

543 4987 698 5045 raldi
723 4986 992 5044 lucidum
1021 4991 1132 5058 est,
1161 4987 1454 5061 quoniam
1482 4987 1558 5044 de
1589 4987 1962 5062 simplicitate
2001 4990 2198 5048 cordis

543 5077 802 5136 metitur.

615 5170 702 5224 IX.
741 5165 1164 5240 Exploraverat
1191 5166 1474 5240 antiquus
1507 5165 1791 5242 deceptor
1817 5183 2019 5225 mores
2048 5169 2195 5226 ado-

543 5257 840 5327 lescentis,
871 5261 928 5314 et
955 5256 1156 5313 nescio
1181 5255 1329 5330 quid
1356 5255 1628 5312 divinum
1655 5256 1718 5312 in
1768 5273 1839 5314 eo
1887 5273 2194 5314 commen-

544 5347 720 5414 tatus,
747 5347 810 5402 in
837 5346 1126 5402 invidiam
1153 5344 1600 5410 exardescebat,
1651 5349 1710 5402 et
1756 5346 1835 5402 ob
1865 5346 1928 5402 id
1957 5346 2198 5418 quantis

543 5437 776 5502 poterat
799 5435 1193 5491 tentationum
1218 5433 1530 5491 fraudibus
1559 5433 1720 5488 hunc
1759 5433 2010 5488 obruere
2037 5437 2195 5490 sata-

541 5520 742 5589 gebat.
778 5521 891 5578 Sed
918 5523 1015 5580 ille
1035 5524 1168 5594 jam
1195 5523 1484 5582 didicerat
1523 5521 1604 5579 ad
1647 5520 1945 5593 gremium
1975 5521 2194 5581 divinat

2310 4287 2604 4356 ascendit,
2637 4290 2694 4343 et
2721 4286 2804 4342 nil
2834 4291 3168 4359 cunctatus,
3195 4290 3426 4359 gratias
3465 4305 3653 4362 agens
3703 4290 3829 4355 Deo,
3861 4293 3936 4336 ra-

2309 4373 2460 4445 ptim
2489 4374 2656 4431 abire
2683 4376 3042 4448 properavit.
3074 4377 3303 4434 Nimius
3335 4380 3512 4449 algor
3553 4373 3778 4448 frigoris
3819 4375 3934 4426 tunc

2308 4459 2459 4520 forte
2487 4463 2815 4534 ingruerat,
2829 4464 2926 4520 cui
2955 4481 3017 4521 se
3043 4469 3166 4524 tota
3211 4472 3392 4524 nocte
3438 4467 3644 4525 torreri
3683 4455 3932 4538 parmis“;

2308 4554 2376 4608 ut
2427 4551 2646 4610 scilicet
2695 4569 2898 4626 parvae
2941 4553 3352 4612 delectationis
3402 4561 3674 4630 teporem
3710 4545 3934 4623 glacialis

2307 4639 2602 4712 asperitas
2625 4641 2883 4713 puniret.
2909 4641 3084 4698 lubet
3111 4646 3312 4700 autem
3363 4644 3641 4718 protinus
3687 4637 3842 4714 patri,
3883 4633 3936 4686 ut

2307 4725 2464 4784 hanc
2493 4729 2709 4801 nuptui
2737 4729 3009 4787 traderet.
3043 4733 3238 4798 Quam
3263 4736 3321 4790 et
3341 4733 3618 4790 libertate
3637 4723 3878 4792 donavit,
3890 4722 3936 4776 et

2307 4816 2620 4886 quoddam
2648 4818 3007 4890 praediolum
3025 4820 3158 4891 jure
3179 4821 3639 4878 testamentario
3655 4809 3930 4875 concessit.

2307 4903 2599 4960 Fortassis
2630 4909 2833 4963 autem
2855 4907 3234 4978 fragilitatem
3265 4925 3448 4966 suam
3477 4911 3800 4982 suspectus,
3829 4899 3934 4970 ejus

2305 4992 2625 5048 accelerari
2649 4995 2892 5066 nuptias
2940 4995 3097 5053 fecit.
3152 4999 3534 5072 Quapropter
3577 4997 3932 5062 eleemosynﬂ?

2305 5095 2512 5152 causa,
2542 5085 2601 5138 et
2622 5081 2760 5139 dote
2787 5082 3073 5142 libertatis
3103 5085 3365 5154 donavit,
3385 5103 3464 5144 ne
3485 5086 3644 5142 illius
3668 5079 3934 5140 matrimo-

2304 5169 2474 5226 nium
2493 5169 2850 5228 tardaretur.
2873 5175 3089 5230 Verum
3111 5177 3176 5230 tu
3200 5175 3417 5232 cedrus
3443 5172 3712 5232 Paradisi
3733 5170 3932 5225 futurus

2303 5257 2614 5329 quomodo
2659 5258 2744 5315 sic
2791 5261 3002 5330 agitari
3051 5261 3344 5334 potuisti?
3389 5265 3558 5320 Certe
3597 5265 3662 5318 ut
3706 5257 3932 5315 disceres

2301 5345 2500 5418 qualis
2527 5363 2600 5404 ex
2629 5347 2817 5420 teipso
2847 5364 3028 5406 esses.
3077 5353 3225 5408 Nam
3267 5355 3326 5408 et
3361 5351 3460 5408 ille
3486 5357 3626 5407 tuus
3653 5351 3928 5421 patronus,

2303 5435 2714 5506 apostolorum
2741 5436 3016 5494 videlicet
3043 5439 3341 5512 princeps,
3376 5439 3478 5495 cui
3509 5443 3714 5512 postea
3759 5435 3809 5488 et
3848 5425 3930 5484 tei-

2302 5537 2503 5596 psum,
2521 5529 2577 5582 et
2595 5525 2800 5582 omnia
2820 5530 2924 5584 tua
2951 5528 3322 5596 commisisti,
3345 5543 3476 5585 non
3497 5543 3560 5585 se
3583 5525 3722 5583 satis
3741 5529 3930 5588 cogno-
