4094 6156
249 61 354 117 649

995 83 1004 92 η
1069 65 1159 118 DE
1209 63 1365 118 VITA
1399 63 1455 118 S.
1487 63 1789 120 GERALDI
1837 53 2110 117 COIITIS
2143 57 2496 114 AURILIAC.
2542 95 2609 104 —
2653 64 2780 119 LIB.
2816 67 2856 118 I.

3575 71 3678 123 650

247 187 456 252 sceret,
490 182 606 239 nisi
635 184 970 240 tentationis
1015 183 1297 240 articulus
1339 184 1718 258 obrepsisset.
1745 188 1910 240 Nunc
1947 195 1996 249 Α
2022 178 2340 247 videretur,
2392 182 2695 238 manicare
2744 184 2853 253 (80)
2913 183 3157 256 studuit,
3213 188 3268 241 et
3322 186 3680 260 priusquam

245 288 389 328 vero
423 276 485 328 tu
512 277 791 345 expertus
822 274 1016 346 qualis
1063 274 1245 328 homo
1293 290 1400 346 per
1448 291 1530 346 se,
1563 274 1759 347 qualis
1806 288 1912 345 per

248 361 347 416 Dei
403 362 656 431 gratiam
711 362 802 433 sit,
831 362 1092 435 compati
1143 363 1483 436 supplicum
1519 368 1757 419 tuorum
1800 361 1915 416 fra-

247 449 456 519 gilitati
520 465 596 506 ne
673 449 1032 519 dedigneris.
1106 452 1456 508 Noverimus
1513 457 1713 508 autem
1770 449 1915 524 quia

247 554 371 595 non
401 543 487 594 est
521 538 940 596 inconsuetum
963 541 1180 596 sanctis
1222 541 1451 597 tentari.
1483 542 1723 598 Insertis
1752 540 1912 596 enim

248 633 541 700 corruptze
593 635 820 685 naturae
872 629 1025 685 vitiis
1074 636 1423 697 nascuntur,
1456 631 1676 687 scilicet
1725 635 1789 686 ut
1840 629 1913 684 si-

248 717 385 773 cubi
437 722 680 786 certent,
733 723 1022 775 certantes
1080 719 1339 789 vincant,
1389 720 1688 776 vincentes
1747 735 1912 774 coro-

245 811 484 862 nentur.
547 807 789 863 Interest
855 813 1055 864 autem
1113 809 1248 881 quis
1291 808 1746 865 delectationem
1788 805 1912 863 vitii

245 894 540 968 recipiens
589 896 964 963 succumbat,
1009 901 1112 951 aut
1149 897 1283 969 quis
1325 897 1520 953 eidem
1564 912 1910 970 repugnans

244 984 447 1040 vincat
485 1000 554 1040 ac
605 984 995 1041 delectatione
1042 985 1326 1042 virtutum
1392 986 1591 1059 potius
1646 991 1909 1042 mentem

245 1089 578 1146 occupans,
638 1091 940 1130 venenum
1002 1091 1203 1147 pravae
1261 1075 1688 1143 delectationis,
1743 1073 1909 1148 quod

245 1164 323 1220 ad
367 1164 583 1219 horam
627 1163 774 1220 forte
822 1165 1226 1237 insumpserit,
1286 1165 1556 1221 antidoto
1613 1165 1723 1238 piae
1769 1179 1908 1236 sup-

243 1253 584 1326 plicationis
619 1269 655 1309 a
684 1270 746 1309 se
791 1253 1056 1326 repellat.
1091 1257 1164 1310 At
1211 1254 1563 1310 adolescens
1612 1253 1706 1309 hic
1752 1253 1906 1326 peri-

243 1341 362 1397 culi
415 1343 824 1414 experimento
883 1342 1216 1412 discretior,
1267 1343 1418 1398 sicut
1461 1342 1679 1416 aliquis
1717 1341 1778 1396 in
1819 1342 1907 1396 lu-

241 1429 409 1485 brico
438 1434 576 1502 post
602 1430 1028 1503 impactionem
1053 1431 1244 1503 pedis,
1278 1431 1508 1486 cautius
1565 1429 1904 1496 incedebat,

2021 267 2384 326 illucesceret
2438 271 2756 343 proficisci.
2821 273 3080 330 Cavebat
3130 274 3356 348 quippe
3431 275 3493 331 in
3565 277 3680 332 hoc

2021 357 2327 427 turgidum
2356 359 2600 430 fastum,
2628 377 2703 416 ne
2735 378 2798 416 se
2829 362 3111 435 cuiquam
3145 365 3383 420 tardum
3430 369 3534 422 aut
3565 366 3679 422 dif-

2019 445 2238 502 ﬁcilem
2268 453 2594 520 praestaret,
2646 455 2708 506 ut
2736 451 2921 506 moris
2953 457 3044 507 est
3087 469 3247 508 nunc
3287 454 3677 527 quibusdam,

2020 535 2125 608 qui
2172 536 2333 593 velut
2388 538 2462 594 de
2517 539 2783 595 thalamo
2835 540 3248 612 procedentes,
3276 543 3443 615 prius
3493 545 3680 601 ebrie-

2021 625 2124 680 tati
2149 641 2213 680 se
2267 628 2618 700 mancipant
2673 645 2858 700 quam
2915 629 3125 684 amicis
3184 636 3485 705 praestent,
3534 649 3679 690 con-

2021 718 2111 770 tra
2162 714 2308 770 illud
2363 718 2676 790 Scripturae
2733 718 2982 774 dicentis
3030 737 3041 773 :
3120 720 3214 775 Vae
3273 726 3450 778 terra!
3506 725 3679 793 cujus

2010 805 2319 874 principes
2351 821 2526 862 mane
2552 807 2864 863 comedunt
2909 809 3056 877 (Isai
3085 825 3141 877 v,
3175 811 3280 874 tl).
3340 809 3518 881 Atqui
3576 813 3680 866 Ge-

2017 891 2223 948 raldus
2269 909 2393 948 non
2425 894 2526 950 ita.
2560 895 2737 950 Valde
2789 896 2948 951 enim
2997 896 3240 966 indigne
3292 895 3572 965 ducebat,
3618 901 3684 954 ut

2017 982 2122 1054 qui
2151 982 2352 1038 multis
2379 984 2658 1056 praelatus
2687 990 2813 1041 erat
2843 990 2899 1041 et
2924 986 3224 1054 dominus,
3253 987 3536 1042 vitiorum
3565 985 3678 1042 do-

2018 1071 2328 1127 minationi
2357 1071 2523 1129 ﬁeret
2548 1089 2780 1129 servus.
2813 1075 3065 1146 Jejunus
3095 1075 3218 1131 ibat
3267 1076 3345 1132 ad
3392 1075 3682 1149 placitum

2017 1176 2092 1216 ne
2147 1177 2347 1217 mersa
2404 1162 2720 1230 sobrietate
2772 1163 3018 1219 rationis
3068 1164 3295 1235 judicio
3372 1165 3678 1221 caruisset.

2018 1250 2361 1321 Inquirebat
2390 1256 2590 1307 autem
2621 1253 2768 1324 quid
2822 1253 3052 1323 Christi,
3104 1253 3251 1326 quid
3298 1255 3486 1326 pacis,
3516 1254 3683 1326 quod

2016 1353 2338 1394 commune
2361 1339 2593 1395 bonum
2619 1341 2941 1412 przeferret.
2977 1346 3112 1398 Post
3137 1348 3462 1399 nocturnas
3478 1347 3682 1399 autem

2015 1426 2222 1482 Iaudes
2255 1427 2304 1482 si
2334 1427 2600 1499 quolibet
2617 1430 3123 1501 proficiscendum
3148 1437 3292 1503 erat,
3326 1432 3683 1488 misssarum

245 1519 390 1575 satis
423 1535 640 1575 cavens
672 1523 730 1576 et
756 1519 921 1576 cordi
963 1520 1092 1590 ejus
1139 1520 1286 1577 nihil
1337 1519 1492 1576 oculi
1539 1519 1903 1585 nuntiarent,
1937 1543 1978 1598 Β
2018 1515 2501 1588 subsequebatur
2526 1516 2874 1574 solemnitas
2903 1537 2915 1571 :
2948 1518 3030 1574 ita
3087 1518 3299 1574 divinae
3354 1520 3681 1576 clementiae

244 1608 406 1664 unde
438 1625 602 1665 mors
631 1609 707 1665 ad
732 1611 860 1681 ejus
889 1609 1157 1666 animam
1202 1625 1308 1684 per
1358 1609 1647 1667 fenestras
1696 1624 1906 1665 eorum

249 1697 634 1754 subintraret.

316 1789 376 1843 Χ.
402 1790 692 1845 Caeterum
717 1786 910 1842 dulcis
943 1787 1230 1844 Dominus
1280 1803 1349 1842 ac
1390 1791 1608 1854 rectus,
1633 1787 1737 1860 qui
1784 1802 1905 1842 ser-

243 1892 390 1932 vum
416 1893 596 1932 suum
623 1875 944 1933 Geraldum
974 1892 1009 1931 a
1035 1880 1264 1947 stupro,
1305 1875 1542 1947 pietatis
1590 1875 1908 1931 dulcedine

245 1965 522 2031 servavit,
548 1965 761 2037 punire
790 1980 929 2019 eum
981 1979 1090 2036 pro
1139 1963 1646 2035 concupiscentia,
1677 1962 1912 2018 rectitu-

247 2053 406 2108 dinis
431 2068 683 2109 censura
715 2068 836 2108 non
867 2052 1084 2108 omisit.
1117 2051 1332 2125 Elapso
1353 2052 1579 2124 quippe
1609 2067 1731 2108 non
1759 2050 1912 2106 mul-

247 2145 448 2197 torum
477 2142 712 2198 dierum
735 2146 1022 2214 tempore,
1053 2157 1160 2213 per
1192 2157 1383 2196 unum
1429 2146 1484 2197 et
1532 2157 1603 2198 eo
1651 2139 1912 2212 amplius

245 2244 479 2285 annum
505 2229 882 2300 glaucomate
914 2229 1203 2285 ceecicatis
1224 2244 1395 2284 reum
1418 2245 1596 2284 suum
1618 2228 1910 2296 contrivit,

245 2323 313 2374 ut
335 2319 493 2374 oculi
516 2320 620 2392 qui
651 2319 850 2376 illicita
874 2319 1167 2388 viderant,
1195 2334 1306 2374 nec
1353 2317 1514 2374 licita
1561 2318 1807 2391 quidem
1834 2320 1912 2374 ad

245 2413 484 2479 tempus
513 2408 710 2464 videre
740 2412 1006 2480 possent.
1042 2411 1191 2463 Cum
1239 2406 1486 2479 quidem
1518 2421 1630 2462 nec
1676 2407 1738 2461 in
1789 2405 1914 2478 pal-

245 2498 470 2572 pebris,
503 2513 612 2553 nec
641 2497 701 2552 in
726 2497 999 2570 prunulis
1029 2497 1183 2567 ejus,
1218 2511 1471 2568 perpera
1499 2495 1784 2568 quaelibet
1811 2510 1915 2567 ap-

243 2590 501 2661 pareret.
530 2590 823 2644 Noverant
847 2585 1168 2642 familiares
1191 2585 1538 2650 caecitatem,
1559 2589 1616 2640 et
1636 2585 1794 2640 hanc
1810 2600 1912 2640 ex-

246 2677 468 2732 traneis
500 2675 876 2750 perspicaces
901 2674 1142 2748 pupillae
1165 2690 1404 2730 summo
1421 2673 1618 2730 studio
1639 2673 1916 2729 dissimu-

243 2764 478 2821 labant.
515 2764 614 2820 Ille
640 2779 780 2820 vero
808 2763 924 2819 sub
964 2778 1151 2818 manu
1198 2762 1458 2818 ferientis
1506 2761 1743 2817 Domini
1787 2777 1914 2817 sese

2016 1621 2078 1660 se
2135 1621 2396 1678 suosque
2448 1607 2828 1662 committens
2888 1607 3113 1663 abibat.
3187 1609 3478 1664 Prtedicta
3536 1623 3681 1664 sane

2014 1692 2342 1761 Dominica,
2376 1693 2668 1766 quoniam
2701 1710 2945 1751 necesse
2996 1695 3188 1752 fuerat
3221 1700 3357 1752 ante
3399 1711 3683 1752 auroram

2014 1782 2391 1855 proﬁciscere
2457 1784 2841 1856 [proﬁcisci],
2921 1785 3169 1841 missam
3254 1785 3680 1856 praeterierat:

2016 1888 2203 1943 quam
2229 1872 2448 1928 scilicet
2471 1872 2704 1944 expleto
2753 1873 2969 1946 placito
3000 1890 3139 1929 cum
3196 1877 3461 1946 speraret
3510 1873 3683 1930 audi-

2017 1976 2102 2030 re,
2133 1977 2437 2033 nusquam
2465 1961 2755 2034 possibile
2783 1962 2912 2018 fuit.
2943 1966 3181 2019 Moestus
3234 1963 3414 2033 igitur
3469 1963 3683 2020 admo-

2021 2049 2168 2106 dum
2195 2049 2586 2122 discurrebat,
2617 2068 2890 2123 quaerens
2920 2052 3024 2108 ubi
3074 2053 3277 2125 aliqua
3325 2068 3462 2125 spes
3513 2069 3685 2126 repe-

2020 2138 2211 2194 riendi
2230 2139 2454 2194 fuisset.
2499 2142 2644 2196 Cum
2674 2157 2815 2196 vero
2855 2140 3554 2213 nequidquam,advocat
3577 2141 3690 2197 cle-

2019 2228 2176 2284 ricos
2207 2229 2314 2301 qui
2343 2233 2469 2285 tum
2522 2229 2669 2286 forte
2717 2229 2986 2297 aderant,
3033 2235 3090 2286 et
3142 2247 3281 2286 cum
3331 2231 3423 2286 his
3475 2246 3687 2287 omnes

2021 2317 2452 2390 psalmistanos
2495 2318 2728 2388 milites,
2761 2319 3004 2375 dicens:
3057 2323 3180 2376 Mea
3221 2319 3460 2392 proprie
3509 2319 3689 2392 culpa

2023 2411 2131 2477 est,
2162 2406 2328 2478 quod
2353 2407 2480 2462 haec
2512 2412 2719 2463 sancta
2757 2407 2884 2463 dies
2909 2407 2970 2462 in
3023 2423 3253 2464 vanum
3303 2407 3480 2464 nobis
3528 2412 3688 2464 tran-

2024 2494 2148 2550 siet.
2190 2495 2305 2552 Sed
2329 2500 2415 2551 est
2463 2496 2629 2568 quod
2678 2495 2757 2551 ad
2811 2496 3055 2552 laudem
3108 2496 3211 2552 Dei
3267 2496 3582 2566 faciamus,
3614 2512 3690 2552 ne

2023 2585 2185 2641 diem
2215 2591 2490 2642 sanctam
2520 2587 2775 2644 inaniter
2800 2587 3155 2660 expendisse
3203 2588 3541 2645 videamur.
3596 2588 3691 2644 Di-

2023 2679 2190 2730 xerat
2219 2675 2368 2747 llth,
2396 2681 2452 2732 et
2475 2677 2830 2749 psalterium
2860 2694 2896 2734 a
2927 2679 3143 2751 capite,
3174 2678 3258 2734 nil
3289 2678 3538 2734 mortale
3591 2694 3688 2734 so-

2025 2779 2200 2832 nans,
2233 2780 2370 2819 cum
2397 2765 2624 2820 eisdem
2681 2767 3065 2838 percucurrit.
3121 2769 3203 2821 Ex
3248 2768 3363 2822 hoc
3405 2769 3534 2838 jam
3578 2767 3691 2822 sibi

246 2854 599 2924 humilians,
633 2857 923 2926 tanquam
955 2852 1033 2908 ad
1060 2852 1190 2923 ejus
1215 2850 1453 2921 ﬂagella
1482 2856 1728 2945 paratus
1755 2855 1915 2906 tace-
1953 2890 1996 2945 Ο
2026 2852 2526 2909 consuetudinem
2557 2855 2759 2909 statuit
2784 2859 2848 2909 ut
2876 2854 3226 2926 psalterium
3251 2855 3405 2911 bene
3423 2855 3690 2928 quotidie

243 2944 372 3000 bat.
405 2941 755 2999 Medicinam
786 2957 931 2998 sane
953 2955 1306 3014 corpoream
1332 2955 1442 2995 nec
1463 2938 1780 3006 refutabat,
1809 2955 1914 2995 ne-

247 3049 369 3106 que
398 3035 678 3101 urgenter
696 3030 1024 3103 quaarebat,
1049 3028 1403 3102 praestolans
1424 3027 1714 3100 patienter
1728 3043 1917 3100 quan-

245 3124 331 3180 do
351 3121 445 3179 vel
464 3121 718 3194 qualiter
749 3120 1039 3176 Dominus
1081 3136 1228 3175 suus
1266 3117 1501 3190 expleta
1529 3117 1776 3174 feriendi
1816 3134 1918 3174 vo-

245 3208 476 3264 luntate
501 3208 751 3265 verbera
772 3208 1129 3264 submovere
1147 3207 1452 3265 voluisset.
1474 3209 1727 3263 Noverat
1753 3207 1916 3263 enim

245 3297 418 3370 quod
441 3297 638 3354 omnis
659 3296 818 3354 ﬁlius
842 3297 1194 3368 ﬂagellatur.
1223 3297 1494 3352 Internus
1518 3311 1662 3352 vero
1698 3295 1917 3352 arbiter

247 3387 432 3442 etiam
463 3386 745 3443 minimas
775 3387 838 3442 in
883 3386 1082 3442 electis
1117 3385 1241 3441 suis
1269 3384 1542 3442 maculas
1573 3399 1735 3440 nunc
1775 3400 1915 3457 pur-

247 3483 373 3547 gat,
401 3493 476 3532 ne
507 3477 578 3533 sit
605 3477 666 3532 in
696 3476 780 3534 eis
795 3476 963 3549 quod
987 3476 1378 3548 postmodum
1408 3473 1616 3531 oculos
1646 3474 1777 3544 ejus
1826 3473 1914 3530 of-

245 3567 474 3623 fendat.
509 3569 576 3622 Et
599 3565 679 3622 ob
709 3566 771 3621 id
823 3564 1127 3634 ﬂagellum
1171 3564 1286 3620 hoc
1311 3563 1506 3620 eidem
1549 3563 1765 3632 intulit,
1792 3579 1916 3636 quo

245 3673 425 3714 mens
439 3655 716 3728 juvenilis
745 3659 802 3712 et
825 3655 900 3711 de
929 3654 1224 3727 praeterito
1249 3657 1626 3726 purgaretur,
1659 3659 1715 3708 et
1745 3653 1807 3709 in
1831 3652 1917 3708 fu-

249 3751 388 3804 turo
417 3745 759 3803 defaecatior
787 3747 1136 3801 servaretur.
1167 3745 1317 3800 Cum
1342 3759 1484 3813 ergo
1501 3745 1657 3798 Deus
1690 3742 1918 3815 exples-

249 3840 343 3892 set
365 3835 426 3891 in
451 3849 523 3892 eo
548 3834 916 3892 voluntatem
960 3848 1154 3899 suam,
1197 3831 1504 3903 ﬂagellum
1549 3830 1821 3902 dimovit,
1860 3834 1918 3886 et

247 3925 452 3981 lucem
483 3925 613 3996 ejus
644 3923 833 3980 oculis
863 3920 1182 3996 reparavit.

326 4013 424 4068 XI.
447 4016 580 4070 Jam
603 4028 745 4069 vero
774 4012 892 4085 ille,
915 4009 1089 4084 quasi
1117 4007 1374 4064 excoctis
1394 4023 1502 4080 per
1531 4006 1915 4063 afﬂictionem

251 4102 556 4166 sensibus.
579 4102 764 4158 vitam
788 4101 931 4158 satis
962 4099 1278 4155 honestam
1305 4096 1582 4160 ducebat,
1607 4101 1665 4152 et
1693 4096 1916 4153 medio-

247 4193 487 4249 ximum
513 4190 885 4248 discretionis
906 4188 1118 4245 callem
1142 4187 1203 4243 in
1226 4191 1437 4242 neutra
1457 4189 1624 4258 parte
1673 4185 1918 4258 pronior

252 4280 732 4352 agebat.Scilicet
761 4285 822 4335 ut
853 4277 1122 4336 saeculari
1150 4275 1390 4348 negotio
1421 4291 1530 4331 sua
1554 4275 1764 4332 munia
1791 4290 1916 4330 non

248 4370 578 4438 fraudaret,
601 4386 710 4426 nec
742 4385 780 4424 a
806 4367 1107 4438 religionis
1137 4365 1299 4422 cultu
1322 4369 1554 4421 terrena
1579 4381 1640 4420 se
1662 4380 1918 4436 occupa-

252 4462 416 4518 tione
434 4461 668 4517 tricaret
690 4479 702 4515 :
727 4457 1101 4515 honestiores
1121 4457 1282 4512 viros
1303 4455 1416 4511 sibi
1436 4454 1787 4511 familiarius
1808 4455 1916 4510 ad-

249 4550 568 4623 jungebat,
587 4554 643 4605 et
687 4548 930 4605 clericos
977 4544 1238 4602 melioris
1289 4543 1486 4613 famae,
1515 4560 1654 4599 cum
1697 4543 1917 4616 quibus

254 4642 426 4698 domi
447 4641 541 4697 vel
568 4639 710 4696 foris
729 4639 1003 4695 divinum
1029 4635 1315 4705 ofﬁcium,
1338 4639 1442 4691 aut
1465 4633 1664 4697 simul.
1702 4637 1806 4689 aut
1831 4633 1917 4689 vi-

253 4731 418 4788 ritim
447 4729 778 4786 exercebat.
803 4731 1052 4784 Venerat
1073 4725 1379 4782 Dominica
1406 4724 1554 4792 dies,
1583 4728 1640 4779 et
1682 4723 1778 4779 ille
1818 4739 1918 4779 ne-

256 4837 425 4877 cesse
445 4819 709 4876 habebat
725 4818 804 4875 ad
819 4817 1133 4891 quoddam
1178 4814 1462 4887 placitum
1503 4813 1617 4884 (79)
1657 4829 1729 4869 ex
1782 4828 1922 4868 con-

255 4911 424 4968 dictu
450 4910 674 4979 venire,
696 4924 819 4982 quo
846 4906 1067 4963 scilicet
1092 4903 1325 4960 nobiles
1355 4901 1606 4975 quidam
1637 4902 1744 4958 viri
1777 4918 1920 4958 con-

255 4999 494 5056 venturi
518 5003 704 5056 erant.
730 4999 892 5063 Quos
919 5011 996 5052 ne
1042 4992 1273 5050 tardius
1326 4991 1574 5047 veniens
1619 4990 1920 5048 demorari

2025 2942 2313 2998 recitaret.
2344 2943 2473 3007 Quo
2499 2942 2776 2998 videlicet
2821 2943 3098 3014 decurso,
3144 2943 3308 2998 velut
3356 2943 3693 3008 spiritaliter

2024 3030 2319 3105 epulatus,
2352 3031 2612 3100 gaudere
2639 3030 2974 3099 videbatur,
3001 3036 3065 3086 ut
3087 3031 3235 3087 solet
3259 3031 3478 3103 aliquis
3503 3031 3693 3086 ambi-

2023 3121 2182 3177 tione
2209 3119 2503 3175 exsatiata
2533 3119 2740 3176 laetari.

2093 3211 2204 3266 XII.
2239 3210 2671 3282 Manupretium
2731 3209 2980 3278 videtur,
3014 3210 3061 3266 si
3113 3210 3187 3266 de
3235 3211 3502 3283 corporis
3559 3210 3691 3282 ejus

2021 3297 2373 3356 habitudine
2403 3299 2686 3371 quiedam
2743 3299 3138 3371 proferamus.
3170 3303 3318 3355 Nam
3363 3299 3498 3356 licet
3552 3315 3692 3355 caro

2023 3404 2146 3446 non
2203 3387 2408 3460 prosit,
2470 3388 2607 3444 licet
2663 3388 2844 3444 fallax
2902 3389 3092 3461 gratia
3163 3389 3237 3445 sit
3284 3389 3689 3464 pulchritudo,

2024 3483 2226 3534 tamen
2256 3478 2400 3550 quia
2425 3477 2690 3535 libidinis
2741 3483 2919 3552 atque
2970 3480 3266 3554 superbiae
3324 3480 3514 3536 fomes
3558 3495 3691 3535 esse

2022 3567 2394 3640 quibusdam
2453 3568 2619 3636 solet,
2679 3567 3058 3625 laudandum
3116 3574 3204 3625 est
3258 3569 3319 3624 in
3393 3571 3509 3625 hoc
3564 3569 3690 3624 viro

2022 3656 2189 3729 quod
2218 3660 2276 3712 et
2303 3661 2593 3712 venustus
2610 3657 2738 3726 fuit,
2767 3662 2824 3712 et
2845 3675 2908 3713 se
2933 3674 3043 3713 nec
3069 3657 3333 3713 libidinis
3364 3673 3537 3713 caeno
3585 3658 3689 3711 fce-

2023 3745 2206 3802 davit.
2242 3743 2531 3800 Geraldus
2565 3745 2743 3814 igitur
2773 3749 3014 3801 staturae
3044 3745 3384 3811 mediocris,
3427 3750 3483 3801 et
3508 3750 3688 3813 totus,

2024 3838 2091 3888 ut
2114 3833 2350 3899 dicitur,
2405 3833 2777 3904 euphormis,
2811 3833 2869 3887 id
2930 3837 3020 3889 est
3071 3833 3225 3888 bene
3274 3832 3588 3888 formatus.
3624 3836 3690 3887 Et

2025 3939 2166 3978 cum
2213 3920 2696 3992 unumquodque
2756 3921 3098 3976 membrum
3150 3937 3260 3976 sua
3307 3920 3688 3992 pulchritudo

2024 4010 2401 4083 compsisset,
2435 4008 2654 4064 collum
2686 4013 2888 4065 tamen
2910 4009 2993 4065 ita
3019 4008 3432 4080 candidulum,
3462 4012 3520 4063 et
3543 4024 3691 4080 qua-

2026 4100 2074 4155 si
2104 4098 2183 4154 ad
2211 4113 2488 4154 normam
2512 4096 2754 4153 vivendi
2782 4097 3140 4154 decusatum
3169 4096 3454 4163 habebat,
3496 4101 3560 4152 ut
3588 4095 3689 4152 vix

2025 4187 2184 4246 aliud
2219 4191 2341 4243 tam
2373 4186 2702 4256 gratiosum
2759 4186 2979 4242 vidisse
3025 4190 3078 4242 te
3126 4191 3387 4260 putares.
3445 4185 3690 4256 Elegan-

2023 4279 2166 4335 tiam
2233 4289 2378 4332 sane
2435 4276 2701 4348 corporis
2758 4281 3042 4332 venustas
3099 4275 3284 4332 animi
3341 4275 3686 4332 decorabat.

2025 4367 2190 4424 Unde
2217 4366 2278 4421 in
2309 4365 2678 4438 frontispicio
2703 4366 2835 4437 ejus
2878 4365 3076 4421 cordis
3128 4365 3422 4421 habitudo
3477 4365 3690 4420 subru-

2023 4456 2251 4512 tilabat.
2305 4457 2424 4510 Hoc
2471 4458 2528 4510 et
2583 4454 2876 4526 scriptura
2929 4459 3200 4525 testatur,
3258 4454 3464 4509 dicens
3520 4452 3687 4524 quod

2024 4546 2178 4602 risus
2257 4543 2549 4615 dentium,
2621 4548 2680 4600 et
2749 4559 3034 4599 occursus
3110 4542 3304 4611 faciei,
3335 4541 3687 4614 qualitatem

2023 4633 2316 4690 interioris
2363 4631 2624 4688 hominis
2695 4631 3093 4686 demonstrat.
3149 4633 3500 4685 Gustaverat
3557 4629 3689 4700 jam

2026 4722 2316 4796 quoniam
2343 4721 2533 4776 dulcis
2590 4724 2680 4776 est
2736 4719 3041 4786 Dominus,
3067 4723 3124 4774 et
3175 4718 3381 4790 sponsi
3433 4717 3690 4775 caelestis

2027 4811 2319 4885 quoniam
2350 4809 2550 4865 suavis
2577 4809 2927 4881 amplexus;
2984 4813 3042 4863 et
3094 4807 3314 4864 idcirco
3372 4807 3692 4881 pulchram

2030 4877 2248 4957 animae
2287 4898 2550 4971 speciem
2602 4912 2724 4953 non
2781 4896 3118 4970 patiebatur
3171 4897 3235 4952 in
3285 4896 3474 4953 oculis
3531 4897 3690 4968 ejus-

2031 4990 2171 5046 dem
2201 4987 2410 5062 sponsi
2463 4985 2850 5043 delectatione
2907 4986 3103 5042 carnis
3143 4985 3491 5043 illecebrari.
3538 4985 3695 5042 Sole-

359 5166 450 5228 79)
473 5161 564 5216 Ad
581 5159 882 5232 quoddam
901 5157 1216 5232 placitum.
1250 5152 1315 5232 Id
1346 5155 1436 5232 est
1477 5150 1794 5222 judicium,
1825 5154 1929 5232 aut
2032 5147 2342 5232 Yindocin.
2367 5146 2758 5232 epist.24,lib.
2783 5147 2842 5213 1i,
2869 5145 3036 5232 quod
3049 5145 3263 5217 synod.
3294 5144 3610 5232 Arelat._i_v,
3642 5159 3693 5196 c.

259 5224 630 5290 conventum
654 5224 1089 5301 judiciic'ausa.
1112 5224 1336 5301 Synod.
1350 5226 1565 5301 Turo_n_.
1588 5237 1668 5301 III,
1687 5227 1923 5277 can.35:

2038 5224 2124 5291 l6,
2166 5242 2193 5270 α
2238 5217 2647 5291 causationes
2687 5217 3266 5291 disccp’tationesque
3327 5228 3618 5277 exercere,
3670 5234 3696 5262 ››

259 5289 290 5355 ‹ν‹
311 5289 433 5359 Pro
444 5289 940 5375 quolibétplacito
961 5298 1050 5375 v_el
1071 5289 1299 5375 judicio
1317 5311 1352 5351 a
1374 5289 1929 5375 qualibet’persona
2232 5289 2442 5375 N_ostri,
2471 5289 2736 5375 plaictlet
2755 5290 3016 5375 plaz'der;

258 5365 520 5432 munera
575 5365 829 5442 exigere.
905 5393 946 5442 ην
982 5372 1047 5424 Et
1072 5365 1196 5442 lib.
1236 5383 1316 5442 iu,
1373 5365 1648 5437 Capitul.,
1684 5381 1782 5442 _c.‘
1811 5366 1925 5442 81’s:

261 5470 290 5496 ‹‹
323 5433 768 5526 Unusquisque.
799 5441 1085 5526 comitum
1134 5438 1427 5526 placitum
1457 5433 1646 5526 suppa
1672 5433 1927 5526 lhabjeat,

260 5505 588 5589 etjustitias
599 5505 1003 5571 faciat.»Unde
1023 5505 1564 5582 etpfacitare,apud
1585 5505 1816 5562 Goﬂ‘red
1827 5521 1928 5562 um

616 5607 861 5659 PATROL.
904 5598 1169 5658 CXXXIII.

2108 5364 2222 5433 (80)
2247 5354 2854 5433 ΜαηὶὲάνεηΜαηὴε,
2886 5357 3025 5428 equi
3079 5355 3239 5426 apud
3295 5354 3598 5433 Horatium
3645 5359 3702 5410 et

2039 5427 2186 5490 alios
2206 5427 2462 5514 "veteres.
2507 5432 2646 5486 Inde
2678 5427 3002 5490 man-icafe,
3043 5442 3200 5496 equo
3253 5427 3404 5495 vehi,
3439 5428 3703 5499 equitem

2039 5519 2236 5575 agere,
2270 5510 2558 5576 equitare.

3279 5590 3339 5641 2i
