4092 6158
491 121 590 177 654

1562 107 1618 163 S.
1661 100 1926 161 ODONIS
1964 92 2196 154 ABBA’I’
2223 91 2264 153 θ
2304 97 2808 156 CLUNIACENSIS
2847 97 2893 152 ll
3749 97 3826 152 αι

490 244 641 300 bant
663 240 756 296 sui
811 235 1033 293 collum
1057 233 1198 304 ejus.
1232 231 1500 288 laetantes
1529 223 1884 292 deosculari,
1915 237 2027 278 nec
2064 224 2150 276 ta-
2181 223 2231 277 Δ
2260 225 2381 278 tem
2409 221 2614 278 dabat.
2630 223 2696 278 In
2725 219 2819 276 his
2845 217 3050 290 utique
3081 215 3372 272 Christum
3392 228 3454 270 se
3473 187 3834 288 susciperem-

493 348 634 389 men
662 325 1090 396 indignabatur
1143 319 1281 389 illis,
1313 319 1604 394 quoniam
1655 313 1956 389 superbia,
2016 325 2152 382 quae

493 433 730 492 semper
793 411 1180 470 intrectabilis
1237 413 1349 477 est,
1409 407 1615 464 sedem
1671 403 1784 460 sibi
1852 399 2154 456 vindicare

493 487 912 579 non—poterat.
969 505 1106 557 Erat
1159 502 1444 572 praeterea
1492 493 1758 568 corporis
1810 487 2155 564 pernicitate

493 575 750 654 multum
800 591 997 662 velox,
1029 595 1086 646 et
1139 588 1354 644 virium
1411 585 1626 642 robore
1681 581 1938 638 validus.
1983 575 2156 642 Quod

493 686 716 744 idcirco
767 683 834 738 iit
883 676 1488 738 commemorandum
1541 679 1606 728 ut
1661 673 1950 744 appareat
2003 681 2155 738 quo-

491 775 660 833 niam
713 769 1032 828 laudabilis
1090 772 1179 822 est
1232 765 1356 838 qui,
1409 761 1721 819 materiam
1773 753 2158 828 superbiendi

493 863 748 928 habens,
800 873 929 914 sese
981 857 1043 912 in
1094 853 1424 910 humilitate
1472 845 1889 922 deprcssserit.
1925 847 1965 899 E
2019 857 2158 898 con-

496 955 609 1020 ira,
658 947 947 1022 quoniam
1002 940 1447 1016 vituperabiles,
1497 937 1602 1010 qui
1657 950 1876 1008 parum
1931 931 2026 986 vel
2076 928 2159 984 nil

497 1040 716 1096 horum
771 1035 1058 1092 habentes
1132 1030 1559 1086 intumescunt.
1626 1027 1948 1095 Postquam
2016 1032 2149 1074 verr

499 1125 860 1184 mantelibus
887 1139 946 1178 sc
981 1121 1190 1177 studiis
1219 1117 1454 1192 plenius
1504 1111 1847 1187 applicavit,
1872 1109 1973 1166 illa
2028 1123 2158 1163 cor-

499 1217 662 1291 poris
717 1213 950 1284 agilitas
1003 1225 1250 1284 prorsus
1308 1205 1614 1264 emarcuit.
1671 1205 1819 1258 Tum
1873 1201 2160 1272 praeterea

501 1289 878 1376 gratissimus
904 1306 1027 1356 erat
1059 1297 1323 1372 alloquio
1356 1291 1685 1358 communi,
1718 1295 1775 1346 et
1802 1289 1862 1344 in
1903 1290 2160 1342 tractan—

499 1375 594 1450 dis
627 1409 699 1450 ac
755 1387 1151 1464 disponendis
1206 1385 1390 1442 rebus
1435 1381 1713 1438 acumine
1741 1375 1973 1434 consilii
2027 1389 2160 1446 pro-

497 1482 743 1541 fundus.
779 1484 846 1536 Et
871 1492 1228 1552 quanquam
1261 1471 1625 1529 scurrilitatis
1671 1466 1855 1523 verba
1901 1467 2157 1527 caveret,

500 1572 658 1628 seria
681 1575 883 1626 tamen
906 1569 986 1623 ita
1032 1563 1394 1638 proferebat,
1424 1565 1492 1616 ut
1533 1559 1712 1614 etiam
1755 1555 1880 1610 suis
1929 1553 1992 1610 in
2047 1553 2161 1608 hoc

499 1661 780 1735 placeret.
839 1660 955 1713 Nec
1009 1655 1071 1710 in
1121 1649 1492 1725 proferendis
1557 1647 1738 1703 minis
1801 1647 1928 1702 erat
1981 1641 2160 1698 nimis

503 1732 701 1816 dicax,
728 1762 839 1802 nec
877 1745 939 1800 in
978 1740 1361 1799 reservandis
1391 1737 1622 1812 injuriis
1669 1739 1870 1792 tenax.
1906 1732 2020 1789 Sed
2066 1745 2165 1786 ne-

503 1853 622 1912 que
653 1836 732 1892 ad
781 1833 1072 1892 beneﬁcia
1119 1830 1402 1905 quaelibet
1457 1826 1661 1883 danda
1717 1824 1943 1912 facilis,
1965 1837 2164 1894 neque

503 1910 731 1985 adth
755 1925 889 1996 [nec
917 1920 1136 1993 abhis]
1184 1935 1321 1992 quae
1367 1912 1614 1973 dederat
1663 1910 1990 1969 auferenda
2035 1925 2163 1964 mu-

501 2013 720 2072 tabilis.
756 2010 929 2078 Quod
955 2025 1100 2066 vero
1143 2004 1502 2064 aﬂlrmative
1557 2002 1801 2066 diceret,
1829 2001 1944 2056 hoc
1984 1998 2162 2054 indu-

501 2104 760 2162 bitanter
783 2099 1080 2174 explebat,
1107 2097 1220 2154 nisi
1242 2096 1390 2152 forte
1415 2096 1732 2166 peccatum
1761 2106 1894 2147 esse
1922 2089 2163 2158 dignos-

505 2195 682 2248 ceret.

575 2280 725 2335 Xlll.
758 2277 1045 2336 Studebat
1069 2278 1271 2332 autem
1319 2272 1401 2328 ita
1448 2269 1770 2332 sobrietati,
1801 2271 1866 2322 ut
1919 2281 2042 2322 non
2073 2281 2164 2319 so-

502 2369 630 2426 lum
661 2367 858 2433 se,sed
882 2366 1060 2422 etiam
1086 2381 1227 2419 suos
1243 2379 1280 2418 a
1300 2359 1646 2417 temulentia
1667 2357 2164 2412 custodiret.Nam

505 2457 776 2515 convivze
817 2457 968 2526 ejus,
1000 2467 1195 2525 neque
1243 2465 1492 2506 voraces
1547 2451 1735 2513 erant,
1763 2460 1960 2518 neque
1997 2441 2164 2500 biba-

507 2563 626 2603 ces.
653 2549 854 2616 Neque
883 2543 1044 2598 enim
1073 2539 1168 2596 vel
1214 2537 1479 2610 hospites
1521 2549 1793 2606 unquam
1840 2531 1920 2588 ad
1961 2529 2167 2586 biben-

507 2635 654 2691 dum
698 2633 970 2703 cogebat,
1017 2645 1214 2702 neque
1269 2624 1651 2682 numerosius
1714 2637 1904 2694 quam
1954 2634 2167 2676 omnes

509 2722 703 2781 elateri
731 2721 1020 2785 convivas,
1053 2723 1264 2791 potum
1312 2713 1612 2770 hauribat.
1642 2716 1846 2783 Itaque
1887 2709 1971 2765 sic
2023 2713 2166 2764 tem-

507 2813 762 2888 perabat
784 2809 1146 2879 convivium,
1176 2810 1242 2862 ut
1279 2804 1358 2861 ab
1388 2819 1460 2860 eo
1481 2817 1589 2858 nec
1627 2799 1935 2856 temulenti
1962 2813 2168 2867 surge-

2263 309 2434 373 dens,
2461 315 2518 366 et
2541 310 2743 383 ipsum
2787 309 3124 362 reverenter
3153 303 3214 358 in
3260 301 3350 357 his
3403 301 3690 367 honorans,
3713 302 3837 360 hunc

2263 399 2341 456 a'l
2381 417 2444 456 se
2485 415 2602 474 per
2637 399 2801 472 ipsos
2849 392 3298 458 intromittebat,
3331 391 3494 462 cujus
3533 389 3837 460 refrigerium

2262 493 2368 554 est,
2392 472 2562 561 juxta
2592 472 2974 562 prophetam,
3005 485 3244 540 reticere
3282 481 3522 536 lassum.
3551 481 3719 546 Quam
3740 498 3841 536 sus-

2263 579 2594 651 ceptionem
2631 575 2922 633 mercedis
2969 573 3126 628 male
3171 571 3401 627 sibimet
3422 569 3501 624 illi
3522 568 3839 638 imminuunt,

2264 668 2366 740 qui
2414 668 2550 724 licet
2601 665 2761 722 foras
2809 665 3194 733 eleemosyna
3233 658 3630 726 transmittant,
3669 673 3844 730 paupe-

2265 773 2358 814 res
2387 763 2590 812 tamen
2613 755 2692 812 ad
2723 771 2784 810 se
2814 769 2937 810 non
2968 751 3370 808 introducunt.
3403 752 3540 804 Nam
3584 746 3843 806 Christum.

2265 848 2368 918 qui
2400 847 2576 902 dicit:
2605 847 2830 914 Hospes
2861 858 3047 907 eram,
3089 846 3142 896 et
3187 839 3498 909 collegisfis
3537 851 3619 892 me
3651 835 3844 906 (Matth.

2265 951 2402 1005 xxv,
2435 935 2544 1004 35),
2577 934 2657 990 ita
2686 948 2722 988 a
2769 931 2894 986 suis
2937 928 3218 986 domibus
3265 924 3566 982 excludere
3608 923 3843 978 videntur.

2269 1027 2337 1080 Ut
2362 1027 2564 1078 autem
2585 1017 3348 1088 Pharisaeorumjustitiam,
3360 1015 3526 1085 juxta
3543 1016 3845 1086 praeceptum

2270 1111 2524 1180 Domini,
2581 1110 2834 1183 prmiret,
2889 1122 3114 1164 nonam
3165 1109 3394 1178 partem
3445 1102 3531 1183 de
3581 1099 3850 1156 redditibus

2268 1215 2553 1270 agrorum
2582 1198 2793 1272 reponi
2815 1211 3086 1253 seorsum
3113 1192 3384 1250 faciebat.
3409 1179 3545 1246 Inde
3577 1189 3632 1244 in
3659 1186 3851 1260 quibus-

2267 1289 2412 1346 dam
2439 1288 2562 1344 suis
2604 1287 2889 1343 domibus
2935 1299 3232 1356 pauperes
3275 1279 3606 1338 alebantur:
3652 1276 3769 1332 hine
3790 1274 3852 1330 eis

2267 1378 2621 1435 indumenta
2647 1377 2742 1432 vel
2767 1375 3174 1432 calceamenta
3192 1369 3622 1444 praebebantur.
3650 1364 3850 1420 0bvian~

2270 1467 2426 1524 tibus
2457 1466 2570 1522 sibi
2597 1481 2904 1534 nummos,
2931 1478 3086 1536 quos
3114 1460 3194 1517 ad
3221 1461 3336 1516 hoc
3372 1457 3496 1530 ipse
3541 1454 3756 1520 ferebat,
3778 1456 3854 1508 aut

2269 1573 2377 1630 per
2399 1573 2482 1627 se,
2515 1560 2620 1611 aut
2646 1569 2754 1628 per
2783 1550 3094 1609 credulum
3124 1548 3462 1606 ministrum
3507 1544 3649 1600 clam
3685 1541 3854 1614 jugiter

2271 1644 2664 1702 ministrabat.
2721 1639 3046 1714 Aliquoties
3101 1654 3242 1694 cum
3284 1651 3396 1710 pro
3441 1633 3629 1706 aliquo
3667 1630 3854 1686 homine

2270 1735 2505 1791 nummi
2530 1737 2938 1804 erogarentur,
2980 1731 3111 1801 ipse
3161 1743 3303 1784 cum
3353 1721 3759 1795 indignentibus
3785 1733 3853 1774 ae-

2271 1825 2548 1897 cipiebat,
2590 1823 2863 1892 gaudens
2921 1824 2979 1876 et
3023 1823 3322 1890 exoptans
3365 1811 3706 1888 pauperibus
3733 1809 3852 1897 assr

2271 1895 2464 1970 milari
2496 1930 2510 1981 ;
2541 1927 2696 1985 quos
2717 1915 2922 1967 tamen
2965 1907 3162 1965 statim
3210 1905 3418 1971 dabat,
3448 1900 3682 1958 multam
3715 1895 3853 1952 divini

2271 2001 2448 2058 ofﬁcii
2473 1999 2840 2056 functionem
2869 2012 2982 2071 pro
3028 1996 3279 2067 accepto
3316 1987 3658 2048 munusculo
3677 1999 3852 2042 recom-

2270 2105 2559 2164 pensans.

2342 2179 2454 2236 XV.
2485 2176 2836 2234 Refectionis
2881 2179 3174 2248 tempore,
3205 2172 3423 2244 ingens
3476 2168 3556 2224 illi
3597 2160 3857 2222 reverentia

2272 2265 2642 2327 servabatur.
2675 2271 2802 2324 Non
2842 2265 2924 2322 ibi
2947 2263 3284 2338 loquacitas
3311 2267 3414 2318 aut
3437 2256 3728 2316 scurrilitas
3750 2267 3856 2326 pra-

2270 2359 2530 2428 valebat,
2561 2357 2668 2414 sed
2693 2357 2789 2412 vel
2817 2352 3156 2423 necessarii,
3195 2351 3296 2408 vel
3328 2347 3557 2406 honesti
3593 2356 3852 2402 sermones,

2271 2447 2366 2504 vel
2385 2451 2539 2503 certe
2557 2445 2743 2500 divini
2787 2441 3008 2514 eloquii
3041 2439 3420 2496 dicebantur.
3440 2441 3540 2494 Per
3561 2448 3720 2492 omne
3739 2429 3856 2486 enim

2273 2541 2511 2608 tempus
2549 2532 2734 2590 semel
2781 2532 2842 2587 in
2891 2530 2986 2586 die
3016 2528 3377 2603 prandebat,
3399 2526 3509 2582 nisi
3541 2523 3673 2580 forte
3695 2515 3858 2576 aestivis

2273 2625 2506 2696 diebus,
2529 2639 2669 2680 cum
2689 2621 2927 2694 prosius
2955 2617 3206 2691 aliquiJ,
3231 2621 3342 2673 aut
3363 2615 3605 2672 crudum
3639 2609 3860 2696 cenaret.

2275 2713 2366 2770 Ad
2395 2693 2526 2784 ejus
2551 2693 2826 2767 mensam
2854 2709 3051 2782 primo
3077 2705 3306 2762 diutius
3353 2703 3675 2774 legebatur;
3713 2693 3794 2752 sed
3815 2694 3860 2746 ui

2279 2802 2670 2858 saecularibus
2727 2796 3256 2860 condescenderet,
3289 2795 3592 2852 lectionem
3629 2784 3860 2844 interdum

505 2863 658 2967 rent,
682 2915 792 2956 nec
819 2863 1147 2954 subtristes’.
1177 2897 1244 2950 Et
1281 2907 1421 2948 cum
1468 2889 1736 2962 hospites
1785 2886 1865 2943 ad
1908 2863 2169 2958 quorum
2201 2863 2242 2936 β
2282 2891 2681 2964 suspendens,
2711 2887 3023 2962 (Ingerebat
3050 2902 3086 2942 a
3113 2885 3344 2941 clericis
3379 2882 3524 2956 quid
3565 2880 3622 2936 in
3646 2892 3707 2933 ea
3743 2871 3860 2928 dice-

507 2990 946 3048 humanitatem
979 3003 1042 3042 se
1075 2989 1261 3042 totum
1300 2981 1708 3055 impendebat,
1741 2978 1978 3034 reticere
2018 2991 2171 3032 non-

505 3094 824 3152 nunquam
881 3091 1060 3132 mane
1115 3073 1368 3137 fecisset,
1407 3071 1538 3142 ipse
1599 3073 1802 3124 tamen
1857 3081 1980 3121 non
2036 3069 2174 3120 ante

501 3166 721 3227 horam
775 3164 892 3222 diei
945 3165 1200 3231 tertiam,
1242 3159 1334 3216 vel
1379 3159 1442 3214 in
1486 3157 1717 3228 jejunio
1767 3159 1906 3211 ante
1946 3170 2173 3210 nonam

505 3255 830 3314 reﬁciebat.
911 3251 1061 3307 Illud
1137 3248 1451 3320 Scripturae
1531 3247 1903 3318 praeceptum
1977 3241 2177 3297 obser-

507 3344 692 3402 vabat
715 3336 1348 3414 beatusprinceps,qui
1374 3335 1438 3391 in
1469 3339 1736 3406 tempore
1767 3347 1880 3388 suo
1916 3329 2176 3387 comedit

509 3432 592 3490 ad
615 3429 1004 3488 reﬁciendum
1033 3432 1091 3484 et
1119 3442 1243 3482 non
1271 3425 1350 3480 ad
1369 3422 1692 3479 luxuriam.
1720 3421 1876 3486 Quid
1902 3419 2062 3476 enim
2079 3419 2173 3475 ille

511 3517 964 3576 eonvenientius
1003 3515 1350 3572 observaret
1392 3527 1580 3584 quam
1635 3509 1999 3572 ebrietatem,
2037 3525 2174 3580 quas

511 3606 850 3680 praeterhac
879 3603 1047 3677 quod
1076 3617 1238 3658 mors
1281 3599 1501 3657 animas
1525 3601 1632 3667 est,
1672 3601 1730 3653 et
1771 3612 1808 3652 a
1834 3611 2022 3666 regno
2053 3595 2173 3666 liei,

511 3699 660 3753 teste
681 3691 992 3768 Apostolo,
1037 3690 1190 3747 sicut
1233 3686 1651 3753 homicidium,
1681 3683 1961 3750 excludit,
1995 3682 2175 3742 etiam

513 3783 748 3858 corpori
777 3781 1034 3839 multum
1063 3779 1244 3836 noxia
1264 3776 1576 3850 probatur.
1601 3773 1742 3831 Inde
1771 3773 1933 3830 enim
1954 3771 2175 3828 virium

512 3873 810 3943 debilitas,
841 3871 978 3927 inde
1009 3867 1421 3926 membrorum
1453 3869 1694 3932 tremor,
1720 3862 1860 3920 inde
1887 3877 2174 3918 sensuum

511 3963 826 4030 enervitas,
875 3959 1016 4017 inde
1064 3962 1336 4015 senectus
1390 3953 1810 4028 intempestiva.
1860 3950 2176 4024 conqueri-

511 4057 627 4108 tur.
649 4051 843 4117 Visus,
875 4047 1138 4120 loquela,
1164 4045 1360 4102 vultus
1406 4043 1857 4112 dehonestatus,
1888 4044 1945 4096 et
1995 4054 2176 4096 omne

510 4139 816 4208 religionis
855 4137 1040 4192 decus
1099 4134 1482 4206 depravatur.
1516 4135 1700 4188 Nemo
1748 4129 1974 4202 quippe
2017 4127 2177 4184 valet

2279 2959 2483 3037 retur:
2553 2979 2632 3034 ab
2669 2959 2843 3050 ipsis
2916 2981 3122 3032 tamen
3203 2989 3368 3046 quos
3430 2986 3604 3045 posse
3675 2959 3862 3021 noverat

2281 3067 2668 3143 respondere.
2701 3049 3006 3138 Siquidem
3045 3063 3283 3120 nobiles
3335 3061 3572 3118 clericos
3609 3049 3859 3112 nutriebat.

2281 3159 2502 3232 quibus
2545 3161 2600 3212 et
2641 3171 2882 3211 morum
2934 3154 3239 3222 honestas,
3307 3157 3365 3208 et
3425 3146 3658 3206 eruditio
3706 3149 3862 3196 sensus

2282 3246 2550 3304 certatim
2599 3243 3019 3301 adhibebatur.
3071 3238 3540 3297 Pubescentibus
3590 3233 3729 3290 enim
3759 3239 3861 3281 am-

2281 3335 2558 3393 teriorem
2589 3349 2650 3390 se
2708 3331 3036 3406 praebebat,
3077 3330 3290 3387 dicens
3347 3326 3511 3402 quod
3558 3323 3696 3380 illius
3724 3311 3862 3406 (βψ

2280 3428 2521 3495 tempus
2567 3401 2740 3476 valde
2793 3419 2867 3476 sit
2920 3401 3629 3492 periculosumpquando

2282 3488 2632 3568 adolescens
2667 3488 2954 3565 maternm
3003 3507 3167 3564 vocis
3219 3488 3676 3569 similitudinem,
3697 3491 3773 3551 vel
3805 3488 3862 3544 ia-

2283 3601 2391 3658 eiei
2420 3601 2748 3672 deponens,
2781 3602 3098 3670 paternam
3122 3595 3341 3668 incipit
3377 3602 3670 3650 assumere
3709 3588 3864 3672 νοωξι

2281 3689 2373 3746 vel
2401 3663 2630 3746 vultum
2655 3703 2669 3743 :
2699 3663 2757 3744 et
2779 3663 2882 3760 qui
2913 3702 2975 3742 se
3019 3689 3162 3742 tunc
3195 3663 3445 3740 servare
3476 3676 3729 3740 studeret,
3746 3663 3868 3760 facit?

2281 3778 2499 3836 dehinc
2527 3776 2722 3833 carnis
2749 3749 3046 3832 incentiva
3103 3777 3441 3846 superaret.
3473 3773 3613 3828 Cum
3655 3775 3771 3832 ergo
3809 3749 3865 3809 illi

2281 3883 2440 3942 quos
2464 3867 2542 3923 de
2564 3865 2814 3922 lectione
2843 3845 3206 3938 requirebat,
3229 3861 3407 3918 illum
3435 3855 3696 3930 rogarent
3712 3853 3763 3906 ut
3779 3845 3866 3942 ipse

2281 3927 2480 4032 potius
2505 3957 2867 4029 loqueretur,
2897 3927 3142 4010 tandem
3185 3927 3424 4008 solebat
3467 3927 3706 4023 proferre

2282 4018 2337 4105 ei
2363 4063 2488 4104 non
2545 4018 2862 4120 pbmposa'
2891 4042 3252 4112 dissertatio,
3283 4041 3396 4099 sed
3446 4018 3614 4096 docta
3656 4018 3864 4099 δίωριίει

2283 4141 2374 4194 tas
2401 4119 2796 4192 miniStrabat.
2833 4132 3071 4189 Interim
3100 4147 3237 4188 vero
3266 4147 3413 4188 cum
3449 4145 3481 4185 e
3519 4119 3738 4190 vestigio
3777 4121 3864 4168 ιιοιι

515 4197 695 4284 simul
726 4227 860 4282 vino
889 4229 947 4281 et
970 4197 1424 4297 Spiritdsancto
1451 4221 1686 4294 repleri,
1711 4197 1787 4276 θ(
1813 4197 1980 4274 nullo
2035 4233 2176 4289 pac-
2212 4228 2251 4282 D
2283 4223 2576 4291 deessent,
2623 4222 2729 4296 qui
2779 4221 3025 4278 facetias
3071 4218 3400 4293 quasdam,
3442 4219 3507 4274 ut
3550 4207 3758 4272 assolet,
3792 4197 3866 4292 Δεξί

511 4323 573 4375 to
597 4315 921 4372 Jerusalem
969 4314 1048 4369 ab
1097 4313 1234 4382 igne
1282 4309 1688 4368 fornicationis
1724 4307 1881 4364 valet
1924 4305 2096 4374 tueri,
2127 4305 2178 4362 si

511 4403 846 4478 principem
879 4415 1213 4473 coquorum
1262 4397 1659 4456 Nabuzardan
1706 4395 1784 4452 ab
1842 4395 1972 4466 ejus
2014 4393 2176 4451 obsi-

512 4493 692 4550 dione
717 4491 976 4548 noluerit
1003 4504 1224 4547 arcere.

583 4593 715 4648 XIV.
745 4593 990 4664 Semper
1015 4586 1226 4644 sedilia
1252 4583 1622 4659 pauperibus
1653 4597 1860 4639 coram
1890 4596 1953 4637 se
1995 4595 2176 4654 para-

511 4681 832 4748 bantur,-et
851 4677 1169 4751 aliquoties
1199 4689 1426 4731 mensae
1462 4670 1927 4746 apponebantur
1972 4669 2078 4737 eis,
2113 4673 2177 4726 ut

511 4786 618 4844 per
644 4769 911 4842 seipsum
936 4767 1159 4824 videret
1187 4763 1335 4837 quid
1361 4762 1454 4820 vel
1479 4764 1778 4835 quantum
1803 4759 1883 4816 ad
1909 4757 2178 4815 refectio-

511 4873 652 4914 nem
682 4857 767 4912 eis
793 4857 1056 4912 daretur.
1103 4858 1218 4910 Nec
1260 4857 1454 4909 certus
1508 4849 1835 4924 recipiendi
1882 4863 2170 4905 numerus

511 4944 848 5005 tenebatur,
872 4943 978 4998 sed
1006 4958 1146 4998 cum
1172 4941 1320 4996 forte
1342 4939 1544 5012 plures
1583 4938 1880 5006 adessent,
1909 4952 2171 5010 quorum

509 5049 785 5110 personae
805 5032 1099 5087 duntaxat
1114 5034 1270 5103 aptas
1284 5029 1362 5084 ad
1378 5027 1788 5101 recipiendum
1807 5026 2168 5096 viderentur,

508 5123 711 5198 plures
724 5120 804 5178 ad
815 5135 954 5176 eum
967 5116 1566 5174 introducebantur.N
1575 5114 1728 5170 ullus
1741 5131 1880 5171 vero
1896 5129 2169 5186 unquam
2197 5119 2202 5124 '

506 5211 584 5270 ab
599 5211 755 5267 ostio
773 5209 898 5264 sine
915 5207 1059 5263 datu
1092 5204 1489 5276 eleemosynae
1528 5201 1976 5258 excludebatur.
2016 5201 2174 5258 Mini-

511 5301 614 5356 stri
634 5296 1142 5373 proc'irabant,ut
1153 5293 1231 5349 ad
1254 5307 1505 5350 manum
1533 5307 1772 5364 semper
1797 5290 2174 5348 haberetfer-

505 5389 662 5458 cula,
686 5406 822 5462 quas
842 5389 969 5461 ipse
991 5387 1076 5443 eis
1091 5385 1282 5442 daret.
1307 5383 1488 5439 Potus
1517 5397 1760 5454 quoque
1789 5379 2166 5447 aﬁerebatur,

507 5493 693 5551 quem
713 5476 1050 5548 inspectum
1073 5491 1143 5532 ac
1164 5475 1599 5547 prmgustatum
1627 5467 2081 5536 transmittebat,
2107 5472 2176 5524 ut

527 5567 622 5642 psi
650 5566 847 5641 primo
867 5565 1161 5636 biberent,
1195 5562 1418 5636 quibus
1447 5560 1502 5618 ei
1529 5559 1625 5616 sui
1671 5557 1848 5633 panis
1891 5556 2173 5616 mediam.

2278 4283 2684 4385 jocularitates
2740 4314 3068 4377 moverent,
3089 4283 3246 4365 -non
3303 4283 3410 4365 eas
3462 4295 3708 4362 mordaci
3978 4333 3979 4338 π

2283 4375 2586 4475 gnatione,
2619 4401 2727 4458 sed
2755 4401 2931 4474 quasi
2953 4375 3158 4456 itidem
3179 4397 3449 4469 jocando
3499 4375 3862 4475 composed-3L

2283 4467 2326 4549 ᾗ
2334 4507 2602 4564 unquam
2626 4467 2828 4546 tamen
2849 4488 3169 4546 vanitatem
3182 4467 3408 4545 coram
3423 4500 3484 4542 se
3508 4471 3744 4556 protrahi
3760 4467 3867 4524 εὶηθ·

2283 4580 2406 4638 bat.
2438 4563 2720 4638 iNoverat
2763 4577 2925 4636 enim
2985 4577 3152 4652 quod
3199 4572 3574 4633 omnibusin

2288 4669 2640 4728 Christianis
2660 4669 2948 4740 jubeatur
2973 4647 3040 4722 ut
3069 4665 3486 4738 unusquisque
3513 4672 3644 4716 cum
3693 4647 3867 4740 sile!in

2289 4775 2468 4814 suum
2493 4730 2716 4830 panem
2747 4756 3074 4813 manducet
3127 4755 3195 4810 In
3219 4730 3552 4810 refectionis
3589 4730 3866 4830 autem}?ne

2285 4818 2603 4904 lectionem
2657 4861 2894 4918 semper
2948 4844 3133 4900 lector
3179 4841 3456 4899 iterabat.
3512 4839 3595 4894 Ita
3641 4818 3865 4918 {interadd}is

2283 4935 2380 4992 vel
2409 4935 2484 4991 de
2515 4937 2636 4991 Deo
2663 4904 2939 5007 loqdens,
2961 4932 3056 4989 vel
3083 4935 3204 4988 Deo
3237 4930 3354 4988 sibi
3379 4944 3486 5004 per
3510 4904 3864 5007 lectionem”:

2286 5027 2528 5098 quente,
2557 4995 2894 5080 maximum
2917 4995 3254 5077 refectionis
3280 4995 3515 5091 tempus
3535 4995 3860 5098 expende}???

2285 5082 2548 5168 Giderint
2575 5111 2657 5168 illi
2679 5111 2794 5168 hoc
2815 5111 2866 5182 ej
2875 5127 2946 5166 us
2965 5108 3313 5182 exemplum
3355 5082 3478 5179 qui,
3505 5102 3692 5182 contra
3717 5082 3862 5182 ιξθάίξτς

2286 5165 3297 5274 gau‘éﬁéhrpieﬁhém,canit-am
3339 5165 3397 5251 et
3438 5192 3624 5264 lyram
3661 5165 3862 5274 ludenti?

2280 5272 2506 5346 habent
2535 5289 2598 5346 in
2627 5272 2916 5345 conviviis
2947 5285 3088 5342 suis.
3114 5283 3383 5342 Gaudent
3400 5277 3640 5339 lusibus,
3662 5272 3783 5359 ei“?

2284 5383 2412 5449 tant
2439 5378 2520 5435 ad
2542 5393 2754 5435 vocem
2767 5374 2999 5447 organi.
3021 5375 3184 5448 Opus
3195 5363 3430 5430 Domini
3446 5381 3564 5426 non
3585 5343 3863 5449 respicillilir

2281 5443 2573 5542 quoniam
2601 5467 2756 5523 inter
2815 5435 2991 5522 vvoces
3033 5435 3525 5537 perstrepentium
3548 5463 3668 5542 nee

2285 5527 2614 5616 clamorem
2640 5554 2924 5630 pauperis
2970 5527 3424 5618 audiuntbuid
3469 5536 3658 5602 enim?
3695 5527 3864 5583 Votum
