4150 6128
197 100 296 153 653
1012 102 1103 155 DE
1145 102 1307 156 VITA
1356 99 1419 153 S.
1464 97 1786 154 GERALDI
1829 96 1896 152 Ct

2007 96 2119 159 TIS
2158 108 2507 170 AURILIAC.
2546 142 2615 157 -—
2651 115 2779 172 LIB.
2820 120 2861 174 I.
3376 64 3379 67 ἰ
3575 64 3713 181 654.

197 219 287 315 est
311 215 487 315 quod
508 216 792 315 it'lhristus-
830 220 1042 315 veritas
1073 217 1481 315 dixit,_quod
1524 219 1782 315 scilicet,
1813 231 1921 315 -ear
1947 221 1996 276 Α
2032 223 2166 315 ejus
2193 246 2316 288 non
2344 234 2539 291 solum
2570 235 2796 304 vicinis,
2830 239 2934 295 sed
2980 241 3158 298 etiam
3204 241 3551 315 longinquis
3595 258 3685 301 ro‘

200 305 589 401 abundantia
615 306 811 401 cordis
840 323 899 401 os
933 310 1193 401 loquitur
1222 305 1481 401 (M‘atth.
1518 322 1636 374 xu,
1665 308 1780 401 34-).
1813 304 1919 361 Isti
2028 314 2311 384 gionibus
2360 324 2700 381 resonabat,
2774 329 2839 383 Et
2887 329 3030 401 quia
3103 304 3396 389 ηονθιιεζηι
3431 304 3687 390 ‘omne.

199 395 580 492 qui-semper
612 393 688 449 de
719 396 1122 492 saecularibus,
1143 404 1200 455 et
1228 396 1332 492 vel
1358 410 1622 492 paruffl,
1654 397 1750 454 vel
1770 412 1919 454 ι’θοΓο
2025 417 2215 474 quam
2241 409 2546 468 beneﬁcus
2576 427 2719 482 erga
2749 393 2957 469 omnes
2987 422 3160 488 esset,
3191 418 3364 475 multi
3401 435 3508 492 per
3538 436 3681 477 eum

202 485 289 575 de
310 486 430 575 Deo
456 481 821 575 loquuntur,
850 485 1050 556 palam
1079 491 1165 543 est
1186 482 1657 575 quid‘amplius
1678 491 1914 556 ament,
1980 566 1983 569 Α
2024 507 2167 551 suas
2199 500 2576 556 necessitates
2604 481 3017 573 expediebant.
3075 481 3187 562 Nec
3235 481 3681 575 dedignabatur

201 573 296 630 vel
325 572 478 645 quid
506 572 886 664 incordibus
912 591 1119 664 eorum
1159 573 1455 633 abundet.
1508 575 1643 639 Qui
1673 577 1912 633 utinam
2021 587 2125 638 aut
2152 600 2259 657 per
2288 603 2349 643 se
2377 592 2480 644 aut
2528 604 2637 659 per
2682 572 2828 645 suos
2868 606 3206 663 pauperum
3236 572 3490 664 negotiis
3528 596 3679 653 inte-

205 663 359 758 sicut
384 661 682 758 Geraldus
706 663 1028 758 novissima
1053 666 1459 738 providerent,
1481 667 1546 718 et
1575 665 1707 722 sive
1733 684 1912 723 man-
2017 685 2200 744 resse,
2231 680 2307 745 et,
2338 681 2401 732 ut
2422 677 2577 749 potis
2609 681 2753 745 erat,
2787 661 3142 748 suffragium
3171 661 3456 753 praebere.
3507 685 3676 758 Saepe

203 751 525 821 ducarent,
555 750 680 805 sive
706 749 996 819 biderent,
1038 755 1256 821 omnia,
1283 755 1467 825 juxta
1513 764 1909 831 praeceptum
2016 760 2176 817 enim
2207 780 2341 819 cum
2373 763 2525 820 inter
2553 764 2861 821 discordes
2885 765 3039 823 dura
3069 749 3333 837 grassari
3383 769 3541 826 bella
3584 749 3681 827 co-

206 839 499 913 Apostoli,
533 838 614 894 ad
643 839 889 895 laudem
919 842 1021 896 Dei
1047 843 1327 899 facerent.
1356 841 1577 898 Tribus
1630 844 1791 903 feriis
1843 847 1909 903 in
2015 850 2335 919 gnovisset,
2370 851 2466 908 die
2494 868 2619 925 qua
2650 853 2991 910 ventilanda
3015 860 3143 911 erat
3180 872 3384 927 causa,
3421 856 3681 914 faciebat

205 928 626 994 hebdomada,
670 931 729 982 et
755 928 924 983 omni
974 933 1242 1003 tempore
1286 929 1459 1004 quod
1511 932 1906 992 abstinentiae
2011 954 2123 1010 pro
2151 941 2235 996 eis
2259 941 2476 998 missas
2506 942 2812 999 celebrari.
2846 946 2910 999 Et
2928 944 3152 1016 quibus
3178 962 3303 1002 non
3325 945 3681 1003 occurrebat

204 1016 493 1107 dicatum
523 1020 632 1107 est,
654 1032 718 1107 _a
760 1016 1048 1107 carnibus
1075 1020 1436 1076 abstinebat.
1472 1018 1526 1075 Si
1585 1026 1790 1080 tamen
1840 1025 1899 1080 in
2008 1027 2359 1086 humanitus
2388 1030 2731 1099 subvenire,
2771 1031 3058 1103 divinum'_
3084 1033 3198 1089 illis
3229 1033 3680 1107 imprecabatur

203 1105 444 1162 eisdem
468 1105 624 1161 feriis
639 1105 927 1161 festivitas
945 1109 1227 1164 annualis
1249 1109 1566 1177 evenisset,
1594 1112 1901 1169 abstinen-
2008 1118 2318 1175 auxilium.
2353 1122 2553 1193 Neque
2583 1122 2698 1177 hoc
2726 1121 3084 1194 patiebatur,
3104 1127 3169 1178 ut
3196 1105 3447 1195 quilibet
3478 1122 3679 1179 senior

203 1196 357 1253 tiam
379 1196 465 1252 ita
494 1195 777 1262 solvebat,
813 1200 877 1251 ut
905 1196 968 1251 in
1005 1198 1277 1282 qualibet
1305 1199 1589 1257 absoluta
1622 1202 1768 1258 feria
1818 1201 1898 1257 ad
2004 1207 2298 1264 beneﬁcia
2328 1223 2365 1263 a
2399 1225 2507 1264 suo
2534 1225 2712 1265 vasso
2741 1227 2853 1282 pro
2881 1210 3147 1282 qualibet
3174 1211 3361 1267 animi
3405 1226 3677 1268 commo-

198 1284 403 1341 vicem
432 1283 587 1339 illius
606 1300 793 1356 quam
824 1280 1112 1353 solverat,
1133 1287 1336 1343 itidem
1363 1288 1728 1357 abstineret;
1755 1307 1897 1348 cum
2004 1297 2165 1353 tione
2207 1301 2416 1368 posset
2455 1280 2917 1367 auferre;_sed,_
2959 1299 3216 1356 deducta
3269 1299 3349 1358 ad
3399 1298 3673 1354 medium

202 1380 262 1431 et
291 1388 489 1438 unum
517 1386 842 1445 pauperem
874 1378 1053 1431 extra
1084 1376 1288 1431 solitos
1327 1377 1581 1433 obtentu
1619 1379 1777 1434 illius
1808 1378 1893 1434 fe-

202 1463 484 1519 stivitatis
512 1462 792 1518 reﬁceret.
819 1462 918 1517 Sin
948 1480 1102 1519 vero
1127 1465 1428 1536 jejunium
1455 1467 1552 1522 die
1582 1470 1893 1524 Dominica

2004 1400 2209 1447 causa,
2243 1385 2461 1455 partim
2485 1401 2682 1457 prece,
2714 1386 2862 1459 parti
2893 1387 3166 1459 imperio,
3196 1387 3671 1444 commotionem

2003 1471 2345 1542 exasperati
2373 1473 2558 1528 animi
2588 1474 2971 1545 reprimebat.
3005 1475 3390 1531 Rectitudinis
3417 1476 3549 1545 ejus
3578 1473 3669 1530 vi-

200 1551 523 1619 evenisset,
554 1566 943 1622 nequaquam
973 1551 1131 1607 illud
1161 1554 1455 1625 solvebat,
1487 1570 1600 1611 nec
1632 1556 1746 1611 sub
1778 1556 1893 1613 hac
1921 1578 1965 1631 Β
2004 1575 2214 1629 gorem
2243 1560 2357 1615 hac
2385 1577 2507 1616 una
2529 1578 2591 1616 re
2623 1567 2856 1637 tantum
2888 1567 3134 1635 putares
3156 1563 3463 1619 acclivem.
3513 1565 3671 1628 Quo-

201 1640 524 1698 occasione
554 1638 908 1711 praeteribat,
956 1641 1070 1696 sed
1098 1644 1458 1713 praecedenti
1490 1644 1750 1701 sabbato
1801 1662 1894 1701 so-

199 1726 573 1785 lemnitatem
600 1727 807 1799 jejunii
834 1729 1249 1800 persolvebat.
1287 1733 1390 1788 Sin
1432 1749 1575 1788 vero
1603 1732 1735 1789 talis
1761 1735 1892 1804 ejus

202 1821 419 1874 sancto
444 1816 666 1873 homini
714 1816 1026 1872 videretur
1065 1817 1463 1891 incongruus,
1516 1823 1750 1877 noverit
1795 1823 1893 1878 ille

202 1924 393 1982 quem
436 1907 548 1963 hoc
585 1906 727 1962 forte
757 1911 985 1976 movet,
1019 1909 1187 1980 quod
1217 1912 1426 1966 omnia
1477 1911 1713 1966 munda
1770 1911 1891 1967 sint

204 1997 476 2065 mundis,
512 1995 572 2051 id
617 2000 723 2063 est,
777 1995 900 2051 sine
940 1997 1451 2070 concupiscentia:
1502 1999 1648 2056 vitio
1693 2018 1891 2056 come-

206 2085 513 2144 dentibus.
536 2088 600 2143 Et
626 2085 727 2159 qui
754 2102 875 2142 non
899 2086 1263 2159 qualitatem
1305 2089 1443 2160 cibi,
1482 2089 1591 2145 sed
1634 2090 1891 2147 necessi-

208 2182 416 2247 tatem,
448 2175 539 2232 vel
562 2174 886 2250 appetitum
938 2192 1068 2248 quo
1097 2177 1372 2249 sumitur,
1398 2179 1674 2234 internus
1699 2179 1886 2250 judex

208 2265 483 2324 attendit.
516 2265 685 2332 Quod
713 2264 866 2321 Elias
908 2265 1214 2338 propheta
1269 2272 1328 2324 et
1380 2271 1542 2324 Esau
1593 2284 1704 2324 suo
1748 2284 1886 2341 pro-

207 2356 365 2413 bant
392 2354 684 2428 exemplo.
708 2354 892 2412 Licuit
919 2354 1104 2425 igitur
1126 2355 1359 2413 homini
1402 2358 1584 2426 laico,
1636 2374 1887 2431 praescr-

208 2445 320 2501 tim
354 2449 477 2501 tam
498 2443 678 2515 justo,
700 2444 872 2500 licitis
897 2443 985 2499 uti
1011 2462 1024 2512 ;
1057 2444 1222 2515 quod
1245 2461 1371 2502 non
1396 2447 1538 2503 licet
1558 2446 1641 2501 eis
1664 2446 1887 2519 quibus

209 2534 273 2590 id
316 2550 428 2590 sua
479 2533 777 2607 professio
832 2532 1206 2589 contradicit.
1263 2538 1415 2592 Nam
1476 2535 1580 2591 illa
1625 2537 1892 2607 paradisi

214 2624 398 2681 arbor
423 2639 549 2680 non
577 2623 797 2680 idcirco
826 2627 1085 2679 mortem
1115 2622 1330 2693 intulit,
1355 2625 1525 2699 quod
1551 2625 1715 2681 mala
1736 2630 1896 2683 esset

213 2712 325 2770 sed
353 2713 520 2788 quod
549 2728 730 2786 super
756 2711 1141 2768 interdictum
1157 2710 1677 2786 fuitprsesumpta.

289 2806 423 2860 XVI.
452 2806 632 2860 Porro
679 2802 952 2858 vestibus
976 2800 1191 2871 laneis,
1238 2807 1345 2859 aut
1370 2802 1566 2871 lineis,
1611 2818 1735 2858 non
1781 2804 1896 2860 isto

2002 1650 2112 1704 ties
2138 1663 2369 1720 pauper
2390 1649 2555 1721 apud
2580 1650 2975 1722 potentiorem
3004 1651 3151 1706 forte
3177 1651 3475 1706 obnoxius
3511 1656 3671 1707 tene-

2000 1741 2186 1801 retur,
2234 1736 2518 1804 instabat,
2568 1741 2633 1793 ut
2669 1737 3119 1794 imbecilliorem
3161 1738 3244 1794 ita
3287 1741 3669 1807 sustentaret,

2003 1829 2306 1897 quatenus
2318 1824 2622 1882 fortiorem
2640 1828 2767 1883 sine
2787 1827 3030 1884 laesione
3040 1825 3331 1897 fregisset.
3349 1828 3665 1896 Caeterum,

2000 1913 2292 1969 veraciter
2336 1915 2628 1987 justitiam
2678 1916 2965 1988 esuriens,
2995 1916 3153 1973 hanc
3193 1931 3318 1971 non
3367 1914 3564 1971 solum
3605 1914 3673 1971 in

2003 2001 2156 2069 suis,
2188 2003 2293 2059 sed
2314 2004 2493 2060 etiam
2514 2004 2577 2060 in
2598 2006 2894 2061 extraneis
2921 2004 3059 2060 laedi
3082 2020 3206 2060 non
3231 2003 3591 2079 patiebatur.

2080 2094 2260 2149 XVIII.
2287 2094 2527 2151 iustitia:
2559 2095 2700 2163 sitis,
2733 2098 2799 2151 ut
2826 2094 3070 2162 esuries,
3119 2093 3440 2150 ordinatim
3484 2094 3548 2150 in
3596 2108 3669 2150 eo

2001 2181 2325 2250 ﬂagrabat.
2356 2186 2482 2240 Non
2509 2184 2669 2239 enim
2695 2188 2799 2240 aut
2827 2182 3173 2256 simplicitas
3200 2187 3304 2238 aut
3320 2182 3664 2253 benignitas

2001 2270 2388 2342 asperitatem
2417 2270 2520 2327 zeli
2549 2271 2884 2342 deserebat,
2910 2275 3018 2327 aut
3043 2270 3337 2344 asperitas
3366 2270 3474 2327 zeli
3527 2269 3667 2326 sim-

2001 2357 2284 2431 plicitatis
2314 2359 2760 2431 benignitatem.
2796 2359 3083 2416 Nimirum
3126 2363 3193 2415 ut
3236 2359 3312 2415 de
3359 2358 3469 2416 Job
3517 2357 3666 2415 dici-

2000 2451 2122 2516 tur,
2152 2448 2318 2519 quod
2344 2447 2598 2521 simplex
2627 2453 2752 2505 erat
2776 2451 2832 2504 et
2857 2452 3074 2519 rectus,
3096 2451 3154 2505 et
3172 2447 3282 2504 iste
3312 2447 3420 2515 vir,
3452 2462 3668 2520 quam-

1999 2534 2098 2591 vis
2130 2536 2499 2609 pauperibus
2525 2536 2781 2593 multum
2811 2536 3165 2608 consuleret,
3204 2540 3405 2593 tamen
3436 2534 3512 2592 ad
3557 2552 3670 2610 pu-

2000 2623 2299 2681 niendum
2327 2642 2461 2683 reos
2491 2641 2615 2681 non
2661 2642 3093 2700 usquequaque
3141 2624 3486 2684 dormitavit
3516 2643 3530 2682 :
3576 2625 3666 2682 vi-

2002 2712 2219 2768 delicet
2258 2729 2385 2769 non
2440 2714 2727 2784 ignorans
2779 2715 3146 2787 quibusdam
3201 2713 3484 2771 divinitus
3531 2730 3667 2772 esse

2004 2801 2238 2869 datum,
2297 2807 2362 2858 ut
2417 2802 2664 2859 crimen.
2719 2803 2886 2876 quod
2938 2803 3301 2876 impunitum
3352 2817 3665 2860 remanere

214 2890 405 2948 modo
460 2908 581 2964 quo
633 2906 796 2947 nunc
848 2888 1069 2987 a.ﬁliils
1112 2889 1292 2987 Belial
1350 2894 1791 2964 praesumptum
1841 2897 1899 2948 et
1927 2931 1970 2987 ο
2004 2906 2132 2946 non
2178 2896 2393 2962 potest,
2447 2892 2762 2964 temporali
2803 2892 3102 2987 supplicio
3155 2890 3343 2987 luant.
3398 2890 3671 2987 Undeet

215 2981 626 3052 excogitatum
657 2986 765 3050 est,
807 2978 912 3052 qui
960 2978 1166 3050 utique
1214 2978 1342 3035 sine
1381 2982 1532 3053 jugo
1582 2983 1740 3051 sunt,
1792 2982 1898 3037 sed
1933 2978 1969 2987 “”
2003 2995 2107 3035 rex
2148 2980 2339 3035 David
2386 2980 2650 3036 moriens
2693 2978 2844 3036 Joab
2888 2984 2945 3036 et
2989 2980 3181 3036 Semei
3224 2978 3395 3051 jubet
3440 2978 3664 3053 puniri.

217 3072 472 3145 antiquo
502 3087 670 3127 more
699 3085 941 3143 semper
970 3085 1120 3124 usus
1146 3072 1253 3138 est,
1285 3070 1368 3128 ita
1416 3071 1712 3127 duntaxat
1757 3086 1901 3127 con-

218 3162 416 3231 textis,
446 3165 510 3218 ut
538 3176 650 3217 nec
680 3160 958 3217 affectata
986 3174 1213 3231 pompa
1242 3159 1600 3228 redolerent,
1629 3175 1739 3216 nec
1773 3160 1900 3233 ple-

217 3252 361 3310 beia
379 3251 704 3308 rusticitate
732 3252 1103 3306 notarentur.
1142 3248 1415 3305 Sericinis
1457 3265 1602 3306 vero
1626 3248 1721 3306 vel
1768 3265 1900 3322 pre-

218 3342 414 3413 tiosis,
438 3358 551 3398 nec
596 3340 848 3397 obtentu
885 3338 1134 3411 quidem
1175 3339 1495 3409 cujuslibet
1534 3338 1895 3408 festivitatis,

217 3447 336 3488 nec
364 3429 619 3501 alicujus
648 3427 968 3502 praesentia
998 3426 1389 3495 marchionis,
1420 3426 1557 3500 plus
1605 3426 1779 3483 solito
1834 3443 1898 3484 se

222 3534 464 3576 comere
494 3517 740 3575 studuit.
772 3515 1210 3573 Reminiculum
1239 3517 1385 3573 illud
1412 3533 1536 3589 quo
1563 3516 1710 3573 solet
1737 3517 1898 3574 ensis

221 3609 474 3667 renibus
502 3606 774 3677 astringi,
803 3621 913 3679 per
937 3604 1143 3676 viginti
1184 3620 1401 3673 annos,
1433 3605 1483 3662 si
1527 3606 1738 3663 tandiu
1785 3607 1899 3664 du-

221 3716 363 3757 rare
403 3702 627 3772 posset,
670 3711 795 3752 non
842 3698 1080 3750 mutare
1129 3698 1233 3751 aut
1276 3710 1565 3752 renovare
1621 3695 1895 3754 curabat.

227 3788 385 3856 Quid
413 3788 612 3844 dicam
642 3786 718 3841 de
746 3784 947 3841 balteo
973 3783 1070 3839 vel
1094 3782 1427 3841 ambitiosis
1453 3783 1773 3852 cinctoriis,
1792 3790 1901 3843 aut

223 3877 442 3944 ﬁbula,
469 3876 546 3932 de
586 3889 884 3947 equorum
921 3872 1205 3945 phaleris,
1254 3872 1753 3946 quandoquidem
1799 3874 1897 3932 ille

226 3981 351 4023 non
385 3963 582 4021 solum
608 3967 851 4036 portare
889 3977 1130 4033 aurum,
1180 3961 1286 4017 sed
1328 3978 1440 4017 nec
1485 3961 1712 4017 habere
1758 3962 1893 4034 qui-

226 4056 374 4112 dem
401 4053 745 4126 pateretur?
790 4054 918 4108 Non
964 4050 1127 4107 enim
1172 4050 1402 4122 putavit
1438 4065 1657 4106 aurum
1707 4050 1896 4109 robur

229 4160 437 4215 suum,
464 4158 663 4215 neque
689 4141 753 4197 in
781 4139 1229 4196 multitudinem
1269 4138 1634 4209 divitiarum,
1684 4138 1792 4195 sed
1832 4140 1897 4197 in

230 4234 357 4289 Deo
381 4231 666 4303 gloriatus
696 4232 804 4286 est.
836 4231 905 4285 Ut
942 4227 1248 4298 religionis
1297 4227 1490 4284 solent
1529 4227 1711 4284 etiam
1758 4243 1896 4301 pro-

233 4323 511 4390 fessores,
535 4319 641 4392 qui
669 4318 750 4375 ad
779 4316 1176 4374 excolendum
1216 4316 1483 4389 corporis
1514 4316 1765 4387 cultum,
1807 4316 1898 4374 in-

232 4409 578 4469 verecundo
622 4413 679 4465 et
720 4406 1074 4477 infatigabili
1127 4405 1323 4463 studio
1356 4405 1784 4462 sollicitantur:
1834 4408 1899 4464 id

234 4502 361 4557 toto
388 4496 527 4554 nisu
554 4495 918 4563 affectantes,
964 4497 1028 4551 ut
1068 4493 1486 4563 reverentiam,
1542 4508 1732 4566 quam
1786 4493 1899 4550 sibi

234 4586 511 4644 moribus
539 4584 772 4652 tollunt,
802 4584 984 4641 vestis
1013 4583 1291 4657 pretiosa;
1320 4582 1533 4640 saltem
1552 4580 1803 4638 obtentu
1819 4583 1899 4640 ab

233 4674 605 4734 intuentibus
633 4673 1027 4731 emendicent.
1072 4671 1300 4739 Quibus
1342 4672 1549 4745 utique
1594 4670 1903 4743 expediret

234 4770 305 4822 ut
329 4764 410 4821 ad
439 4763 665 4820 cultum
691 4762 931 4830 animae,
963 4777 1099 4835 quae
1121 4760 1339 4833 jugiter
1362 4759 1776 4834 pulchrescere
1795 4776 1903 4835 po-

237 4858 411 4920 terat,
445 4853 642 4926 potius
671 4854 972 4908 vacarent.

309 4946 469 5001 XVII.
504 4945 641 4999 Erat
667 4945 869 4999 autem
900 4939 1270 5014 pauperibus
1296 4942 1353 4995 et
1379 4938 1663 5010 injuriam
1705 4940 1901 5012 passis

234 5032 390 5090 liber
406 5031 486 5088 ad
497 5047 637 5088 eum
649 5046 887 5104 semper
912 5044 1209 5096 accessus,
1234 5043 1346 5083 nec
1357 5026 1437 5083 ad
1452 5042 1701 5084 causam
1723 5044 1898 5085 suam

238 5122 295 5181 ei
315 5120 867 5178 commendandam
895 5118 1122 5177 deferre
1166 5116 1600 5173 munusculum
1653 5116 1901 5191 aliquod

236 5209 612 5279 indigebant.
644 5209 781 5266 Plus
809 5209 1033 5281 quippe
1065 5205 1252 5262 oculis
1302 5205 1430 5276 ejus
1483 5205 1900 5278 unusquisque

237 5314 422 5356 suam
448 5298 859 5354 necessitatem
880 5295 1116 5368 plenius
1142 5294 1460 5365 allegabat,
1482 5296 1713 5367 quanto
1732 5293 1902 5351 illum

237 5387 463 5447 arctius
491 5386 857 5457 indigentem
883 5384 1150 5440 vidisset.
1196 5385 1325 5439 Jam
1376 5398 1521 5439 vero
1562 5381 1903 5453 benignitas

317 5492 427 5564 (81)
452 5493 547 5548 Ab
578 5490 937 5563 ofﬁciawa
968 5491 1423 5564 comprehensus
1451 5496 1554 5564 est.
1595 5489 1712 5564 _Sic_
1750 5488 1906 5564 infra

239 5559 382 5638 cap.
409 5559 504 5621 '41.
560 5584 588 5615 «
611 5559 694 5620 De
722 5564 838 5620 hoc
891 5559 1204 5636 (praediolo
1249 5577 1471 5637 nempe
1512 5559 1907 5636 Taladiciaco)

1929 4280 1975 4338 D

2006 3058 2358 3132 Quamdam'
2379 3067 2591 3124 silvam
2615 3067 2877 3130 latrones
2899 3070 3363 3141 occupaverant,
3385 3066 3491 3139 qui
3509 3066 3671 3139 rapi-

2002 3171 2114 3211 nas
2144 3155 2340 3211 credes
2371 3156 2820 3213 transeuntibus
2850 3160 3029 3229 atque
3056 3155 3264 3213 vicinis
3306 3152 3666 3212 inferebant.

2006 3243 2179 3311 Quod
2210 3244 2498 3302 Geraldus
2525 3245 2801 3313 audiens,
2830 3244 2910 3302 ad
2939 3244 3304 3318 capiendum
3333 3260 3438 3301 eos
3477 3243 3667 3317 proti-

2004 3347 2121 3388 nus
2145 3332 2377 3389 direxit.
2418 3337 2657 3390 Actum
2706 3333 2856 3390 forte
2904 3333 3242 3390 rusticanus
3284 3330 3538 3407 quidam
3586 3328 3668 3389 ad

2003 3436 2109 3477 eos
2139 3424 2305 3478 metu
2352 3426 2600 3493 cogente
2645 3425 2910 3479 venerat.
2960 3422 3186 3480 Milites.
3213 3437 3353 3480 vero
3409 3419 3514 3494 qui
3564 3436 3669 3477 eos

2003 3511 2609 3583 comprehenderunt,
2634 3511 2906 3568 timentes
2922 3527 2998 3568 ne
3025 3510 3173 3568 forte
3194 3510 3458 3567 domnus
3474 3507 3670 3567 Geral-

2003 3598 2119 3656 dus
2149 3605 2252 3657 aut
2282 3616 2385 3657 eos
2411 3599 2755 3669 dimisisset,
2787 3603 2892 3657 aut
2920 3616 3027 3655 cur
3051 3615 3155 3657 eos
3185 3598 3516 3672 impunitos
3556 3596 3671 3655 sibi

2004 3688 2387 3748 ostenderent
2413 3689 2802 3763 inculpasset,
2845 3680 3052 3746 oculos
3081 3688 3357 3746 omnium
3397 3688 3670 3762 protinus

2004 3778 2371 3836 avulserunt.
2399 3780 2530 3846 Qua
2560 3779 2875 3834 occasione
2904 3776 3131 3835 factum
3160 3782 3253 3835 est
3282 3787 3345 3833 ut
3372 3777 3467 3834 ille
3497 3777 3672 3835 rusti-

2005 3882 2193 3924 canus
2222 3882 2347 3922 una
2375 3870 2717 3922 ceecaretur.
2769 3864 2879 3931 Qui
2925 3864 3143 3921 dehinc
3193 3864 3257 3919 in
3304 3864 3669 3924 Tolosanum

2001 3971 2231 4030 pagum
2256 3955 2520 4011 recessit.
2554 3957 2757 4023 Longo
2786 3958 2924 4024 post
2950 3957 3239 4025 tempore,
3282 3969 3421 4008 cum
3471 3952 3546 4007 de
3595 3969 3671 4009 eo

2003 4046 2266 4102 domnus
2297 4042 2584 4101 Geraldus
2615 4041 2884 4098 audisset
2926 4042 3070 4113 quia
3112 4039 3417 4096 latronum
3466 4039 3666 4096 socius

2003 4149 2126 4190 non
2156 4132 2352 4204 fuerit,
2382 4130 2557 4187 valde
2602 4129 3012 4187 constristatus
3060 4133 3170 4197 est,
3219 4127 3528 4202 requirens
3571 4128 3669 4186 vel

2004 4223 2053 4279 si
2084 4221 2323 4290 viveret,
2342 4220 2438 4277 vel
2456 4236 2579 4293 quo
2607 4220 2768 4275 isset.
2803 4220 3119 4291 Comperto
3150 4223 3351 4275 autem
3392 4217 3560 4293 quod
3588 4219 3669 4276 ad

2004 4312 2364 4369 Tolosanam
2390 4309 2765 4383 provinciam
2807 4307 3201 4378 discessisset,
3251 4312 3494 4365 centum
3533 4307 3670 4364 soli-

2006 4402 2136 4470 dos,
2189 4404 2255 4458 ut
2303 4400 2491 4469 aiunt,
2534 4399 2588 4455 ei
2635 4397 2983 4468 transmisit,
3025 4396 3247 4469 jubens
3289 4396 3557 4472 portitori
3603 4402 3672 4456 ut

2006 4490 2135 4563 ejus
2165 4488 2293 4546 vice
2324 4486 2565 4545 veniam
2594 4488 2673 4544 ab
2704 4503 2775 4542 eo
2804 4485 3152 4559 postularet.

2076 4577 2206 4635 XIX.
2241 4577 2446 4634 Itidem
2474 4592 2661 4650 quam
2706 4575 3025 4630 clementer
3069 4571 3477 4628 consolaretur
3518 4569 3668 4627 afﬂi-

2005 4670 2154 4737 ctos,
2187 4671 2292 4722 aut
2317 4669 2616 4738 quantum
2647 4676 2805 4734 saepe
2834 4661 3211 4717 misereretur
3231 4657 3528 4728 obnoxiis,
3551 4658 3668 4716 hoc

2005 4754 2233 4829 liqueat
2261 4753 2556 4826 exemplo.
2591 4749 2929 4817 Quemdam
2978 4748 3399 4822 presbyterum
3449 4747 3531 4805 ita
3580 4748 3670 4805 vi-

2007 4845 2125 4902 cini
2153 4844 2243 4900 sui
2272 4847 2571 4900 crescente
2602 4839 2789 4910 litigio
2815 4839 3235 4907 contriverant,
3267 4842 3336 4896 ut
3373 4838 3504 4910 ejus
3533 4854 3675 4896 ocu-

2006 4934 2097 4992 los
2128 4936 2420 4991 eruerent.
2454 4933 2642 4996 Quem
2676 4928 2894 4986 scilicet
2920 4927 3117 4985 senior
3161 4927 3359 4985 verbis
3409 4926 3669 4985 multum

2009 5024 2352 5081 consolatus
2398 5026 2509 5087 est,
2562 5019 2827 5076 suadens
2876 5019 2961 5076 illi
3005 5017 3376 5092 patientiam.
3437 5017 3551 5074 Sed
3593 5030 3672 5076 ne

2007 5113 2333 5170 verborum
2381 5108 2709 5166 consolatio
2751 5107 2918 5164 exilis
2967 5108 3286 5173 videretur,
3332 5105 3669 5179 quamdam

2011 5203 2103 5258 sui
2128 5201 2278 5274 juris
2316 5199 2649 5267 ecclesiam,
2700 5197 2857 5253 facto
2897 5196 3239 5253 solemniter
3284 5196 3675 5273 testamento,

2010 5292 2208 5349 eidem
2237 5289 2614 5347 contradidit.
2648 5286 3100 5360 Aliquantulum
3127 5289 3360 5357 tempus
3390 5283 3664 5351 ﬂuxerat,

2010 5386 2070 5439 et
2095 5397 2252 5438 unus
2280 5396 2353 5437 ex
2381 5379 2475 5436 his
2502 5378 2610 5454 qui
2636 5376 2987 5451 presbytero
3015 5373 3141 5431 vim
3184 5371 3527 5442 intulerant,
3564 5372 3676 5444 (81)

2014 5488 2297 5562 ofﬁciales
2311 5489 2711 5562 permiserunt
2737 5482 2923 5562 invito
2952 5484 3009 5562 et
3026 5479 3272 5550 nolenti,
3305 5484 3370 5536 ut
3387 5479 3536 5562 illud
3556 5480 3678 5562 cui-

2015 5560 2161 5619 dam
2191 5551 2496 5619 Bernardo
2534 5558 2615 5617 ad
2643 5551 3106 5615 custodiendum
3136 5552 3613 5612 commendaret.
3645 5568 3677 5601 ιι
