  <div class='ocr_page' id='page_1' title='image "/cluster/home/n/w/nwhite01/storage/ocr_20150623/133/hvd.32044054759949/333.png"; bbox 0 0 4094 6156; ppageno 0'>
   <div class='ocr_carea' id='block_1_1' title="bbox 479 98 580 149">
    <p class='ocr_par' dir='ltr' id='par_1_1' title="bbox 479 98 580 149">
     <span class='ocr_line' id='line_1_1' title="bbox 479 98 580 149; baseline 0.01 -1"><span class='ocrx_word' id='word_1_1' title='bbox 479 98 580 149; x_wconf 76' lang='lat'>655</span> 
     </span>
    </p>
   </div>
   <div class='ocr_carea' id='block_1_2' title="bbox 1528 84 2854 148">
    <p class='ocr_par' dir='ltr' id='par_1_2' title="bbox 1528 84 2854 148">
     <span class='ocr_line' id='line_1_2' title="bbox 1528 84 2854 148; baseline -0.002 -1"><span class='ocrx_word' id='word_1_2' title='bbox 1528 92 1586 147; x_wconf 92' lang='lat' dir='ltr'>S.</span> <span class='ocrx_word' id='word_1_3' title='bbox 1627 92 1886 148; x_wconf 89' lang='lat' dir='ltr'>ODONlS</span> <span class='ocrx_word' id='word_1_4' title='bbox 1923 84 2214 144; x_wconf 78' lang='lat' dir='ltr'>ABBATIS</span> <span class='ocrx_word' id='word_1_5' title='bbox 2253 85 2750 146; x_wconf 80' lang='lat' dir='ltr'>CLUNIACENSIS</span> <span class='ocrx_word' id='word_1_6' title='bbox 2789 89 2854 144; x_wconf 86' lang='lat' dir='ltr'>Il.</span> 
     </span>
    </p>
   </div>
   <div class='ocr_carea' id='block_1_3' title="bbox 3783 95 3898 148">
    <p class='ocr_par' dir='ltr' id='par_1_3' title="bbox 3783 95 3898 148">
     <span class='ocr_line' id='line_1_3' title="bbox 3783 95 3898 148; baseline 0 0"><span class='ocrx_word' id='word_1_7' title='bbox 3783 95 3898 148; x_wconf 76' lang='lat'>656</span> 
     </span>
    </p>
   </div>
   <div class='ocr_carea' id='block_1_4' title="bbox 475 208 3907 298">
    <p class='ocr_par' dir='ltr' id='par_1_4' title="bbox 475 208 3907 298">
     <span class='ocr_line' id='line_1_4' title="bbox 475 208 3907 298; baseline -0.001 -26"><span class='ocrx_word' id='word_1_8' title='bbox 475 217 553 272; x_wconf 90' lang='lat' dir='ltr'>ab</span> <span class='ocrx_word' id='word_1_9' title='bbox 602 214 955 272; x_wconf 82' lang='lat' dir='ltr'>oﬂicialibus</span> <span class='ocrx_word' id='word_1_10' title='bbox 1003 215 1473 287; x_wconf 90' lang='lat' dir='ltr'>comprehensus</span> <span class='ocrx_word' id='word_1_11' title='bbox 1517 219 1626 278; x_wconf 90' lang='lat' dir='ltr'>est,</span> <span class='ocrx_word' id='word_1_12' title='bbox 1669 219 1723 271; x_wconf 87' lang='lat' dir='ltr'>et</span> <span class='ocrx_word' id='word_1_13' title='bbox 1780 214 1842 269; x_wconf 91' lang='lat' dir='ltr'>in</span> <span class='ocrx_word' id='word_1_14' title='bbox 1893 225 2128 269; x_wconf 83' lang='lat' dir='ltr'>carcere</span> <span class='ocrx_word' id='word_1_15' title='bbox 2160 247 2208 298; x_wconf 67' lang='grc' dir='ltr'><strong>Α</strong></span> <span class='ocrx_word' id='word_1_16' title='bbox 2243 208 2512 266; x_wconf 74' lang='lat' dir='ltr'>sufﬁcere</span> <span class='ocrx_word' id='word_1_17' title='bbox 2540 215 2814 284; x_wconf 89' lang='lat' dir='ltr'>possunt.</span> <span class='ocrx_word' id='word_1_18' title='bbox 2849 211 2937 268; x_wconf 89' lang='lat' dir='ltr'>0b</span> <span class='ocrx_word' id='word_1_19' title='bbox 2963 210 3076 267; x_wconf 91' lang='lat' dir='ltr'>hoc</span> <span class='ocrx_word' id='word_1_20' title='bbox 3107 211 3288 269; x_wconf 91' lang='lat' dir='ltr'>etiam</span> <span class='ocrx_word' id='word_1_21' title='bbox 3313 217 3370 270; x_wconf 91' lang='lat' dir='ltr'>et</span> <span class='ocrx_word' id='word_1_22' title='bbox 3405 212 3658 269; x_wconf 89' lang='lat' dir='ltr'>minima</span> <span class='ocrx_word' id='word_1_23' title='bbox 3697 213 3907 286; x_wconf 60' lang='lat' dir='ltr'>quaeli-</span> 
     </span>
    </p>
   </div>
   <div class='ocr_carea' id='block_1_5' title="bbox 476 299 3904 376">
    <p class='ocr_par' dir='ltr' id='par_1_5' title="bbox 476 299 3904 376">
     <span class='ocr_line' id='line_1_5' title="bbox 476 299 3904 376; baseline -0.001 -16"><span class='ocrx_word' id='word_1_24' title='bbox 476 303 736 360; x_wconf 81' lang='lat' dir='ltr'>clausus.</span> <span class='ocrx_word' id='word_1_25' title='bbox 774 303 946 369; x_wconf 89' lang='lat' dir='ltr'>Quod</span> <span class='ocrx_word' id='word_1_26' title='bbox 977 308 1034 360; x_wconf 90' lang='lat' dir='ltr'>et</span> <span class='ocrx_word' id='word_1_27' title='bbox 1063 303 1279 360; x_wconf 87' lang='lat' dir='ltr'>seniori</span> <span class='ocrx_word' id='word_1_28' title='bbox 1320 307 1614 376; x_wconf 90' lang='lat' dir='ltr'>tanquam</span> <span class='ocrx_word' id='word_1_29' title='bbox 1662 303 1800 358; x_wconf 92' lang='lat' dir='ltr'>inde</span> <span class='ocrx_word' id='word_1_30' title='bbox 1845 301 2130 373; x_wconf 83' lang='lat' dir='ltr'>gavisuro</span> <span class='ocrx_word' id='word_1_31' title='bbox 2240 299 2340 355; x_wconf 90' lang='lat' dir='ltr'>bet</span> <span class='ocrx_word' id='word_1_32' title='bbox 2367 301 2709 370; x_wconf 86' lang='lat' dir='ltr'>inserimus,</span> <span class='ocrx_word' id='word_1_33' title='bbox 2741 315 2847 373; x_wconf 90' lang='lat' dir='ltr'>per</span> <span class='ocrx_word' id='word_1_34' title='bbox 2892 317 3027 373; x_wconf 69' lang='lat' dir='ltr'>qua:</span> <span class='ocrx_word' id='word_1_35' title='bbox 3075 301 3303 372; x_wconf 80' lang='lat' dir='ltr'>grande</span> <span class='ocrx_word' id='word_1_36' title='bbox 3359 302 3489 373; x_wconf 89' lang='lat' dir='ltr'>ejus</span> <span class='ocrx_word' id='word_1_37' title='bbox 3532 301 3728 358; x_wconf 79' lang='lat' dir='ltr'>valeat</span> <span class='ocrx_word' id='word_1_38' title='bbox 3783 309 3904 358; x_wconf 85' lang='lat' dir='ltr'>stu-</span> 
     </span>
    </p>
   </div>
   <div class='ocr_carea' id='block_1_6' title="bbox 471 388 2130 467">
    <p class='ocr_par' dir='ltr' id='par_1_6' title="bbox 471 388 2130 467">
     <span class='ocr_line' id='line_1_6' title="bbox 471 388 2130 467; baseline -0.003 -18"><span class='ocrx_word' id='word_1_39' title='bbox 471 394 742 467; x_wconf 88' lang='lat' dir='ltr'>protinus</span> <span class='ocrx_word' id='word_1_40' title='bbox 773 394 1115 450; x_wconf 90' lang='lat' dir='ltr'>nuntiatum</span> <span class='ocrx_word' id='word_1_41' title='bbox 1143 399 1248 450; x_wconf 92' lang='lat' dir='ltr'>est.</span> <span class='ocrx_word' id='word_1_42' title='bbox 1281 393 1392 458; x_wconf 87' lang='lat' dir='ltr'>Qui</span> <span class='ocrx_word' id='word_1_43' title='bbox 1419 394 1618 449; x_wconf 83' lang='lat' dir='ltr'>statim</span> <span class='ocrx_word' id='word_1_44' title='bbox 1639 393 1816 465; x_wconf 90' lang='lat' dir='ltr'>quasi</span> <span class='ocrx_word' id='word_1_45' title='bbox 1837 388 2130 448; x_wconf 89' lang='lat' dir='ltr'>desiderio</span> 
     </span>
    </p>
   </div>
   <div class='ocr_carea' id='block_1_7' title="bbox 469 481 2126 556">
    <p class='ocr_par' dir='ltr' id='par_1_7' title="bbox 469 481 2126 556">
     <span class='ocr_line' id='line_1_7' title="bbox 469 481 2126 556; baseline -0.002 -17"><span class='ocrx_word' id='word_1_46' title='bbox 469 483 760 556; x_wconf 86' lang='lat' dir='ltr'>puniendi</span> <span class='ocrx_word' id='word_1_47' title='bbox 803 484 1116 552; x_wconf 81' lang='lat' dir='ltr'>festinans,</span> <span class='ocrx_word' id='word_1_48' title='bbox 1173 482 1420 539; x_wconf 79' lang='lat' dir='ltr'>tetendit</span> <span class='ocrx_word' id='word_1_49' title='bbox 1475 483 1552 539; x_wconf 90' lang='lat' dir='ltr'>ad</span> <span class='ocrx_word' id='word_1_50' title='bbox 1601 482 1853 539; x_wconf 91' lang='lat' dir='ltr'>carceris</span> <span class='ocrx_word' id='word_1_51' title='bbox 1905 481 2126 537; x_wconf 90' lang='lat' dir='ltr'>locum.</span> 
     </span>
    </p>
   </div>
   <div class='ocr_carea' id='block_1_8' title="bbox 469 569 2128 646">
    <p class='ocr_par' dir='ltr' id='par_1_8' title="bbox 469 569 2128 646">
     <span class='ocr_line' id='line_1_8' title="bbox 469 569 2128 646; baseline -0.002 -18"><span class='ocrx_word' id='word_1_52' title='bbox 469 573 610 628; x_wconf 71' lang='lat' dir='ltr'>Aliaa</span> <span class='ocrx_word' id='word_1_53' title='bbox 640 589 781 630; x_wconf 90' lang='lat' dir='ltr'>vero</span> <span class='ocrx_word' id='word_1_54' title='bbox 809 590 1005 630; x_wconf 81' lang='lat' dir='ltr'>causae</span> <span class='ocrx_word' id='word_1_55' title='bbox 1032 577 1414 640; x_wconf 89' lang='lat' dir='ltr'>emerserant,</span> <span class='ocrx_word' id='word_1_56' title='bbox 1447 589 1600 646; x_wconf 91' lang='lat' dir='ltr'>quas</span> <span class='ocrx_word' id='word_1_57' title='bbox 1630 587 1872 629; x_wconf 89' lang='lat' dir='ltr'>necesse</span> <span class='ocrx_word' id='word_1_58' title='bbox 1902 577 2026 627; x_wconf 90' lang='lat' dir='ltr'>erat</span> <span class='ocrx_word' id='word_1_59' title='bbox 2065 569 2128 624; x_wconf 91' lang='lat' dir='ltr'>in</span> 
     </span>
    </p>
   </div>
   <div class='ocr_carea' id='block_1_9' title="bbox 468 658 2130 735">
    <p class='ocr_par' dir='ltr' id='par_1_9' title="bbox 468 658 2130 735">
     <span class='ocr_line' id='line_1_9' title="bbox 468 658 2130 735; baseline -0.002 -18"><span class='ocrx_word' id='word_1_60' title='bbox 468 663 796 718; x_wconf 89' lang='lat' dir='ltr'>crastinum</span> <span class='ocrx_word' id='word_1_61' title='bbox 827 662 1112 735; x_wconf 81' lang='lat' dir='ltr'>expediri.</span> <span class='ocrx_word' id='word_1_62' title='bbox 1149 662 1268 719; x_wconf 88' lang='lat' dir='ltr'>Sub</span> <span class='ocrx_word' id='word_1_63' title='bbox 1299 661 1412 718; x_wconf 90' lang='lat' dir='ltr'>hac</span> <span class='ocrx_word' id='word_1_64' title='bbox 1434 677 1575 731; x_wconf 87' lang='lat' dir='ltr'>ergo</span> <span class='ocrx_word' id='word_1_65' title='bbox 1606 661 1923 718; x_wconf 85' lang='lat' dir='ltr'>occasione</span> <span class='ocrx_word' id='word_1_66' title='bbox 1957 658 2130 730; x_wconf 88' lang='lat' dir='ltr'>jubet</span> 
     </span>
    </p>
   </div>
   <div class='ocr_carea' id='block_1_10' title="bbox 467 747 2126 824">
    <p class='ocr_par' dir='ltr' id='par_1_10' title="bbox 467 747 2126 824">
     <span class='ocr_line' id='line_1_10' title="bbox 467 747 2126 824; baseline -0.003 -16"><span class='ocrx_word' id='word_1_67' title='bbox 467 769 639 810; x_wconf 89' lang='lat' dir='ltr'>reum</span> <span class='ocrx_word' id='word_1_68' title='bbox 665 767 858 824; x_wconf 90' lang='lat' dir='ltr'>usque</span> <span class='ocrx_word' id='word_1_69' title='bbox 887 755 1028 808; x_wconf 85' lang='lat' dir='ltr'>tunc</span> <span class='ocrx_word' id='word_1_70' title='bbox 1054 751 1523 808; x_wconf 89' lang='lat' dir='ltr'>demorari.Sero</span> <span class='ocrx_word' id='word_1_71' title='bbox 1566 755 1767 807; x_wconf 90' lang='lat' dir='ltr'>autem</span> <span class='ocrx_word' id='word_1_72' title='bbox 1813 767 1952 806; x_wconf 90' lang='lat' dir='ltr'>cum</span> <span class='ocrx_word' id='word_1_73' title='bbox 1994 747 2126 804; x_wconf 83' lang='lat' dir='ltr'>ofﬁ-</span> 
     </span>
    </p>
   </div>
   <div class='ocr_carea' id='block_1_11' title="bbox 469 837 2122 913">
    <p class='ocr_par' dir='ltr' id='par_1_11' title="bbox 469 837 2122 913">
     <span class='ocr_line' id='line_1_11' title="bbox 469 837 2122 913; baseline -0.002 -17"><span class='ocrx_word' id='word_1_74' title='bbox 469 841 648 897; x_wconf 85' lang='lat' dir='ltr'>ciales</span> <span class='ocrx_word' id='word_1_75' title='bbox 674 841 748 897; x_wconf 89' lang='lat' dir='ltr'>ad</span> <span class='ocrx_word' id='word_1_76' title='bbox 778 857 887 897; x_wconf 90' lang='lat' dir='ltr'>sua</span> <span class='ocrx_word' id='word_1_77' title='bbox 913 840 1342 908; x_wconf 88' lang='lat' dir='ltr'>dissessissent,</span> <span class='ocrx_word' id='word_1_78' title='bbox 1375 840 1656 913; x_wconf 72' lang='lat' dir='ltr'>praecepit</span> <span class='ocrx_word' id='word_1_79' title='bbox 1685 840 1840 896; x_wconf 77' lang='lat' dir='ltr'>clam</span> <span class='ocrx_word' id='word_1_80' title='bbox 1871 837 2122 906; x_wconf 89' lang='lat' dir='ltr'>custodi,</span> 
     </span>
    </p>
   </div>
   <div class='ocr_carea' id='block_1_12' title="bbox 467 926 2122 1002">
    <p class='ocr_par' dir='ltr' id='par_1_12' title="bbox 467 926 2122 1002">
     <span class='ocr_line' id='line_1_12' title="bbox 467 926 2122 1002; baseline -0.002 -18"><span class='ocrx_word' id='word_1_81' title='bbox 467 935 765 1002; x_wconf 82' lang='lat' dir='ltr'>quatenus</span> <span class='ocrx_word' id='word_1_82' title='bbox 796 945 934 985; x_wconf 93' lang='lat' dir='ltr'>eum</span> <span class='ocrx_word' id='word_1_83' title='bbox 964 928 1097 984; x_wconf 88' lang='lat' dir='ltr'>cibo</span> <span class='ocrx_word' id='word_1_84' title='bbox 1127 946 1195 984; x_wconf 88' lang='lat' dir='ltr'>ac</span> <span class='ocrx_word' id='word_1_85' title='bbox 1225 933 1373 1001; x_wconf 90' lang='lat' dir='ltr'>potu</span> <span class='ocrx_word' id='word_1_86' title='bbox 1401 929 1687 984; x_wconf 89' lang='lat' dir='ltr'>reﬁceret.</span> <span class='ocrx_word' id='word_1_87' title='bbox 1736 931 1803 983; x_wconf 84' lang='lat' dir='ltr'>Et</span> <span class='ocrx_word' id='word_1_88' title='bbox 1830 926 1974 1000; x_wconf 88' lang='lat' dir='ltr'>quia</span> <span class='ocrx_word' id='word_1_89' title='bbox 2003 926 2122 981; x_wconf 91' lang='lat' dir='ltr'>dis-</span> 
     </span>
    </p>
   </div>
   <div class='ocr_carea' id='block_1_13' title="bbox 467 1013 2126 1086">
    <p class='ocr_par' dir='ltr' id='par_1_13' title="bbox 467 1013 2126 1086">
     <span class='ocr_line' id='line_1_13' title="bbox 467 1013 2126 1086; baseline -0.002 -14"><span class='ocrx_word' id='word_1_90' title='bbox 467 1017 765 1074; x_wconf 89' lang='lat' dir='ltr'>calceatus</span> <span class='ocrx_word' id='word_1_91' title='bbox 797 1021 941 1084; x_wconf 89' lang='lat' dir='ltr'>erat,</span> <span class='ocrx_word' id='word_1_92' title='bbox 969 1017 1122 1072; x_wconf 90' lang='lat' dir='ltr'>datis</span> <span class='ocrx_word' id='word_1_93' title='bbox 1149 1017 1566 1072; x_wconf 87' lang='lat' dir='ltr'>calceamentis</span> <span class='ocrx_word' id='word_1_94' title='bbox 1596 1015 1880 1084; x_wconf 89' lang='lat' dir='ltr'>aufugere</span> <span class='ocrx_word' id='word_1_95' title='bbox 1915 1013 2126 1086; x_wconf 88' lang='lat' dir='ltr'>permi-</span> 
     </span>
    </p>
   </div>
   <div class='ocr_carea' id='block_1_14' title="bbox 468 1104 2124 1179">
    <p class='ocr_par' dir='ltr' id='par_1_14' title="bbox 468 1104 2124 1179">
     <span class='ocr_line' id='line_1_14' title="bbox 468 1104 2124 1179; baseline -0.002 -17"><span class='ocrx_word' id='word_1_96' title='bbox 468 1105 654 1164; x_wconf 89' lang='lat' dir='ltr'>sisset.</span> <span class='ocrx_word' id='word_1_97' title='bbox 685 1108 744 1162; x_wconf 94' lang='lat' dir='ltr'>In</span> <span class='ocrx_word' id='word_1_98' title='bbox 779 1106 1106 1162; x_wconf 89' lang='lat' dir='ltr'>crastinum</span> <span class='ocrx_word' id='word_1_99' title='bbox 1135 1123 1277 1162; x_wconf 87' lang='lat' dir='ltr'>vero</span> <span class='ocrx_word' id='word_1_100' title='bbox 1298 1107 1406 1179; x_wconf 83' lang='lat'>(8&#39;2)</span> <span class='ocrx_word' id='word_1_101' title='bbox 1435 1105 1822 1162; x_wconf 86' lang='lat' dir='ltr'>mallensibus</span> <span class='ocrx_word' id='word_1_102' title='bbox 1857 1104 2124 1176; x_wconf 88' lang='lat' dir='ltr'>undique</span> 
     </span>
    </p>
   </div>
   <div class='ocr_carea' id='block_1_15' title="bbox 465 1192 2119 1264">
    <p class='ocr_par' dir='ltr' id='par_1_15' title="bbox 465 1192 2119 1264">
     <span class='ocr_line' id='line_1_15' title="bbox 465 1192 2119 1264; baseline -0.002 -14"><span class='ocrx_word' id='word_1_103' title='bbox 465 1195 544 1250; x_wconf 90' lang='lat' dir='ltr'>ad</span> <span class='ocrx_word' id='word_1_104' title='bbox 601 1195 894 1250; x_wconf 82' lang='lat' dir='ltr'>seniorem</span> <span class='ocrx_word' id='word_1_105' title='bbox 952 1193 1393 1250; x_wconf 89' lang='lat' dir='ltr'>conﬂuentibus</span> <span class='ocrx_word' id='word_1_106' title='bbox 1442 1194 1616 1264; x_wconf 88' lang='lat' dir='ltr'>jubet</span> <span class='ocrx_word' id='word_1_107' title='bbox 1660 1209 1830 1250; x_wconf 90' lang='lat' dir='ltr'>reum</span> <span class='ocrx_word' id='word_1_108' title='bbox 1880 1192 2119 1248; x_wconf 89' lang='lat' dir='ltr'>adduci.</span> 
     </span>
    </p>
   </div>
   <div class='ocr_carea' id='block_1_16' title="bbox 464 1281 2124 1354">
    <p class='ocr_par' dir='ltr' id='par_1_16' title="bbox 464 1281 2124 1354">
     <span class='ocr_line' id='line_1_16' title="bbox 464 1281 2124 1354; baseline -0.001 -16"><span class='ocrx_word' id='word_1_109' title='bbox 464 1282 719 1348; x_wconf 85' lang='lat' dir='ltr'>Quidam</span> <span class='ocrx_word' id='word_1_110' title='bbox 749 1298 886 1338; x_wconf 86' lang='lat' dir='ltr'>vero</span> <span class='ocrx_word' id='word_1_111' title='bbox 916 1298 1070 1354; x_wconf 91' lang='lat' dir='ltr'>quos</span> <span class='ocrx_word' id='word_1_112' title='bbox 1093 1285 1295 1338; x_wconf 89' lang='lat' dir='ltr'>custos</span> <span class='ocrx_word' id='word_1_113' title='bbox 1317 1282 1569 1338; x_wconf 89' lang='lat' dir='ltr'>carceris</span> <span class='ocrx_word' id='word_1_114' title='bbox 1594 1299 1704 1354; x_wconf 91' lang='lat' dir='ltr'>pro</span> <span class='ocrx_word' id='word_1_115' title='bbox 1731 1281 1931 1354; x_wconf 89' lang='lat' dir='ltr'>seipso</span> <span class='ocrx_word' id='word_1_116' title='bbox 1953 1296 2124 1353; x_wconf 88' lang='lat' dir='ltr'>para-</span> 
     </span>
    </p>
   </div>
   <div class='ocr_carea' id='block_1_17' title="bbox 460 1369 2122 1440">
    <p class='ocr_par' dir='ltr' id='par_1_17' title="bbox 460 1369 2122 1440">
     <span class='ocr_line' id='line_1_17' title="bbox 460 1369 2122 1440; baseline -0.002 -13"><span class='ocrx_word' id='word_1_117' title='bbox 460 1375 644 1438; x_wconf 83' lang='lat' dir='ltr'>verat,</span> <span class='ocrx_word' id='word_1_118' title='bbox 672 1375 989 1427; x_wconf 87' lang='lat' dir='ltr'>trementes</span> <span class='ocrx_word' id='word_1_119' title='bbox 1019 1371 1287 1427; x_wconf 90' lang='lat' dir='ltr'>indicant</span> <span class='ocrx_word' id='word_1_120' title='bbox 1314 1387 1486 1426; x_wconf 91' lang='lat' dir='ltr'>reum</span> <span class='ocrx_word' id='word_1_121' title='bbox 1534 1370 1863 1440; x_wconf 84' lang='lat' dir='ltr'>aufugisse.</span> <span class='ocrx_word' id='word_1_122' title='bbox 1915 1373 1986 1425; x_wconf 83' lang='lat' dir='ltr'>At</span> <span class='ocrx_word' id='word_1_123' title='bbox 2028 1369 2122 1424; x_wconf 90' lang='lat' dir='ltr'>ille</span> 
     </span>
    </p>
   </div>
   <div class='ocr_carea' id='block_1_18' title="bbox 458 1449 2118 1532">
    <p class='ocr_par' dir='ltr' id='par_1_18' title="bbox 458 1449 2118 1532">
     <span class='ocr_line' id='line_1_18' title="bbox 458 1449 2118 1532; baseline -0.002 -17"><span class='ocrx_word' id='word_1_124' title='bbox 458 1459 666 1516; x_wconf 90' lang='lat' dir='ltr'>volens</span> <span class='ocrx_word' id='word_1_125' title='bbox 713 1460 935 1516; x_wconf 85' lang='lat' dir='ltr'>factum</span> <span class='ocrx_word' id='word_1_126' title='bbox 991 1460 1200 1528; x_wconf 89' lang='lat' dir='ltr'>celare,</span> <span class='ocrx_word' id='word_1_127' title='bbox 1257 1460 1428 1532; x_wconf 89' lang='lat' dir='ltr'>quasi</span> <span class='ocrx_word' id='word_1_128' title='bbox 1479 1449 1826 1515; x_wconf 82' lang='lat' dir='ltr'>minabatur</span> <span class='ocrx_word' id='word_1_129' title='bbox 1866 1457 2118 1514; x_wconf 89' lang='lat' dir='ltr'>custodi.</span> 
     </span>
    </p>
   </div>
   <div class='ocr_carea' id='block_1_19' title="bbox 461 1549 2120 1622">
    <p class='ocr_par' dir='ltr' id='par_1_19' title="bbox 461 1549 2120 1622">
     <span class='ocr_line' id='line_1_19' title="bbox 461 1549 2120 1622; baseline -0.002 -16"><span class='ocrx_word' id='word_1_130' title='bbox 461 1550 574 1607; x_wconf 89' lang='lat' dir='ltr'>Sed</span> <span class='ocrx_word' id='word_1_131' title='bbox 601 1566 743 1606; x_wconf 83' lang='lat' dir='ltr'>mox</span> <span class='ocrx_word' id='word_1_132' title='bbox 772 1549 976 1606; x_wconf 88' lang='lat' dir='ltr'>itidem</span> <span class='ocrx_word' id='word_1_133' title='bbox 1011 1567 1022 1604; x_wconf 94' lang='lat'>:</span> <span class='ocrx_word' id='word_1_134' title='bbox 1084 1551 1263 1620; x_wconf 89' lang='lat' dir='ltr'>Bene,</span> <span class='ocrx_word' id='word_1_135' title='bbox 1297 1549 1510 1622; x_wconf 87' lang='lat' dir='ltr'>inquit,</span> <span class='ocrx_word' id='word_1_136' title='bbox 1559 1553 1760 1605; x_wconf 92' lang='lat' dir='ltr'>actum</span> <span class='ocrx_word' id='word_1_137' title='bbox 1813 1552 1920 1618; x_wconf 87' lang='lat' dir='ltr'>est,</span> <span class='ocrx_word' id='word_1_138' title='bbox 1969 1563 2120 1620; x_wconf 87' lang='lat' dir='ltr'>quo-</span> 
     </span>
    </p>
   </div>
   <div class='ocr_carea' id='block_1_20' title="bbox 458 1637 1855 1712">
    <p class='ocr_par' dir='ltr' id='par_1_20' title="bbox 458 1637 1855 1712">
     <span class='ocr_line' id='line_1_20' title="bbox 458 1637 1855 1712; baseline -0.004 -17"><span class='ocrx_word' id='word_1_139' title='bbox 458 1640 624 1696; x_wconf 88' lang='lat' dir='ltr'>niam</span> <span class='ocrx_word' id='word_1_140' title='bbox 653 1639 965 1712; x_wconf 86' lang='lat' dir='ltr'>presbyter</span> <span class='ocrx_word' id='word_1_141' title='bbox 989 1639 1118 1709; x_wconf 91' lang='lat' dir='ltr'>jam</span> <span class='ocrx_word' id='word_1_142' title='bbox 1148 1639 1231 1694; x_wconf 92' lang='lat' dir='ltr'>eis</span> <span class='ocrx_word' id='word_1_143' title='bbox 1259 1653 1479 1694; x_wconf 82' lang='lat' dir='ltr'>noxam</span> <span class='ocrx_word' id='word_1_144' title='bbox 1506 1637 1855 1694; x_wconf 87' lang='lat' dir='ltr'>indulserat.</span> 
     </span>
    </p>
   </div>
   <div class='ocr_carea' id='block_1_21' title="bbox 527 1726 2118 1799">
    <p class='ocr_par' dir='ltr' id='par_1_21' title="bbox 527 1726 2118 1799">
     <span class='ocr_line' id='line_1_21' title="bbox 527 1726 2118 1799; baseline -0.002 -15"><span class='ocrx_word' id='word_1_145' title='bbox 527 1731 630 1784; x_wconf 85' lang='lat' dir='ltr'>XX.</span> <span class='ocrx_word' id='word_1_146' title='bbox 666 1733 808 1784; x_wconf 93' lang='lat' dir='ltr'>Item</span> <span class='ocrx_word' id='word_1_147' title='bbox 837 1727 960 1782; x_wconf 93' lang='lat' dir='ltr'>duo</span> <span class='ocrx_word' id='word_1_148' title='bbox 1007 1726 1309 1794; x_wconf 89' lang='lat' dir='ltr'>vinculati,</span> <span class='ocrx_word' id='word_1_149' title='bbox 1353 1743 1506 1799; x_wconf 90' lang='lat' dir='ltr'>quos</span> <span class='ocrx_word' id='word_1_150' title='bbox 1535 1726 1700 1799; x_wconf 90' lang='lat' dir='ltr'>apud</span> <span class='ocrx_word' id='word_1_151' title='bbox 1727 1743 1868 1782; x_wconf 89' lang='lat' dir='ltr'>eum</span> <span class='ocrx_word' id='word_1_152' title='bbox 1918 1730 2118 1782; x_wconf 85' lang='lat' dir='ltr'>reatus</span> 
     </span>
    </p>
   </div>
   <div class='ocr_carea' id='block_1_22' title="bbox 457 1815 2118 1889">
    <p class='ocr_par' dir='ltr' id='par_1_22' title="bbox 457 1815 2118 1889">
     <span class='ocr_line' id='line_1_22' title="bbox 457 1815 2118 1889; baseline -0.002 -16"><span class='ocrx_word' id='word_1_153' title='bbox 457 1818 670 1888; x_wconf 86' lang='lat' dir='ltr'>ingens</span> <span class='ocrx_word' id='word_1_154' title='bbox 700 1816 1149 1884; x_wconf 81' lang='lat' dir='ltr'>obnoxiaverat,</span> <span class='ocrx_word' id='word_1_155' title='bbox 1185 1815 1380 1871; x_wconf 88' lang='lat' dir='ltr'>eidem</span> <span class='ocrx_word' id='word_1_156' title='bbox 1401 1815 2008 1889; x_wconf 68' lang='lat' dir='ltr'>fuerantprassentati.</span> <span class='ocrx_word' id='word_1_157' title='bbox 2029 1819 2118 1870; x_wconf 88' lang='lat' dir='ltr'>In-</span> 
     </span>
    </p>
   </div>
   <div class='ocr_carea' id='block_1_23' title="bbox 459 1904 2116 1977">
    <p class='ocr_par' dir='ltr' id='par_1_23' title="bbox 459 1904 2116 1977">
     <span class='ocr_line' id='line_1_23' title="bbox 459 1904 2116 1977; baseline -0.002 -15"><span class='ocrx_word' id='word_1_158' title='bbox 459 1907 702 1963; x_wconf 90' lang='lat' dir='ltr'>stabant</span> <span class='ocrx_word' id='word_1_159' title='bbox 725 1922 866 1962; x_wconf 90' lang='lat' dir='ltr'>vero</span> <span class='ocrx_word' id='word_1_160' title='bbox 897 1909 1298 1972; x_wconf 82' lang='lat' dir='ltr'>accusatores,</span> <span class='ocrx_word' id='word_1_161' title='bbox 1328 1909 1393 1962; x_wconf 90' lang='lat' dir='ltr'>ut</span> <span class='ocrx_word' id='word_1_162' title='bbox 1419 1904 1746 1977; x_wconf 89' lang='lat' dir='ltr'>suspendio</span> <span class='ocrx_word' id='word_1_163' title='bbox 1803 1920 1906 1959; x_wconf 93' lang='lat' dir='ltr'>eos</span> <span class='ocrx_word' id='word_1_164' title='bbox 1945 1904 2116 1975; x_wconf 90' lang='lat' dir='ltr'>jube-</span> 
     </span>
    </p>
   </div>
   <div class='ocr_carea' id='block_1_24' title="bbox 455 1991 2115 2068">
    <p class='ocr_par' dir='ltr' id='par_1_24' title="bbox 455 1991 2115 2068">
     <span class='ocr_line' id='line_1_24' title="bbox 455 1991 2115 2068; baseline -0.002 -18"><span class='ocrx_word' id='word_1_165' title='bbox 455 1999 545 2050; x_wconf 90' lang='lat' dir='ltr'>ret</span> <span class='ocrx_word' id='word_1_166' title='bbox 573 1994 846 2068; x_wconf 88' lang='lat' dir='ltr'>protinus</span> <span class='ocrx_word' id='word_1_167' title='bbox 872 1993 1128 2050; x_wconf 90' lang='lat' dir='ltr'>interire.</span> <span class='ocrx_word' id='word_1_168' title='bbox 1163 1993 1260 2048; x_wconf 92' lang='lat' dir='ltr'>Ille</span> <span class='ocrx_word' id='word_1_169' title='bbox 1287 2009 1430 2048; x_wconf 92' lang='lat' dir='ltr'>vero</span> <span class='ocrx_word' id='word_1_170' title='bbox 1465 1991 1910 2060; x_wconf 85' lang='lat' dir='ltr'>dissimulabat,</span> <span class='ocrx_word' id='word_1_171' title='bbox 1962 2007 2115 2064; x_wconf 89' lang='lat' dir='ltr'>quo-</span> 
     </span>
    </p>
   </div>
   <div class='ocr_carea' id='block_1_25' title="bbox 456 2080 2116 2156">
    <p class='ocr_par' dir='ltr' id='par_1_25' title="bbox 456 2080 2116 2156">
     <span class='ocr_line' id='line_1_25' title="bbox 456 2080 2116 2156; baseline -0.002 -18"><span class='ocrx_word' id='word_1_172' title='bbox 456 2084 622 2139; x_wconf 87' lang='lat' dir='ltr'>niam</span> <span class='ocrx_word' id='word_1_173' title='bbox 652 2099 754 2139; x_wconf 92' lang='lat' dir='ltr'>eos</span> <span class='ocrx_word' id='word_1_174' title='bbox 783 2082 990 2156; x_wconf 89' lang='lat' dir='ltr'>palam</span> <span class='ocrx_word' id='word_1_175' title='bbox 1005 2081 1258 2138; x_wconf 89' lang='lat' dir='ltr'>liberare</span> <span class='ocrx_word' id='word_1_176' title='bbox 1279 2081 1541 2138; x_wconf 88' lang='lat' dir='ltr'>nolebat.</span> <span class='ocrx_word' id='word_1_177' title='bbox 1576 2080 1667 2138; x_wconf 92' lang='lat' dir='ltr'>Sic</span> <span class='ocrx_word' id='word_1_178' title='bbox 1687 2080 1848 2136; x_wconf 84' lang='lat' dir='ltr'>enim</span> <span class='ocrx_word' id='word_1_179' title='bbox 1876 2080 1939 2136; x_wconf 93' lang='lat' dir='ltr'>in</span> <span class='ocrx_word' id='word_1_180' title='bbox 1968 2096 2116 2154; x_wconf 92' lang='lat' dir='ltr'>quo-</span> 
     </span>
    </p>
   </div>
   <div class='ocr_carea' id='block_1_26' title="bbox 453 2169 2114 2245">
    <p class='ocr_par' dir='ltr' id='par_1_26' title="bbox 453 2169 2114 2245">
     <span class='ocr_line' id='line_1_26' title="bbox 453 2169 2114 2245; baseline -0.002 -17"><span class='ocrx_word' id='word_1_181' title='bbox 453 2173 597 2228; x_wconf 90' lang='lat' dir='ltr'>libet</span> <span class='ocrx_word' id='word_1_182' title='bbox 624 2171 860 2244; x_wconf 90' lang='lat' dir='ltr'>pietatis</span> <span class='ocrx_word' id='word_1_183' title='bbox 891 2187 1070 2245; x_wconf 91' lang='lat' dir='ltr'>opere</span> <span class='ocrx_word' id='word_1_184' title='bbox 1121 2186 1182 2227; x_wconf 91' lang='lat' dir='ltr'>se</span> <span class='ocrx_word' id='word_1_185' title='bbox 1227 2169 1638 2239; x_wconf 85' lang='lat' dir='ltr'>modiﬁcabat,</span> <span class='ocrx_word' id='word_1_186' title='bbox 1693 2175 1760 2226; x_wconf 94' lang='lat' dir='ltr'>ut</span> <span class='ocrx_word' id='word_1_187' title='bbox 1805 2170 1938 2243; x_wconf 89' lang='lat' dir='ltr'>ipsa</span> <span class='ocrx_word' id='word_1_188' title='bbox 1983 2170 2114 2240; x_wconf 89' lang='lat' dir='ltr'>ejus</span> 
     </span>
    </p>
   </div>
   <div class='ocr_carea' id='block_1_27' title="bbox 453 2259 2116 2336">
    <p class='ocr_par' dir='ltr' id='par_1_27' title="bbox 453 2259 2116 2336">
     <span class='ocr_line' id='line_1_27' title="bbox 453 2259 2116 2336; baseline -0.003 -17"><span class='ocrx_word' id='word_1_189' title='bbox 453 2263 644 2336; x_wconf 88' lang='lat' dir='ltr'>pietas</span> <span class='ocrx_word' id='word_1_190' title='bbox 691 2277 814 2318; x_wconf 91' lang='lat' dir='ltr'>non</span> <span class='ocrx_word' id='word_1_191' title='bbox 845 2261 1032 2317; x_wconf 89' lang='lat' dir='ltr'>nimia</span> <span class='ocrx_word' id='word_1_192' title='bbox 1057 2259 1260 2330; x_wconf 60' lang='grc' dir='ltr'>ενὶᾶθινὶ</span> <span class='ocrx_word' id='word_1_193' title='bbox 1313 2264 1534 2333; x_wconf 90' lang='lat' dir='ltr'>posset.</span> <span class='ocrx_word' id='word_1_194' title='bbox 1588 2259 1928 2333; x_wconf 83' lang='lat' dir='ltr'>Respiciens</span> <span class='ocrx_word' id='word_1_195' title='bbox 1973 2274 2116 2330; x_wconf 87' lang='lat' dir='ltr'>ergo</span> 
     </span>
    </p>
   </div>
   <div class='ocr_carea' id='block_1_28' title="bbox 455 2347 2112 2421">
    <p class='ocr_par' dir='ltr' id='par_1_28' title="bbox 455 2347 2112 2421">
     <span class='ocr_line' id='line_1_28' title="bbox 455 2347 2112 2421; baseline -0.004 -12"><span class='ocrx_word' id='word_1_196' title='bbox 455 2354 878 2409; x_wconf 86' lang='lat' dir='ltr'>accusatores:</span> <span class='ocrx_word' id='word_1_197' title='bbox 923 2351 980 2407; x_wconf 89' lang='lat' dir='ltr'>Si</span> <span class='ocrx_word' id='word_1_198' title='bbox 1008 2349 1220 2421; x_wconf 86' lang='lat' dir='ltr'>inquit,</span> <span class='ocrx_word' id='word_1_199' title='bbox 1275 2353 1341 2405; x_wconf 90' lang='lat' dir='ltr'>ut</span> <span class='ocrx_word' id='word_1_200' title='bbox 1397 2348 1609 2416; x_wconf 87' lang='lat' dir='ltr'>dicitis,</span> <span class='ocrx_word' id='word_1_201' title='bbox 1667 2349 1820 2404; x_wconf 90' lang='lat' dir='ltr'>mori</span> <span class='ocrx_word' id='word_1_202' title='bbox 1871 2347 2112 2418; x_wconf 91' lang='lat' dir='ltr'>debent,</span> 
     </span>
    </p>
   </div>
   <div class='ocr_carea' id='block_1_29' title="bbox 452 2437 2110 2513">
    <p class='ocr_par' dir='ltr' id='par_1_29' title="bbox 452 2437 2110 2513">
     <span class='ocr_line' id='line_1_29' title="bbox 452 2437 2110 2513; baseline -0.002 -17"><span class='ocrx_word' id='word_1_203' title='bbox 452 2441 620 2513; x_wconf 89' lang='lat' dir='ltr'>prius</span> <span class='ocrx_word' id='word_1_204' title='bbox 659 2439 832 2510; x_wconf 79' lang='lat' dir='ltr'>juxta</span> <span class='ocrx_word' id='word_1_205' title='bbox 859 2437 1169 2508; x_wconf 84' lang='lat' dir='ltr'>vulgarem</span> <span class='ocrx_word' id='word_1_206' title='bbox 1199 2437 1554 2494; x_wconf 87' lang='lat' dir='ltr'>sententiam</span> <span class='ocrx_word' id='word_1_207' title='bbox 1595 2437 1941 2493; x_wconf 88' lang='lat' dir='ltr'>reﬁciamus</span> <span class='ocrx_word' id='word_1_208' title='bbox 1985 2452 2110 2493; x_wconf 90' lang='lat' dir='ltr'>eos.</span> 
     </span>
    </p>
   </div>
   <div class='ocr_carea' id='block_1_30' title="bbox 454 2525 2112 2599">
    <p class='ocr_par' dir='ltr' id='par_1_30' title="bbox 454 2525 2112 2599">
     <span class='ocr_line' id='line_1_30' title="bbox 454 2525 2112 2599; baseline -0.001 -15"><span class='ocrx_word' id='word_1_209' title='bbox 454 2529 623 2584; x_wconf 90' lang='lat' dir='ltr'>Tunc</span> <span class='ocrx_word' id='word_1_210' title='bbox 655 2527 858 2583; x_wconf 91' lang='lat' dir='ltr'>cibum</span> <span class='ocrx_word' id='word_1_211' title='bbox 887 2531 944 2582; x_wconf 90' lang='lat' dir='ltr'>et</span> <span class='ocrx_word' id='word_1_212' title='bbox 967 2530 1176 2599; x_wconf 91' lang='lat' dir='ltr'>potum</span> <span class='ocrx_word' id='word_1_213' title='bbox 1201 2526 1382 2597; x_wconf 88' lang='lat' dir='ltr'>jussit</span> <span class='ocrx_word' id='word_1_214' title='bbox 1411 2527 1493 2582; x_wconf 90' lang='lat' dir='ltr'>eis</span> <span class='ocrx_word' id='word_1_215' title='bbox 1533 2525 1750 2597; x_wconf 80' lang='lat' dir='ltr'>afferri,</span> <span class='ocrx_word' id='word_1_216' title='bbox 1793 2529 1850 2582; x_wconf 91' lang='lat' dir='ltr'>et</span> <span class='ocrx_word' id='word_1_217' title='bbox 1890 2525 1969 2582; x_wconf 93' lang='lat' dir='ltr'>ad</span> <span class='ocrx_word' id='word_1_218' title='bbox 2013 2541 2112 2582; x_wconf 91' lang='lat' dir='ltr'>co-</span> 
     </span>
    </p>
   </div>
   <div class='ocr_carea' id='block_1_31' title="bbox 451 2614 2112 2687">
    <p class='ocr_par' dir='ltr' id='par_1_31' title="bbox 451 2614 2112 2687">
     <span class='ocr_line' id='line_1_31' title="bbox 451 2614 2112 2687; baseline -0.001 -14"><span class='ocrx_word' id='word_1_219' title='bbox 451 2615 823 2673; x_wconf 90' lang='lat' dir='ltr'>medendum</span> <span class='ocrx_word' id='word_1_220' title='bbox 849 2615 1132 2684; x_wconf 89' lang='lat' dir='ltr'>disligari.</span> <span class='ocrx_word' id='word_1_221' title='bbox 1167 2617 1437 2687; x_wconf 89' lang='lat' dir='ltr'>Cumque</span> <span class='ocrx_word' id='word_1_222' title='bbox 1472 2614 1674 2672; x_wconf 86' lang='lat' dir='ltr'>refecti</span> <span class='ocrx_word' id='word_1_223' title='bbox 1705 2614 1974 2679; x_wconf 84' lang='lat' dir='ltr'>fuissent,</span> <span class='ocrx_word' id='word_1_224' title='bbox 2008 2615 2112 2672; x_wconf 87' lang='lat' dir='ltr'>de-</span> 
     </span>
    </p>
   </div>
   <div class='ocr_carea' id='block_1_32' title="bbox 453 2703 2108 2778">
    <p class='ocr_par' dir='ltr' id='par_1_32' title="bbox 453 2703 2108 2778">
     <span class='ocr_line' id='line_1_32' title="bbox 453 2703 2108 2778; baseline -0.002 -15"><span class='ocrx_word' id='word_1_225' title='bbox 453 2705 540 2763; x_wconf 89' lang='lat' dir='ltr'>dit</span> <span class='ocrx_word' id='word_1_226' title='bbox 563 2705 648 2762; x_wconf 92' lang='lat' dir='ltr'>eis</span> <span class='ocrx_word' id='word_1_227' title='bbox 681 2704 985 2762; x_wconf 89' lang='lat' dir='ltr'>cultellum</span> <span class='ocrx_word' id='word_1_228' title='bbox 1039 2719 1236 2773; x_wconf 91' lang='lat' dir='ltr'>suum,</span> <span class='ocrx_word' id='word_1_229' title='bbox 1292 2703 1543 2760; x_wconf 91' lang='lat' dir='ltr'>dicens:</span> <span class='ocrx_word' id='word_1_230' title='bbox 1591 2705 1777 2778; x_wconf 85' lang='lat' dir='ltr'>lte_et</span> <span class='ocrx_word' id='word_1_231' title='bbox 1817 2721 1926 2762; x_wconf 92' lang='lat' dir='ltr'>vos</span> <span class='ocrx_word' id='word_1_232' title='bbox 1975 2705 2108 2778; x_wconf 90' lang='lat' dir='ltr'>ipsi,</span> 
     </span>
    </p>
   </div>
   <div class='ocr_carea' id='block_1_33' title="bbox 452 2792 2110 2866">
    <p class='ocr_par' dir='ltr' id='par_1_33' title="bbox 452 2792 2110 2866">
     <span class='ocr_line' id='line_1_33' title="bbox 452 2792 2110 2866; baseline -0.001 -14"><span class='ocrx_word' id='word_1_233' title='bbox 452 2794 656 2852; x_wconf 78' lang='lat' dir='ltr'>afferte</span> <span class='ocrx_word' id='word_1_234' title='bbox 683 2795 906 2861; x_wconf 90' lang='lat' dir='ltr'>vimen,</span> <span class='ocrx_word' id='word_1_235' title='bbox 939 2807 1060 2865; x_wconf 91' lang='lat' dir='ltr'>quo</span> <span class='ocrx_word' id='word_1_236' title='bbox 1105 2792 1393 2866; x_wconf 89' lang='lat' dir='ltr'>suspendi</span> <span class='ocrx_word' id='word_1_237' title='bbox 1421 2792 1710 2849; x_wconf 88' lang='lat' dir='ltr'>debeatis.</span> <span class='ocrx_word' id='word_1_238' title='bbox 1761 2796 1888 2849; x_wconf 90' lang='lat' dir='ltr'>Non</span> <span class='ocrx_word' id='word_1_239' title='bbox 1931 2793 2110 2864; x_wconf 91' lang='lat' dir='ltr'>longe</span> 
     </span>
    </p>
   </div>
   <div class='ocr_carea' id='block_1_34' title="bbox 452 2881 2110 2955">
    <p class='ocr_par' dir='ltr' id='par_1_34' title="bbox 452 2881 2110 2955">
     <span class='ocr_line' id='line_1_34' title="bbox 452 2881 2110 2955; baseline -0.001 -14"><span class='ocrx_word' id='word_1_240' title='bbox 452 2889 656 2941; x_wconf 88' lang='lat' dir='ltr'>autem</span> <span class='ocrx_word' id='word_1_241' title='bbox 684 2887 812 2939; x_wconf 90' lang='lat' dir='ltr'>erat</span> <span class='ocrx_word' id='word_1_242' title='bbox 840 2882 1008 2952; x_wconf 91' lang='lat' dir='ltr'>silva,</span> <span class='ocrx_word' id='word_1_243' title='bbox 1039 2899 1173 2955; x_wconf 82' lang='lat' dir='ltr'>quae</span> <span class='ocrx_word' id='word_1_244' title='bbox 1201 2881 1485 2954; x_wconf 87' lang='lat' dir='ltr'>stirpibus</span> <span class='ocrx_word' id='word_1_245' title='bbox 1525 2882 1777 2940; x_wconf 88' lang='lat' dir='ltr'>densata</span> <span class='ocrx_word' id='word_1_246' title='bbox 1807 2899 2110 2940; x_wconf 91' lang='lat' dir='ltr'>succreve-</span> 
     </span>
    </p>
   </div>
   <div class='ocr_carea' id='block_1_35' title="bbox 449 2971 2109 3046">
    <p class='ocr_par' dir='ltr' id='par_1_35' title="bbox 449 2971 2109 3046">
     <span class='ocr_line' id='line_1_35' title="bbox 449 2971 2109 3046; baseline -0.001 -15"><span class='ocrx_word' id='word_1_247' title='bbox 449 2979 560 3031; x_wconf 88' lang='lat' dir='ltr'>rat.</span> <span class='ocrx_word' id='word_1_248' title='bbox 595 2975 788 3040; x_wconf 89' lang='lat' dir='ltr'>Quam</span> <span class='ocrx_word' id='word_1_249' title='bbox 818 2971 900 3028; x_wconf 91' lang='lat' dir='ltr'>illi</span> <span class='ocrx_word' id='word_1_250' title='bbox 928 2972 1238 3040; x_wconf 88' lang='lat' dir='ltr'>intrantes,</span> <span class='ocrx_word' id='word_1_251' title='bbox 1270 2976 1328 3027; x_wconf 90' lang='lat' dir='ltr'>et</span> <span class='ocrx_word' id='word_1_252' title='bbox 1374 2974 1549 3044; x_wconf 88' lang='lat' dir='ltr'>quasi</span> <span class='ocrx_word' id='word_1_253' title='bbox 1591 2973 1791 3029; x_wconf 88' lang='lat' dir='ltr'>vimen</span> <span class='ocrx_word' id='word_1_254' title='bbox 1841 2989 2109 3046; x_wconf 81' lang='lat' dir='ltr'>quaeren-</span> 
     </span>
    </p>
   </div>
   <div class='ocr_carea' id='block_1_36' title="bbox 449 3061 2110 3136">
    <p class='ocr_par' dir='ltr' id='par_1_36' title="bbox 449 3061 2110 3136">
     <span class='ocr_line' id='line_1_36' title="bbox 449 3061 2110 3136; baseline -0.001 -16"><span class='ocrx_word' id='word_1_255' title='bbox 449 3069 557 3132; x_wconf 86' lang='lat' dir='ltr'>tes,</span> <span class='ocrx_word' id='word_1_256' title='bbox 613 3061 906 3136; x_wconf 77' lang='lat' dir='ltr'>paulatim</span> <span class='ocrx_word' id='word_1_257' title='bbox 951 3061 1274 3118; x_wconf 90' lang='lat' dir='ltr'>remotiora</span> <span class='ocrx_word' id='word_1_258' title='bbox 1319 3065 1721 3134; x_wconf 88' lang='lat' dir='ltr'>penetrantes,</span> <span class='ocrx_word' id='word_1_259' title='bbox 1773 3061 1968 3118; x_wconf 90' lang='lat' dir='ltr'>subito</span> <span class='ocrx_word' id='word_1_260' title='bbox 2025 3062 2110 3118; x_wconf 87' lang='lat' dir='ltr'>di-</span> 
     </span>
    </p>
   </div>
   <div class='ocr_carea' id='block_1_37' title="bbox 448 3149 2106 3227">
    <p class='ocr_par' dir='ltr' id='par_1_37' title="bbox 448 3149 2106 3227">
     <span class='ocr_line' id='line_1_37' title="bbox 448 3149 2106 3227; baseline -0.001 -17"><span class='ocrx_word' id='word_1_261' title='bbox 448 3155 824 3227; x_wconf 89' lang='lat' dir='ltr'>sparuerant,</span> <span class='ocrx_word' id='word_1_262' title='bbox 857 3155 914 3206; x_wconf 89' lang='lat' dir='ltr'>et</span> <span class='ocrx_word' id='word_1_263' title='bbox 939 3151 1022 3206; x_wconf 89' lang='lat' dir='ltr'>ita</span> <span class='ocrx_word' id='word_1_264' title='bbox 1059 3149 1267 3206; x_wconf 90' lang='lat' dir='ltr'>mortis</span> <span class='ocrx_word' id='word_1_265' title='bbox 1306 3149 1622 3208; x_wconf 86' lang='lat' dir='ltr'>articulum</span> <span class='ocrx_word' id='word_1_266' title='bbox 1649 3155 1984 3208; x_wconf 90' lang='lat' dir='ltr'>evaserunt.</span> <span class='ocrx_word' id='word_1_267' title='bbox 2037 3152 2106 3208; x_wconf 89' lang='lat' dir='ltr'>Hi</span> 
     </span>
    </p>
   </div>
   <div class='ocr_carea' id='block_1_38' title="bbox 445 3239 2105 3314">
    <p class='ocr_par' dir='ltr' id='par_1_38' title="bbox 445 3239 2105 3314">
     <span class='ocr_line' id='line_1_38' title="bbox 445 3239 2105 3314; baseline -0.001 -15"><span class='ocrx_word' id='word_1_268' title='bbox 445 3258 590 3300; x_wconf 81' lang='lat' dir='ltr'>vero</span> <span class='ocrx_word' id='word_1_269' title='bbox 619 3241 721 3314; x_wconf 91' lang='lat' dir='ltr'>qui</span> <span class='ocrx_word' id='word_1_270' title='bbox 748 3240 1015 3307; x_wconf 89' lang='lat' dir='ltr'>aderant,</span> <span class='ocrx_word' id='word_1_271' title='bbox 1049 3254 1364 3296; x_wconf 90' lang='lat' dir='ltr'>assensum</span> <span class='ocrx_word' id='word_1_272' title='bbox 1393 3239 1522 3311; x_wconf 92' lang='lat' dir='ltr'>ejus</span> <span class='ocrx_word' id='word_1_273' title='bbox 1549 3240 1959 3312; x_wconf 89' lang='lat' dir='ltr'>intelligentes,</span> <span class='ocrx_word' id='word_1_274' title='bbox 2003 3257 2105 3297; x_wconf 91' lang='lat' dir='ltr'>eos</span> 
     </span>
    </p>
   </div>
   <div class='ocr_carea' id='block_1_39' title="bbox 445 3328 2104 3402">
    <p class='ocr_par' dir='ltr' id='par_1_39' title="bbox 445 3328 2104 3402">
     <span class='ocr_line' id='line_1_39' title="bbox 445 3328 2104 3402; baseline 0.001 -18"><span class='ocrx_word' id='word_1_275' title='bbox 445 3329 804 3402; x_wconf 84' lang='lat' dir='ltr'>perscrutari</span> <span class='ocrx_word' id='word_1_276' title='bbox 832 3328 982 3385; x_wconf 90' lang='lat' dir='ltr'>inter</span> <span class='ocrx_word' id='word_1_277' title='bbox 1010 3328 1223 3385; x_wconf 87' lang='lat' dir='ltr'>fruteta</span> <span class='ocrx_word' id='word_1_278' title='bbox 1251 3345 1374 3385; x_wconf 90' lang='lat' dir='ltr'>non</span> <span class='ocrx_word' id='word_1_279' title='bbox 1421 3329 1748 3386; x_wconf 89' lang='lat' dir='ltr'>audebant.</span> <span class='ocrx_word' id='word_1_280' title='bbox 1800 3331 2104 3396; x_wconf 90' lang='lat' dir='ltr'>Quantum</span> 
     </span>
    </p>
   </div>
   <div class='ocr_carea' id='block_1_40' title="bbox 444 3417 2103 3492">
    <p class='ocr_par' dir='ltr' id='par_1_40' title="bbox 444 3417 2103 3492">
     <span class='ocr_line' id='line_1_40' title="bbox 444 3417 2103 3492; baseline 0 -18"><span class='ocrx_word' id='word_1_281' title='bbox 444 3435 587 3474; x_wconf 91' lang='lat' dir='ltr'>vero</span> <span class='ocrx_word' id='word_1_282' title='bbox 613 3433 684 3474; x_wconf 79' lang='lat' dir='ltr'>ex</span> <span class='ocrx_word' id='word_1_283' title='bbox 709 3417 1046 3491; x_wconf 67' lang='lat' dir='ltr'>aequalitate</span> <span class='ocrx_word' id='word_1_284' title='bbox 1070 3433 1467 3491; x_wconf 85' lang='lat' dir='ltr'>personarum</span> <span class='ocrx_word' id='word_1_285' title='bbox 1495 3419 1710 3490; x_wconf 92' lang='lat' dir='ltr'>conjici</span> <span class='ocrx_word' id='word_1_286' title='bbox 1727 3423 1942 3491; x_wconf 90' lang='lat' dir='ltr'>potest,</span> <span class='ocrx_word' id='word_1_287' title='bbox 1968 3435 2103 3492; x_wconf 92' lang='lat' dir='ltr'>per-</span> 
     </span>
    </p>
   </div>
   <div class='ocr_carea' id='block_1_41' title="bbox 445 3506 2102 3579">
    <p class='ocr_par' dir='ltr' id='par_1_41' title="bbox 445 3506 2102 3579">
     <span class='ocr_line' id='line_1_41' title="bbox 445 3506 2102 3579; baseline 0.001 -16"><span class='ocrx_word' id='word_1_288' title='bbox 445 3523 626 3564; x_wconf 89' lang='lat' dir='ltr'>sonas</span> <span class='ocrx_word' id='word_1_289' title='bbox 656 3506 788 3563; x_wconf 90' lang='lat' dir='ltr'>illas</span> <span class='ocrx_word' id='word_1_290' title='bbox 819 3523 1060 3563; x_wconf 89' lang='lat' dir='ltr'>reorum</span> <span class='ocrx_word' id='word_1_291' title='bbox 1089 3506 1196 3579; x_wconf 90' lang='lat' dir='ltr'>qui</span> <span class='ocrx_word' id='word_1_292' title='bbox 1226 3522 1287 3562; x_wconf 91' lang='lat' dir='ltr'>se</span> <span class='ocrx_word' id='word_1_293' title='bbox 1317 3507 1380 3562; x_wconf 93' lang='lat' dir='ltr'>in</span> <span class='ocrx_word' id='word_1_294' title='bbox 1406 3506 1636 3563; x_wconf 89' lang='lat' dir='ltr'>malum</span> <span class='ocrx_word' id='word_1_295' title='bbox 1680 3507 2102 3578; x_wconf 87' lang='lat' dir='ltr'>destinaverat,</span> 
     </span>
    </p>
   </div>
   <div class='ocr_carea' id='block_1_42' title="bbox 444 3594 2101 3666">
    <p class='ocr_par' dir='ltr' id='par_1_42' title="bbox 444 3594 2101 3666">
     <span class='ocr_line' id='line_1_42' title="bbox 444 3594 2101 3666; baseline -0.001 -14"><span class='ocrx_word' id='word_1_296' title='bbox 444 3601 549 3652; x_wconf 88' lang='lat' dir='ltr'>aut</span> <span class='ocrx_word' id='word_1_297' title='bbox 576 3596 815 3652; x_wconf 91' lang='lat' dir='ltr'>damnis</span> <span class='ocrx_word' id='word_1_298' title='bbox 845 3595 1176 3666; x_wconf 88' lang='lat' dir='ltr'>coercebat,</span> <span class='ocrx_word' id='word_1_299' title='bbox 1233 3599 1338 3651; x_wconf 89' lang='lat' dir='ltr'>aut</span> <span class='ocrx_word' id='word_1_300' title='bbox 1388 3594 1728 3652; x_wconf 90' lang='lat' dir='ltr'>charactere</span> <span class='ocrx_word' id='word_1_301' title='bbox 1768 3595 2101 3652; x_wconf 87' lang='lat' dir='ltr'>adustionis</span> 
     </span>
    </p>
   </div>
   <div class='ocr_carea' id='block_1_43' title="bbox 441 3685 2103 3759">
    <p class='ocr_par' dir='ltr' id='par_1_43' title="bbox 441 3685 2103 3759">
     <span class='ocr_line' id='line_1_43' title="bbox 441 3685 2103 3759; baseline 0.001 -18"><span class='ocrx_word' id='word_1_302' title='bbox 441 3686 737 3743; x_wconf 87' lang='lat' dir='ltr'>inurebat.</span> <span class='ocrx_word' id='word_1_303' title='bbox 769 3685 899 3742; x_wconf 90' lang='lat' dir='ltr'>Illas</span> <span class='ocrx_word' id='word_1_304' title='bbox 924 3690 1125 3742; x_wconf 88' lang='lat' dir='ltr'>autem</span> <span class='ocrx_word' id='word_1_305' title='bbox 1155 3700 1470 3759; x_wconf 89' lang='lat' dir='ltr'>personas,</span> <span class='ocrx_word' id='word_1_306' title='bbox 1504 3701 1639 3758; x_wconf 72' lang='lat' dir='ltr'>qum</span> <span class='ocrx_word' id='word_1_307' title='bbox 1668 3701 1793 3742; x_wconf 91' lang='lat' dir='ltr'>non</span> <span class='ocrx_word' id='word_1_308' title='bbox 1821 3701 1929 3758; x_wconf 92' lang='lat' dir='ltr'>per</span> <span class='ocrx_word' id='word_1_309' title='bbox 1963 3701 2103 3742; x_wconf 86' lang='lat' dir='ltr'>con-</span> 
     </span>
    </p>
   </div>
   <div class='ocr_carea' id='block_1_44' title="bbox 445 3773 2101 3848">
    <p class='ocr_par' dir='ltr' id='par_1_44' title="bbox 445 3773 2101 3848">
     <span class='ocr_line' id='line_1_44' title="bbox 445 3773 2101 3848; baseline 0 -18"><span class='ocrx_word' id='word_1_310' title='bbox 445 3779 676 3832; x_wconf 87' lang='lat' dir='ltr'>suetam</span> <span class='ocrx_word' id='word_1_311' title='bbox 723 3775 1033 3844; x_wconf 88' lang='lat' dir='ltr'>malitiam,</span> <span class='ocrx_word' id='word_1_312' title='bbox 1073 3775 1178 3831; x_wconf 91' lang='lat' dir='ltr'>sed</span> <span class='ocrx_word' id='word_1_313' title='bbox 1227 3774 1514 3847; x_wconf 91' lang='lat' dir='ltr'>qualibet,</span> <span class='ocrx_word' id='word_1_314' title='bbox 1571 3773 1802 3830; x_wconf 88' lang='lat' dir='ltr'>malum</span> <span class='ocrx_word' id='word_1_315' title='bbox 1857 3773 2101 3848; x_wconf 90' lang='lat' dir='ltr'>aliquod</span> 
     </span>
    </p>
   </div>
   <div class='ocr_carea' id='block_1_45' title="bbox 441 3863 2101 3939">
    <p class='ocr_par' dir='ltr' id='par_1_45' title="bbox 441 3863 2101 3939">
     <span class='ocr_line' id='line_1_45' title="bbox 441 3863 2101 3939; baseline 0.001 -19"><span class='ocrx_word' id='word_1_316' title='bbox 441 3869 900 3939; x_wconf 88' lang='lat' dir='ltr'>perpetrassent,</span> <span class='ocrx_word' id='word_1_317' title='bbox 932 3863 1246 3920; x_wconf 90' lang='lat' dir='ltr'>indemens</span> <span class='ocrx_word' id='word_1_318' title='bbox 1277 3863 1630 3920; x_wconf 90' lang='lat' dir='ltr'>dimittebat.</span> <span class='ocrx_word' id='word_1_319' title='bbox 1662 3865 1986 3938; x_wconf 89' lang='lat' dir='ltr'>Nunquam</span> <span class='ocrx_word' id='word_1_320' title='bbox 2017 3867 2101 3922; x_wconf 89' lang='lat' dir='ltr'>ta-</span> 
     </span>
    </p>
   </div>
   <div class='ocr_carea' id='block_1_46' title="bbox 441 3954 2102 4027">
    <p class='ocr_par' dir='ltr' id='par_1_46' title="bbox 441 3954 2102 4027">
     <span class='ocr_line' id='line_1_46' title="bbox 441 3954 2102 4027; baseline 0 -15"><span class='ocrx_word' id='word_1_321' title='bbox 441 3972 583 4012; x_wconf 89' lang='lat' dir='ltr'>men</span> <span class='ocrx_word' id='word_1_322' title='bbox 634 3955 908 4012; x_wconf 89' lang='lat' dir='ltr'>auditum</span> <span class='ocrx_word' id='word_1_323' title='bbox 961 3959 1052 4010; x_wconf 91' lang='lat' dir='ltr'>est</span> <span class='ocrx_word' id='word_1_324' title='bbox 1106 3958 1172 4010; x_wconf 92' lang='lat' dir='ltr'>ut</span> <span class='ocrx_word' id='word_1_325' title='bbox 1228 3971 1290 4010; x_wconf 91' lang='lat' dir='ltr'>se</span> <span class='ocrx_word' id='word_1_326' title='bbox 1347 3957 1638 4027; x_wconf 68' lang='lat' dir='ltr'>praesente</span> <span class='ocrx_word' id='word_1_327' title='bbox 1695 3954 1945 4027; x_wconf 90' lang='lat' dir='ltr'>quilibet</span> <span class='ocrx_word' id='word_1_328' title='bbox 1998 3959 2102 4012; x_wconf 92' lang='lat' dir='ltr'>aut</span> 
     </span>
    </p>
   </div>
   <div class='ocr_carea' id='block_1_47' title="bbox 439 4043 1830 4118">
    <p class='ocr_par' dir='ltr' id='par_1_47' title="bbox 439 4043 1830 4118">
     <span class='ocr_line' id='line_1_47' title="bbox 439 4043 1830 4118; baseline -0.001 -17"><span class='ocrx_word' id='word_1_329' title='bbox 439 4051 631 4101; x_wconf 90' lang='lat' dir='ltr'>morte</span> <span class='ocrx_word' id='word_1_330' title='bbox 661 4045 906 4118; x_wconf 89' lang='lat' dir='ltr'>punitus</span> <span class='ocrx_word' id='word_1_331' title='bbox 934 4044 1028 4114; x_wconf 91' lang='lat' dir='ltr'>sit,</span> <span class='ocrx_word' id='word_1_332' title='bbox 1061 4048 1163 4100; x_wconf 87' lang='lat' dir='ltr'>aut</span> <span class='ocrx_word' id='word_1_333' title='bbox 1187 4048 1496 4100; x_wconf 88' lang='lat' dir='ltr'>truncatus</span> <span class='ocrx_word' id='word_1_334' title='bbox 1522 4043 1830 4100; x_wconf 91' lang='lat' dir='ltr'>membris.</span> 
     </span>
    </p>
   </div>
   <div class='ocr_carea' id='block_1_48' title="bbox 511 4132 2100 4206">
    <p class='ocr_par' dir='ltr' id='par_1_48' title="bbox 511 4132 2100 4206">
     <span class='ocr_line' id='line_1_48' title="bbox 511 4132 2100 4206; baseline -0.001 -16"><span class='ocrx_word' id='word_1_335' title='bbox 511 4135 638 4190; x_wconf 88' lang='lat' dir='ltr'>XXI.</span> <span class='ocrx_word' id='word_1_336' title='bbox 661 4137 814 4192; x_wconf 90' lang='lat' dir='ltr'>Sane</span> <span class='ocrx_word' id='word_1_337' title='bbox 843 4132 917 4188; x_wconf 92' lang='lat' dir='ltr'>de</span> <span class='ocrx_word' id='word_1_338' title='bbox 941 4132 1213 4204; x_wconf 90' lang='lat' dir='ltr'>pluribus</span> <span class='ocrx_word' id='word_1_339' title='bbox 1243 4132 1420 4202; x_wconf 89' lang='lat' dir='ltr'>gestis</span> <span class='ocrx_word' id='word_1_340' title='bbox 1435 4133 1570 4203; x_wconf 87' lang='lat' dir='ltr'>ejus</span> <span class='ocrx_word' id='word_1_341' title='bbox 1595 4149 1791 4204; x_wconf 91' lang='lat' dir='ltr'>pauca</span> <span class='ocrx_word' id='word_1_342' title='bbox 1817 4133 2100 4206; x_wconf 79' lang='lat' dir='ltr'>quaedam</span> 
     </span>
    </p>
   </div>
   <div class='ocr_carea' id='block_1_49' title="bbox 441 4221 2098 4293">
    <p class='ocr_par' dir='ltr' id='par_1_49' title="bbox 441 4221 2098 4293">
     <span class='ocr_line' id='line_1_49' title="bbox 441 4221 2098 4293; baseline -0.001 -14"><span class='ocrx_word' id='word_1_343' title='bbox 441 4227 499 4280; x_wconf 89' lang='lat' dir='ltr'>et</span> <span class='ocrx_word' id='word_1_344' title='bbox 523 4221 760 4293; x_wconf 88' lang='lat' dir='ltr'>singula</span> <span class='ocrx_word' id='word_1_345' title='bbox 783 4237 1352 4292; x_wconf 90' lang='lat' dir='ltr'>commemoramus,</span> <span class='ocrx_word' id='word_1_346' title='bbox 1385 4237 1521 4293; x_wconf 67' lang='lat' dir='ltr'>quae</span> <span class='ocrx_word' id='word_1_347' title='bbox 1550 4221 1628 4278; x_wconf 93' lang='lat' dir='ltr'>ad</span> <span class='ocrx_word' id='word_1_348' title='bbox 1659 4221 2098 4278; x_wconf 88' lang='lat' dir='ltr'>ostendendum</span> 
     </span>
    </p>
   </div>
   <div class='ocr_carea' id='block_1_50' title="bbox 2238 388 3904 465">
    <p class='ocr_par' dir='ltr' id='par_1_50' title="bbox 2238 388 3904 465">
     <span class='ocr_line' id='line_1_50' title="bbox 2238 388 3904 465; baseline 0.003 -22"><span class='ocrx_word' id='word_1_349' title='bbox 2238 388 2406 444; x_wconf 87' lang='lat' dir='ltr'>dium</span> <span class='ocrx_word' id='word_1_350' title='bbox 2435 389 2854 458; x_wconf 89' lang='lat' dir='ltr'>demonstrari,</span> <span class='ocrx_word' id='word_1_351' title='bbox 2883 396 2949 446; x_wconf 91' lang='lat' dir='ltr'>ut</span> <span class='ocrx_word' id='word_1_352' title='bbox 2975 395 3062 447; x_wconf 92' lang='lat' dir='ltr'>est</span> <span class='ocrx_word' id='word_1_353' title='bbox 3085 390 3360 448; x_wconf 90' lang='lat' dir='ltr'>videlicet</span> <span class='ocrx_word' id='word_1_354' title='bbox 3380 391 3528 447; x_wconf 87' lang='lat' dir='ltr'>illud</span> <span class='ocrx_word' id='word_1_355' title='bbox 3560 408 3572 447; x_wconf 88' lang='lat'>:</span> <span class='ocrx_word' id='word_1_356' title='bbox 3619 394 3774 447; x_wconf 90' lang='lat' dir='ltr'>Dum</span> <span class='ocrx_word' id='word_1_357' title='bbox 3793 408 3904 465; x_wconf 90' lang='lat' dir='ltr'>per</span> 
     </span>
    </p>
   </div>
   <div class='ocr_carea' id='block_1_51' title="bbox 2237 479 3900 554">
    <p class='ocr_par' dir='ltr' id='par_1_51' title="bbox 2237 479 3900 554">
     <span class='ocr_line' id='line_1_51' title="bbox 2237 479 3900 554; baseline 0.001 -20"><span class='ocrx_word' id='word_1_358' title='bbox 2237 493 2518 548; x_wconf 82' lang='lat' dir='ltr'>aggerem</span> <span class='ocrx_word' id='word_1_359' title='bbox 2545 479 2855 552; x_wconf 89' lang='lat' dir='ltr'>publicum</span> <span class='ocrx_word' id='word_1_360' title='bbox 2876 479 3204 554; x_wconf 90' lang='lat' dir='ltr'>aliquando</span> <span class='ocrx_word' id='word_1_361' title='bbox 3229 480 3599 550; x_wconf 88' lang='lat' dir='ltr'>graderetur,</span> <span class='ocrx_word' id='word_1_362' title='bbox 3619 481 3682 536; x_wconf 91' lang='lat' dir='ltr'>in</span> <span class='ocrx_word' id='word_1_363' title='bbox 3705 480 3900 552; x_wconf 83' lang='lat' dir='ltr'>agello</span> 
     </span>
    </p>
   </div>
   <div class='ocr_carea' id='block_1_52' title="bbox 2235 567 3898 641">
    <p class='ocr_par' dir='ltr' id='par_1_52' title="bbox 2235 567 3898 641">
     <span class='ocr_line' id='line_1_52' title="bbox 2235 567 3898 641; baseline 0.001 -19"><span class='ocrx_word' id='word_1_364' title='bbox 2235 567 2346 622; x_wconf 66' lang='lat' dir='ltr'>vim</span> <span class='ocrx_word' id='word_1_365' title='bbox 2377 568 2657 637; x_wconf 90' lang='lat' dir='ltr'>contiguo</span> <span class='ocrx_word' id='word_1_366' title='bbox 2687 568 2972 641; x_wconf 66' lang='lat' dir='ltr'>quaedam</span> <span class='ocrx_word' id='word_1_367' title='bbox 3019 569 3328 626; x_wconf 88' lang='lat' dir='ltr'>rusticana</span> <span class='ocrx_word' id='word_1_368' title='bbox 3371 569 3587 625; x_wconf 90' lang='lat' dir='ltr'>mulier</span> <span class='ocrx_word' id='word_1_369' title='bbox 3629 575 3898 626; x_wconf 86' lang='lat' dir='ltr'>aratrum</span> 
     </span>
    </p>
   </div>
   <div class='ocr_carea' id='block_1_53' title="bbox 2236 654 3898 730">
    <p class='ocr_par' dir='ltr' id='par_1_53' title="bbox 2236 654 3898 730">
     <span class='ocr_line' id='line_1_53' title="bbox 2236 654 3898 730; baseline 0.002 -20"><span class='ocrx_word' id='word_1_370' title='bbox 2236 654 2512 712; x_wconf 92' lang='lat' dir='ltr'>ducebat.</span> <span class='ocrx_word' id='word_1_371' title='bbox 2547 657 2739 722; x_wconf 92' lang='lat' dir='ltr'>Quam</span> <span class='ocrx_word' id='word_1_372' title='bbox 2790 657 3038 730; x_wconf 89' lang='lat' dir='ltr'>requirit</span> <span class='ocrx_word' id='word_1_373' title='bbox 3086 673 3192 713; x_wconf 90' lang='lat' dir='ltr'>cur</span> <span class='ocrx_word' id='word_1_374' title='bbox 3249 673 3403 730; x_wconf 90' lang='lat' dir='ltr'>opus</span> <span class='ocrx_word' id='word_1_375' title='bbox 3461 657 3624 714; x_wconf 89' lang='lat' dir='ltr'>virile</span> <span class='ocrx_word' id='word_1_376' title='bbox 3683 657 3898 714; x_wconf 87' lang='lat' dir='ltr'>mulier</span> 
     </span>
    </p>
   </div>
   <div class='ocr_carea' id='block_1_54' title="bbox 2235 746 3898 820">
    <p class='ocr_par' dir='ltr' id='par_1_54' title="bbox 2235 746 3898 820">
     <span class='ocr_line' id='line_1_54' title="bbox 2235 746 3898 820; baseline 0.001 -19"><span class='ocrx_word' id='word_1_377' title='bbox 2235 759 2411 814; x_wconf 90' lang='lat' dir='ltr'>agere</span> <span class='ocrx_word' id='word_1_378' title='bbox 2437 747 2940 818; x_wconf 69' lang='lat' dir='ltr'>prmsumpsisset.</span> <span class='ocrx_word' id='word_1_379' title='bbox 2969 746 3295 820; x_wconf 82' lang='lat' dir='ltr'>Respondit</span> <span class='ocrx_word' id='word_1_380' title='bbox 3320 747 3514 802; x_wconf 88' lang='lat' dir='ltr'>virum</span> <span class='ocrx_word' id='word_1_381' title='bbox 3551 763 3734 802; x_wconf 92' lang='lat' dir='ltr'>suum</span> <span class='ocrx_word' id='word_1_382' title='bbox 3763 747 3898 803; x_wconf 90' lang='lat' dir='ltr'>diu-</span> 
     </span>
    </p>
   </div>
   <div class='ocr_carea' id='block_1_55' title="bbox 2235 834 3900 909">
    <p class='ocr_par' dir='ltr' id='par_1_55' title="bbox 2235 834 3900 909">
     <span class='ocr_line' id='line_1_55' title="bbox 2235 834 3900 909; baseline 0.002 -20"><span class='ocrx_word' id='word_1_383' title='bbox 2235 834 2348 890; x_wconf 89' lang='lat' dir='ltr'>tius</span> <span class='ocrx_word' id='word_1_384' title='bbox 2373 835 2502 906; x_wconf 90' lang='lat' dir='ltr'>jam</span> <span class='ocrx_word' id='word_1_385' title='bbox 2528 835 2832 906; x_wconf 86' lang='lat' dir='ltr'>languere,</span> <span class='ocrx_word' id='word_1_386' title='bbox 2885 841 3125 908; x_wconf 89' lang='lat' dir='ltr'>tempus</span> <span class='ocrx_word' id='word_1_387' title='bbox 3171 835 3419 892; x_wconf 87' lang='lat' dir='ltr'>sationis</span> <span class='ocrx_word' id='word_1_388' title='bbox 3464 835 3786 909; x_wconf 73' lang='lat' dir='ltr'>praeterire,</span> <span class='ocrx_word' id='word_1_389' title='bbox 3837 851 3900 892; x_wconf 89' lang='lat' dir='ltr'>se</span> 
     </span>
    </p>
   </div>
   <div class='ocr_carea' id='block_1_56' title="bbox 2234 923 3896 998">
    <p class='ocr_par' dir='ltr' id='par_1_56' title="bbox 2234 923 3896 998">
     <span class='ocr_line' id='line_1_56' title="bbox 2234 923 3896 998; baseline 0.001 -20"><span class='ocrx_word' id='word_1_390' title='bbox 2234 923 2424 980; x_wconf 89' lang='lat' dir='ltr'>solam</span> <span class='ocrx_word' id='word_1_391' title='bbox 2453 941 2603 992; x_wconf 79' lang='lat' dir='ltr'>esse,</span> <span class='ocrx_word' id='word_1_392' title='bbox 2636 925 2991 998; x_wconf 91' lang='lat' dir='ltr'>nullumque</span> <span class='ocrx_word' id='word_1_393' title='bbox 3022 925 3125 997; x_wconf 93' lang='lat' dir='ltr'>qui</span> <span class='ocrx_word' id='word_1_394' title='bbox 3157 925 3271 980; x_wconf 91' lang='lat' dir='ltr'>sibi</span> <span class='ocrx_word' id='word_1_395' title='bbox 3301 923 3617 981; x_wconf 86' lang='lat' dir='ltr'>subveniat</span> <span class='ocrx_word' id='word_1_396' title='bbox 3643 925 3896 982; x_wconf 84' lang='lat' dir='ltr'>habere.</span> 
     </span>
    </p>
   </div>
   <div class='ocr_carea' id='block_1_57' title="bbox 2234 1012 3903 1085">
    <p class='ocr_par' dir='ltr' id='par_1_57' title="bbox 2234 1012 3903 1085">
     <span class='ocr_line' id='line_1_57' title="bbox 2234 1012 3903 1085; baseline 0.001 -17"><span class='ocrx_word' id='word_1_397' title='bbox 2234 1014 2382 1068; x_wconf 89' lang='lat' dir='ltr'>Cum</span> <span class='ocrx_word' id='word_1_398' title='bbox 2407 1012 2652 1085; x_wconf 90' lang='lat' dir='ltr'>quidem</span> <span class='ocrx_word' id='word_1_399' title='bbox 2677 1012 2772 1069; x_wconf 93' lang='lat' dir='ltr'>ille</span> <span class='ocrx_word' id='word_1_400' title='bbox 2804 1013 3204 1069; x_wconf 89' lang='lat' dir='ltr'>calamitatem</span> <span class='ocrx_word' id='word_1_401' title='bbox 3233 1013 3364 1084; x_wconf 89' lang='lat' dir='ltr'>ejus</span> <span class='ocrx_word' id='word_1_402' title='bbox 3407 1013 3745 1085; x_wconf 87' lang='lat' dir='ltr'>miseratus,</span> <span class='ocrx_word' id='word_1_403' title='bbox 3775 1019 3903 1070; x_wconf 87' lang='lat' dir='ltr'>tan-</span> 
     </span>
    </p>
   </div>
   <div class='ocr_carea' id='block_1_58' title="bbox 2233 1100 3902 1174">
    <p class='ocr_par' dir='ltr' id='par_1_58' title="bbox 2233 1100 3902 1174">
     <span class='ocr_line' id='line_1_58' title="bbox 2233 1100 3902 1174; baseline 0.001 -18"><span class='ocrx_word' id='word_1_404' title='bbox 2233 1104 2324 1156; x_wconf 91' lang='lat' dir='ltr'>tos</span> <span class='ocrx_word' id='word_1_405' title='bbox 2354 1100 2407 1155; x_wconf 91' lang='lat' dir='ltr'>ei</span> <span class='ocrx_word' id='word_1_406' title='bbox 2435 1117 2720 1157; x_wconf 91' lang='lat' dir='ltr'>nummos</span> <span class='ocrx_word' id='word_1_407' title='bbox 2750 1101 2876 1157; x_wconf 84' lang='lat' dir='ltr'>dari</span> <span class='ocrx_word' id='word_1_408' title='bbox 2905 1101 3096 1173; x_wconf 88' lang='lat' dir='ltr'>jubet,</span> <span class='ocrx_word' id='word_1_409' title='bbox 3129 1101 3340 1174; x_wconf 90' lang='lat' dir='ltr'>quanti</span> <span class='ocrx_word' id='word_1_410' title='bbox 3377 1101 3504 1158; x_wconf 92' lang='lat' dir='ltr'>dies</span> <span class='ocrx_word' id='word_1_411' title='bbox 3533 1102 3784 1158; x_wconf 86' lang='lat' dir='ltr'>sationis</span> <span class='ocrx_word' id='word_1_412' title='bbox 3807 1119 3902 1158; x_wconf 62' lang='lat' dir='ltr'>suo</span> 
     </span>
    </p>
   </div>
   <div class='ocr_carea' id='block_1_59' title="bbox 2232 1191 3902 1265">
    <p class='ocr_par' dir='ltr' id='par_1_59' title="bbox 2232 1191 3902 1265">
     <span class='ocr_line' id='line_1_59' title="bbox 2232 1191 3902 1265; baseline 0.002 -20"><span class='ocrx_word' id='word_1_413' title='bbox 2232 1206 2472 1262; x_wconf 89' lang='lat' dir='ltr'>peresse</span> <span class='ocrx_word' id='word_1_414' title='bbox 2519 1191 2898 1260; x_wconf 88' lang='lat' dir='ltr'>videbantur,</span> <span class='ocrx_word' id='word_1_415' title='bbox 2940 1196 3237 1265; x_wconf 88' lang='lat' dir='ltr'>quatenus</span> <span class='ocrx_word' id='word_1_416' title='bbox 3291 1208 3398 1264; x_wconf 91' lang='lat' dir='ltr'>per</span> <span class='ocrx_word' id='word_1_417' title='bbox 3451 1192 3724 1263; x_wconf 89' lang='lat' dir='ltr'>singulos</span> <span class='ocrx_word' id='word_1_418' title='bbox 3771 1192 3902 1249; x_wconf 89' lang='lat' dir='ltr'>dies</span> 
     </span>
    </p>
   </div>
   <div class='ocr_carea' id='block_1_60' title="bbox 2232 1280 3900 1354">
    <p class='ocr_par' dir='ltr' id='par_1_60' title="bbox 2232 1280 3900 1354">
     <span class='ocr_line' id='line_1_60' title="bbox 2232 1280 3900 1354; baseline 0.002 -19"><span class='ocrx_word' id='word_1_419' title='bbox 2232 1280 2558 1349; x_wconf 86' lang='lat' dir='ltr'>agricolam</span> <span class='ocrx_word' id='word_1_420' title='bbox 2589 1281 2700 1337; x_wconf 91' lang='lat' dir='ltr'>sibi</span> <span class='ocrx_word' id='word_1_421' title='bbox 2731 1281 3109 1351; x_wconf 90' lang='lat' dir='ltr'>conduceret,</span> <span class='ocrx_word' id='word_1_422' title='bbox 3141 1287 3195 1337; x_wconf 91' lang='lat' dir='ltr'>et</span> <span class='ocrx_word' id='word_1_423' title='bbox 3227 1281 3358 1354; x_wconf 91' lang='lat' dir='ltr'>ipsa</span> <span class='ocrx_word' id='word_1_424' title='bbox 3403 1281 3618 1338; x_wconf 88' lang='lat' dir='ltr'>dehinc</span> <span class='ocrx_word' id='word_1_425' title='bbox 3664 1297 3704 1338; x_wconf 88' lang='lat' dir='ltr'>a</span> <span class='ocrx_word' id='word_1_426' title='bbox 3753 1281 3900 1338; x_wconf 79' lang='lat' dir='ltr'>virili</span> 
     </span>
    </p>
   </div>
   <div class='ocr_carea' id='block_1_61' title="bbox 2232 1371 3898 1443">
    <p class='ocr_par' dir='ltr' id='par_1_61' title="bbox 2232 1371 3898 1443">
     <span class='ocr_line' id='line_1_61' title="bbox 2232 1371 3898 1443; baseline 0.001 -17"><span class='ocrx_word' id='word_1_427' title='bbox 2232 1386 2410 1443; x_wconf 91' lang='lat' dir='ltr'>opere</span> <span class='ocrx_word' id='word_1_428' title='bbox 2441 1377 2716 1428; x_wconf 89' lang='lat' dir='ltr'>cessaret.</span> <span class='ocrx_word' id='word_1_429' title='bbox 2753 1373 2942 1428; x_wconf 92' lang='lat' dir='ltr'>Omne</span> <span class='ocrx_word' id='word_1_430' title='bbox 2968 1371 3256 1440; x_wconf 89' lang='lat' dir='ltr'>fucatum,</span> <span class='ocrx_word' id='word_1_431' title='bbox 3289 1376 3356 1428; x_wconf 90' lang='lat' dir='ltr'>ut</span> <span class='ocrx_word' id='word_1_432' title='bbox 3397 1373 3478 1428; x_wconf 87' lang='lat' dir='ltr'>ait</span> <span class='ocrx_word' id='word_1_433' title='bbox 3517 1371 3898 1440; x_wconf 81' lang='lat' dir='ltr'>Ambrosius,</span> 
     </span>
    </p>
   </div>
   <div class='ocr_carea' id='block_1_62' title="bbox 2230 1460 3902 1534">
    <p class='ocr_par' dir='ltr' id='par_1_62' title="bbox 2230 1460 3902 1534">
     <span class='ocr_line' id='line_1_62' title="bbox 2230 1460 3902 1534; baseline 0.003 -20"><span class='ocrx_word' id='word_1_434' title='bbox 2230 1460 2446 1530; x_wconf 88' lang='lat' dir='ltr'>refugit</span> <span class='ocrx_word' id='word_1_435' title='bbox 2475 1465 2713 1526; x_wconf 83' lang='lat' dir='ltr'>natura,</span> <span class='ocrx_word' id='word_1_436' title='bbox 2745 1465 2802 1517; x_wconf 91' lang='lat' dir='ltr'>et</span> <span class='ocrx_word' id='word_1_437' title='bbox 2839 1466 3048 1518; x_wconf 90' lang='lat' dir='ltr'>auctor</span> <span class='ocrx_word' id='word_1_438' title='bbox 3097 1462 3228 1532; x_wconf 91' lang='lat' dir='ltr'>ejus</span> <span class='ocrx_word' id='word_1_439' title='bbox 3275 1464 3431 1518; x_wconf 91' lang='lat' dir='ltr'>Deus</span> <span class='ocrx_word' id='word_1_440' title='bbox 3481 1461 3648 1534; x_wconf 91' lang='lat' dir='ltr'>quod</span> <span class='ocrx_word' id='word_1_441' title='bbox 3687 1465 3902 1518; x_wconf 87' lang='lat' dir='ltr'>contra</span> 
     </span>
    </p>
   </div>
   <div class='ocr_carea' id='block_1_63' title="bbox 2229 1549 3900 1625">
    <p class='ocr_par' dir='ltr' id='par_1_63' title="bbox 2229 1549 3900 1625">
     <span class='ocr_line' id='line_1_63' title="bbox 2229 1549 3900 1625; baseline 0.002 -21"><span class='ocrx_word' id='word_1_442' title='bbox 2229 1549 2393 1605; x_wconf 89' lang='lat' dir='ltr'>illam</span> <span class='ocrx_word' id='word_1_443' title='bbox 2425 1554 2513 1606; x_wconf 90' lang='lat' dir='ltr'>est</span> <span class='ocrx_word' id='word_1_444' title='bbox 2541 1550 2842 1606; x_wconf 87' lang='lat' dir='ltr'>abhorret.</span> <span class='ocrx_word' id='word_1_445' title='bbox 2888 1552 3024 1606; x_wconf 77' lang='lat' dir='ltr'>Haec</span> <span class='ocrx_word' id='word_1_446' title='bbox 3063 1566 3206 1620; x_wconf 90' lang='lat' dir='ltr'>ergo</span> <span class='ocrx_word' id='word_1_447' title='bbox 3235 1566 3329 1607; x_wconf 91' lang='lat' dir='ltr'>res</span> <span class='ocrx_word' id='word_1_448' title='bbox 3381 1567 3488 1625; x_wconf 89' lang='lat' dir='ltr'>per</span> <span class='ocrx_word' id='word_1_449' title='bbox 3528 1567 3592 1606; x_wconf 91' lang='lat' dir='ltr'>se</span> <span class='ocrx_word' id='word_1_450' title='bbox 3643 1550 3900 1624; x_wconf 85' lang='lat' dir='ltr'>quidem</span> 
     </span>
    </p>
   </div>
   <div class='ocr_carea' id='block_1_64' title="bbox 2229 1638 3900 1710">
    <p class='ocr_par' dir='ltr' id='par_1_64' title="bbox 2229 1638 3900 1710">
     <span class='ocr_line' id='line_1_64' title="bbox 2229 1638 3900 1710; baseline 0 -15"><span class='ocrx_word' id='word_1_451' title='bbox 2229 1638 2448 1709; x_wconf 81' lang='lat' dir='ltr'>exigua</span> <span class='ocrx_word' id='word_1_452' title='bbox 2475 1643 2581 1707; x_wconf 92' lang='lat' dir='ltr'>est,</span> <span class='ocrx_word' id='word_1_453' title='bbox 2616 1640 2723 1696; x_wconf 88' lang='lat' dir='ltr'>sed</span> <span class='ocrx_word' id='word_1_454' title='bbox 2754 1639 3002 1696; x_wconf 75' lang='lat' dir='ltr'>affectus</span> <span class='ocrx_word' id='word_1_455' title='bbox 3031 1639 3172 1696; x_wconf 90' lang='lat' dir='ltr'>recti</span> <span class='ocrx_word' id='word_1_456' title='bbox 3199 1639 3462 1696; x_wconf 90' lang='lat' dir='ltr'>hominis</span> <span class='ocrx_word' id='word_1_457' title='bbox 3489 1643 3724 1696; x_wconf 73' lang='lat' dir='ltr'>naturae</span> <span class='ocrx_word' id='word_1_458' title='bbox 3751 1640 3900 1710; x_wconf 88' lang='lat' dir='ltr'>legi-</span> 
     </span>
    </p>
   </div>
   <div class='ocr_carea' id='block_1_65' title="bbox 2229 1727 3507 1800">
    <p class='ocr_par' dir='ltr' id='par_1_65' title="bbox 2229 1727 3507 1800">
     <span class='ocr_line' id='line_1_65' title="bbox 2229 1727 3507 1800; baseline 0.002 -16"><span class='ocrx_word' id='word_1_459' title='bbox 2229 1727 2344 1784; x_wconf 87' lang='lat' dir='ltr'>bus</span> <span class='ocrx_word' id='word_1_460' title='bbox 2375 1728 2736 1785; x_wconf 88' lang='lat' dir='ltr'>conveniens</span> <span class='ocrx_word' id='word_1_461' title='bbox 2768 1745 2902 1785; x_wconf 90' lang='lat' dir='ltr'>eam</span> <span class='ocrx_word' id='word_1_462' title='bbox 2931 1728 3324 1800; x_wconf 85' lang='lat' dir='ltr'>grandescere</span> <span class='ocrx_word' id='word_1_463' title='bbox 3349 1729 3507 1786; x_wconf 83' lang='lat' dir='ltr'>facit.</span> 
     </span>
    </p>
   </div>
   <div class='ocr_carea' id='block_1_66' title="bbox 2297 1851 3898 1927">
    <p class='ocr_par' dir='ltr' id='par_1_66' title="bbox 2297 1851 3898 1927">
     <span class='ocr_line' id='line_1_66' title="bbox 2297 1851 3898 1927; baseline 0.002 -21"><span class='ocrx_word' id='word_1_464' title='bbox 2297 1853 2466 1909; x_wconf 81' lang='lat' dir='ltr'>XXII.</span> <span class='ocrx_word' id='word_1_465' title='bbox 2516 1853 2662 1908; x_wconf 89' lang='lat' dir='ltr'>Cum</span> <span class='ocrx_word' id='word_1_466' title='bbox 2712 1852 2917 1908; x_wconf 92' lang='lat' dir='ltr'>itidem</span> <span class='ocrx_word' id='word_1_467' title='bbox 2964 1851 3110 1908; x_wconf 87' lang='lat' dir='ltr'>alias</span> <span class='ocrx_word' id='word_1_468' title='bbox 3167 1852 3330 1908; x_wconf 90' lang='lat' dir='ltr'>viam</span> <span class='ocrx_word' id='word_1_469' title='bbox 3379 1857 3672 1927; x_wconf 88' lang='lat' dir='ltr'>carperet,</span> <span class='ocrx_word' id='word_1_470' title='bbox 3723 1853 3898 1910; x_wconf 85' lang='lat' dir='ltr'>haud</span> 
     </span>
    </p>
   </div>
   <div class='ocr_carea' id='block_1_67' title="bbox 2225 1941 3896 2015">
    <p class='ocr_par' dir='ltr' id='par_1_67' title="bbox 2225 1941 3896 2015">
     <span class='ocr_line' id='line_1_67' title="bbox 2225 1941 3896 2015; baseline 0 -17"><span class='ocrx_word' id='word_1_471' title='bbox 2225 1941 2461 1998; x_wconf 91' lang='lat' dir='ltr'>eminus</span> <span class='ocrx_word' id='word_1_472' title='bbox 2515 1941 2669 1998; x_wconf 91' lang='lat' dir='ltr'>cicer</span> <span class='ocrx_word' id='word_1_473' title='bbox 2721 1941 2972 2015; x_wconf 89' lang='lat' dir='ltr'>quidam</span> <span class='ocrx_word' id='word_1_474' title='bbox 3023 1941 3360 1998; x_wconf 89' lang='lat' dir='ltr'>rusticanus</span> <span class='ocrx_word' id='word_1_475' title='bbox 3410 1941 3691 2012; x_wconf 87' lang='lat' dir='ltr'>metebat,</span> <span class='ocrx_word' id='word_1_476' title='bbox 3740 1945 3896 2000; x_wconf 89' lang='lat' dir='ltr'>Cum</span> 
     </span>
    </p>
   </div>
   <div class='ocr_carea' id='block_1_68' title="bbox 2221 2031 3898 2104">
    <p class='ocr_par' dir='ltr' id='par_1_68' title="bbox 2221 2031 3898 2104">
     <span class='ocr_line' id='line_1_68' title="bbox 2221 2031 3898 2104; baseline 0 -16"><span class='ocrx_word' id='word_1_477' title='bbox 2221 2033 2495 2104; x_wconf 87' lang='lat' dir='ltr'>juvenes,</span> <span class='ocrx_word' id='word_1_478' title='bbox 2540 2032 2645 2104; x_wconf 92' lang='lat' dir='ltr'>qui</span> <span class='ocrx_word' id='word_1_479' title='bbox 2689 2031 2987 2088; x_wconf 85' lang='lat' dir='ltr'>seniorem</span> <span class='ocrx_word' id='word_1_480' title='bbox 3035 2031 3348 2104; x_wconf 66' lang='lat' dir='ltr'>praeibant,</span> <span class='ocrx_word' id='word_1_481' title='bbox 3395 2032 3536 2090; x_wconf 90' lang='lat' dir='ltr'>inde</span> <span class='ocrx_word' id='word_1_482' title='bbox 3589 2037 3898 2089; x_wconf 80' lang='lat' dir='ltr'>sumentes</span> 
     </span>
    </p>
   </div>
   <div class='ocr_carea' id='block_1_69' title="bbox 2225 2119 3899 2195">
    <p class='ocr_par' dir='ltr' id='par_1_69' title="bbox 2225 2119 3899 2195">
     <span class='ocr_line' id='line_1_69' title="bbox 2225 2119 3899 2195; baseline 0.001 -18"><span class='ocrx_word' id='word_1_483' title='bbox 2225 2121 2648 2192; x_wconf 88' lang='lat' dir='ltr'>manditarent,</span> <span class='ocrx_word' id='word_1_484' title='bbox 2687 2120 2815 2178; x_wconf 57' lang='lat' dir='ltr'>haec</span> <span class='ocrx_word' id='word_1_485' title='bbox 2847 2119 2940 2176; x_wconf 91' lang='lat' dir='ltr'>ille</span> <span class='ocrx_word' id='word_1_486' title='bbox 2967 2121 3368 2194; x_wconf 90' lang='lat' dir='ltr'>conspicatus,</span> <span class='ocrx_word' id='word_1_487' title='bbox 3415 2121 3614 2178; x_wconf 90' lang='lat' dir='ltr'>emisit</span> <span class='ocrx_word' id='word_1_488' title='bbox 3663 2137 3899 2195; x_wconf 89' lang='lat' dir='ltr'>equum</span> 
     </span>
    </p>
   </div>
   <div class='ocr_carea' id='block_1_70' title="bbox 2225 2210 3902 2284">
    <p class='ocr_par' dir='ltr' id='par_1_70' title="bbox 2225 2210 3902 2284">
     <span class='ocr_line' id='line_1_70' title="bbox 2225 2210 3902 2284; baseline -0.001 -16"><span class='ocrx_word' id='word_1_489' title='bbox 2225 2215 2280 2268; x_wconf 92' lang='lat' dir='ltr'>et</span> <span class='ocrx_word' id='word_1_490' title='bbox 2309 2211 2385 2268; x_wconf 90' lang='lat' dir='ltr'>ad</span> <span class='ocrx_word' id='word_1_491' title='bbox 2413 2211 2722 2267; x_wconf 89' lang='lat' dir='ltr'>hominem</span> <span class='ocrx_word' id='word_1_492' title='bbox 2769 2211 3035 2267; x_wconf 89' lang='lat' dir='ltr'>concitus</span> <span class='ocrx_word' id='word_1_493' title='bbox 3084 2210 3263 2279; x_wconf 87' lang='lat' dir='ltr'>venit,</span> <span class='ocrx_word' id='word_1_494' title='bbox 3313 2227 3589 2284; x_wconf 83' lang='lat' dir='ltr'>quaerens</span> <span class='ocrx_word' id='word_1_495' title='bbox 3639 2212 3691 2267; x_wconf 91' lang='lat' dir='ltr'>si</span> <span class='ocrx_word' id='word_1_496' title='bbox 3738 2211 3902 2268; x_wconf 84' lang='lat' dir='ltr'>cicer</span> 
     </span>
    </p>
   </div>
   <div class='ocr_carea' id='block_1_71' title="bbox 2223 2299 3897 2374">
    <p class='ocr_par' dir='ltr' id='par_1_71' title="bbox 2223 2299 3897 2374">
     <span class='ocr_line' id='line_1_71' title="bbox 2223 2299 3897 2374; baseline 0.001 -19"><span class='ocrx_word' id='word_1_497' title='bbox 2223 2299 2394 2372; x_wconf 91' lang='lat' dir='ltr'>pueri</span> <span class='ocrx_word' id='word_1_498' title='bbox 2423 2299 2832 2356; x_wconf 88' lang='lat' dir='ltr'>abstulissent.</span> <span class='ocrx_word' id='word_1_499' title='bbox 2859 2304 2932 2356; x_wconf 85' lang='lat' dir='ltr'>At</span> <span class='ocrx_word' id='word_1_500' title='bbox 2966 2299 3062 2356; x_wconf 91' lang='lat' dir='ltr'>ille</span> <span class='ocrx_word' id='word_1_501' title='bbox 3095 2316 3108 2355; x_wconf 89' lang='lat'><strong>:</strong></span> <span class='ocrx_word' id='word_1_502' title='bbox 3163 2302 3304 2369; x_wconf 88' lang='lat' dir='ltr'>Ego,</span> <span class='ocrx_word' id='word_1_503' title='bbox 3355 2299 3569 2374; x_wconf 88' lang='lat' dir='ltr'>inquit,</span> <span class='ocrx_word' id='word_1_504' title='bbox 3619 2299 3897 2370; x_wconf 82' lang='lat' dir='ltr'>domine,</span> 
     </span>
    </p>
   </div>
   <div class='ocr_carea' id='block_1_72' title="bbox 2225 2387 3896 2462">
    <p class='ocr_par' dir='ltr' id='par_1_72' title="bbox 2225 2387 3896 2462">
     <span class='ocr_line' id='line_1_72' title="bbox 2225 2387 3896 2462; baseline -0.001 -17"><span class='ocrx_word' id='word_1_505' title='bbox 2225 2389 2406 2459; x_wconf 88' lang='lat' dir='ltr'>gratis</span> <span class='ocrx_word' id='word_1_506' title='bbox 2450 2389 2609 2447; x_wconf 90' lang='lat' dir='ltr'>dedi.</span> <span class='ocrx_word' id='word_1_507' title='bbox 2644 2392 2710 2446; x_wconf 90' lang='lat' dir='ltr'>Et</span> <span class='ocrx_word' id='word_1_508' title='bbox 2766 2387 3003 2446; x_wconf 90' lang='lat' dir='ltr'>senior:</span> <span class='ocrx_word' id='word_1_509' title='bbox 3051 2391 3226 2459; x_wconf 89' lang='lat' dir='ltr'>Bene,</span> <span class='ocrx_word' id='word_1_510' title='bbox 3279 2388 3494 2462; x_wconf 86' lang='lat' dir='ltr'>inquit,</span> <span class='ocrx_word' id='word_1_511' title='bbox 3551 2389 3730 2447; x_wconf 88' lang='lat' dir='ltr'>faciat</span> <span class='ocrx_word' id='word_1_512' title='bbox 3785 2387 3896 2445; x_wconf 90' lang='lat' dir='ltr'>tibi</span> 
     </span>
    </p>
   </div>
   <div class='ocr_carea' id='block_1_73' title="bbox 2223 2481 2397 2534">
    <p class='ocr_par' dir='ltr' id='par_1_73' title="bbox 2223 2481 2397 2534">
     <span class='ocr_line' id='line_1_73' title="bbox 2223 2481 2397 2534; baseline -0.011 0"><span class='ocrx_word' id='word_1_513' title='bbox 2223 2481 2397 2534; x_wconf 90' lang='lat' dir='ltr'>Deus.</span> 
     </span>
    </p>
   </div>
   <div class='ocr_carea' id='block_1_74' title="bbox 2293 2583 3898 2659">
    <p class='ocr_par' dir='ltr' id='par_1_74' title="bbox 2293 2583 3898 2659">
     <span class='ocr_line' id='line_1_74' title="bbox 2293 2583 3898 2659; baseline 0.001 -18"><span class='ocrx_word' id='word_1_514' title='bbox 2293 2586 2470 2642; x_wconf 87' lang='lat' dir='ltr'>XXIII.</span> <span class='ocrx_word' id='word_1_515' title='bbox 2501 2585 2637 2642; x_wconf 92' lang='lat' dir='ltr'>Tale</span> <span class='ocrx_word' id='word_1_516' title='bbox 2664 2588 2752 2642; x_wconf 90' lang='lat' dir='ltr'>est</span> <span class='ocrx_word' id='word_1_517' title='bbox 2779 2584 2942 2658; x_wconf 90' lang='lat' dir='ltr'>quod</span> <span class='ocrx_word' id='word_1_518' title='bbox 2974 2584 3093 2642; x_wconf 90' lang='lat' dir='ltr'>alia</span> <span class='ocrx_word' id='word_1_519' title='bbox 3119 2585 3270 2659; x_wconf 84' lang='lat' dir='ltr'>vice,</span> <span class='ocrx_word' id='word_1_520' title='bbox 3302 2600 3442 2641; x_wconf 89' lang='lat' dir='ltr'>cum</span> <span class='ocrx_word' id='word_1_521' title='bbox 3469 2583 3722 2641; x_wconf 90' lang='lat' dir='ltr'>ministri</span> <span class='ocrx_word' id='word_1_522' title='bbox 3753 2586 3898 2657; x_wconf 86' lang='lat' dir='ltr'>ejus</span> 
     </span>
    </p>
   </div>
   <div class='ocr_carea' id='block_1_75' title="bbox 2222 2673 3898 2748">
    <p class='ocr_par' dir='ltr' id='par_1_75' title="bbox 2222 2673 3898 2748">
     <span class='ocr_line' id='line_1_75' title="bbox 2222 2673 3898 2748; baseline 0.001 -17"><span class='ocrx_word' id='word_1_523' title='bbox 2222 2674 2566 2731; x_wconf 89' lang='lat' dir='ltr'>convivium</span> <span class='ocrx_word' id='word_1_524' title='bbox 2606 2673 2718 2730; x_wconf 91' lang='lat' dir='ltr'>sub</span> <span class='ocrx_word' id='word_1_525' title='bbox 2768 2673 2987 2730; x_wconf 89' lang='lat' dir='ltr'>umbra</span> <span class='ocrx_word' id='word_1_526' title='bbox 3034 2690 3382 2730; x_wconf 88' lang='lat' dir='ltr'>cerasorum</span> <span class='ocrx_word' id='word_1_527' title='bbox 3439 2679 3740 2748; x_wconf 87' lang='lat' dir='ltr'>pararent,</span> <span class='ocrx_word' id='word_1_528' title='bbox 3797 2691 3898 2732; x_wconf 85' lang='lat' dir='ltr'>ra-</span> 
     </span>
    </p>
   </div>
   <div class='ocr_carea' id='block_1_76' title="bbox 2220 2761 3897 2836">
    <p class='ocr_par' dir='ltr' id='par_1_76' title="bbox 2220 2761 3897 2836">
     <span class='ocr_line' id='line_1_76' title="bbox 2220 2761 3897 2836; baseline 0 -16"><span class='ocrx_word' id='word_1_529' title='bbox 2220 2763 2528 2820; x_wconf 91' lang='lat' dir='ltr'>musculos</span> <span class='ocrx_word' id='word_1_530' title='bbox 2558 2761 2759 2820; x_wconf 86' lang='lat' dir='ltr'>baccis</span> <span class='ocrx_word' id='word_1_531' title='bbox 2783 2763 2912 2835; x_wconf 89' lang='lat' dir='ltr'>jam</span> <span class='ocrx_word' id='word_1_532' title='bbox 2961 2762 3214 2819; x_wconf 89' lang='lat' dir='ltr'>maturis</span> <span class='ocrx_word' id='word_1_533' title='bbox 3257 2762 3687 2835; x_wconf 90' lang='lat' dir='ltr'>dependentes,</span> <span class='ocrx_word' id='word_1_534' title='bbox 3725 2778 3897 2836; x_wconf 88' lang='lat' dir='ltr'>quos</span> 
     </span>
    </p>
   </div>
   <div class='ocr_carea' id='block_1_77' title="bbox 2221 2852 3896 2928">
    <p class='ocr_par' dir='ltr' id='par_1_77' title="bbox 2221 2852 3896 2928">
     <span class='ocr_line' id='line_1_77' title="bbox 2221 2852 3896 2928; baseline 0 -18"><span class='ocrx_word' id='word_1_535' title='bbox 2221 2857 2547 2928; x_wconf 90' lang='lat' dir='ltr'>antequam</span> <span class='ocrx_word' id='word_1_536' title='bbox 2591 2853 2688 2908; x_wconf 88' lang='lat' dir='ltr'>ille</span> <span class='ocrx_word' id='word_1_537' title='bbox 2737 2852 2982 2922; x_wconf 88' lang='lat' dir='ltr'>veniret,</span> <span class='ocrx_word' id='word_1_538' title='bbox 3041 2852 3223 2909; x_wconf 91' lang='lat' dir='ltr'>iidem</span> <span class='ocrx_word' id='word_1_539' title='bbox 3261 2853 3516 2910; x_wconf 85' lang='lat' dir='ltr'>ministri</span> <span class='ocrx_word' id='word_1_540' title='bbox 3573 2852 3896 2926; x_wconf 82' lang='lat' dir='ltr'>confrege-</span> 
     </span>
    </p>
   </div>
   <div class='ocr_carea' id='block_1_78' title="bbox 2141 2940 3900 3015">
    <p class='ocr_par' dir='ltr' id='par_1_78' title="bbox 2141 2940 3900 3015">
     <span class='ocr_line' id='line_1_78' title="bbox 2141 2940 3900 3015; baseline -0.001 -15"><span class='ocrx_word' id='word_1_541' title='bbox 2141 2947 2182 3001; x_wconf 93' lang='lat' dir='ltr'>C</span> <span class='ocrx_word' id='word_1_542' title='bbox 2217 2946 2369 3006; x_wconf 89' lang='lat' dir='ltr'>rant,</span> <span class='ocrx_word' id='word_1_543' title='bbox 2402 2958 2438 2999; x_wconf 91' lang='lat' dir='ltr'>a</span> <span class='ocrx_word' id='word_1_544' title='bbox 2465 2941 2829 2998; x_wconf 89' lang='lat' dir='ltr'>reclamante</span> <span class='ocrx_word' id='word_1_545' title='bbox 2859 2940 3163 2998; x_wconf 87' lang='lat' dir='ltr'>rusticano</span> <span class='ocrx_word' id='word_1_546' title='bbox 3209 2941 3438 3012; x_wconf 85' lang='lat' dir='ltr'>argenti</span> <span class='ocrx_word' id='word_1_547' title='bbox 3487 2941 3676 3015; x_wconf 85' lang='lat' dir='ltr'>pretio</span> <span class='ocrx_word' id='word_1_548' title='bbox 3721 2957 3900 2999; x_wconf 87' lang='lat' dir='ltr'>com-</span> 
     </span>
    </p>
   </div>
   <div class='ocr_carea' id='block_1_79' title="bbox 2217 3030 3898 3108">
    <p class='ocr_par' dir='ltr' id='par_1_79' title="bbox 2217 3030 3898 3108">
     <span class='ocr_line' id='line_1_79' title="bbox 2217 3030 3898 3108; baseline -0.001 -20"><span class='ocrx_word' id='word_1_549' title='bbox 2217 3031 2470 3104; x_wconf 87' lang='lat' dir='ltr'>paravit.</span> <span class='ocrx_word' id='word_1_550' title='bbox 2505 3034 2670 3088; x_wconf 90' lang='lat' dir='ltr'>Forte</span> <span class='ocrx_word' id='word_1_551' title='bbox 2701 3031 2858 3087; x_wconf 89' lang='lat' dir='ltr'>dicet</span> <span class='ocrx_word' id='word_1_552' title='bbox 2888 3030 3103 3104; x_wconf 89' lang='lat' dir='ltr'>aliquis</span> <span class='ocrx_word' id='word_1_553' title='bbox 3143 3030 3311 3108; x_wconf 85' lang='lat' dir='ltr'>quod</span> <span class='ocrx_word' id='word_1_554' title='bbox 3339 3031 3468 3087; x_wconf 74' lang='lat' dir='ltr'>haec</span> <span class='ocrx_word' id='word_1_555' title='bbox 3515 3030 3704 3087; x_wconf 89' lang='lat' dir='ltr'>relatu</span> <span class='ocrx_word' id='word_1_556' title='bbox 3730 3031 3898 3088; x_wconf 87' lang='lat' dir='ltr'>indi-</span> 
     </span>
    </p>
   </div>
   <div class='ocr_carea' id='block_1_80' title="bbox 2217 3119 3896 3194">
    <p class='ocr_par' dir='ltr' id='par_1_80' title="bbox 2217 3119 3896 3194">
     <span class='ocr_line' id='line_1_80' title="bbox 2217 3119 3896 3194; baseline 0.001 -18"><span class='ocrx_word' id='word_1_557' title='bbox 2217 3135 2337 3190; x_wconf 90' lang='lat' dir='ltr'>gna</span> <span class='ocrx_word' id='word_1_558' title='bbox 2364 3124 2505 3176; x_wconf 91' lang='lat' dir='ltr'>sunt</span> <span class='ocrx_word' id='word_1_559' title='bbox 2535 3137 2548 3175; x_wconf 89' lang='lat'>:</span> <span class='ocrx_word' id='word_1_560' title='bbox 2584 3119 2691 3176; x_wconf 91' lang='lat' dir='ltr'>sed</span> <span class='ocrx_word' id='word_1_561' title='bbox 2720 3136 2831 3176; x_wconf 92' lang='lat' dir='ltr'>nos</span> <span class='ocrx_word' id='word_1_562' title='bbox 2862 3119 3124 3176; x_wconf 89' lang='lat' dir='ltr'>timorati</span> <span class='ocrx_word' id='word_1_563' title='bbox 3153 3119 3414 3176; x_wconf 90' lang='lat' dir='ltr'>hominis</span> <span class='ocrx_word' id='word_1_564' title='bbox 3463 3124 3725 3176; x_wconf 90' lang='lat' dir='ltr'>mentem</span> <span class='ocrx_word' id='word_1_565' title='bbox 3779 3137 3896 3194; x_wconf 86' lang='lat' dir='ltr'>per</span> 
     </span>
    </p>
   </div>
   <div class='ocr_carea' id='block_1_81' title="bbox 2214 3208 3894 3282">
    <p class='ocr_par' dir='ltr' id='par_1_81' title="bbox 2214 3208 3894 3282">
     <span class='ocr_line' id='line_1_81' title="bbox 2214 3208 3894 3282; baseline -0.001 -16"><span class='ocrx_word' id='word_1_566' title='bbox 2214 3211 2342 3266; x_wconf 68' lang='lat' dir='ltr'>haec</span> <span class='ocrx_word' id='word_1_567' title='bbox 2372 3211 2591 3280; x_wconf 83' lang='lat' dir='ltr'>exigua</span> <span class='ocrx_word' id='word_1_568' title='bbox 2620 3209 3127 3276; x_wconf 90' lang='lat' dir='ltr'>demonstramus,</span> <span class='ocrx_word' id='word_1_569' title='bbox 3161 3213 3227 3264; x_wconf 92' lang='lat' dir='ltr'>ut</span> <span class='ocrx_word' id='word_1_570' title='bbox 3253 3224 3328 3266; x_wconf 84' lang='lat' dir='ltr'>ex</span> <span class='ocrx_word' id='word_1_571' title='bbox 3374 3208 3619 3282; x_wconf 90' lang='lat' dir='ltr'>obliquo</span> <span class='ocrx_word' id='word_1_572' title='bbox 3673 3209 3894 3266; x_wconf 83' lang='lat' dir='ltr'>intelli-</span> 
     </span>
    </p>
   </div>
   <div class='ocr_carea' id='block_1_82' title="bbox 2215 3297 3890 3372">
    <p class='ocr_par' dir='ltr' id='par_1_82' title="bbox 2215 3297 3890 3372">
     <span class='ocr_line' id='line_1_82' title="bbox 2215 3297 3890 3372; baseline 0 -17"><span class='ocrx_word' id='word_1_573' title='bbox 2215 3303 2389 3370; x_wconf 89' lang='lat' dir='ltr'>gatur</span> <span class='ocrx_word' id='word_1_574' title='bbox 2415 3298 2706 3372; x_wconf 90' lang='lat' dir='ltr'>quoniam</span> <span class='ocrx_word' id='word_1_575' title='bbox 2744 3298 2846 3370; x_wconf 90' lang='lat' dir='ltr'>qui</span> <span class='ocrx_word' id='word_1_576' title='bbox 2875 3297 3114 3354; x_wconf 90' lang='lat' dir='ltr'>modica</span> <span class='ocrx_word' id='word_1_577' title='bbox 3143 3314 3266 3354; x_wconf 92' lang='lat' dir='ltr'>non</span> <span class='ocrx_word' id='word_1_578' title='bbox 3298 3297 3636 3371; x_wconf 87' lang='lat' dir='ltr'>spernebat,</span> <span class='ocrx_word' id='word_1_579' title='bbox 3663 3299 3890 3372; x_wconf 84' lang='lat' dir='ltr'>paula-</span> 
     </span>
    </p>
   </div>
   <div class='ocr_carea' id='block_1_83' title="bbox 2213 3387 3884 3460">
    <p class='ocr_par' dir='ltr' id='par_1_83' title="bbox 2213 3387 3884 3460">
     <span class='ocr_line' id='line_1_83' title="bbox 2213 3387 3884 3460; baseline 0 -16"><span class='ocrx_word' id='word_1_580' title='bbox 2213 3389 2318 3444; x_wconf 90' lang='lat' dir='ltr'>tim</span> <span class='ocrx_word' id='word_1_581' title='bbox 2335 3389 2608 3445; x_wconf 91' lang='lat' dir='ltr'>decidere</span> <span class='ocrx_word' id='word_1_582' title='bbox 2627 3387 2690 3444; x_wconf 89' lang='lat' dir='ltr'>in</span> <span class='ocrx_word' id='word_1_583' title='bbox 2710 3388 2945 3459; x_wconf 88' lang='lat' dir='ltr'>majora</span> <span class='ocrx_word' id='word_1_584' title='bbox 2965 3403 3087 3444; x_wconf 91' lang='lat' dir='ltr'>non</span> <span class='ocrx_word' id='word_1_585' title='bbox 3109 3391 3456 3460; x_wconf 82' lang='lat' dir='ltr'>poterat.An</span> <span class='ocrx_word' id='word_1_586' title='bbox 3476 3403 3601 3444; x_wconf 92' lang='lat' dir='ltr'>non</span> <span class='ocrx_word' id='word_1_587' title='bbox 3622 3387 3884 3444; x_wconf 82' lang='lat' dir='ltr'>affectus</span> 
     </span>
    </p>
   </div>
   <div class='ocr_carea' id='block_1_84' title="bbox 2211 3477 3886 3551">
    <p class='ocr_par' dir='ltr' id='par_1_84' title="bbox 2211 3477 3886 3551">
     <span class='ocr_line' id='line_1_84' title="bbox 2211 3477 3886 3551; baseline 0.001 -17"><span class='ocrx_word' id='word_1_588' title='bbox 2211 3479 2409 3535; x_wconf 69' lang='lat' dir='ltr'>viduae</span> <span class='ocrx_word' id='word_1_589' title='bbox 2428 3495 2536 3551; x_wconf 91' lang='lat' dir='ltr'>per</span> <span class='ocrx_word' id='word_1_590' title='bbox 2555 3479 2678 3534; x_wconf 92' lang='lat' dir='ltr'>duo</span> <span class='ocrx_word' id='word_1_591' title='bbox 2699 3477 2931 3534; x_wconf 89' lang='lat' dir='ltr'>minuta</span> <span class='ocrx_word' id='word_1_592' title='bbox 2949 3477 3382 3550; x_wconf 89' lang='lat' dir='ltr'>comprobatus</span> <span class='ocrx_word' id='word_1_593' title='bbox 3405 3495 3442 3535; x_wconf 91' lang='lat' dir='ltr'>a</span> <span class='ocrx_word' id='word_1_594' title='bbox 3463 3477 3718 3536; x_wconf 90' lang='lat' dir='ltr'>Domino</span> <span class='ocrx_word' id='word_1_595' title='bbox 3753 3485 3846 3536; x_wconf 86' lang='lat' dir='ltr'>est</span> <span class='ocrx_word' id='word_1_596' title='bbox 3859 3481 3886 3535; x_wconf 62' lang='grc' dir='ltr'>ἲ)</span> 
     </span>
    </p>
   </div>
   <div class='ocr_carea' id='block_1_85' title="bbox 2281 3599 3886 3675">
    <p class='ocr_par' dir='ltr' id='par_1_85' title="bbox 2281 3599 3886 3675">
     <span class='ocr_line' id='line_1_85' title="bbox 2281 3599 3886 3675; baseline 0.004 -21"><span class='ocrx_word' id='word_1_597' title='bbox 2281 3599 2616 3670; x_wconf 86' lang='lat' dir='ltr'>XXIV.Erga</span> <span class='ocrx_word' id='word_1_598' title='bbox 2635 3601 2800 3674; x_wconf 91' lang='lat' dir='ltr'>ipsos</span> <span class='ocrx_word' id='word_1_599' title='bbox 2821 3617 2961 3658; x_wconf 85' lang='lat' dir='ltr'>vero</span> <span class='ocrx_word' id='word_1_600' title='bbox 2987 3602 3092 3675; x_wconf 90' lang='lat' dir='ltr'>qui</span> <span class='ocrx_word' id='word_1_601' title='bbox 3103 3602 3257 3673; x_wconf 83' lang='lat' dir='ltr'>juris</span> <span class='ocrx_word' id='word_1_602' title='bbox 3272 3603 3404 3674; x_wconf 91' lang='lat' dir='ltr'>ejus</span> <span class='ocrx_word' id='word_1_603' title='bbox 3421 3607 3610 3670; x_wconf 89' lang='lat' dir='ltr'>erant,</span> <span class='ocrx_word' id='word_1_604' title='bbox 3635 3607 3761 3659; x_wconf 88' lang='lat' dir='ltr'>tam</span> <span class='ocrx_word' id='word_1_605' title='bbox 3783 3603 3886 3660; x_wconf 85' lang='lat' dir='ltr'>be-</span> 
     </span>
    </p>
   </div>
   <div class='ocr_carea' id='block_1_86' title="bbox 2209 3686 3886 3764">
    <p class='ocr_par' dir='ltr' id='par_1_86' title="bbox 2209 3686 3886 3764">
     <span class='ocr_line' id='line_1_86' title="bbox 2209 3686 3886 3764; baseline 0.004 -22"><span class='ocrx_word' id='word_1_606' title='bbox 2209 3686 2461 3756; x_wconf 88' lang='lat' dir='ltr'>neﬁcus,</span> <span class='ocrx_word' id='word_1_607' title='bbox 2485 3692 2729 3762; x_wconf 89' lang='lat' dir='ltr'>tamque</span> <span class='ocrx_word' id='word_1_608' title='bbox 2746 3694 2871 3746; x_wconf 88' lang='lat' dir='ltr'>erat</span> <span class='ocrx_word' id='word_1_609' title='bbox 2885 3690 3174 3764; x_wconf 87' lang='lat' dir='ltr'>paciﬁcus</span> <span class='ocrx_word' id='word_1_610' title='bbox 3191 3696 3255 3747; x_wconf 91' lang='lat' dir='ltr'>ut</span> <span class='ocrx_word' id='word_1_611' title='bbox 3264 3691 3482 3748; x_wconf 90' lang='lat' dir='ltr'>mirum</span> <span class='ocrx_word' id='word_1_612' title='bbox 3497 3691 3886 3749; x_wconf 83' lang='lat' dir='ltr'>consideran-</span> 
     </span>
    </p>
   </div>
   <div class='ocr_carea' id='block_1_87' title="bbox 2209 3775 3888 3853">
    <p class='ocr_par' dir='ltr' id='par_1_87' title="bbox 2209 3775 3888 3853">
     <span class='ocr_line' id='line_1_87' title="bbox 2209 3775 3888 3853; baseline 0.004 -22"><span class='ocrx_word' id='word_1_613' title='bbox 2209 3775 2366 3832; x_wconf 90' lang='lat' dir='ltr'>tibus</span> <span class='ocrx_word' id='word_1_614' title='bbox 2379 3781 2553 3833; x_wconf 89' lang='lat' dir='ltr'>esset.</span> <span class='ocrx_word' id='word_1_615' title='bbox 2585 3781 2734 3833; x_wconf 85' lang='lat' dir='ltr'>Nam</span> <span class='ocrx_word' id='word_1_616' title='bbox 2757 3777 3098 3852; x_wconf 89' lang='lat' dir='ltr'>frequenter</span> <span class='ocrx_word' id='word_1_617' title='bbox 3124 3779 3620 3852; x_wconf 88' lang='lat' dir='ltr'>improperabant</span> <span class='ocrx_word' id='word_1_618' title='bbox 3633 3785 3694 3836; x_wconf 92' lang='lat' dir='ltr'>et</span> <span class='ocrx_word' id='word_1_619' title='bbox 3709 3781 3888 3853; x_wconf 87' lang='lat' dir='ltr'>quod</span> 
     </span>
    </p>
   </div>
   <div class='ocr_carea' id='block_1_88' title="bbox 2207 3864 3888 3942">
    <p class='ocr_par' dir='ltr' id='par_1_88' title="bbox 2207 3864 3888 3942">
     <span class='ocr_line' id='line_1_88' title="bbox 2207 3864 3888 3942; baseline 0.003 -22"><span class='ocrx_word' id='word_1_620' title='bbox 2207 3864 2405 3921; x_wconf 90' lang='lat' dir='ltr'>mollis</span> <span class='ocrx_word' id='word_1_621' title='bbox 2427 3870 2584 3922; x_wconf 87' lang='lat' dir='ltr'>esset</span> <span class='ocrx_word' id='word_1_622' title='bbox 2601 3870 2660 3922; x_wconf 90' lang='lat' dir='ltr'>et</span> <span class='ocrx_word' id='word_1_623' title='bbox 2675 3865 2944 3938; x_wconf 89' lang='lat' dir='ltr'>timidus,</span> <span class='ocrx_word' id='word_1_624' title='bbox 2971 3867 3075 3941; x_wconf 89' lang='lat' dir='ltr'>qui</span> <span class='ocrx_word' id='word_1_625' title='bbox 3105 3883 3168 3923; x_wconf 91' lang='lat' dir='ltr'>se</span> <span class='ocrx_word' id='word_1_626' title='bbox 3187 3867 3326 3923; x_wconf 56' lang='lat' dir='ltr'>laedi</span> <span class='ocrx_word' id='word_1_627' title='bbox 3355 3867 3434 3924; x_wconf 91' lang='lat' dir='ltr'>ab</span> <span class='ocrx_word' id='word_1_628' title='bbox 3476 3867 3702 3924; x_wconf 84' lang='lat' dir='ltr'>inﬁmis</span> <span class='ocrx_word' id='word_1_629' title='bbox 3747 3885 3888 3942; x_wconf 86' lang='lat' dir='ltr'>per-</span> 
     </span>
    </p>
   </div>
   <div class='ocr_carea' id='block_1_89' title="bbox 2210 3955 3884 4030">
    <p class='ocr_par' dir='ltr' id='par_1_89' title="bbox 2210 3955 3884 4030">
     <span class='ocr_line' id='line_1_89' title="bbox 2210 3955 3884 4030; baseline 0.004 -20"><span class='ocrx_word' id='word_1_630' title='bbox 2210 3955 2392 4024; x_wconf 91' lang='lat' dir='ltr'>sonis,</span> <span class='ocrx_word' id='word_1_631' title='bbox 2417 3959 2707 4029; x_wconf 88' lang='lat' dir='ltr'>tanquam</span> <span class='ocrx_word' id='word_1_632' title='bbox 2723 3955 3045 4030; x_wconf 89' lang='lat' dir='ltr'>impotens,</span> <span class='ocrx_word' id='word_1_633' title='bbox 3059 3957 3452 4030; x_wconf 90' lang='lat' dir='ltr'>permissiset.</span> <span class='ocrx_word' id='word_1_634' title='bbox 3465 3961 3580 4014; x_wconf 89' lang='lat' dir='ltr'>Nec</span> <span class='ocrx_word' id='word_1_635' title='bbox 3595 3957 3884 4016; x_wconf 82' lang='lat' dir='ltr'>facillime</span> 
     </span>
    </p>
   </div>
   <div class='ocr_carea' id='block_1_90' title="bbox 2207 4045 3882 4120">
    <p class='ocr_par' dir='ltr' id='par_1_90' title="bbox 2207 4045 3882 4120">
     <span class='ocr_line' id='line_1_90' title="bbox 2207 4045 3882 4120; baseline 0.002 -20"><span class='ocrx_word' id='word_1_636' title='bbox 2207 4047 2430 4114; x_wconf 89' lang='lat' dir='ltr'>tamen,</span> <span class='ocrx_word' id='word_1_637' title='bbox 2454 4045 2604 4102; x_wconf 89' lang='lat' dir='ltr'>sicut</span> <span class='ocrx_word' id='word_1_638' title='bbox 2623 4045 2854 4101; x_wconf 89' lang='lat' dir='ltr'>domini</span> <span class='ocrx_word' id='word_1_639' title='bbox 2895 4045 3087 4102; x_wconf 91' lang='lat' dir='ltr'>solent</span> <span class='ocrx_word' id='word_1_640' title='bbox 3105 4045 3304 4116; x_wconf 90' lang='lat' dir='ltr'>irasci,</span> <span class='ocrx_word' id='word_1_641' title='bbox 3327 4051 3538 4103; x_wconf 88' lang='lat' dir='ltr'>contra</span> <span class='ocrx_word' id='word_1_642' title='bbox 3567 4047 3882 4120; x_wconf 85' lang='lat' dir='ltr'>imprope-</span> 
     </span>
    </p>
   </div>
   <div class='ocr_carea' id='block_1_91' title="bbox 2207 4132 3882 4208">
    <p class='ocr_par' dir='ltr' id='par_1_91' title="bbox 2207 4132 3882 4208">
     <span class='ocr_line' id='line_1_91' title="bbox 2207 4132 3882 4208; baseline 0.002 -20"><span class='ocrx_word' id='word_1_643' title='bbox 2207 4137 2405 4189; x_wconf 90' lang='lat' dir='ltr'>rantes</span> <span class='ocrx_word' id='word_1_644' title='bbox 2418 4133 2512 4189; x_wconf 91' lang='lat' dir='ltr'>vel</span> <span class='ocrx_word' id='word_1_645' title='bbox 2525 4132 2726 4188; x_wconf 93' lang='lat' dir='ltr'>leviter</span> <span class='ocrx_word' id='word_1_646' title='bbox 2744 4133 3194 4204; x_wconf 86' lang='lat' dir='ltr'>indignabatur.</span> <span class='ocrx_word' id='word_1_647' title='bbox 3219 4133 3564 4208; x_wconf 80' lang='lat' dir='ltr'>Aliquando</span> <span class='ocrx_word' id='word_1_648' title='bbox 3576 4136 3738 4192; x_wconf 89' lang='lat' dir='ltr'>enim</span> <span class='ocrx_word' id='word_1_649' title='bbox 3751 4151 3882 4192; x_wconf 88' lang='lat' dir='ltr'>non</span> 
     </span>
    </p>
   </div>
   <div class='ocr_carea' id='block_1_92' title="bbox 2207 4220 3880 4295">
    <p class='ocr_par' dir='ltr' id='par_1_92' title="bbox 2207 4220 3880 4295">
     <span class='ocr_line' id='line_1_92' title="bbox 2207 4220 3880 4295; baseline 0.001 -17"><span class='ocrx_word' id='word_1_650' title='bbox 2207 4236 2436 4294; x_wconf 90' lang='lat' dir='ltr'>paucos</span> <span class='ocrx_word' id='word_1_651' title='bbox 2455 4237 2530 4278; x_wconf 81' lang='lat' dir='ltr'>ex</span> <span class='ocrx_word' id='word_1_652' title='bbox 2547 4220 2819 4277; x_wconf 87' lang='lat' dir='ltr'>ruricolis</span> <span class='ocrx_word' id='word_1_653' title='bbox 2842 4220 3054 4277; x_wconf 91' lang='lat' dir='ltr'>obvios</span> <span class='ocrx_word' id='word_1_654' title='bbox 3065 4221 3298 4293; x_wconf 90' lang='lat' dir='ltr'>habuit,</span> <span class='ocrx_word' id='word_1_655' title='bbox 3311 4221 3418 4295; x_wconf 90' lang='lat' dir='ltr'>qui</span> <span class='ocrx_word' id='word_1_656' title='bbox 3431 4222 3565 4295; x_wconf 82' lang='lat'>(83),</span> <span class='ocrx_word' id='word_1_657' title='bbox 3577 4222 3880 4280; x_wconf 85' lang='lat' dir='ltr'>derelictis</span> 
     </span>
    </p>
   </div>
   <div class='ocr_carea' id='block_1_93' title="bbox 439 4303 3877 4385">
    <p class='ocr_par' dir='ltr' id='par_1_93' title="bbox 439 4303 3877 4385">
     <span class='ocr_line' id='line_1_93' title="bbox 439 4303 3877 4385; baseline 0.001 -19"><span class='ocrx_word' id='word_1_658' title='bbox 439 4309 743 4384; x_wconf 90' lang='lat' dir='ltr'>quosdam</span> <span class='ocrx_word' id='word_1_659' title='bbox 767 4310 1002 4384; x_wconf 90' lang='lat' dir='ltr'>pietatis</span> <span class='ocrx_word' id='word_1_660' title='bbox 1034 4314 1201 4366; x_wconf 89' lang='lat' dir='ltr'>actus</span> <span class='ocrx_word' id='word_1_661' title='bbox 1231 4309 1405 4366; x_wconf 91' lang='lat' dir='ltr'>nobis</span> <span class='ocrx_word' id='word_1_662' title='bbox 1433 4309 1708 4366; x_wconf 89' lang='lat' dir='ltr'>videlicet</span> <span class='ocrx_word' id='word_1_663' title='bbox 1737 4315 2095 4385; x_wconf 89' lang='lat' dir='ltr'>compertos,</span> <span class='ocrx_word' id='word_1_664' title='bbox 2127 4303 2173 4360; x_wconf 84' lang='lat' dir='ltr'><strong>D</strong></span> <span class='ocrx_word' id='word_1_665' title='bbox 2209 4311 2456 4368; x_wconf 88' lang='lat' dir='ltr'>coloniis</span> <span class='ocrx_word' id='word_1_666' title='bbox 2479 4309 2624 4379; x_wconf 87' lang='lat' dir='ltr'>suis,</span> <span class='ocrx_word' id='word_1_667' title='bbox 2651 4310 2714 4366; x_wconf 92' lang='lat' dir='ltr'>in</span> <span class='ocrx_word' id='word_1_668' title='bbox 2743 4310 2923 4368; x_wconf 89' lang='lat' dir='ltr'>aliam</span> <span class='ocrx_word' id='word_1_669' title='bbox 2945 4311 3316 4383; x_wconf 90' lang='lat' dir='ltr'>provinciam</span> <span class='ocrx_word' id='word_1_670' title='bbox 3335 4311 3877 4383; x_wconf 84' lang='lat' dir='ltr'>transmigrabant.</span> 
     </span>
    </p>
   </div>
   <div class='ocr_carea' id='block_1_94' title="bbox 513 4435 2096 4510">
    <p class='ocr_par' dir='ltr' id='par_1_94' title="bbox 513 4435 2096 4510">
     <span class='ocr_line' id='line_1_94' title="bbox 513 4435 2096 4510; baseline 0 -17"><span class='ocrx_word' id='word_1_671' title='bbox 513 4437 626 4510; x_wconf 80' lang='lat'>(82)</span> <span class='ocrx_word' id='word_1_672' title='bbox 655 4436 1051 4510; x_wconf 61' lang='lat' dir='ltr'>Mqllensipus</span> <span class='ocrx_word' id='word_1_673' title='bbox 1073 4435 1344 4510; x_wconf 74' lang='lat' dir='ltr'>undique</span> <span class='ocrx_word' id='word_1_674' title='bbox 1365 4436 1446 4491; x_wconf 90' lang='lat' dir='ltr'>ad</span> <span class='ocrx_word' id='word_1_675' title='bbox 1481 4437 1768 4510; x_wconf 66' lang='lat' dir='ltr'>seniorem</span> <span class='ocrx_word' id='word_1_676' title='bbox 1794 4439 2096 4506; x_wconf 85' lang='lat' dir='ltr'>conﬂuen-</span> 
     </span>
    </p>
   </div>
   <div class='ocr_carea' id='block_1_95' title="bbox 443 4506 2097 4580">
    <p class='ocr_par' dir='ltr' id='par_1_95' title="bbox 443 4506 2097 4580">
     <span class='ocr_line' id='line_1_95' title="bbox 443 4506 2097 4580; baseline -0.002 -12"><span class='ocrx_word' id='word_1_677' title='bbox 443 4506 620 4568; x_wconf 68' lang='lat' dir='ltr'>tibus.</span> <span class='ocrx_word' id='word_1_678' title='bbox 642 4509 868 4578; x_wconf 85' lang='lat' dir='ltr'>Mallus,</span> <span class='ocrx_word' id='word_1_679' title='bbox 899 4506 1444 4580; x_wconf 32' lang='lat' dir='ltr'>placitumeajus,</span> <span class='ocrx_word' id='word_1_680' title='bbox 1477 4507 1580 4580; x_wconf 75' lang='lat' dir='ltr'>ubi</span> <span class='ocrx_word' id='word_1_681' title='bbox 1609 4508 1870 4580; x_wconf 78' lang='lat' dir='ltr'>majores</span> <span class='ocrx_word' id='word_1_682' title='bbox 1899 4525 2097 4565; x_wconf 58' lang='lat' dir='ltr'>causai</span> 
     </span>
    </p>
   </div>
   <div class='ocr_carea' id='block_1_96' title="bbox 440 4577 2098 4639">
    <p class='ocr_par' dir='ltr' id='par_1_96' title="bbox 440 4577 2098 4639">
     <span class='ocr_line' id='line_1_96' title="bbox 440 4577 2098 4639; baseline -0.002 0"><span class='ocrx_word' id='word_1_683' title='bbox 440 4599 478 4639; x_wconf 89' lang='lat' dir='ltr'>a</span> <span class='ocrx_word' id='word_1_684' title='bbox 519 4577 931 4638; x_wconf 57' lang='lat' dir='ltr'>comitibuse&#39;t</span> <span class='ocrx_word' id='word_1_685' title='bbox 985 4577 1335 4634; x_wconf 85' lang='lat' dir='ltr'>senioribus</span> <span class='ocrx_word' id='word_1_686' title='bbox 1373 4577 1674 4634; x_wconf 91' lang='lat' dir='ltr'>terminari</span> <span class='ocrx_word' id='word_1_687' title='bbox 1712 4577 1914 4635; x_wconf 66' lang='lat' dir='ltr'>solitae</span> <span class='ocrx_word' id='word_1_688' title='bbox 1969 4580 2098 4636; x_wconf 89' lang='lat' dir='ltr'>Edi-</span> 
     </span>
    </p>
   </div>
   <div class='ocr_carea' id='block_1_97' title="bbox 439 4649 2096 4733">
    <p class='ocr_par' dir='ltr' id='par_1_97' title="bbox 439 4649 2096 4733">
     <span class='ocr_line' id='line_1_97' title="bbox 439 4649 2096 4733; baseline -0.002 -23"><span class='ocrx_word' id='word_1_689' title='bbox 439 4659 602 4733; x_wconf 80' lang='lat' dir='ltr'>ctum</span> <span class='ocrx_word' id='word_1_690' title='bbox 631 4651 1053 4733; x_wconf 68' lang='lat' dir='ltr'>_Caricjacense</span> <span class='ocrx_word' id='word_1_691' title='bbox 1102 4649 1292 4733; x_wconf 80' lang='lat' dir='ltr'>Caroli</span> <span class='ocrx_word' id='word_1_692' title='bbox 1334 4649 1510 4733; x_wconf 74' lang='lat' dir='ltr'>Calvi,</span> <span class='ocrx_word' id='word_1_693' title='bbox 1544 4665 1705 4733; x_wconf 79' lang='lat' dir='ltr'>anno</span> <span class='ocrx_word' id='word_1_694' title='bbox 1724 4653 1861 4733; x_wconf 44' lang='lat'>&quot;8‘64</span> <span class='ocrx_word' id='word_1_695' title='bbox 1892 4667 1916 4733; x_wconf 80' lang='lat'>:_</span> <span class='ocrx_word' id='word_1_696' title='bbox 1966 4673 1995 4701; x_wconf 88' lang='grc'>‹‹</span> <span class='ocrx_word' id='word_1_697' title='bbox 2029 4654 2096 4733; x_wconf 84' lang='lat' dir='ltr'>Et</span> 
     </span>
    </p>
   </div>
   <div class='ocr_carea' id='block_1_98' title="bbox 438 4720 2096 4874">
    <p class='ocr_par' dir='ltr' id='par_1_98' title="bbox 438 4720 2096 4874">
     <span class='ocr_line' id='line_1_98' title="bbox 438 4720 2096 4805; baseline 0 -26"><span class='ocrx_word' id='word_1_698' title='bbox 438 4726 566 4796; x_wconf 92' lang='lat' dir='ltr'>ipse</span> <span class='ocrx_word' id='word_1_699' title='bbox 597 4727 681 4779; x_wconf 89' lang='lat' dir='ltr'>sic</span> <span class='ocrx_word' id='word_1_700' title='bbox 698 4723 960 4805; x_wconf 39' lang='lat' dir='ltr'>mall-um</span> <span class='ocrx_word' id='word_1_701' title='bbox 992 4739 1171 4805; x_wconf 78' lang='lat' dir='ltr'>suum</span> <span class='ocrx_word' id='word_1_702' title='bbox 1201 4725 1414 4804; x_wconf 69' lang='lat' dir='ltr'>teneat,</span> <span class='ocrx_word' id='word_1_703' title='bbox 1443 4725 1509 4776; x_wconf 91' lang='lat' dir='ltr'>ut</span> <span class='ocrx_word' id='word_1_704' title='bbox 1544 4720 1820 4802; x_wconf 74' lang='lat' dir='ltr'>barigildi</span> <span class='ocrx_word' id='word_1_705' title='bbox 1865 4722 1994 4793; x_wconf 92' lang='lat' dir='ltr'>ejus</span> <span class='ocrx_word' id='word_1_706' title='bbox 2040 4726 2096 4779; x_wconf 91' lang='lat' dir='ltr'>et</span> 
     </span>
     <span class='ocr_line' id='line_1_99' title="bbox 439 4791 2092 4874; baseline 0 -24"><span class='ocrx_word' id='word_1_707' title='bbox 439 4795 732 4874; x_wconf 77' lang='lat' dir='ltr'>advocati,</span> <span class='ocrx_word' id='word_1_708' title='bbox 759 4810 954 4874; x_wconf 49' lang='lat' dir='ltr'>quinm</span> <span class='ocrx_word' id='word_1_709' title='bbox 985 4793 1114 4850; x_wconf 88' lang='lat' dir='ltr'>alus</span> <span class='ocrx_word' id='word_1_710' title='bbox 1153 4791 1533 4874; x_wconf 79' lang='lat' dir='ltr'>comitatibus</span> <span class='ocrx_word' id='word_1_711' title='bbox 1561 4797 1821 4874; x_wconf 77' lang='lat' dir='ltr'>rationes</span> <span class='ocrx_word' id='word_1_712' title='bbox 1846 4793 2092 4874; x_wconf 72' lang='lat' dir='ltr'>habent,</span> 
     </span>
    </p>
   </div>
   <div class='ocr_carea' id='block_1_99' title="bbox 440 4863 2096 4946">
    <p class='ocr_par' dir='ltr' id='par_1_99' title="bbox 440 4863 2096 4946">
     <span class='ocr_line' id='line_1_100' title="bbox 440 4863 2096 4946; baseline 0.002 -27"><span class='ocrx_word' id='word_1_713' title='bbox 440 4865 520 4946; x_wconf 76' lang='lat' dir='ltr'>ad</span> <span class='ocrx_word' id='word_1_714' title='bbox 549 4881 727 4946; x_wconf 82' lang='lat' dir='ltr'>suum</span> <span class='ocrx_word' id='word_1_715' title='bbox 755 4863 1006 4946; x_wconf 70' lang='lat' dir='ltr'>mallum</span> <span class='ocrx_word' id='word_1_716' title='bbox 1036 4864 1612 4946; x_wconf 26' lang='lat' dir='ltr'>occurrere‘possint.</span> <span class='ocrx_word' id='word_1_717' title='bbox 1635 4886 1663 4915; x_wconf 85' lang='lat'><strong>»</strong></span> <span class='ocrx_word' id='word_1_718' title='bbox 1682 4864 1842 4932; x_wconf 90' lang='lat' dir='ltr'>Inde,</span> <span class='ocrx_word' id='word_1_719' title='bbox 1856 4865 2096 4946; x_wconf 59' lang='lat' dir='ltr'>_qdmat-</span> 
     </span>
    </p>
   </div>
   <div class='ocr_carea' id='block_1_100' title="bbox 443 4934 2094 5004">
    <p class='ocr_par' dir='ltr' id='par_1_100' title="bbox 443 4934 2094 5004">
     <span class='ocr_line' id='line_1_101' title="bbox 443 4934 2094 5004; baseline 0.001 -13"><span class='ocrx_word' id='word_1_720' title='bbox 443 4937 590 5000; x_wconf 83' lang='lat' dir='ltr'>lare,</span> <span class='ocrx_word' id='word_1_721' title='bbox 624 4939 760 4990; x_wconf 90' lang='lat' dir='ltr'>ante</span> <span class='ocrx_word' id='word_1_722' title='bbox 785 4934 1048 5004; x_wconf 88' lang='lat' dir='ltr'>judicem</span> <span class='ocrx_word' id='word_1_723' title='bbox 1081 4937 1280 4990; x_wconf 87' lang='lat' dir='ltr'>venire</span> <span class='ocrx_word' id='word_1_724' title='bbox 1305 4934 1576 5004; x_wconf 88' lang='lat' dir='ltr'>litigandi</span> <span class='ocrx_word' id='word_1_725' title='bbox 1603 4951 1804 4992; x_wconf 89' lang='lat' dir='ltr'>causa.</span> <span class='ocrx_word' id='word_1_726' title='bbox 1856 4935 2094 4992; x_wconf 85' lang='lat' dir='ltr'>Marcul-</span> 
     </span>
    </p>
   </div>
   <div class='ocr_carea' id='block_1_101' title="bbox 437 5004 2128 5088">
    <p class='ocr_par' dir='ltr' id='par_1_101' title="bbox 437 5004 2128 5088">
     <span class='ocr_line' id='line_1_102' title="bbox 437 5004 2128 5088; baseline -0.002 -27"><span class='ocrx_word' id='word_1_727' title='bbox 437 5005 534 5088; x_wconf 83' lang='lat' dir='ltr'>fus</span> <span class='ocrx_word' id='word_1_728' title='bbox 562 5004 666 5086; x_wconf 80' lang='lat' dir='ltr'>lib.</span> <span class='ocrx_word' id='word_1_729' title='bbox 702 5005 1181 5088; x_wconf 45' lang='lat' dir='ltr'>il‘formularum,</span> <span class='ocrx_word' id='word_1_730' title='bbox 1221 5020 1352 5077; x_wconf 89' lang='lat' dir='ltr'>cap.</span> <span class='ocrx_word' id='word_1_731' title='bbox 1385 5009 1446 5060; x_wconf 81' lang='lat' dir='ltr'>2t</span> <span class='ocrx_word' id='word_1_732' title='bbox 1485 5023 1497 5060; x_wconf 91' lang='lat'>:</span> <span class='ocrx_word' id='word_1_733' title='bbox 1549 5027 1577 5057; x_wconf 84' lang='lat'>«</span> <span class='ocrx_word' id='word_1_734' title='bbox 1608 5009 1688 5061; x_wconf 90' lang='lat' dir='ltr'>Eo</span> <span class='ocrx_word' id='word_1_735' title='bbox 1740 5006 1907 5088; x_wconf 77' lang='lat' dir='ltr'>quod</span> <span class='ocrx_word' id='word_1_736' title='bbox 1951 5023 2091 5080; x_wconf 89' lang='lat' dir='ltr'>pro-</span> <span class='ocrx_word' id='word_1_737' title='bbox 2125 5054 2128 5058; x_wconf 92' lang='lat'>.</span> 
     </span>
    </p>
   </div>
   <div class='ocr_carea' id='block_1_102' title="bbox 437 5075 2094 5151">
    <p class='ocr_par' dir='ltr' id='par_1_102' title="bbox 437 5075 2094 5151">
     <span class='ocr_line' id='line_1_103' title="bbox 437 5075 2094 5151; baseline -0.001 -17"><span class='ocrx_word' id='word_1_738' title='bbox 437 5083 568 5151; x_wconf 88' lang='lat' dir='ltr'>pter</span> <span class='ocrx_word' id='word_1_739' title='bbox 597 5075 1034 5151; x_wconf 78' lang='lat' dir='ltr'>simplicitatem</span> <span class='ocrx_word' id='word_1_740' title='bbox 1055 5091 1255 5151; x_wconf 75' lang='lat' dir='ltr'>suam,</span> <span class='ocrx_word' id='word_1_741' title='bbox 1289 5075 1506 5151; x_wconf 73' lang='lat' dir='ltr'>causas</span> <span class='ocrx_word' id='word_1_742' title='bbox 1537 5075 1940 5151; x_wconf 79' lang='lat' dir='ltr'>suasminime</span> <span class='ocrx_word' id='word_1_743' title='bbox 1956 5075 2094 5151; x_wconf 81' lang='lat' dir='ltr'>pos-</span> 
     </span>
    </p>
   </div>
   <div class='ocr_carea' id='block_1_103' title="bbox 439 5145 2091 5231">
    <p class='ocr_par' dir='ltr' id='par_1_103' title="bbox 439 5145 2091 5231">
     <span class='ocr_line' id='line_1_104' title="bbox 439 5145 2091 5231; baseline -0.001 -26"><span class='ocrx_word' id='word_1_744' title='bbox 439 5145 512 5231; x_wconf 74' lang='lat' dir='ltr'>sit</span> <span class='ocrx_word' id='word_1_745' title='bbox 540 5145 968 5231; x_wconf 69' lang='lat' dir='ltr'>prosequi,__vel</span> <span class='ocrx_word' id='word_1_746' title='bbox 996 5145 1344 5231; x_wconf 33' lang='lat' dir='ltr'>admalllare.</span> <span class='ocrx_word' id='word_1_747' title='bbox 1382 5167 1408 5196; x_wconf 84' lang='lat'><strong>»</strong></span> <span class='ocrx_word' id='word_1_748' title='bbox 1438 5149 1505 5202; x_wconf 91' lang='lat' dir='ltr'>Et</span> <span class='ocrx_word' id='word_1_749' title='bbox 1531 5149 1866 5231; x_wconf 58' lang='lat' dir='ltr'>malleqzses,</span> <span class='ocrx_word' id='word_1_750' title='bbox 1994 5149 2091 5219; x_wconf 90' lang='lat' dir='ltr'>ju-</span> 
     </span>
    </p>
   </div>
   <div class='ocr_carea' id='block_1_104' title="bbox 439 5217 2091 5348">
    <p class='ocr_par' dir='ltr' id='par_1_104' title="bbox 439 5217 2091 5348">
     <span class='ocr_line' id='line_1_105' title="bbox 439 5217 2091 5348; baseline -0.001 -72"><span class='ocrx_word' id='word_1_751' title='bbox 439 5217 663 5348; x_wconf 53' lang='lat' dir='ltr'>ditgiuén</span> <span class='ocrx_word' id='word_1_752' title='bbox 693 5217 882 5276; x_wconf 77' lang='lat' dir='ltr'>vocati</span> <span class='ocrx_word' id='word_1_753' title='bbox 912 5234 1020 5290; x_wconf 89' lang='lat' dir='ltr'>pro</span> <span class='ocrx_word' id='word_1_754' title='bbox 1049 5217 1302 5288; x_wconf 89' lang='lat' dir='ltr'>negotiis</span> <span class='ocrx_word' id='word_1_755' title='bbox 1334 5218 1769 5290; x_wconf 89' lang='lat' dir='ltr'>prosequendis</span> <span class='ocrx_word' id='word_1_756' title='bbox 1799 5235 1868 5276; x_wconf 89' lang='lat' dir='ltr'>ac</span> <span class='ocrx_word' id='word_1_757' title='bbox 1897 5217 2091 5275; x_wconf 80' lang='lat' dir='ltr'>disce-</span> 
     </span>
     <span class='ocr_line' id='line_1_106' title="bbox 439 5307 700 5348; baseline -0.008 0"><span class='ocrx_word' id='word_1_758' title='bbox 439 5308 477 5348; x_wconf 82' lang='grc' dir='ltr'><strong>ι)</strong></span> <span class='ocrx_word' id='word_1_759' title='bbox 541 5307 582 5346; x_wconf 91' lang='lat' dir='ltr'>n</span> <span class='ocrx_word' id='word_1_760' title='bbox 629 5309 700 5347; x_wconf 75' lang='grc' dir='ltr'>ιε.</span> 
     </span>
    </p>
   </div>
   <div class='ocr_carea' id='block_1_105' title="bbox 481 5291 700 5348">
    <p class='ocr_par' dir='ltr' id='par_1_105' title="bbox 481 5291 700 5348">
     <span class='ocr_line' id='line_1_107' title="bbox 481 5291 700 5348; baseline -0.005 0"><span class='ocrx_word' id='word_1_761' title='bbox 481 5291 700 5348; x_wconf 87' lang='lat' dir='ltr'>tandis.</span> 
     </span>
    </p>
   </div>
   <div class='ocr_carea' id='block_1_106' title="bbox 435 5308 2091 5487">
    <p class='ocr_par' dir='ltr' id='par_1_106' title="bbox 435 5308 2091 5487">
     <span class='ocr_line' id='line_1_108' title="bbox 435 5308 2091 5487; baseline 0 -71"><span class='ocrx_word' id='word_1_762' title='bbox 435 5308 962 5487; x_wconf 46' lang='grc' dir='ltr'>Ρῐῖἒθῖιῗενριίείίε</span> <span class='ocrx_word' id='word_1_763' title='bbox 983 5361 1230 5417; x_wconf 77' lang='lat' dir='ltr'>coloniis</span> <span class='ocrx_word' id='word_1_764' title='bbox 1267 5361 1407 5416; x_wconf 79' lang='lat' dir='ltr'>suis.</span> <span class='ocrx_word' id='word_1_765' title='bbox 1439 5359 1682 5417; x_wconf 90' lang='lat' dir='ltr'>Colonia</span> <span class='ocrx_word' id='word_1_766' title='bbox 1711 5364 1804 5418; x_wconf 91' lang='lat' dir='ltr'>est</span> <span class='ocrx_word' id='word_1_767' title='bbox 1833 5360 2091 5417; x_wconf 86' lang='lat' dir='ltr'>domun-</span> 
     </span>
     <span class='ocr_line' id='line_1_109' title="bbox 437 5429 2090 5487; baseline 0 0"><span class='ocrx_word' id='word_1_768' title='bbox 437 5447 512 5487; x_wconf 91' lang='lat' dir='ltr'>cu</span> <span class='ocrx_word' id='word_1_769' title='bbox 537 5449 574 5487; x_wconf 88' lang='lat' dir='ltr'>a</span> <span class='ocrx_word' id='word_1_770' title='bbox 599 5449 738 5487; x_wconf 90' lang='lat' dir='ltr'>cum</span> <span class='ocrx_word' id='word_1_771' title='bbox 770 5433 896 5487; x_wconf 71' lang='lat' dir='ltr'>agri</span> <span class='ocrx_word' id='word_1_772' title='bbox 941 5437 1102 5487; x_wconf 88' lang='lat' dir='ltr'>tanto</span> <span class='ocrx_word' id='word_1_773' title='bbox 1129 5437 1425 5487; x_wconf 75' lang='lat' dir='ltr'>quantum</span> <span class='ocrx_word' id='word_1_774' title='bbox 1471 5429 1721 5486; x_wconf 89' lang='lat' dir='ltr'>colonus</span> <span class='ocrx_word' id='word_1_775' title='bbox 1761 5447 1920 5487; x_wconf 88' lang='lat' dir='ltr'>unus</span> <span class='ocrx_word' id='word_1_776' title='bbox 1952 5448 2090 5487; x_wconf 91' lang='lat' dir='ltr'>cum</span> 
     </span>
    </p>
   </div>
   <div class='ocr_carea' id='block_1_107' title="bbox 437 5429 2090 5505">
    <p class='ocr_par' dir='ltr' id='par_1_107' title="bbox 437 5429 2090 5505">
     <span class='ocr_line' id='line_1_110' title="bbox 437 5429 2090 5505; baseline 0 -17"><span class='ocrx_word' id='word_1_777' title='bbox 437 5429 738 5505; x_wconf 81' lang='lat' dir='ltr'>culacum</span> <span class='ocrx_word' id='word_1_778' title='bbox 770 5433 896 5505; x_wconf 86' lang='lat' dir='ltr'>agri</span> <span class='ocrx_word' id='word_1_779' title='bbox 941 5437 1102 5489; x_wconf 88' lang='lat' dir='ltr'>tanto</span> <span class='ocrx_word' id='word_1_780' title='bbox 1129 5437 1425 5505; x_wconf 77' lang='lat' dir='ltr'>quantum</span> <span class='ocrx_word' id='word_1_781' title='bbox 1471 5429 1732 5505; x_wconf 66' lang='lat' dir='ltr'>colonus</span> <span class='ocrx_word' id='word_1_782' title='bbox 1761 5447 1920 5487; x_wconf 90' lang='lat' dir='ltr'>unus</span> <span class='ocrx_word' id='word_1_783' title='bbox 1946 5448 2090 5505; x_wconf 85' lang='lat' dir='ltr'>_c_um</span> 
     </span>
    </p>
   </div>
   <div class='ocr_carea' id='block_1_108' title="bbox 437 5501 2086 5577">
    <p class='ocr_par' dir='ltr' id='par_1_108' title="bbox 437 5501 2086 5577">
     <span class='ocr_line' id='line_1_111' title="bbox 437 5501 2086 5577; baseline 0.001 -19"><span class='ocrx_word' id='word_1_784' title='bbox 437 5503 625 5577; x_wconf 81' lang='lat' dir='ltr'>servis</span> <span class='ocrx_word' id='word_1_785' title='bbox 651 5503 772 5559; x_wconf 90' lang='lat' dir='ltr'>suis</span> <span class='ocrx_word' id='word_1_786' title='bbox 801 5501 1230 5577; x_wconf 45' lang='lat' dir='ltr'>colerepotpfst.</span> <span class='ocrx_word' id='word_1_787' title='bbox 1275 5501 1646 5577; x_wconf 80' lang='lat' dir='ltr'>Flodoardus</span> <span class='ocrx_word' id='word_1_788' title='bbox 1675 5501 1891 5577; x_wconf 79' lang='lat' dir='ltr'>llb._lX.</span> <span class='ocrx_word' id='word_1_789' title='bbox 1944 5503 2086 5560; x_wconf 89' lang='lat' dir='ltr'>Hist.</span> 
     </span>
    </p>
   </div>
   <div class='ocr_carea' id='block_1_109' title="bbox 482 5572 2085 5649">
    <p class='ocr_par' dir='ltr' id='par_1_109' title="bbox 482 5572 2085 5649">
     <span class='ocr_line' id='line_1_112' title="bbox 482 5572 2085 5649; baseline -0.001 -17"><span class='ocrx_word' id='word_1_790' title='bbox 482 5575 670 5642; x_wconf 89' lang='lat' dir='ltr'>hem.,</span> <span class='ocrx_word' id='word_1_791' title='bbox 693 5589 826 5648; x_wconf 91' lang='lat' dir='ltr'>cap.</span> <span class='ocrx_word' id='word_1_792' title='bbox 857 5579 941 5642; x_wconf 83' lang='grc'>19,</span> <span class='ocrx_word' id='word_1_793' title='bbox 972 5572 1048 5632; x_wconf 75' lang='lat' dir='ltr'>de</span> <span class='ocrx_word' id='word_1_794' title='bbox 1075 5574 1279 5632; x_wconf 88' lang='lat' dir='ltr'>Ebone</span> <span class='ocrx_word' id='word_1_795' title='bbox 1317 5573 1767 5649; x_wconf 90' lang='lat' dir='ltr'>archiepiscopo</span> <span class='ocrx_word' id='word_1_796' title='bbox 1785 5572 2039 5648; x_wconf 86' lang='lat' dir='ltr'>loquens</span> <span class='ocrx_word' id='word_1_797' title='bbox 2071 5589 2085 5630; x_wconf 91' lang='lat'><strong>:</strong></span> 
     </span>
    </p>
   </div>
   <div class='ocr_carea' id='block_1_110' title="bbox 2209 4435 3880 4509">
    <p class='ocr_par' dir='ltr' id='par_1_110' title="bbox 2209 4435 3880 4509">
     <span class='ocr_line' id='line_1_113' title="bbox 2209 4435 3880 4509; baseline 0.001 -16"><span class='ocrx_word' id='word_1_798' title='bbox 2209 4459 2238 4487; x_wconf 92' lang='grc'>‹‹</span> <span class='ocrx_word' id='word_1_799' title='bbox 2269 4436 2542 4495; x_wconf 88' lang='lat' dir='ltr'>Colonias</span> <span class='ocrx_word' id='word_1_800' title='bbox 2567 4435 2888 4509; x_wconf 86' lang='lat' dir='ltr'>nonnullas</span> <span class='ocrx_word' id='word_1_801' title='bbox 2906 4435 3200 4506; x_wconf 79' lang='lat' dir='ltr'>Ecclesiae,</span> <span class='ocrx_word' id='word_1_802' title='bbox 3233 4435 3548 4509; x_wconf 86' lang='lat' dir='ltr'>descriptis</span> <span class='ocrx_word' id='word_1_803' title='bbox 3576 4453 3686 4509; x_wconf 90' lang='lat' dir='ltr'>per</span> <span class='ocrx_word' id='word_1_804' title='bbox 3730 4443 3880 4496; x_wconf 84' lang='lat' dir='ltr'>stre-</span> 
     </span>
    </p>
   </div>
   <div class='ocr_carea' id='block_1_111' title="bbox 2203 4507 3874 4581">
    <p class='ocr_par' dir='ltr' id='par_1_111' title="bbox 2203 4507 3874 4581">
     <span class='ocr_line' id='line_1_114' title="bbox 2203 4507 3874 4581; baseline 0 -17"><span class='ocrx_word' id='word_1_805' title='bbox 2203 4524 2359 4581; x_wconf 83' lang='lat' dir='ltr'>nuos</span> <span class='ocrx_word' id='word_1_806' title='bbox 2385 4509 2543 4581; x_wconf 82' lang='lat' dir='ltr'>viros</span> <span class='ocrx_word' id='word_1_807' title='bbox 2573 4507 2822 4581; x_wconf 79' lang='lat' dir='ltr'>colonis,</span> <span class='ocrx_word' id='word_1_808' title='bbox 2846 4507 3460 4581; x_wconf 78' lang='lat' dir='ltr'>eorumqueservitiis</span> <span class='ocrx_word' id='word_1_809' title='bbox 3491 4507 3816 4566; x_wconf 80' lang='lat' dir='ltr'>ordinavit.</span> <span class='ocrx_word' id='word_1_810' title='bbox 3845 4535 3874 4558; x_wconf 71' lang='grc' dir='ltr'>ι»</span> 
     </span>
    </p>
   </div>
   <div class='ocr_carea' id='block_1_112' title="bbox 2207 4579 3872 4653">
    <p class='ocr_par' dir='ltr' id='par_1_112' title="bbox 2207 4579 3872 4653">
     <span class='ocr_line' id='line_1_115' title="bbox 2207 4579 3872 4653; baseline 0.001 -18"><span class='ocrx_word' id='word_1_811' title='bbox 2207 4583 2275 4636; x_wconf 90' lang='lat' dir='ltr'>Et</span> <span class='ocrx_word' id='word_1_812' title='bbox 2299 4579 2965 4653; x_wconf 81' lang='lat' dir='ltr'>Glaber_Rodulfus_li_b.</span> <span class='ocrx_word' id='word_1_813' title='bbox 3004 4579 3279 4653; x_wconf 62' lang='lat' dir='ltr'>III,_Hist.</span> <span class='ocrx_word' id='word_1_814' title='bbox 3335 4581 3578 4653; x_wconf 89' lang='lat' dir='ltr'>Franc_.,_</span> <span class='ocrx_word' id='word_1_815' title='bbox 3619 4597 3756 4653; x_wconf 77' lang='lat' dir='ltr'>cap.</span> <span class='ocrx_word' id='word_1_816' title='bbox 3795 4585 3872 4638; x_wconf 86' lang='lat'>5:</span> 
     </span>
    </p>
   </div>
   <div class='ocr_carea' id='block_1_113' title="bbox 2203 4649 3876 4720">
    <p class='ocr_par' dir='ltr' id='par_1_113' title="bbox 2203 4649 3876 4720">
     <span class='ocr_line' id='line_1_116' title="bbox 2203 4649 3876 4720; baseline 0.003 -17"><span class='ocrx_word' id='word_1_817' title='bbox 2203 4673 2232 4703; x_wconf 84' lang='lat'>«</span> <span class='ocrx_word' id='word_1_818' title='bbox 2265 4650 2441 4717; x_wconf 86' lang='lat' dir='ltr'>Quod</span> <span class='ocrx_word' id='word_1_819' title='bbox 2469 4651 2648 4708; x_wconf 90' lang='lat' dir='ltr'>etiam</span> <span class='ocrx_word' id='word_1_820' title='bbox 2669 4650 3033 4720; x_wconf 67' lang='lat' dir='ltr'>caanobium,</span> <span class='ocrx_word' id='word_1_821' title='bbox 3065 4649 3451 4708; x_wconf 89' lang='lat' dir='ltr'>Cluniacense</span> <span class='ocrx_word' id='word_1_822' title='bbox 3479 4649 3778 4718; x_wconf 68' lang='lat' dir='ltr'>videlicét,</span> <span class='ocrx_word' id='word_1_823' title='bbox 3813 4653 3876 4708; x_wconf 89' lang='lat' dir='ltr'>in</span> 
     </span>
    </p>
   </div>
   <div class='ocr_carea' id='block_1_114' title="bbox 2201 4721 3874 4795">
    <p class='ocr_par' dir='ltr' id='par_1_114' title="bbox 2201 4721 3874 4795">
     <span class='ocr_line' id='line_1_117' title="bbox 2201 4721 3874 4795; baseline 0.001 -18"><span class='ocrx_word' id='word_1_824' title='bbox 2201 4722 2550 4795; x_wconf 79' lang='lat' dir='ltr'>primqnon</span> <span class='ocrx_word' id='word_1_825' title='bbox 2580 4721 2839 4795; x_wconf 81' lang='lat' dir='ltr'>amplius</span> <span class='ocrx_word' id='word_1_826' title='bbox 2878 4738 3065 4795; x_wconf 87' lang='lat' dir='ltr'>quam</span> <span class='ocrx_word' id='word_1_827' title='bbox 3103 4721 3250 4794; x_wconf 90' lang='lat' dir='ltr'>quin</span> <span class='ocrx_word' id='word_1_828' title='bbox 3287 4721 3658 4795; x_wconf 68' lang='lat' dir='ltr'>decimterrae</span> <span class='ocrx_word' id='word_1_829' title='bbox 3705 4723 3874 4780; x_wconf 87' lang='lat' dir='ltr'>colo-</span> 
     </span>
    </p>
   </div>
   <div class='ocr_carea' id='block_1_115' title="bbox 2201 4791 3876 4866">
    <p class='ocr_par' dir='ltr' id='par_1_115' title="bbox 2201 4791 3876 4866">
     <span class='ocr_line' id='line_1_118' title="bbox 2201 4791 3876 4866; baseline 0.002 -18"><span class='ocrx_word' id='word_1_830' title='bbox 2201 4791 2333 4866; x_wconf 67' lang='lat' dir='ltr'>nias</span> <span class='ocrx_word' id='word_1_831' title='bbox 2361 4791 2579 4866; x_wconf 88' lang='lat' dir='ltr'>dicitur</span> <span class='ocrx_word' id='word_1_832' title='bbox 2602 4791 2803 4849; x_wconf 76' lang='lat' dir='ltr'>dotem</span> <span class='ocrx_word' id='word_1_833' title='bbox 2818 4791 3163 4866; x_wconf 71' lang='lat' dir='ltr'>_accepissé.</span> <span class='ocrx_word' id='word_1_834' title='bbox 3195 4815 3233 4866; x_wconf 86' lang='lat'>»_</span> <span class='ocrx_word' id='word_1_835' title='bbox 3271 4792 3492 4866; x_wconf 83' lang='lat' dir='ltr'>Dicitur</span> <span class='ocrx_word' id='word_1_836' title='bbox 3539 4793 3724 4850; x_wconf 86' lang='lat' dir='ltr'>etiam</span> <span class='ocrx_word' id='word_1_837' title='bbox 3777 4811 3876 4866; x_wconf 83' lang='lat' dir='ltr'>co-</span> 
     </span>
    </p>
   </div>
   <div class='ocr_carea' id='block_1_116' title="bbox 2201 4863 3872 4936">
    <p class='ocr_par' dir='ltr' id='par_1_116' title="bbox 2201 4863 3872 4936">
     <span class='ocr_line' id='line_1_119' title="bbox 2201 4863 3872 4936; baseline 0.001 -17"><span class='ocrx_word' id='word_1_838' title='bbox 2201 4863 2400 4936; x_wconf 87' lang='lat' dir='ltr'>lonica</span> <span class='ocrx_word' id='word_1_839' title='bbox 2423 4863 2843 4936; x_wconf 85' lang='lat' dir='ltr'>passimapud</span> <span class='ocrx_word' id='word_1_840' title='bbox 2877 4863 3124 4936; x_wconf 70' lang='lat' dir='ltr'>vetares.</span> <span class='ocrx_word' id='word_1_841' title='bbox 3158 4863 3543 4936; x_wconf 20' lang='lat' dir='ltr'>,Chronicum</span> <span class='ocrx_word' id='word_1_842' title='bbox 3587 4866 3644 4920; x_wconf 94' lang='lat' dir='ltr'>S.</span> <span class='ocrx_word' id='word_1_843' title='bbox 3703 4865 3872 4921; x_wconf 82' lang='lat' dir='ltr'>Beni-</span> 
     </span>
    </p>
   </div>
   <div class='ocr_carea' id='block_1_117' title="bbox 2202 4934 3869 5010">
    <p class='ocr_par' dir='ltr' id='par_1_117' title="bbox 2202 4934 3869 5010">
     <span class='ocr_line' id='line_1_120' title="bbox 2202 4934 3869 5010; baseline 0.001 -20"><span class='ocrx_word' id='word_1_844' title='bbox 2202 4935 2322 5010; x_wconf 87' lang='lat' dir='ltr'>gn_i,</span> <span class='ocrx_word' id='word_1_845' title='bbox 2355 4934 2495 5010; x_wconf 67' lang='lat' dir='ltr'>cum</span> <span class='ocrx_word' id='word_1_846' title='bbox 2527 4934 2850 5010; x_wconf 38' lang='lat' dir='ltr'>servis—qui</span> <span class='ocrx_word' id='word_1_847' title='bbox 2893 4935 2968 5010; x_wconf 81' lang='lat' dir='ltr'>de</span> <span class='ocrx_word' id='word_1_848' title='bbox 3011 4935 3309 5010; x_wconf 67' lang='lat' dir='ltr'>praedictis</span> <span class='ocrx_word' id='word_1_849' title='bbox 3329 4935 3582 5010; x_wconf 85' lang='lat' dir='ltr'>_mansis</span> <span class='ocrx_word' id='word_1_850' title='bbox 3635 4943 3869 5010; x_wconf 82' lang='lat' dir='ltr'>septem</span> 
     </span>
    </p>
   </div>
   <div class='ocr_carea' id='block_1_118' title="bbox 2201 5005 3868 5078">
    <p class='ocr_par' dir='ltr' id='par_1_118' title="bbox 2201 5005 3868 5078">
     <span class='ocr_line' id='line_1_121' title="bbox 2201 5005 3868 5078; baseline 0.001 -18"><span class='ocrx_word' id='word_1_851' title='bbox 2201 5005 2502 5078; x_wconf 80' lang='lat' dir='ltr'>colonicas</span> <span class='ocrx_word' id='word_1_852' title='bbox 2529 5005 2828 5062; x_wconf 79' lang='lat' dir='ltr'>tenebant.</span> <span class='ocrx_word' id='word_1_853' title='bbox 2861 5029 2890 5056; x_wconf 82' lang='grc'>››</span> <span class='ocrx_word' id='word_1_854' title='bbox 2927 5005 3206 5078; x_wconf 79' lang='lat' dir='ltr'>Synodus</span> <span class='ocrx_word' id='word_1_855' title='bbox 3237 5005 3556 5078; x_wconf 78' lang='lat' dir='ltr'>Valentina</span> <span class='ocrx_word' id='word_1_856' title='bbox 3593 5005 3724 5062; x_wconf 63' lang='lat' dir='ltr'>sub&#39;</span> <span class='ocrx_word' id='word_1_857' title='bbox 3763 5010 3868 5062; x_wconf 57' lang='lat' dir='ltr'>L0-</span> 
     </span>
    </p>
   </div>
   <div class='ocr_carea' id='block_1_119' title="bbox 2201 5076 3862 5150">
    <p class='ocr_par' dir='ltr' id='par_1_119' title="bbox 2201 5076 3862 5150">
     <span class='ocr_line' id='line_1_122' title="bbox 2201 5076 3862 5150; baseline 0.001 -18"><span class='ocrx_word' id='word_1_858' title='bbox 2201 5076 2392 5132; x_wconf 87' lang='lat' dir='ltr'>thario</span> <span class='ocrx_word' id='word_1_859' title='bbox 2421 5077 2607 5150; x_wconf 80' lang='lat' dir='ltr'>_imp.,</span> <span class='ocrx_word' id='word_1_860' title='bbox 2654 5093 2705 5132; x_wconf 92' lang='lat' dir='ltr'>c.</span> <span class='ocrx_word' id='word_1_861' title='bbox 2758 5080 2790 5150; x_wconf 78' lang='lat'><strong><em>9</em></strong></span> <span class='ocrx_word' id='word_1_862' title='bbox 2820 5095 2863 5150; x_wconf 87' lang='lat'>:__</span> <span class='ocrx_word' id='word_1_863' title='bbox 2895 5099 2922 5127; x_wconf 88' lang='grc'>‹‹</span> <span class='ocrx_word' id='word_1_864' title='bbox 2945 5076 3149 5150; x_wconf 88' lang='lat' dir='ltr'>_Unam</span> <span class='ocrx_word' id='word_1_865' title='bbox 3205 5076 3542 5150; x_wconf 81' lang='lat' dir='ltr'>colonicam</span> <span class='ocrx_word' id='word_1_866' title='bbox 3585 5078 3862 5150; x_wconf 76' lang='lat' dir='ltr'>vestitam</span> 
     </span>
    </p>
   </div>
   <div class='ocr_carea' id='block_1_120' title="bbox 2201 5147 3862 5220">
    <p class='ocr_par' dir='ltr' id='par_1_120' title="bbox 2201 5147 3862 5220">
     <span class='ocr_line' id='line_1_123' title="bbox 2201 5147 3862 5220; baseline -0.002 -17"><span class='ocrx_word' id='word_1_867' title='bbox 2201 5163 2340 5204; x_wconf 90' lang='lat' dir='ltr'>cum</span> <span class='ocrx_word' id='word_1_868' title='bbox 2364 5147 2551 5220; x_wconf 73' lang='lat' dir='ltr'>tribus</span> <span class='ocrx_word' id='word_1_869' title='bbox 2572 5147 2898 5220; x_wconf 84' lang='lat' dir='ltr'>mancipiis</span> <span class='ocrx_word' id='word_1_870' title='bbox 2926 5147 3080 5220; x_wconf 81' lang='lat' dir='ltr'>dotis</span> <span class='ocrx_word' id='word_1_871' title='bbox 3105 5147 3294 5219; x_wconf 90' lang='lat' dir='ltr'>gratia</span> <span class='ocrx_word' id='word_1_872' title='bbox 3337 5147 3433 5220; x_wconf 75' lang='lat' dir='ltr'>eis</span> <span class='ocrx_word' id='word_1_873' title='bbox 3469 5147 3802 5204; x_wconf 88' lang='lat' dir='ltr'>conferant.</span> <span class='ocrx_word' id='word_1_874' title='bbox 3831 5167 3862 5200; x_wconf 67' lang='grc' dir='ltr'><strong>ι</strong></span> 
     </span>
    </p>
   </div>
   <div class='ocr_carea' id='block_1_121' title="bbox 2202 5217 3862 5300">
    <p class='ocr_par' dir='ltr' id='par_1_121' title="bbox 2202 5217 3862 5300">
     <span class='ocr_line' id='line_1_124' title="bbox 2202 5217 3862 5300; baseline 0.004 -30"><span class='ocrx_word' id='word_1_875' title='bbox 2202 5241 2247 5300; x_wconf 42' lang='grc'>‹‹.</span> <span class='ocrx_word' id='word_1_876' title='bbox 2263 5221 2334 5300; x_wconf 73' lang='lat' dir='ltr'>Et</span> <span class='ocrx_word' id='word_1_877' title='bbox 2355 5218 2656 5300; x_wconf 65' lang='lat' dir='ltr'>antiquior</span> <span class='ocrx_word' id='word_1_878' title='bbox 2692 5217 3096 5300; x_wconf 37' lang='lat' dir='ltr'>his—omnibus</span> <span class='ocrx_word' id='word_1_879' title='bbox 3112 5217 3347 5300; x_wconf 63' lang='lat' dir='ltr'>charta</span> <span class='ocrx_word' id='word_1_880' title='bbox 3370 5217 3726 5300; x_wconf 38' lang='lat' dir='ltr'>ndotatiqnis</span> <span class='ocrx_word' id='word_1_881' title='bbox 3775 5235 3862 5276; x_wconf 79' lang='lat' dir='ltr'>ec-</span> 
     </span>
    </p>
   </div>
   <div class='ocr_carea' id='block_1_122' title="bbox 2199 5289 3859 5363">
    <p class='ocr_par' dir='ltr' id='par_1_122' title="bbox 2199 5289 3859 5363">
     <span class='ocr_line' id='line_1_125' title="bbox 2199 5289 3859 5363; baseline 0 -17"><span class='ocrx_word' id='word_1_882' title='bbox 2199 5289 2844 5363; x_wconf 57' lang='lat' dir='ltr'>clesitejr&#39;ivariensis;</span> <span class='ocrx_word' id='word_1_883' title='bbox 2903 5311 2933 5340; x_wconf 87' lang='lat'>«</span> <span class='ocrx_word' id='word_1_884' title='bbox 2981 5292 3102 5363; x_wconf 75' lang='lat' dir='ltr'>Ego</span> <span class='ocrx_word' id='word_1_885' title='bbox 3143 5289 3481 5363; x_wconf 28' lang='lat' dir='ltr'>Avenantius</span> <span class='ocrx_word' id='word_1_886' title='bbox 3537 5290 3859 5363; x_wconf 82' lang='lat' dir='ltr'>episcopus</span> 
     </span>
    </p>
   </div>
   <div class='ocr_carea' id='block_1_123' title="bbox 2199 5359 3858 5418">
    <p class='ocr_par' dir='ltr' id='par_1_123' title="bbox 2199 5359 3858 5418">
     <span class='ocr_line' id='line_1_126' title="bbox 2199 5359 3858 5418; baseline -0.001 -1"><span class='ocrx_word' id='word_1_887' title='bbox 2199 5361 2357 5418; x_wconf 89' lang='lat' dir='ltr'>sedis</span> <span class='ocrx_word' id='word_1_888' title='bbox 2387 5360 2751 5417; x_wconf 86' lang='lat' dir='ltr'>Vivariensis</span> <span class='ocrx_word' id='word_1_889' title='bbox 2809 5359 3011 5417; x_wconf 91' lang='lat' dir='ltr'>dotavi</span> <span class='ocrx_word' id='word_1_890' title='bbox 3035 5359 3352 5417; x_wconf 82' lang='lat' dir='ltr'>ecclesiam</span> <span class='ocrx_word' id='word_1_891' title='bbox 3395 5360 3459 5416; x_wconf 91' lang='lat' dir='ltr'>in</span> <span class='ocrx_word' id='word_1_892' title='bbox 3507 5359 3858 5418; x_wconf 75' lang='lat' dir='ltr'>Luciatehse</span> 
     </span>
    </p>
   </div>
   <div class='ocr_carea' id='block_1_124' title="bbox 2198 5431 3856 5503">
    <p class='ocr_par' dir='ltr' id='par_1_124' title="bbox 2198 5431 3856 5503">
     <span class='ocr_line' id='line_1_127' title="bbox 2198 5431 3856 5503; baseline 0 -15"><span class='ocrx_word' id='word_1_893' title='bbox 2198 5433 2258 5489; x_wconf 94' lang='lat' dir='ltr'>in</span> <span class='ocrx_word' id='word_1_894' title='bbox 2288 5432 2517 5489; x_wconf 91' lang='lat' dir='ltr'>honore</span> <span class='ocrx_word' id='word_1_895' title='bbox 2548 5435 2603 5490; x_wconf 93' lang='lat' dir='ltr'>S.</span> <span class='ocrx_word' id='word_1_896' title='bbox 2636 5431 2934 5503; x_wconf 67' lang='lat' dir='ltr'>Marim,&#39;et</span> <span class='ocrx_word' id='word_1_897' title='bbox 2957 5433 3012 5486; x_wconf 87' lang='lat' dir='ltr'>S.</span> <span class='ocrx_word' id='word_1_898' title='bbox 3056 5431 3281 5488; x_wconf 83' lang='lat' dir='ltr'>Martini</span> <span class='ocrx_word' id='word_1_899' title='bbox 3309 5431 3604 5496; x_wconf 88' lang='lat' dir='ltr'>Bessiaco,</span> <span class='ocrx_word' id='word_1_900' title='bbox 3655 5431 3856 5488; x_wconf 84' lang='lat' dir='ltr'>dotavi</span> 
     </span>
    </p>
   </div>
   <div class='ocr_carea' id='block_1_125' title="bbox 2199 5503 3852 5572">
    <p class='ocr_par' dir='ltr' id='par_1_125' title="bbox 2199 5503 3852 5572">
     <span class='ocr_line' id='line_1_128' title="bbox 2199 5503 3852 5572; baseline -0.002 -12"><span class='ocrx_word' id='word_1_901' title='bbox 2199 5519 2300 5560; x_wconf 90' lang='lat' dir='ltr'>eas</span> <span class='ocrx_word' id='word_1_902' title='bbox 2325 5503 2624 5560; x_wconf 89' lang='lat' dir='ltr'>colonicas</span> <span class='ocrx_word' id='word_1_903' title='bbox 2653 5518 2780 5571; x_wconf 83' lang='lat' dir='ltr'>Lxx,</span> <span class='ocrx_word' id='word_1_904' title='bbox 2831 5505 2887 5559; x_wconf 90' lang='lat' dir='ltr'>et</span> <span class='ocrx_word' id='word_1_905' title='bbox 2923 5518 3064 5558; x_wconf 88' lang='lat' dir='ltr'>cum</span> <span class='ocrx_word' id='word_1_906' title='bbox 3113 5503 3296 5560; x_wconf 89' lang='lat' dir='ltr'>servis</span> <span class='ocrx_word' id='word_1_907' title='bbox 3335 5503 3480 5572; x_wconf 89' lang='lat' dir='ltr'>suis,</span> <span class='ocrx_word' id='word_1_908' title='bbox 3538 5507 3598 5558; x_wconf 89' lang='lat' dir='ltr'>et</span> <span class='ocrx_word' id='word_1_909' title='bbox 3652 5503 3852 5559; x_wconf 86' lang='lat' dir='ltr'>dimisi</span> 
     </span>
    </p>
   </div>
   <div class='ocr_carea' id='block_1_126' title="bbox 2200 5573 3183 5633">
    <p class='ocr_par' dir='ltr' id='par_1_126' title="bbox 2200 5573 3183 5633">
     <span class='ocr_line' id='line_1_129' title="bbox 2200 5573 3183 5633; baseline -0.006 -1"><span class='ocrx_word' id='word_1_910' title='bbox 2200 5591 2304 5633; x_wconf 86' lang='lat' dir='ltr'>eas</span> <span class='ocrx_word' id='word_1_911' title='bbox 2331 5577 2450 5632; x_wconf 90' lang='lat' dir='ltr'>Deo</span> <span class='ocrx_word' id='word_1_912' title='bbox 2478 5577 2536 5632; x_wconf 89' lang='lat' dir='ltr'>et</span> <span class='ocrx_word' id='word_1_913' title='bbox 2566 5577 2771 5632; x_wconf 88' lang='lat' dir='ltr'>sancto</span> <span class='ocrx_word' id='word_1_914' title='bbox 2795 5573 3118 5632; x_wconf 83' lang='lat' dir='ltr'>Vincentio.</span> <span class='ocrx_word' id='word_1_915' title='bbox 3155 5595 3183 5626; x_wconf 83' lang='lat'><strong>»</strong></span> 
     </span>
    </p>
   </div>
  </div>
