4150 6128
238 181 340 234 657

1053 179 1146 233 DE
1194 181 1353 235 VITA
1395 179 1450 234 S.
1493 177 1793 234 GERALDI
1834 175 2124 233 COMITIS
2165 181 2519 242 AURILIAC.
2561 217 2627 225 —
2669 189 2796 245 LIB.
2836 193 2876 244 Ι.

3589 192 3693 246 658

237 302 399 367 Quos
433 317 580 357 cum
607 300 1060 370 recognovisset,
1093 305 1154 356 et
1182 317 1453 374 quonam
1483 317 1622 358 cum
1671 315 1778 356 sua
1805 314 1902 354 su-
1945 302 1997 354 A
2032 297 2199 356 furto
2229 303 2576 364 discederet.
2609 310 2749 374 Quis
2779 311 2939 367 aliud
2965 318 3175 384 printer
3222 311 3545 369 Geraldnm
3573 311 3690 367 hoc

233 389 531 463 pellectile
553 390 880 460 tenderent,
893 389 1260 462 inquisisset.
1280 391 1720 464 responderunt
1737 386 1907 460 quod

231 479 507 550 injuriati
549 479 802 535 fuissent
846 479 923 534 ab
969 493 1059 542 eo,
1093 495 1237 536 cum
1281 480 1408 552 ipse
1450 478 1910 536 beneﬁciaverat

231 584 354 624 eos.
392 567 606 625 Milites
653 583 790 623 vero
820 567 920 640 qui
956 567 1443 626 obambulabant
1471 568 1742 642 principi,
1772 583 1907 622 sua-

229 656 465 713 debant
514 661 583 713 ut
628 673 732 714 eos
759 656 1055 713 verberari
1079 658 1342 731 juberct,
1373 665 1430 715 et
1464 660 1541 716 ad
1561 659 1904 715 domuncu-

226 747 340 815 las,
391 747 561 802 unde
617 747 1034 817 discesserant,
1082 748 1280 805 redire
1337 749 1734 822 compelleret.
1790 745 1906 804 Sed

229 837 325 893 ille
373 837 594 894 noluit.
642 838 868 910 Quippe
910 838 1014 910 qui
1063 844 1316 895 noverat
1354 856 1552 907 suum,
1581 844 1638 895 et
1665 839 1905 894 illorum

233 926 567 983 Dominum
599 943 728 984 esse
758 942 942 982 unum
985 927 1046 982 in
1077 928 1269 1000 ccelis,
1297 933 1354 985 et
1377 929 1481 1002 qui
1529 928 1724 999 magis
1765 943 1906 984 con-

234 1020 540 1083 sueverat,
569 1017 743 1088 juxta
782 1016 1154 1088 Apostolum,
1184 1017 1479 1074 remittere
1530 1017 1745 1086 minas,
1796 1015 1904 1089 qui

231 1107 516 1180 potentia
549 1123 673 1163 suae
704 1123 954 1163 manum
982 1123 1105 1162 non
1153 1108 1349 1164 levare
1383 1124 1566 1182 super
1601 1107 1902 1181 pupillum

232 1196 467 1252 soleret.
503 1199 660 1266 Ergo
687 1196 953 1269 permisit
981 1213 1084 1253 eos
1116 1198 1302 1268 abire,
1330 1215 1454 1271 quo
1484 1197 1597 1254 sibi
1626 1213 1901 1254 commo-

230 1285 370 1341 dius
426 1289 728 1358 putarent,
783 1289 841 1341 et
895 1286 1060 1342 dedit
1121 1286 1424 1344 licentiam
1481 1286 1898 1343 conversandi.

231 1377 355 1430 Hoc
395 1390 559 1442 vero,
592 1374 757 1447 quod
785 1390 907 1430 non
941 1374 1069 1430 sine
1094 1392 1231 1432 mea
1271 1376 1636 1433 verecundia
1683 1391 1896 1448 quem-

229 1462 378 1519 dam
408 1478 604 1535 nuper
647 1462 1006 1533 garrientem
1051 1464 1274 1527 audivi.
1311 1465 1532 1522 scilicet
1567 1465 1734 1537 quod
1781 1465 1896 1534 (84)

227 1551 503 1608 debitum
535 1553 716 1608 wadii
746 1568 1137 1625 nequaquam
1187 1553 1443 1610 debitori
1491 1554 1761 1610 relaxare
1803 1569 1898 1608 so-

2025 385 2116 442 ita
2162 388 2425 450 faceret?
2469 398 2633 452 Certe
2675 397 2816 452 mihi
2859 399 3104 468 videtur,
3147 402 3311 473 quod
3370 399 3435 456 id
3489 400 3684 469 magis

2028 475 2430 538 admiratione
2459 483 2709 554 dignum
2741 485 2832 555 sit,
2861 502 3044 558 quam
3072 489 3119 544 si
3168 489 3360 544 furem
3390 486 3681 557 rigescere

2027 561 2094 618 in
2123 569 2251 624 saxi
2279 570 2559 628 duritiam
2586 573 2832 630 fecisset.

2029 711 2034 716 .
2101 657 2297 714 XXVII.
2351 662 2724 733 Quantopere
2750 667 2950 719 autem
2975 664 3120 718 illud
3154 681 3360 721 cavere
3387 663 3677 719 studuerit

2024 745 2191 813 quod
2215 749 2531 820 Apostolus
2552 751 2750 821 jubet:
2775 753 2867 807 Ne
2892 754 3320 808 circumvenias
3344 754 3408 808 in
3441 753 3672 822 negotio

2015 831 2276 899 fratrem
2304 843 2468 893 tuum
2498 839 2555 909 (Ι
2581 840 2776 895 Thess.
2808 857 2884 907 IV,
2919 841 2992 912 6),
3022 841 3227 897 itidem
3257 840 3534 912 praesenti
3563 856 3669 911 par-

2016 921 2161 979 tebit
2185 926 2477 998 exemplo.
2513 929 2659 983 Cum
2689 927 3015 1001 aliquando
3046 929 3124 985 ab
3155 930 3303 986 urbe
3361 932 3550 984 Roma
3578 943 3668 983 re-

2013 1007 2202 1078 diens,
2235 1013 2480 1085 Papiam
2528 1016 2866 1086 praeteriret,
2902 1017 3065 1073 haud
3114 1017 3322 1090 procul
3351 1020 3671 1072 castrame-

2011 1100 2168 1154 tatus
2200 1104 2306 1156 est.
2361 1102 2534 1167 Quod
2565 1104 2810 1171 Venetii,
2843 1105 2937 1160 vel
2966 1104 3060 1160 alii
3092 1105 3482 1177 quamplures
3509 1103 3666 1158 illico

2008 1195 2459 1258 cognoscentes,
2519 1191 2599 1246 ad
2654 1209 2794 1249 eum
2863 1195 3133 1266 protinus
3190 1195 3478 1250 exierunt.
3533 1195 3666 1248 Jam

2005 1277 2166 1333 enim
2195 1295 2302 1350 per
2330 1294 2510 1335 omne
2541 1279 2686 1336 illud
2729 1281 2838 1338 iter
2877 1283 3020 1338 satis
3050 1282 3458 1338 nobilissimus
3517 1285 3663 1348 erat,

2003 1371 2060 1422 et
2109 1367 2414 1437 religionis
2466 1375 2646 1442 atque
2693 1370 2980 1441 largitatis
3021 1389 3206 1428 causa
3254 1371 3419 1444 apud
3450 1386 3665 1426 omnes

2003 1455 2294 1511 famosus.
2325 1458 2473 1513 Cum
2519 1474 2660 1528 ergo
2709 1462 3129 1530 negotiatores,
3160 1466 3224 1517 ut
3273 1461 3356 1517 eis
3397 1476 3531 1514 mos
3553 1464 3660 1525 est,

2000 1544 2151 1600 inter
2199 1544 2535 1617 papiliones
2588 1549 2698 1619 (86)
2746 1550 3113 1617 cursitarent,
3145 1555 3202 1606 et
3253 1551 3304 1604 si
3357 1548 3663 1620 quispiam

224 1641 369 1697 litus
411 1646 558 1710 erat,
591 1642 838 1698 omnino
886 1643 1101 1699 falsum
1135 1648 1240 1710 est,
1290 1644 1442 1700 sicut
1485 1643 1566 1700 illi
1607 1647 1897 1700 testantur
1934 1650 1974 1703 Β
1999 1634 2175 1690 vellet
2195 1634 2423 1706 aliquid
2448 1652 2666 1706 emere,
2693 1639 3504 1711 disquisissent,honestiores
3533 1639 3664 1710 qui-

224 1731 333 1803 qui
398 1747 557 1803 saepe
605 1730 896 1801 viderunt,
953 1732 1119 1804 quod
1170 1749 1294 1789 non
1352 1733 1548 1788 solum
1600 1747 1892 1801 augmen-

223 1822 359 1874 tum
414 1819 615 1887 wadii,
649 1819 756 1875 sed
802 1819 982 1876 etiam
1026 1821 1136 1892 (85)
1169 1821 1423 1894 capitale
1471 1820 1740 1878 debitum
1798 1835 1887 1875 re-

223 1907 492 1964 laxabat.

296 1999 446 2053 XXV.
499 1998 804 2071 Siquidem
862 1999 954 2055 sui
1009 2015 1326 2073 pagenses,
1375 1999 1471 2055 vel
1529 1999 1744 2066 clerici,
1785 1999 1890 2071 qui

220 2084 396 2141 illum
427 2086 580 2142 sicut
608 2092 838 2163 patrem
881 2088 1202 2145 affectuose
1233 2088 1586 2158 diligebant,
1609 2087 1888 2160 frequen-

221 2179 311 2230 ter
362 2175 414 2232 ei
468 2176 715 2233 tortulas
765 2194 914 2234 cerae
963 2178 1332 2247 deferebant,
1383 2193 1540 2250 quas
1581 2177 1678 2232 ille
1707 2177 1889 2234 veluti

219 2265 480 2334 grandia
511 2283 783 2335 munera,
817 2268 1037 2324 multas
1089 2268 1309 2338 gratias
1339 2268 1603 2324 referens
1636 2266 1888 2339 accipie-

216 2353 346 2410 bat.
365 2357 481 2411 Nec
506 2359 708 2412 tamen
735 2373 803 2413 ex
823 2357 1036 2414 eadem
1067 2373 1203 2414 cera
1232 2357 1570 2429 quidquam
1601 2355 1679 2412 ad
1705 2372 1886 2412 suum

214 2458 400 2498 usum
455 2444 664 2501 ardere
709 2445 1112 2518 permittebat,
1139 2447 1244 2501 sed
1298 2461 1503 2501 coram
1553 2443 1744 2516 altari,
1792 2445 1888 2501 vel

215 2533 449 2588 sanctis
505 2533 882 2606 pignoribus,
927 2551 1063 2607 qute
1122 2535 1369 2608 perinde
1422 2550 1626 2590 secum
1670 2533 1885 2590 deferri

215 2618 495 2688 faciebat,
547 2625 732 2678 totam
783 2622 845 2678 in
899 2622 1300 2678 luminaribus
1341 2621 1623 2678 succendi
1674 2621 1883 2694 prasci-

213 2709 444 2780 piebat.
478 2710 817 2767 Cubiculari
838 2727 980 2768 vero
1012 2727 1152 2767 cum
1178 2711 1326 2768 forte
1367 2727 1502 2767 cera
1531 2709 1775 2766 aliunde
1806 2712 1885 2766 ad

211 2797 346 2868 ejus
378 2797 741 2872 obsequium
769 2805 1111 2873 praeparata
1140 2800 1396 2868 deesset,
1429 2798 1730 2855 betulinas
1759 2815 1885 2854 cor-

212 2887 380 2956 tices,
412 2885 509 2943 vel
539 2886 831 2957 abiegnas
863 2888 1051 2944 taedas
1084 2892 1220 2944 ante
1251 2903 1412 2955 eum,
1445 2890 1503 2943 et
1531 2886 1591 2942 in
1624 2886 1883 2942 ministe-

209 2975 315 3032 riis
361 2976 488 3032 suis
538 2977 984 3051 prteparabant.
1018 2977 1132 3034 Sed
1161 2994 1303 3033 cum
1333 2977 1429 3032 ille
1479 2979 1644 3032 tanto
1684 2976 1882 3032 studio
1924 2998 1964 3054 ο

210 3065 490 3134 cavebat,
517 3081 594 3122 ne
644 3066 1001 3123 muneribus
1031 3084 1168 3140 quae
1219 3067 1334 3123 sibi
1365 3065 1548 3137 gratis
1581 3064 1884 3122 dabantur

207 3154 430 3228 privati
459 3158 785 3222 uterentur,
818 3155 1131 3228 quomodo
1182 3170 1558 3228 consequens
1611 3157 1785 3221 esset,
1817 3160 1884 3212 ut

208 3243 554 3301 exactiones
605 3245 948 3301 wadiorum
975 3246 1105 3302 sine
1134 3243 1510 3316 indulgentia
1539 3243 1882 3314 exegisset?

208 3334 366 3401 Quin
394 3335 621 3408 potius,
649 3351 786 3408 quae
819 3334 934 3390 sibi
959 3335 1093 3406 jure
1121 3334 1518 3400 debebantur,
1542 3333 1882 3406 frequenter

205 3421 366 3479 ultro
409 3422 785 3479 debitoribus
830 3421 1160 3480 relaxabat.
1195 3422 1377 3480 Minas
1415 3437 1679 3494 quoque,
1705 3422 1881 3493 juxta

207 3510 477 3584 Apostoli
526 3515 919 3584 praeceptum,
976 3511 1160 3568 servis
1209 3510 1569 3568 remittebat.
1619 3513 1768 3566 Nam
1822 3516 1882 3568 et

206 3599 487 3657 fraudem
543 3599 848 3657 interdum
900 3599 1259 3673 patiebatur,
1313 3604 1369 3656 et
1442 3599 1719 3672 rapinam
1775 3599 1878 3656 bo-

204 3705 431 3746 norum
487 3705 762 3760 suorum,
790 3693 854 3746 ut
897 3689 1039 3745 dicit
1083 3689 1244 3746 idem
1295 3687 1634 3764 Apostolus,
1685 3688 1874 3744 susci-

204 3777 434 3852 piebat.

278 3870 456 3925 XXVI.
502 3867 616 3926 Sed
661 3872 726 3925 ut
774 3868 890 3925 hoc
935 3868 1214 3941 exemplo
1263 3867 1729 3940 comprobetur:
1779 3867 1875 3924 fur

208 3957 542 4030 aliquando
564 3958 885 4015 tentorium
907 3959 1037 4030 ejus
1052 3961 1234 4014 noctu
1257 3958 1570 4027 ingressus
1594 3959 1706 4011 est:
1733 3972 1872 4014 cum

205 4044 459 4118 quidem
487 4062 694 4102 cereus
718 4046 793 4102 de
824 4062 991 4102 more
1015 4062 1219 4102 coram
1247 4045 1400 4102 lecto
1430 4044 1586 4100 illius
1616 4043 1868 4114 arderet,

205 4151 278 4192 ac
299 4140 427 4191 tum
448 4134 596 4192 forte
616 4137 817 4193 senior
835 4135 1141 4208 vigilabat.
1163 4134 1401 4193 Solebat
1417 4133 1574 4190 enim
1598 4133 1658 4189 in
1681 4138 1871 4191 stratu

210 4239 347 4291 suo,
382 4222 698 4281 dilectione
725 4225 936 4284 Christi
982 4229 1164 4297 atque
1204 4223 1520 4280 dulcedine
1548 4221 1735 4296 pasci,
1765 4239 1873 4296 per

206 4313 476 4370 studium
499 4313 804 4370 orationis.
819 4318 891 4370 At
907 4330 1047 4371 vero
1068 4313 1162 4370 fur
1182 4313 1278 4369 ille
1303 4312 1539 4368 curioso
1566 4312 1700 4367 visu
1722 4329 1868 4369 cun-
1905 4350 1949 4405 Β

205 4406 303 4458 cta
347 4415 725 4474 percurrens,
757 4402 1112 4474 explorabat
1153 4401 1202 4457 si
1249 4400 1398 4472 quid
1452 4401 1601 4457 forte
1643 4400 1872 4459 videret

205 4489 374 4562 quod
427 4496 733 4564 asportare
777 4491 1015 4548 valeret.
1057 4489 1374 4547 Pulvillum
1418 4490 1568 4546 forte
1609 4491 1866 4564 respicit,

205 4576 377 4650 quod
409 4577 657 4634 sericam
685 4582 880 4634 tecam
909 4577 1194 4635 habebat.
1235 4577 1500 4634 Tetendit
1527 4593 1780 4634 manum
1813 4583 1871 4636 et

203 4666 410 4738 ipsum
433 4666 544 4722 sibi
573 4667 869 4723 trahebat.
911 4670 1059 4723 Tum
1092 4667 1328 4723 senior:
1372 4667 1534 4736 Quis,
1561 4666 1773 4738 inquit,
1806 4684 1869 4724 es

206 4755 314 4810 tu?
337 4755 618 4811 Extimuit
639 4755 812 4824 latro,
833 4759 890 4812 et
915 4755 1190 4828 stupidus
1221 4755 1554 4812 hmsitabat.
1579 4757 1724 4811 Tum
1740 4755 1864 4813 ille:

206 4845 344 4908 Fac,
371 4843 470 4915 ait,
493 4843 659 4916 quod
690 4844 858 4913 facis,
881 4848 939 4901 et
985 4849 1156 4901 caute
1186 4843 1448 4909 discede,
1480 4860 1555 4900 ne
1581 4843 1729 4901 forte
1767 4844 1868 4901 ali-

202 4931 343 5004 quis
375 4933 606 4989 sentiat.
641 4937 724 4989 lta
751 4933 969 4990 latroni
1015 4933 1328 5006 persuasit,
1376 4937 1442 4989 ut
1467 4932 1709 4990 licenter
1727 4950 1867 4991 cum

280 5038 391 5113 (δέ)
428 5040 703 5113 Debitum
734 5041 935 5113 wadii.
971 5039 1201 5113 Lib.__iu_,
1237 5038 1510 5113 Capitu_l.,
1540 5039 1732 5113 capite
1763 5046 1861 5098 I9:

204 5131 233 5159 ‹‹
283 5108 451 5184 Liber
495 5110 600 5184 qui
647 5126 721 5184 se
767 5111 899 5168 loco
949 5111 1125 5184 wadii
1173 5111 1234 5166 in
1288 5108 1526 5184 alterius
1576 5108 1864 5184 potestate

203 5181 592 5255 commiserit,
640 5181 846 5255 ibique
895 5183 1252 5255 constitutus
1293 5181 1596 5255 damnum
1619 5181 1866 5255 aliquod

203 5250 448 5325 cuilibet
477 5250 696 5321 fecerit,
722 5250 826 5325 qui
856 5270 997 5309 eum
1027 5253 1086 5325 in
1117 5253 1250 5325 loco
1286 5251 1466 5325 wadii
1516 5250 1862 5325 susceperit,

200 5327 313 5396 a_ut
348 5321 645 5396 damnum
689 5321 898 5391 solvat,
924 5329 1029 5396 aut
1055 5323 1363 5396 hominem
1383 5323 1454 5396 in
1498 5321 1863 5396 mallo’pro-L

202 5393 459 5468 ductum
503 5394 780 5467 dimittat,
812 5395 1072 5468 perdens
1103 5394 1280 5468 simul
1306 5393 1596 5468 debitum,
1616 5393 1866 5468 propter

202 5411 459 5450 auctum
503 5411 780 5467 dimittat,
857 5411 1072 5451 eraens
1103 5411 1280 5450 Simul
1306 5411 1596 5458 (lenitum,
1624 5411 1864 5468 propter

200 5464 376 5539 quod
407 5481 544 5521 eum
571 5481 682 5539 pro
710 5411 910 5523 νγδὲἱο
942 5466 1222 5539 suscepit.
1260 5488 1285 5515 ››
1319 5465 1461 5539 Inde
1489 5465 1864 5539 debitym_re-;

205 5535 695 5611 ibadiatumﬂib.
729 5554 807 5604 iv,
834 5554 988 5611 cap.
1021 5535 1209 5610 58,'et
1237 5553 1369 5610 cap.
1402 5536 1472 5592 7O
1501 5535 1692 5608 ejusd.
1730 5535 1866 5592 libri

205 5607 613 5664 heribannum
642 5607 993 5666 rewadiar'e.

281 5682 396 5748 (85)
427 5679 706 5750 Capitate
734 5681 1016 5738 debitum.
1043 5679 1136 5736 Sic
1155 5680 1436 5750 capitalis
1460 5679 1735 5736 dominus
1761 5681 1866 5752 qui

2000 1722 2144 1778 dam
2173 1722 2251 1778 ad
2283 1722 2530 1778 senioris
2560 1727 2883 1782 tentorium
2911 1732 3326 1801 pervenerunt,
3359 1730 3416 1782 et
3451 1726 3663 1781 minis-

2001 1815 2125 1867 tros
2180 1811 2653 1885 interrogabant,
2701 1815 2748 1870 si
2805 1816 2953 1872 forte
2997 1817 3260 1873 domnus
3305 1830 3510 1871 comes
3555 1814 3664 1886 (sic

1999 1900 2162 1956 enim
2193 1915 2405 1956 omnes
2435 1903 2828 1974 appellabant
2857 1907 3019 1978 eum)
3046 1906 3140 1962 vel
3192 1904 3394 1978 pallia,
3424 1903 3520 1959 vel
3538 1905 3667 1977 pig-

1998 1995 2342 2046 mentorum
2391 1992 2619 2064 species
2677 1995 2796 2050 emi
2844 1996 3102 2066 juberet.
3131 1999 3280 2052 Tum
3339 2009 3483 2050 vero
3532 1993 3663 2066 ipse

1997 2094 2224 2134 vocans
2265 2095 2367 2134 eos
2415 2081 2494 2135 ad
2534 2097 2596 2137 se
2630 2101 2643 2138 :
2675 2083 2868 2150 Quod,
2909 2085 3122 2158 inquit,
3179 2083 3426 2158 placuit,
3459 2086 3662 2140 Romae

1997 2167 2255 2224 licitatus
2285 2184 2420 2224 sum
2445 2187 2457 2236 ;
2483 2169 2586 2224 sed
2621 2170 2800 2242 plane
2830 2172 3004 2228 velim
3037 2174 3250 2230 dicatis
3283 2176 3480 2228 utrum
3509 2172 3663 2229 bene

1997 2256 2338 2327 negotiatus
2389 2258 2520 2314 sim.
2568 2262 2730 2316 Tunc
2765 2262 2935 2332 jubet
2984 2267 3187 2336 empta
3226 2261 3410 2334 pallia.
3456 2279 3664 2319 coram

1997 2345 2216 2402 afferri.
2255 2349 2388 2402 Erat
2419 2351 2622 2404 autem
2652 2365 2846 2406 unum
2896 2367 2969 2406 ex
2998 2352 3090 2407 his
3137 2351 3662 2425 pretiosissimum.

1998 2436 2169 2501 Quod
2196 2436 2472 2492 Venetius
2525 2436 2787 2504 intuens,
2812 2441 3026 2514 quaerit
3077 2442 3382 2514 quidnam
3431 2459 3541 2518 pro
3592 2458 3667 2499 eo

1996 2523 2208 2580 datum
2251 2525 2344 2583 sit.
2380 2528 2651 2598 Cumque
2677 2545 2982 2584 summam
3012 2531 3184 2603 pretii
3238 2532 3665 2602 cognovisset:

2001 2615 2162 2685 Vere,
2193 2615 2404 2688 inquit,
2441 2615 2490 2671 si
2543 2618 3059 2691 Constantinopoli
3089 2626 3272 2690 esset,
3304 2625 3484 2683 etiam
3530 2621 3672 2694 plus

1995 2704 2076 2759 ibi
2132 2704 2375 2760 valeret.
2436 2707 2565 2771 Quo
2625 2707 2832 2764 audito
2893 2709 3092 2765 senior
3140 2711 3446 2783 extimuit,
3496 2711 3674 2785 quasi

1995 2794 2223 2863 grande
2275 2793 2508 2849 facinus
2558 2796 3009 2853 exhorrescens.
3045 2802 3194 2855 Cum
3252 2817 3405 2861 vero
3455 2801 3674 2858 dehinc
3767 2863 3771 2868 ,

1993 2882 2292 2954 quosdam
2345 2885 2602 2938 Romeos
2651 2885 2765 2941 sibi
2815 2891 2992 2942 notos
3025 2887 3272 2944 obviam
3315 2891 3670 2966 reperisset,

1994 2975 2079 3026 tot
2108 2971 2330 3027 solidos
2361 2970 2444 3027 eis
2493 2974 2962 3041 commendavit,
2990 2980 3135 3047 quot
3176 2979 3473 3037 Vcnetius
3518 2981 3674 3042 ultra

1993 3059 2203 3115 datum
2234 3060 2490 3132 pretium
2521 3059 2754 3118 dixerat
2782 3062 3031 3134 pallium
3074 3063 3288 3132 valere,
3325 3069 3494 3126 dans
3520 3071 3670 3132 indi-

1992 3147 2151 3203 cium
2173 3147 2276 3202 ubi
2301 3147 2671 3204 venditorem
2688 3149 2852 3222 pallii
2877 3151 3250 3223 reperissent.
3270 3155 3501 3216 Verum
3523 3178 3662 3224 cum

1989 3236 2051 3292 in
2107 3236 2236 3292 aliis
2282 3237 2509 3309 peccati
2541 3239 2856 3310 speciebus
2911 3239 3141 3296 soleant
3177 3241 3468 3304 homines
3501 3268 3662 3312 com-

1989 3326 2198 3398 pungi,
2232 3331 2411 3398 atque
2441 3326 2515 3381 de
2554 3328 2972 3385 emendatione
3023 3329 3321 3400 meditari,
3358 3343 3462 3394 aut
3491 3356 3650 3415 raro,

1991 3420 2093 3472 aut
2121 3420 2298 3486 certe,
2317 3431 2425 3470 nec
2447 3431 2585 3471 raro
2611 3416 2839 3488 videas,
2868 3417 2973 3491 qui
2995 3422 3208 3490 prteter
3238 3422 3562 3485 Geraldnm
3588 3433 3651 3488 in

1987 3505 2102 3561 ista
2129 3505 2426 3578 peccandi
2451 3505 2646 3578 specie
2679 3523 2740 3562 se
2769 3506 2970 3564 doleat
3014 3507 3361 3580 deliquisse.
3416 3516 3528 3572 Sed
3557 3522 3647 3576 ni-

1988 3594 2208 3650 mirum
2234 3595 2329 3650 ille
2351 3601 2620 3661 noverat,
2642 3597 2788 3669 quia
2822 3600 2972 3652 Deus
2993 3613 3100 3670 per
3122 3613 3302 3655 omne
3328 3611 3645 3674 peccatum

1985 3684 2327 3751 offenditur,
2383 3688 2439 3740 et
2489 3700 2632 3740 eum
2685 3701 2869 3758 quem
2920 3691 3049 3741 toto
3098 3687 3276 3743 corde
3333 3690 3640 3765 diligebat,

1983 3772 2287 3828 oﬂendere
2317 3788 2428 3828 nec
2458 3773 2519 3828 in
2549 3773 2814 3830 minimis
2843 3774 3100 3830 volebat.

2055 3865 2279 3918 XXVIII.
2313 3865 2385 3916 At
2420 3878 2556 3919 vero
2605 3879 2726 3920 non
2769 3863 3090 3919 immemor
3114 3864 3258 3936 quia
3285 3867 3642 3929 Christiano-

1981 3967 2118 4006 rum
2139 3951 2366 4020 justitia
2395 3950 2574 4006 debet
2615 3952 2907 4022 justitiam
2957 3952 3390 4010 Pharismorum
3434 3973 3639 4029 snper-

1982 4039 2169 4109 gredi,
2217 4056 2355 4094 cum
2418 4039 2711 4095 universae
2767 4041 2967 4110 fruges
3014 4041 3142 4112 ejus
3185 4043 3510 4100 rectissime
3540 4047 3639 4102 de-

1981 4129 2362 4195 cimarentur,
2395 4144 2588 4184 nonas
2619 4130 2798 4186 etiam
2842 4129 3096 4200 jubebat
3122 4146 3393 4187 seorsum
3425 4149 3634 4192 recon-

1979 4218 2074 4280 di,’
2120 4233 2256 4290 quas
2336 4217 2396 4272 in
2473 4217 2726 4275 diversis
2786 4234 3124 4293 pauperum
3179 4222 3633 4280 necessitatibus

1981 4307 2493 4381 dispensarentur.
2555 4308 2696 4366 Inde
2751 4325 2888 4365 cum
2943 4309 3263 4366 necessitas
3317 4313 3630 4384 exegisset,

1980 4396 2539 4470 supervenientibus
2612 4398 2849 4456 diverso
2926 4404 3193 4473 tempore
3261 4403 3633 4475 pauperibus

1977 4486 2331 4543 vestimenta
2381 4487 2755 4545 emebantur.
2808 4491 3094 4546 Praeterea
3139 4506 3424 4548 nummos
3470 4493 3633 4550 inde-

1979 4577 2239 4632 sinenter
2266 4593 2471 4632 secum
2515 4577 2762 4645 ferebat,
2811 4595 2968 4651 quos
3014 4579 3398 4636 obviantibus
3427 4583 3630 4651 egenis

1975 4665 2245 4735 latenter,
2300 4671 2596 4739 quantum
2652 4671 2902 4739 poterat,
2935 4669 3030 4724 vel
3078 4685 3185 4741 per
3241 4686 3325 4736 se,
3383 4670 3474 4726 vel
3524 4687 3630 4744 per

1976 4755 2306 4827 quemlibet
2335 4771 2536 4812 causa
2589 4756 2755 4812 istius
2788 4758 3097 4813 conscium
3142 4758 3347 4815 dabat.
3394 4763 3458 4816 Et
3488 4777 3628 4817 cum

1976 4843 2057 4900 illi
2082 4844 2306 4900 reditus
2325 4860 2609 4916 agrorum
2626 4862 2696 4902 ac
2721 4845 3032 4903 vinearum
3061 4847 3204 4904 satis
3225 4847 3624 4915 abundarent,

1975 4949 2294 5006 nunquam
2343 4938 2544 4990 tamen
2593 4935 2865 4991 auditum
2907 4940 3012 5005 est,
3057 4936 3224 5010 quod
3271 4937 3448 4994 villici
3495 4940 3624 5010 ejus

1975 5043 2437 5116 etprimipalis,
2471 5042 2597 5116 sive
2623 5045 2912 5116 superior.
2956 5046 3394 5103 Chartularium
3425 5064 3624 5104 rerum

1974 5112 2053 5168 ad
2075 5112 2716 5191 Maj_us__lilonasteriui_1_i
2741 5116 3164 5191 in_Vindocino
3204 5119 3620 5191 spectantium,

1973 5199 2046 5258 ex
2074 5183 2435 5241 bibliotheca
2462 5185 2732 5258 praesidis
2761 5186 3116 5245 illustrissini
3157 5192 3204 5244 .I.
3235 5183 3320 5244 Ἄ.
3374 5183 3622 5258 'I‘huani,

1975 5255 2344 5328 charta_l7_5:
2372 5279 2402 5328 <5
2434 5255 2960 5315 Kuctorisaverunt
2987 5260 3164 5314 etiam
3196 5260 3310 5313 hoc
3341 5255 3620 5328 capitales

1973 5325 2203 5396 domini
2233 5326 2510 5396 ejusdem
2538 5332 2725 5384 terrae.
2755 5351 2782 5379 »
2809 5334 2874 5386 Et
2896 5335 3030 5386 ante
3061 5331 3265 5384 charta
3299 5333 3387 5382 I2I
3414 5325 3434 5381 Ξ
3463 5347 3478 5373 ι
3507 5328 3622 5383 Sed

1973 5401 2029 5470 e_t
2060 5395 2342 5470 SalomOn
2391 5397 2465 5453 de
2511 5400 2826 5456 Lavarzino
2874 5401 3053 5470 hujus
3084 5404 3250 5455 terrae
3277 5397 3620 5470 principalis

1972 5467 2256 5523 dominus
2307 5469 2563 5526 existens
2621 5471 2758 5527 huic
2812 5467 3096 5542 emptioni
3156 5467 3619 5526 corrobora'ndte

1972 5554 2224 5614 manum
2253 5544 2582 5597 extremam
2612 5542 2913 5614 imposuit.
2944 5562 2972 5590 ››

2045 5611 2154 5682 (86)
2185 5611 2353 5667 Inter
2373 5610 2732 5682 papiliones.
2762 5615 2914 5667 Inter
2948 5610 3219 5670 tentoria.
3249 5610 3483 5674 Gallice,
3513 5627 3621 5681 pa-

1975 5681 2194 5738 villons
2218 5685 2275 5738 et
2305 5681 2508 5741 tentes.
3623 5689 3628 5694 ’
