4092 6158
567 155 672 208 659
1621 145 1678 202 S.
1720 141 1979 200 ODONIS
2021 133 2313 194 ABBATIS
2352 135 2853 194 CLUNIACENSIS
2892 139 2937 192 ll
3801 151 3877 206 σεο

569 272 796 345 aliquid
817 268 1414 336 accommodassent;
1439 265 1544 323 sed
1565 281 1762 338 neque
1786 264 1912 336 ipse
1927 259 2224 335 praedium
2261 257 2311 313 Α
2338 255 2622 314 divinitus
2669 257 2784 314 hoc
2837 257 3090 328 donum,
3119 261 3186 316 ut
3232 261 3351 316 tam
3397 257 3516 331 ipse
3559 277 3713 332 quam
3735 282 3878 326 sermo

571 359 902 432 aliquando
933 357 1327 430 comparavit,
1358 359 1574 428 praeter
1599 370 1788 409 unum
1819 350 2102 420 agellum,
2122 347 2226 420 qui
2338 345 2468 416 ejus
2489 345 2785 416 gratiosus
2813 350 2989 402 esset.
3021 349 3086 402 Et
3115 362 3238 402 non
3259 346 3446 403 solum
3465 348 3773 418 quibuslibet
3789 356 3879 412 aliis

571 465 694 504 suae
743 447 987 503 cuidam
1031 445 1404 519 possessioni
1445 445 1592 500 forte
1637 443 1850 498 insitus
1891 443 2018 495 erat
2045 455 2059 492 ε
2089 452 2227 492 cum
2337 434 2631 506 personis,
2663 434 2762 491 sed
2793 435 2975 492 etiam
3004 435 3149 508 ipsis
3179 435 3563 505 magnatibus.
3593 439 3722 503 Quin
3759 447 3804 500 et
3821 460 3880 502 re-

571 537 802 594 soleant
847 535 1056 592 divites
1097 535 1323 607 quique
1361 533 1422 588 in
1474 533 1588 588 hoc
1637 532 2023 587 vehementer
2073 527 2230 582 inar-
2337 523 2514 594 gibus
2539 534 2778 597 semper
2809 525 3048 592 charus,
3079 528 3138 582 et
3159 525 3511 582 reverendus
3533 533 3659 583 erat.

570 625 834 692 descere,
911 623 1234 679 terribilem
1313 622 1620 694 prophetae
1699 617 2229 675 comminationem
2409 617 2556 670 XXX.
2599 613 2796 671 Merito
2851 614 3078 687 quippe
3130 613 3479 682 diligebatur
3528 615 3598 671 ab
3654 619 3880 693 omnibus,

567 713 754 785 obliti,
786 729 910 785 qua
957 711 1100 768 dicit
1133 729 1146 768 :
1190 711 1284 766 Va?
1313 726 1417 780 qui
1465 709 1828 780 conjungilis
1882 707 2121 762 domum
2150 703 2232 760 ad
2337 703 2628 776 quoniam
2657 703 2786 776 ipse
2816 709 3063 761 cunctos
3093 704 3393 775 diligebat.
3420 704 3728 764 Referamus
3760 709 3882 780 plane

570 803 831 868 domum,
861 807 916 858 et
962 816 1178 872 agrum
1227 815 1376 870 agro
1425 799 1720 868 copulatis
1745 796 1909 867 (Isai.
1936 811 1990 860 v,
2025 794 2100 864 8).
2129 795 2232 849 Ge—
2337 791 2486 863 quid
2511 791 2586 848 de
2615 792 2884 865 quodam
2904 791 3174 863 fugitivo,
3205 793 3380 866 quasi
3409 791 3481 848 de
3506 793 3680 850 aulico
3725 795 3884 856 fecerit.

572 891 778 948 raldus
803 905 1091 962 namque,
1115 889 1288 960 juxta
1317 891 1684 960 prmeeptum
1743 882 2064 954 Evangelii,
2091 897 2231 937 con-
2339 883 2490 937 Nam
2513 879 2574 936 in
2603 881 2820 938 eodem
2847 881 3054 938 itinere
3084 881 3397 950 fugitivum
3426 881 3683 940 eumdem
3713 887 3886 957 reperit,

575 983 775 1035 tentus
805 982 933 1034 erat
971 975 1277 1050 stipendiis
1329 975 1475 1031 suis.
1507 978 1574 1031 Et
1601 975 1754 1030 sicut
1783 973 1879 1028 ille
1925 969 2230 1028 neminem
2338 969 2443 1043 qui
2472 973 2610 1026 ante
2637 969 2864 1042 aliquot
2893 987 3086 1027 annos
3113 970 3190 1026 ab
3233 971 3364 1042 ejus
3406 971 3703 1043 municipio
3725 972 3888 1032 disces-

575 1065 978 1136 concutiebat,
1011 1077 1208 1136 neque
1238 1063 1608 1120 calumniam
1636 1062 1912 1126 faciebat,
1946 1060 2028 1116 sic
2058 1063 2115 1116 et
2139 1074 2230 1115 re-
2337 1062 2515 1116 serat.
2545 1059 2657 1124 Qui
2683 1059 2845 1132 apud
2877 1059 3010 1115 illas
3052 1075 3344 1131 personas
3373 1074 3506 1116 cum
3532 1059 3726 1131 quibus
3770 1061 3890 1120 habi-

573 1169 710 1211 rum
741 1153 1062 1226 dispositor
1089 1153 1398 1221 Dominus,
1421 1167 1493 1208 ea
1513 1167 1650 1225 quae
1675 1150 1826 1222 juris
1859 1150 2014 1205 illius
2039 1152 2230 1216 erant,
2340 1147 2524 1213 tabat,
2558 1163 2819 1218 magnus
2849 1148 3030 1206 etiam
3061 1153 3118 1204 et
3143 1147 3408 1220 locuples
3435 1147 3751 1206 habebatur.
3776 1153 3890 1208 Hunc

575 1244 653 1300 ab
701 1243 901 1316 impiis
943 1247 1000 1298 et
1049 1242 1475 1316 pervasoribus
1507 1246 1633 1297 tuta
1677 1240 1970 1296 servabat.
2002 1238 2232 1294 Etenim
2338 1235 2544 1308 itaque
2569 1235 2828 1292 ministri
2857 1237 3070 1294 domni
3098 1236 3330 1294 Geraldi
3358 1236 3777 1308 reperientes,ad
3796 1255 3890 1298 eum

573 1337 738 1390 tanta
768 1333 1135 1407 praediorum
1163 1331 1298 1388 loca
1323 1347 1430 1404 per
1457 1331 1726 1386 diversas
1755 1327 2098 1402 provincias
2118 1327 2232 1384 sub
2341 1329 2693 1382 trementem
2741 1330 2799 1382 et
2841 1326 3131 1398 pavidum
3163 1326 3552 1384 adduxerunt.
3586 1331 3652 1384 At
3685 1325 3762 1384 ille
3785 1343 3893 1385 scor-

576 1422 800 1478 ditione
857 1437 968 1477 sua
997 1421 1254 1486 tenebat,
1288 1424 1355 1475 ut
1398 1419 1543 1492 ipsis
1573 1419 1739 1486 locis,
1773 1417 1996 1490 quibus
2019 1416 2233 1489 plenus
2342 1430 2479 1470 sum
2531 1413 2837 1487 inquisivit
2875 1415 2954 1471 ab
3007 1431 3078 1472 eo
3125 1415 3377 1487 qualiter
3415 1431 3474 1472 se
3502 1421 3696 1485 ageret.
3726 1419 3891 1474 Etcum

573 1515 720 1574 erat,
749 1511 1039 1566 veraciter
1062 1508 1330 1581 locuples
1359 1507 1671 1564 diceretur.
1701 1511 1814 1562 Nec
1847 1511 2046 1562 tamen
2076 1505 2232 1560 mnl-
2341 1501 2644 1560 didicisset
2687 1503 2767 1560 ab
2812 1519 2904 1571 eo,
2937 1505 3105 1578 quod
3129 1503 3188 1560 in
3221 1503 3434 1560 eodem
3462 1503 3587 1561 loco
3611 1520 3718 1564 non
3739 1521 3890 1577 parum

573 1598 764 1656 titudo
823 1598 1096 1653 locorum
1139 1595 1460 1652 extollebat
1509 1611 1668 1663 eum,
1727 1595 2017 1668 quoniam
2063 1593 2230 1664 nihil,
2271 1608 2314 1662 Β
2340 1591 2708 1649 honorabilis
2740 1592 3109 1649 haberetur:
3141 1596 3258 1651 Nec
3297 1609 3428 1663 ego,
3477 1593 3672 1666 inquit,
3697 1594 3892 1651 tedcho-

578 1690 646 1740 ut
695 1684 1006 1740 Psalmista
1053 1683 1212 1747 dicit,
1246 1699 1284 1740 a
1330 1683 1582 1740 Domino
1629 1683 1874 1738 volebat
1906 1698 2089 1755 supra
2117 1687 2232 1738 ter-
2341 1681 2614 1738 nestabo.
2671 1685 2834 1740 Tunc
2877 1681 3161 1754 praecepit
3211 1682 3357 1748 suis,
3409 1697 3484 1738 ne
3527 1683 3652 1754 quis
3693 1682 3894 1756 proderet

572 1787 728 1828 ram.
763 1773 874 1838 Qui
912 1771 1200 1828 nimirum
1229 1773 1357 1827 haec
1386 1771 1592 1827 omnia
1617 1770 1935 1842 adjiciebat
1957 1770 2059 1840 illi,
2091 1771 2234 1842 quia
2340 1769 2538 1843 qualis
2567 1769 2629 1826 in
2657 1785 2768 1827 sua
2790 1770 3034 1842 regione
3063 1770 3294 1827 fuisset.
3323 1775 3468 1828 Tum
3487 1786 3616 1828 vero
3639 1771 3892 1828 videntibus

573 1874 832 1930 regnum
866 1860 991 1930 Dei,
1017 1860 1184 1932 quod
1212 1860 1474 1934 primum
1503 1863 1611 1929 est,
1643 1859 1775 1932 ipse
1817 1859 2127 1932 quaerebat
2155 1857 2233 1914 ab
2340 1857 2552 1914 vicinis
2604 1859 2747 1927 suis,
2796 1859 2850 1914 ei
2875 1859 3160 1932 quaedam
3213 1859 3567 1916 munuscula
3594 1859 3778 1926 tribuit,
3795 1864 3834 1916 et
3852 1859 3892 1916 in

573 1963 667 2004 eo.
724 1950 979 2004 Tantum
1029 1947 1255 2020 utique,
1310 1949 1431 2003 Deo
1475 1947 1784 2016 largiente,
1841 1951 2231 2016 succreverat,
2340 1945 2580 2020 eloquio
2607 1946 2702 2004 vel
2723 1947 2997 2004 convivio
3027 1948 3172 2004 satis
3223 1948 3546 2006 eminenter
3569 1947 3840 2014 honoravit,
3856 1951 3893 2003 et

572 2039 819 2108 tamque
849 2037 1170 2108 protectus,
1202 2039 1261 2092 et
1284 2039 1407 2092 tam
1435 2034 1724 2090 immunis
1773 2035 2136 2107 persisterat,
2167 2039 2235 2090 ut
2341 2051 2480 2092 eum
2527 2035 2591 2094 in
2619 2052 2772 2110 pace
2819 2035 3060 2094 dimisit.
3096 2038 3242 2104 Quis
3269 2037 3388 2094 hoc
3436 2040 3636 2110 praeter
3660 2035 3892 2094 Geraldum

571 2123 628 2180 ei
655 2122 976 2179 convenire
1004 2122 1279 2179 videatur
1307 2121 1457 2178 illud
1481 2122 1592 2178 Job
1623 2138 1638 2178 :
1671 2123 1758 2178 Tu
1789 2123 2038 2179 valtastz'
2076 2137 2230 2192 eum,
2339 2123 2598 2182 faceret?
2627 2125 2742 2182 Sed
2769 2125 2885 2182 hoc
2910 2125 3007 2182 ille
3033 2126 3186 2195 fecit,
3217 2127 3323 2200 qui
3349 2142 3472 2182 non
3496 2127 3728 2184 avaritiae
3752 2140 3894 2182 servus

571 2217 630 2268 et
651 2211 938 2281 possessio
959 2213 1088 2282 ejus
1113 2213 1300 2268 crevit
1323 2212 1386 2268 in
1417 2217 1583 2268 terra
1615 2211 1747 2282 (Job
1774 2227 1816 2278 ι,
1849 2211 1958 2282 10).
2340 2217 2487 2284 erat,
2517 2213 2624 2270 sed
2651 2213 3078 2271 misericordias
3107 2230 3168 2270 se
3200 2219 3396 2272 totum
3425 2214 3720 2272 dicaverat.

642 2302 815 2356 XXIX.
859 2300 1014 2356 Sane
1069 2303 1136 2356 ut
1186 2303 1391 2372 pateat
1427 2299 1684 2372 qualiter
1720 2298 1781 2355 in
1813 2298 1976 2355 bono
2001 2298 2232 2356 malum
2412 2304 2582 2360 XXXI.
2627 2305 2771 2358 Item
2790 2301 2854 2358 in
2879 2303 3092 2358 eodem
3115 2303 3350 2372 itinere,
3375 2302 3614 2376 quidam
3638 2299 3895 2372 virdepar

569 2387 808 2445 vincere
857 2392 1268 2469 consueverat,
1305 2389 1479 2460 juxta
1517 2387 1916 2460 apostolicum
1964 2403 2231 2460 praecep-
2339 2393 2396 2446 te
2428 2389 2795 2456 Bituricensi,
2827 2406 2951 2446 non
2980 2391 3159 2461 longe
3191 2407 3230 2447 a
3263 2394 3451 2448 Roma
3497 2390 3602 2446 sibi
3631 2403 3804 2445 coxam
3823 2386 3895 2442 ire-

571 2480 724 2546 tum,
753 2477 871 2534 hoc
899 2478 1030 2550 ejus
1075 2477 1304 2534 factum
1332 2477 1448 2534 sub
1495 2477 1772 2551 exemplo
1801 2493 2233 2534 commemore-
2342 2482 2525 2548 gerat.
2557 2478 2669 2546 Qui
2709 2478 2948 2536 relictus
2978 2495 3015 2536 a
3049 2480 3192 2547 suis,
3225 2497 3370 2536 cum
3412 2480 3650 2550 conjuge
3679 2476 3806 2532 solus
3839 2489 3895 2530 re

571 2568 690 2623 tur.
719 2569 868 2624 Cum
895 2565 1112 2623 dehinc
1144 2566 1225 2623 ad
1250 2570 1494 2640 portum
1521 2565 1929 2622 Placentinum
1953 2566 2230 2636 venisset,
2340 2565 2582 2624 mansit.
2627 2567 2818 2632 Quem
2875 2567 3213 2624 Bonifacius
3271 2567 3519 2640 quidam
3579 2583 3642 2622 ex
3691 2562 3894 2621 militibus

572 2651 831 2726 quidam
863 2653 1134 2720 clericus,
1165 2653 1272 2727 qui
1318 2653 1517 2726 portui
1565 2657 1836 2726 praeerat,
1868 2653 2230 2726 supervenit.
2341 2654 2552 2711 domni
2583 2655 2818 2712 Geraldi
2843 2671 2989 2712 casu
3033 2657 3275 2730 reperit,
3307 2661 3364 2713 et
3403 2654 3771 2712 necessitatem
3789 2649 3894 2707 illius

574 2743 750 2814 Nam,
781 2741 938 2798 sicut
964 2741 1084 2799 illic
1105 2758 1239 2800 mos
1267 2747 1372 2809 est,
1402 2741 1711 2798 lucrosum
1754 2742 1933 2799 nimis
1979 2742 2233 2800 naulum
2343 2744 2615 2813 audiens,
2657 2745 2736 2801 ad
2788 2745 3069 2802 eumdem
3119 2745 3423 2802 domuum
3473 2743 3754 2802 Geraldum
3787 2740 3896 2796 hunc

571 2845 612 2890 δ
665 2830 902 2888 Romeis
934 2831 1338 2904 exspectabat.
1371 2830 1482 2895 Qui
1509 2831 1712 2888 nescio
1740 2846 1866 2904 qua
1893 2847 2078 2888 causa
2099 2831 2232 2888 felle
2341 2833 2652 2890 adducens
2682 2851 2694 2889 :
2720 2837 2826 2904 En,
2855 2833 3070 2906 inquit,
3103 2835 3353 2891 domine
3376 2834 3476 2904 mi,
3497 2834 3654 2906 juxta
3680 2835 3814 2888 tuum
3833 2827 3896 2882 de-

572 2924 934 3012 commotns,
959 2920 1147 3012 verba
1173 2919 1608 3012 indignationis
1621 2919 1879 3012 rotabat,
1906 2920 1993 3012 ita
2019 2925 2086 2977 ut
2113 2921 2233 3012 epi-
2268 2955 2312 3012 Ο
2342 2921 2629 3012 siderium
2671 2922 2884 3012 reperi,
2915 2923 3082 2994 quod
3114 2922 3218 2980 tibi
3264 2923 3610 3012 placiturum
3635 2920 3894 3012 pressula:
3979 2981 3981 3012 ξ

457 3071 459 3074 ,
571 3025 829 3083 scopum
873 3009 986 3082 (87)
1037 3009 1386 3067 Rotenensis
1440 3008 1786 3082 provincias,
1819 3009 1928 3066 sed
1974 3013 2033 3067 et
2083 3010 2231 3067 alios
2271 2997 2312 3012 “
2339 3027 2476 3068 ecce
2505 3011 2690 3068 homo
2719 3011 2995 3082 indigens
3021 3011 3260 3069 solatio.
3311 3014 3498 3079 Quem
3525 3010 3716 3067 dehinc
3735 3007 3897 3064 vii-Do-

571 3097 808 3158 nobiles
836 3097 997 3154 viros
1037 3097 1342 3169 injuriosis
1387 3097 1950 3170 exprobrationibus
1991 3097 2232 3156 lacessi-
2337 3099 2486 3156 mini
2515 3098 2578 3156 in
2625 3099 2872 3156 tuitione
2913 3115 3024 3156 sua
3061 3098 3340 3170 gaudens
3393 3098 3653 3172 suscepit,
3681 3101 3728 3153 et
3765 3105 3896 3165 usque

571 3190 680 3245 ret.
714 3189 880 3243 Forte
908 3186 1000 3244 vir
1027 3186 1266 3243 Domini
1293 3185 1370 3243 de
1399 3189 1609 3244 contra
1659 3191 1845 3255 stans,
1878 3187 2232 3246 seditionem
2339 3189 2739 3246 Brivatensem
2787 3187 2902 3261 (88)
2949 3188 3148 3245 vicum
3190 3189 3552 3246 sufﬁcienter
3591 3186 3895 3244 sustentatum

570 3277 803 3332 moveri
832 3279 1126 3348 metuens,
1153 3275 1531 3333 conviatores
1560 3277 1948 3348 compescuit,
1976 3293 2053 3334 ne
2082 3277 2230 3335 dure
2337 3276 2604 3334 deduxit.
2637 3279 2801 3333 Tunc
2843 3277 3094 3350 insuper
3123 3277 3178 3333 ei
3205 3277 3421 3336 decem
3451 3275 3658 3334 solidos
3697 3268 3894 3348 preame

569 3363 908 3438 quidquam
955 3364 1430 3438 respondissent.
1473 3363 1764 3422 Clericum
1808 3381 1952 3422 vero
2001 3366 2230 3423 blando
2335 3366 2561 3440 quibus
2588 3366 2926 3424 subsidium
2957 3382 3154 3441 usque
3184 3368 3268 3424 ad
3317 3385 3460 3425 suos
3504 3366 3705 3424 habere
3740 3360 3894 3436 posset

497 3519 514 3528 ο
572 3468 850 3512 sermone
899 3453 1094 3525 fregit,
1134 3457 1192 3510 et
1236 3453 1522 3526 quaedam
1551 3453 1914 3511 munuscula
1943 3455 1997 3510 ei
2043 3455 2226 3512 dedit.
2337 3458 2470 3512 erc
2533 3460 2590 3512 et
2663 3455 3014 3527 hujusmodi
3088 3457 3248 3514 facta
3317 3461 3599 3516 testantur
3655 3445 3894 3510 miserandi

569 3542 758 3604 Atille
786 3542 998 3601 videns
1035 3558 1222 3615 quam
1270 3541 1428 3599 facili
1466 3557 1743 3598 sermone
1772 3547 1830 3598 et
1875 3542 2230 3616 episcopum
2336 3542 2638 3615 affectum,
2677 3559 2863 3616 quem
2887 3545 2941 3600 ei
2965 3545 3171 3602 divina
3197 3544 3512 3619 inspiratio
3537 3543 3749 3614 largiter
3769 3535 3894 3608 ius?"

570 3636 630 3691 et
672 3634 920 3690 caeteros
943 3647 983 3689 a
1007 3629 1446 3704 respondendis
1475 3630 1708 3701 injuriis
1740 3633 2226 3704 compescuisset,
2334 3630 2529 3688 rabat.

571 3736 634 3776 se
681 3725 884 3778 autem
927 3736 1115 3794 quam
1168 3719 1380 3777 leniter
1430 3718 1512 3776 ad
1561 3723 1829 3777 mentem
1875 3719 2228 3792 reduxisset,
2406 3724 2602 3778 XXXII.
2645 3725 2861 3778 Verum
2909 3723 3282 3795 noverimus,
3325 3725 3468 3797 quia
3511 3735 3727 3779 necesse
3757 3713 3896 3772 estut

570 3809 846 3882 quaesivit
869 3809 950 3867 ab
975 3825 1048 3866 eo
1075 3809 1359 3882 quisnam
1387 3811 1560 3864 esset.
1597 3811 1745 3866 Cum
1773 3807 1869 3864 ille
1899 3824 1962 3865 se
1992 3810 2231 3882 Aquita-
2333 3811 2547 3868 messis
2562 3811 2788 3868 triticea
2803 3828 2944 3869 cum
2964 3811 3104 3870 lolio
3123 3817 3444 3882 crescat,et
3464 3826 3700 3884 granum
3715 3807 3898 3863 frumen'

568 3911 722 3956 num
761 3901 820 3954 et
847 3897 1215 3977 mediocrem
1261 3910 1587 3969 personam
1633 3911 1764 3952 esse
1820 3896 2227 3970 responderet,
2333 3899 2376 3956 ti
2403 3899 2580 3972 palea
2609 3899 2880 3973 superior
2905 3899 3144 3958 interim
3173 3907 3415 3974 premat
3441 3919 3456 3958 :
3489 3906 3544 3958 et
3564 3899 3638 3958 ob
3654 3899 3752 3954 hoc
3773 3903 3894 3966 opor'

569 3985 819 4046 clericus
842 4003 982 4046 eum
1007 3992 1130 4044 tam
1147 3985 1317 4042 vultu
1335 4002 1524 4059 quam
1548 3985 1788 4058 eloquio
1809 3986 2226 4058 considerans,
2335 3987 2444 4046 tuit
2473 3993 2539 4044 ut
2560 3989 2793 4060 justum
2821 3989 2970 4045 Abel
2991 3989 3333 4047 malitiosus
3365 3991 3506 4048 Cain
3535 3989 3609 4046 ad
3637 3979 3897 4061 patientiam

569 4077 653 4136 ad
689 4077 818 4149 ejus
845 4077 1102 4149 gratiam
1131 4092 1196 4132 se
1243 4079 1436 4132 totum
1463 4075 1711 4141 inflexit,
1743 4080 1800 4132 et
1828 4076 2126 4150 quidquid
2154 4078 2230 4152 de
2335 4077 2715 4135 exercuisset.
2737 4077 3024 4135 Geraldus
3047 4094 3316 4152 quoque,
3331 4081 3484 4138 sicut
3496 4065 3901 4148 Job,l‘ratrerdr8-

569 4165 754 4226 naulo
785 4165 1140 4235 debebatur,
1173 4164 1402 4221 cunctis
1427 4163 1503 4220 de
1545 4163 1704 4220 illius
1736 4165 2024 4222 comitatu
2050 4151 2231 4222 remi;
2337 4182 2561 4223 conum
2583 4171 2640 4224 et
2656 4167 2852 4222 socius
2865 4151 3268 4224 struthionum
3286 4151 3475 4226 fuisse
3491 4153 3902 4226 monstretur,“

573 4253 666 4322 sit,
715 4257 775 4310 et
831 4257 956 4310 tam
1009 4253 1202 4326 ipsius
1257 4269 1446 4326 quam
1501 4253 1759 4310 aliorum
1819 4253 2120 4312 ﬂascones
2174 4261 2230 4313 et
2265 4307 2307 4329 η
2337 4258 2588 4328 quenter
2611 4270 2648 4311 a
2678 4255 3047 4328 quibusdam
3077 4257 3532 4329 provinciarum
3557 4250 3818 4312 lacessitus
3830 4242 3899 4298 est

570 4307 741 4398 at...
758 4307 956 4398 ex;
970 4307 1298 4416 igere.“
1311 4307 1775 4398 egessisse
1811 4307 2003 4399 sats
2012 4307 2230 4404 ἒὲῖιίεῖιὶ
2265 4307 2308 4363 θ
2337 4307 2497 4399 ἦὲῖ
2507 4307 3055 4416 ἶέίιζυὶίῖέειῖἆέέῶ
3063 4307 3764 4415 jERﬁiEiQEEbsickse
3784 4342 3900 4397 resa-

641 4465 1544 4540 (SURotenensisprovincinn
1556 4465 2098 4540 Aquitaniaprima,
2115 4469 2229 4526 sub
2406 4467 2531 4540 (89),
2555 4468 3046 4540 Regalesivqssos.
3067 4467 3130 4524 Id
3157 4472 3245 4540 est
3275 4470 3610 4534 servientes,
3632 4461 3899 4540 ﬁdelem?

569 4531 1094 4614 archiepiscopum
1115 4531 1512 4614 'Bituricensi,
1567 4531 1872 4614 Βὶιζξιεηρε
1883 4531 2143 4614 ictesa'r
2173 4545 2232 4598 et
2337 4531 2735 4614 servitium'ad
2751 4538 3097 4614 ﬁdelitatem
3113 4531 3900 4614 debent,etpriestaret¢_n°n“{{

569 4593 895 4684 Gregorius,
920 4593 1287 4684 regeeae;
1315 4593 1613 4684 dixerunt.
1660 4593 1779 4666 Nos
1805 4593 1988 4665 hodie
1999 4593 2230 4684 sese;
2333 4593 2498 4684 regi;
2506 4593 2862 4684 λέφδίωέεί
2875 4593 2995 4667 iis:
3005 4593 3226 4684 ipsi)“.
3242 4593 3359 4684 fas:
3368 4593 3419 4663 1;
3425 4593 3677 4684 mare.
3694 4593 3900 4684 canas

641 4669 754 4765 (8S)
786 4681 1664 4765 {IsqueBrivqtepsemnvic-ym.
1698 4684 1764 4765 1p
1780 4682 2097 4765 'Arverpia,
2123 4683 2229 4765 qui
2334 4669 2501 4765 regni
2532 4669 2824 4765 p'rimores
2845 4696 2916 4765 ac
2945 4669 3108 4737 vas'si
3136 4669 3304 4765 regii,
3330 4700 3392 4738 se
3417 4682 3501 4738 illi
3530 4669 3900 4765 οςξιῃηξρξξίξξίξ

569 4747 755 4824 sancti
787 4747 1001 4824 Iuliani
1031 4751 1319 4824 martyris
1328 4750 1620 4824 reliquiis-
1651 4749 1924 4824 celebris,
1962 4747 2225 4824 Sidonio,
2333 4747 2564 4816 ruht,et
2576 4756 2954 4808 sacramento
2967 4747 3300 4824 secundum
3318 4768 3547 4810 morem
3567 4748 3727 4824 ﬁdem
3741 4747 3898 4824 Ρτεζῐξξὶς

567 4819 628 4876 in
655 4822 1069 4894 Propemptico
1091 4823 1169 4878 ad
1183 4809 1487 4892 libellum:
1491 4821 1772 4892 Gregorio
1795 4809 1972 4879 lib.x.
1990 4809 2225 4894 HiStorl,
2335 4809 2559 4878 serunt.
2597 4843 2625 4871 »
2657 4825 2886 4877 Nomen
2927 4828 3099 4879 vetus
3137 4823 3448 4894 Gallicum,
3468 4809 3532 4880 et
3573 4817 3720 4894 quod
3741 4809 3896 4882 adhuc

567 4907 684 4932 nan
731 4895 799 4932 90
853 4898 909 4932 at
951 4897 1179 4932 vninntn
1228 4894 1368 4932 Viim
1400 4892 1590 4932 annnﬁ
1647 4892 1913 4932 ndilnniu
1954 4895 2223 4932 σκιήηῦΛηί
2335 4891 2538 4932 Fpnnni
2561 4891 2814 4932 rnl‘inan'l'
2842 4894 2900 4932 in
2932 4894 3118 4932 vc:an
3147 4910 3412 4932 uno-num
3466 4892 3626 4932 Ilnrln
3645 4893 3695 4932 at
3718 4882 3898 4932 Μεεαῑῑ-

567 4907 703 4974 cap.
731 4892 822 4964 29,
853 4892 929 4948 et'
951 4897 1179 4976 vetusto
1228 4894 1374 4949 Vitae
1399 4892 1592 4975 sancti
1647 4892 1914 4974 Odﬂonis
1953 4892 2228 4968 scriptori
2335 4892 2540 4950 Franci
2561 4892 2814 4950 retinent
2841 4894 2900 4948 in
2932 4894 3118 4950 verbo
3147 4892 3440 4953 vassauz.
3466 4892 3626 4974 Unde
3645 4893 3696 4944 et
3718 4892 3894 4942 υαδεαη·

565 4963 805 5038 .B_rw_as,
839 4961 1020 5038 vulgo
1040 4965 1328 5038 Brzoude.
1348 4967 1606 5038 Meminit
1634 4969 1692 5020 et
1719 4963 1880 5038 idem
1912 4967 2226 5038 Gregorius
2333 4963 2657 5038 qumapud
2684 4965 2876 5036 Greg.,
2905 4963 3366 5038 Theodulplium
3397 4971 3452 5022 et
3471 4965 3612 5020 alios
3652 4953 3894 5038 υαδείῆἰᾷρξξ

567 5032 808 5090 alterius
838 5028 1016 5089 Brivas
1046 5034 1108 5108 in
1140 5034 1534 5108 Lemovicino,
1567 5050 1755 5108 quam
1785 5033 1865 5091 ad
1901 5028 2226 5108 districtio-
2333 5028 2589 5108 Quilibet
2609 5028 3047 5108 autemfsenior,
3073 5028 3296 5108 comes,
3314 5037 3460 5098 dux,
3481 5051 3598 5099 rex,
3620 5028 3894 5108 vassosgxe

564 5118 708 5162 nem
721 5105 1112 5186 Arvernensis
1129 5106 1380 5186 βιοιιῑαξῃ
1405 5093 1745 5186 Quinetiam
1767 5106 2147 5180 appellatlib.
2163 5093 2220 5174 v,
2329 5093 2605 5186 fassalos
2635 5093 3089 5186 suqshabebat.
3109 5093 3424 5186 .ldemA'Odo
3439 5093 3497 5163 ;’‹‹
3522 5093 3628 5162 Nec
3646 5101 3743 5186 hoc
3758 5093 3894 5186 pali:

565 5191 699 5250 cap.
737 5180 822 5246 lO,
856 5175 949 5232 liis
978 5175 1174 5232 verbis
1206 5193 1220 5232 :
1255 5199 1284 5227 «
1317 5176 1427 5242 Qui
1457 5167 1821 5248 conjunctus'
1846 5167 1985 5234 cum
2016 5167 2224 5251 supra;
2327 5173 2608 5248 batur,ut
2627 5176 2877 5252 quilibet
2896 5177 3462 5234 seniorbeneﬁcium
3483 5193 3519 5233 a
3539 5189 3640 5230 suo
3659 5178 3806 5226 vasso
3822 5167 3892 5231 P“0

563 5245 736 5303 dictis
804 5245 1062 5304 ducibus
1115 5247 1563 5304 Lemovicinum
1621 5247 1936 5305 accedens.
1989 5250 2222 5305 Brivam
2328 5247 2598 5305 qualibet
2627 5248 2813 5304 animi
2839 5249 3246 5305 commotione
3265 5253 3471 5305 nosset
3497 5243 3724 5304 auferre-
3753 5257 3776 5305 η
3800 5233 3892 5305 [⁸81

565 5254 736 5303 dictis
804 5254 1062 5304 ducibus
1116 5254 1563 5304 Lemovicinum
1621 5254 1936 5316 accedens,
1989 5254 2181 5306 Brivai

565 5317 1140 5402 C‘urretiamjic‘um,
1259 5335 1402 5402 .qu‘o
1427 5319 1984 5402 sanctus'Martinus
2008 5325 2181 5402 nostr.

2375 5254 2598 5305 ualibet
2627 5254 2813 5304 animi
2839 5254 3246 5305 commotione
3265 5254 3471 5322 posset
3497 5254 3724 5304 auferre.
3753 5257 3778 5314 ιζ
3800 5254 3892 5294 we

2325 5262 2606 5402 glaman,
2621 5319 2707 5402 tit:
2741 5323 2830 5384 36,
2847 5336 2898 5402 c,
2911 5323 2972 5376 4:
2999 5341 3026 5370 «
3041 5320 3475 5402 qualiscunque
3494 5297 3893 5402 personant}?

561 5392 630 5444 ut
669 5389 855 5460 aiunt,
883 5387 1130 5447 Martini
1156 5387 1271 5446 dici
1295 5387 1475 5460 'ulus,
1524 5391 1862 5464 requiescit,
1898 5391 2153 5448 advenit.
2189 5387 2218 5444 ὑ
2325 5404 2542 5447 vassus
2571 5390 2762 5460 ducis,
2797 5394 2900 5447 aut
2929 5387 3182 5447 comitis.
3226 5413 3242 5443 ι
3273 5393 3336 5447 Et
3359 5387 3430 5446 [Ie
3477 5387 3777 5458 fBajuvar.’
3801 5387 3892 5426 θεῖν

561 5457 759 5516 Gallis.
793 5461 1002 5516 Brives
1035 5463 1096 5516 la
1129 5405 1461 5516 Gailiizrde.
1493 5461 1598 5516 sed
1652 5465 1950 5516 corrupte.
2009 5463 2218 5516 Dicen-
2327 5461 2414 5516 tit.
2452 5467 2554 5516 l5:
2590 5485 2617 5515 <
2653 5461 2784 5516 Sive
2814 5461 2970 5516 regis
2999 5477 3232 5516 vassus.
3271 5463 3391 5516 sive
3433 5403 3612 5516 gucis.
3651 5458 3821 5509 omnes
3839 5433 3893 5493 εδ

561 5457 759 5540 (fallis,
793 5453 1020 5540 BZrives_
1035 5463 1096 5540 ιᾳ
1129 5453 1470 5540 ϐαξιῖαζάεξ
1493 5453 1950 5540 βεάόοξτυρις.
2009 5463 2218 5540 Dicen-
2327 5461 2414 5540 ti_t.
2452 5467 2554 5540 (ὃς
2590 5485 2617 5515 ‹
2653 5453 2784 5540 Sive
2814 5461 3234 5540 regis__vassusz
3271 5463 3391 5540 sive
3412 5453 3612 5540 ducis,
3651 5453 3865 5540 cuiae-ff:

561 5526 710 5606 du!!!
746 5517 1151 5606 'enim,;-Br_~ive
1188 5517 1281 5590 Vde
1304 5517 1600 5606 "Cori-«102e,
1627 5547 1665 5588 θ.
1709 5517 1974 5590 Curictia
2007 5517 2214 5604 ﬂuvio,
2325 5517 2946 5606 placitumveniantfj»
2968 5517 3180 5606 νεφεοὲ
3195 5517 3528 5606 dominicos
3548 5517 3891 5606 generali}???

557 5597 667 5678 qui
687 5597 888 5674 ipsam
915 5593 1100 5659 alluit.
1584 5593 1599 5606 ’
2201 5593 2213 5604 ’
2323 5593 2474 5666 dixit
2498 5602 2874 5664 Walafridus
2903 5603 3145 5664 Strabo:
3169 5625 3198 5656 «
3217 5593 3734 5680 Capellani,ihquil,
3750 5593 3891 5647 "1130‘
