  <div class='ocr_page' id='page_1' title='image "/cluster/home/n/w/nwhite01/storage/ocr_20150623/133/hvd.32044054759949/337.png"; bbox 0 0 4094 6156; ppageno 0'>
   <div class='ocr_carea' id='block_1_1' title="bbox 362 196 468 247">
    <p class='ocr_par' dir='ltr' id='par_1_1' title="bbox 362 196 468 247">
     <span class='ocr_line' id='line_1_1' title="bbox 362 196 468 247; baseline 0 0"><span class='ocrx_word' id='word_1_1' title='bbox 362 196 468 247; x_wconf 83' lang='grc'>663</span> 
     </span>
    </p>
   </div>
   <div class='ocr_carea' id='block_1_2' title="bbox 1395 174 2726 239">
    <p class='ocr_par' dir='ltr' id='par_1_2' title="bbox 1395 174 2726 239">
     <span class='ocr_line' id='line_1_2' title="bbox 1395 174 2726 239; baseline -0.01 0"><span class='ocrx_word' id='word_1_2' title='bbox 1395 183 1450 239; x_wconf 90' lang='lat' dir='ltr'>S.</span> <span class='ocrx_word' id='word_1_3' title='bbox 1494 181 1750 238; x_wconf 87' lang='lat' dir='ltr'>ODONlS</span> <span class='ocrx_word' id='word_1_4' title='bbox 1790 174 2083 232; x_wconf 76' lang='lat' dir='ltr'>ABBATIS</span> <span class='ocrx_word' id='word_1_5' title='bbox 2123 175 2619 232; x_wconf 80' lang='lat' dir='ltr'>CLUNIACENSIS</span> <span class='ocrx_word' id='word_1_6' title='bbox 2657 176 2726 228; x_wconf 91' lang='lat' dir='ltr'>ll.</span> 
     </span>
    </p>
   </div>
   <div class='ocr_carea' id='block_1_3' title="bbox 3667 167 3778 221">
    <p class='ocr_par' dir='ltr' id='par_1_3' title="bbox 3667 167 3778 221">
     <span class='ocr_line' id='line_1_3' title="bbox 3667 167 3778 221; baseline 0 0"><span class='ocrx_word' id='word_1_7' title='bbox 3667 167 3778 221; x_wconf 69' lang='lat' dir='ltr'>6M</span> 
     </span>
    </p>
   </div>
   <div class='ocr_carea' id='block_1_4' title="bbox 344 297 3780 384">
    <p class='ocr_par' dir='ltr' id='par_1_4' title="bbox 344 297 3780 384">
     <span class='ocr_line' id='line_1_4' title="bbox 344 297 3780 384; baseline -0.008 -13"><span class='ocrx_word' id='word_1_8' title='bbox 344 316 499 384; x_wconf 92' lang='lat' dir='ltr'>loco,</span> <span class='ocrx_word' id='word_1_9' title='bbox 531 317 718 369; x_wconf 80' lang='lat' dir='ltr'>vestes</span> <span class='ocrx_word' id='word_1_10' title='bbox 761 308 1132 374; x_wconf 88' lang='lat' dir='ltr'>mutatorias,</span> <span class='ocrx_word' id='word_1_11' title='bbox 1163 308 1236 362; x_wconf 89' lang='lat' dir='ltr'>ad</span> <span class='ocrx_word' id='word_1_12' title='bbox 1287 308 1400 363; x_wconf 92' lang='lat' dir='ltr'>hoc</span> <span class='ocrx_word' id='word_1_13' title='bbox 1448 321 1684 378; x_wconf 78' lang='lat' dir='ltr'>semper</span> <span class='ocrx_word' id='word_1_14' title='bbox 1739 305 2002 376; x_wconf 86' lang='lat' dir='ltr'>paratas,</span> <span class='ocrx_word' id='word_1_15' title='bbox 2036 304 2082 356; x_wconf 80' lang='grc' dir='ltr'><strong>Α</strong></span> <span class='ocrx_word' id='word_1_16' title='bbox 2117 305 2268 364; x_wconf 91' lang='lat' dir='ltr'>sent,</span> <span class='ocrx_word' id='word_1_17' title='bbox 2297 304 2478 373; x_wconf 90' lang='lat' dir='ltr'>etper</span> <span class='ocrx_word' id='word_1_18' title='bbox 2505 298 2771 354; x_wconf 90' lang='lat' dir='ltr'>medium</span> <span class='ocrx_word' id='word_1_19' title='bbox 2801 297 3200 368; x_wconf 87' lang='lat' dir='ltr'>regyrassent,</span> <span class='ocrx_word' id='word_1_20' title='bbox 3221 307 3610 366; x_wconf 82' lang='lat' dir='ltr'>nequaquam</span> <span class='ocrx_word' id='word_1_21' title='bbox 3631 307 3780 346; x_wconf 89' lang='lat' dir='ltr'>eum</span> 
     </span>
    </p>
   </div>
   <div class='ocr_carea' id='block_1_5' title="bbox 348 396 2008 468">
    <p class='ocr_par' dir='ltr' id='par_1_5' title="bbox 348 396 2008 468">
     <span class='ocr_line' id='line_1_5' title="bbox 348 396 2008 468; baseline -0.01 -8"><span class='ocrx_word' id='word_1_22' title='bbox 348 409 404 461; x_wconf 88' lang='lat' dir='ltr'>et</span> <span class='ocrx_word' id='word_1_23' title='bbox 431 405 788 468; x_wconf 89' lang='lat' dir='ltr'>tomentum,</span> <span class='ocrx_word' id='word_1_24' title='bbox 821 403 878 454; x_wconf 90' lang='lat' dir='ltr'>et</span> <span class='ocrx_word' id='word_1_25' title='bbox 904 415 1012 454; x_wconf 89' lang='lat' dir='ltr'>vas</span> <span class='ocrx_word' id='word_1_26' title='bbox 1039 414 1232 468; x_wconf 72' lang='lat' dir='ltr'>aquae.</span> <span class='ocrx_word' id='word_1_27' title='bbox 1279 399 1406 462; x_wconf 88' lang='lat' dir='ltr'>Quo</span> <span class='ocrx_word' id='word_1_28' title='bbox 1437 397 1536 452; x_wconf 91' lang='lat' dir='ltr'>illo</span> <span class='ocrx_word' id='word_1_29' title='bbox 1577 396 1851 464; x_wconf 80' lang='lat' dir='ltr'>intrante,</span> <span class='ocrx_word' id='word_1_30' title='bbox 1885 406 2008 446; x_wconf 92' lang='lat' dir='ltr'>non</span> 
     </span>
    </p>
   </div>
   <div class='ocr_carea' id='block_1_6' title="bbox 347 481 2007 563">
    <p class='ocr_par' dir='ltr' id='par_1_6' title="bbox 347 481 2007 563">
     <span class='ocr_line' id='line_1_6' title="bbox 347 481 2007 563; baseline -0.007 -15"><span class='ocrx_word' id='word_1_31' title='bbox 347 493 506 549; x_wconf 90' lang='lat' dir='ltr'>enim</span> <span class='ocrx_word' id='word_1_32' title='bbox 535 489 873 563; x_wconf 88' lang='lat' dir='ltr'>patiebatur</span> <span class='ocrx_word' id='word_1_33' title='bbox 905 505 966 544; x_wconf 92' lang='lat' dir='ltr'>se</span> <span class='ocrx_word' id='word_1_34' title='bbox 996 487 1232 542; x_wconf 90' lang='lat' dir='ltr'>nudum</span> <span class='ocrx_word' id='word_1_35' title='bbox 1265 486 1471 555; x_wconf 85' lang='lat' dir='ltr'>videri,</span> <span class='ocrx_word' id='word_1_36' title='bbox 1505 501 1646 540; x_wconf 91' lang='lat' dir='ltr'>mox</span> <span class='ocrx_word' id='word_1_37' title='bbox 1676 484 1770 539; x_wconf 90' lang='lat' dir='ltr'>ille</span> <span class='ocrx_word' id='word_1_38' title='bbox 1799 481 2007 538; x_wconf 86' lang='lat' dir='ltr'>minis-</span> 
     </span>
    </p>
   </div>
   <div class='ocr_carea' id='block_1_7' title="bbox 346 571 2008 644">
    <p class='ocr_par' dir='ltr' id='par_1_7' title="bbox 346 571 2008 644">
     <span class='ocr_line' id='line_1_7' title="bbox 346 571 2008 644; baseline -0.008 -6"><span class='ocrx_word' id='word_1_39' title='bbox 346 585 434 638; x_wconf 89' lang='lat' dir='ltr'>ter</span> <span class='ocrx_word' id='word_1_40' title='bbox 463 579 668 636; x_wconf 90' lang='lat' dir='ltr'>clauso</span> <span class='ocrx_word' id='word_1_41' title='bbox 699 577 854 633; x_wconf 92' lang='lat' dir='ltr'>ostio</span> <span class='ocrx_word' id='word_1_42' title='bbox 893 575 1229 632; x_wconf 83' lang='lat' dir='ltr'>recedebat.</span> <span class='ocrx_word' id='word_1_43' title='bbox 1257 576 1338 630; x_wconf 89' lang='lat' dir='ltr'>lta</span> <span class='ocrx_word' id='word_1_44' title='bbox 1360 575 1550 630; x_wconf 82' lang='lat' dir='ltr'>cultor</span> <span class='ocrx_word' id='word_1_45' title='bbox 1579 574 1825 628; x_wconf 81' lang='lat' dir='ltr'>internae</span> <span class='ocrx_word' id='word_1_46' title='bbox 1845 571 2008 644; x_wconf 88' lang='lat' dir='ltr'>puri-</span> 
     </span>
    </p>
   </div>
   <div class='ocr_carea' id='block_1_8' title="bbox 349 661 2010 740">
    <p class='ocr_par' dir='ltr' id='par_1_8' title="bbox 349 661 2010 740">
     <span class='ocr_line' id='line_1_8' title="bbox 349 661 2010 740; baseline -0.007 -14"><span class='ocrx_word' id='word_1_47' title='bbox 349 669 482 726; x_wconf 85' lang='lat' dir='ltr'>tatis</span> <span class='ocrx_word' id='word_1_48' title='bbox 514 667 782 740; x_wconf 89' lang='lat' dir='ltr'>corporis</span> <span class='ocrx_word' id='word_1_49' title='bbox 810 664 1310 738; x_wconf 88' lang='lat' dir='ltr'>iniquinationem</span> <span class='ocrx_word' id='word_1_50' title='bbox 1342 663 1674 732; x_wconf 84' lang='lat' dir='ltr'>refugiebat</span> <span class='ocrx_word' id='word_1_51' title='bbox 1723 665 1786 716; x_wconf 88' lang='lat' dir='ltr'>ut</span> <span class='ocrx_word' id='word_1_52' title='bbox 1812 661 2010 732; x_wconf 82' lang='lat' dir='ltr'>ipsam</span> 
     </span>
    </p>
   </div>
   <div class='ocr_carea' id='block_1_9' title="bbox 349 746 2011 828">
    <p class='ocr_par' dir='ltr' id='par_1_9' title="bbox 349 746 2011 828">
     <span class='ocr_line' id='line_1_9' title="bbox 349 746 2011 828; baseline -0.007 -15"><span class='ocrx_word' id='word_1_53' title='bbox 349 757 564 828; x_wconf 89' lang='lat' dir='ltr'>solam,</span> <span class='ocrx_word' id='word_1_54' title='bbox 595 771 732 828; x_wconf 59' lang='lat' dir='ltr'>qua</span> <span class='ocrx_word' id='word_1_55' title='bbox 764 752 1084 808; x_wconf 87' lang='lat' dir='ltr'>dormienti</span> <span class='ocrx_word' id='word_1_56' title='bbox 1115 751 1428 819; x_wconf 88' lang='lat' dir='ltr'>acciderat,</span> <span class='ocrx_word' id='word_1_57' title='bbox 1463 767 1586 807; x_wconf 85' lang='lat' dir='ltr'>non</span> <span class='ocrx_word' id='word_1_58' title='bbox 1638 749 1832 805; x_wconf 88' lang='lat' dir='ltr'>solum</span> <span class='ocrx_word' id='word_1_59' title='bbox 1880 746 2011 802; x_wconf 90' lang='lat' dir='ltr'>bal-</span> 
     </span>
    </p>
   </div>
   <div class='ocr_carea' id='block_1_10' title="bbox 349 837 2013 918">
    <p class='ocr_par' dir='ltr' id='par_1_10' title="bbox 349 837 2013 918">
     <span class='ocr_line' id='line_1_10' title="bbox 349 837 2013 918; baseline -0.007 -15"><span class='ocrx_word' id='word_1_60' title='bbox 349 847 496 914; x_wconf 92' lang='lat' dir='ltr'>neis,</span> <span class='ocrx_word' id='word_1_61' title='bbox 525 846 674 918; x_wconf 91' lang='lat' dir='ltr'>quin</span> <span class='ocrx_word' id='word_1_62' title='bbox 729 843 910 900; x_wconf 89' lang='lat' dir='ltr'>etiam</span> <span class='ocrx_word' id='word_1_63' title='bbox 937 841 1220 914; x_wconf 83' lang='lat' dir='ltr'>lacrymis</span> <span class='ocrx_word' id='word_1_64' title='bbox 1253 841 1523 897; x_wconf 86' lang='lat' dir='ltr'>abluerit.</span> <span class='ocrx_word' id='word_1_65' title='bbox 1561 840 1816 897; x_wconf 85' lang='lat' dir='ltr'>Stultum</span> <span class='ocrx_word' id='word_1_66' title='bbox 1866 837 2013 892; x_wconf 85' lang='lat' dir='ltr'>forte</span> 
     </span>
    </p>
   </div>
   <div class='ocr_carea' id='block_1_11' title="bbox 349 928 2014 1002">
    <p class='ocr_par' dir='ltr' id='par_1_11' title="bbox 349 928 2014 1002">
     <span class='ocr_line' id='line_1_11' title="bbox 349 928 2014 1002; baseline -0.007 -11"><span class='ocrx_word' id='word_1_67' title='bbox 349 935 666 991; x_wconf 83' lang='lat' dir='ltr'>videbatur</span> <span class='ocrx_word' id='word_1_68' title='bbox 692 933 805 988; x_wconf 87' lang='lat' dir='ltr'>hoc</span> <span class='ocrx_word' id='word_1_69' title='bbox 834 932 961 1002; x_wconf 89' lang='lat' dir='ltr'>ejus</span> <span class='ocrx_word' id='word_1_70' title='bbox 985 931 1231 998; x_wconf 89' lang='lat' dir='ltr'>factum,</span> <span class='ocrx_word' id='word_1_71' title='bbox 1266 930 1370 985; x_wconf 91' lang='lat' dir='ltr'>sed</span> <span class='ocrx_word' id='word_1_72' title='bbox 1401 929 1513 984; x_wconf 88' lang='lat' dir='ltr'>illis</span> <span class='ocrx_word' id='word_1_73' title='bbox 1544 928 1722 1001; x_wconf 85' lang='lat' dir='ltr'>plane</span> <span class='ocrx_word' id='word_1_74' title='bbox 1751 942 2014 1000; x_wconf 88' lang='lat' dir='ltr'>quorum</span> 
     </span>
    </p>
   </div>
   <div class='ocr_carea' id='block_1_12' title="bbox 353 1017 2014 1082">
    <p class='ocr_par' dir='ltr' id='par_1_12' title="bbox 353 1017 2014 1082">
     <span class='ocr_line' id='line_1_12' title="bbox 353 1017 2014 1082; baseline -0.006 -3"><span class='ocrx_word' id='word_1_75' title='bbox 353 1039 597 1080; x_wconf 63' lang='lat' dir='ltr'>caenosa</span> <span class='ocrx_word' id='word_1_76' title='bbox 624 1037 796 1077; x_wconf 89' lang='lat' dir='ltr'>mens</span> <span class='ocrx_word' id='word_1_77' title='bbox 823 1020 1103 1076; x_wconf 88' lang='lat' dir='ltr'>vitiorum</span> <span class='ocrx_word' id='word_1_78' title='bbox 1134 1018 1340 1074; x_wconf 87' lang='lat' dir='ltr'>sordes</span> <span class='ocrx_word' id='word_1_79' title='bbox 1363 1018 1620 1074; x_wconf 85' lang='lat' dir='ltr'>exhalat.</span> <span class='ocrx_word' id='word_1_80' title='bbox 1649 1017 1760 1082; x_wconf 87' lang='lat' dir='ltr'>Qui</span> <span class='ocrx_word' id='word_1_81' title='bbox 1791 1033 1928 1070; x_wconf 89' lang='lat' dir='ltr'>cum</span> <span class='ocrx_word' id='word_1_82' title='bbox 1953 1031 2014 1070; x_wconf 91' lang='lat' dir='ltr'>sc</span> 
     </span>
    </p>
   </div>
   <div class='ocr_carea' id='block_1_13' title="bbox 351 1106 2014 1180">
    <p class='ocr_par' dir='ltr' id='par_1_13' title="bbox 351 1106 2014 1180">
     <span class='ocr_line' id='line_1_13' title="bbox 351 1106 2014 1180; baseline -0.006 -11"><span class='ocrx_word' id='word_1_83' title='bbox 351 1113 446 1169; x_wconf 86' lang='lat' dir='ltr'>vel</span> <span class='ocrx_word' id='word_1_84' title='bbox 472 1111 836 1180; x_wconf 86' lang='lat' dir='ltr'>naturaliter,</span> <span class='ocrx_word' id='word_1_85' title='bbox 889 1109 978 1165; x_wconf 85' lang='lat' dir='ltr'>vel</span> <span class='ocrx_word' id='word_1_86' title='bbox 1011 1108 1339 1164; x_wconf 83' lang='lat' dir='ltr'>voluntarie</span> <span class='ocrx_word' id='word_1_87' title='bbox 1395 1107 1720 1176; x_wconf 89' lang='lat' dir='ltr'>sordident,</span> <span class='ocrx_word' id='word_1_88' title='bbox 1751 1106 2014 1161; x_wconf 89' lang='lat' dir='ltr'>immun-</span> 
     </span>
    </p>
   </div>
   <div class='ocr_carea' id='block_1_14' title="bbox 354 1196 2018 1270">
    <p class='ocr_par' dir='ltr' id='par_1_14' title="bbox 354 1196 2018 1270">
     <span class='ocr_line' id='line_1_14' title="bbox 354 1196 2018 1270; baseline -0.005 -12"><span class='ocrx_word' id='word_1_89' title='bbox 354 1201 530 1258; x_wconf 90' lang='lat' dir='ltr'>ditias</span> <span class='ocrx_word' id='word_1_90' title='bbox 561 1205 761 1256; x_wconf 88' lang='lat' dir='ltr'>tamen</span> <span class='ocrx_word' id='word_1_91' title='bbox 793 1215 932 1255; x_wconf 90' lang='lat' dir='ltr'>suas</span> <span class='ocrx_word' id='word_1_92' title='bbox 963 1198 1206 1254; x_wconf 87' lang='lat' dir='ltr'>abluere</span> <span class='ocrx_word' id='word_1_93' title='bbox 1237 1214 1344 1270; x_wconf 90' lang='lat' dir='ltr'>per</span> <span class='ocrx_word' id='word_1_94' title='bbox 1375 1215 1436 1253; x_wconf 93' lang='lat' dir='ltr'>se</span> <span class='ocrx_word' id='word_1_95' title='bbox 1493 1196 1918 1266; x_wconf 85' lang='lat' dir='ltr'>dedignantur.</span> <span class='ocrx_word' id='word_1_96' title='bbox 1951 1197 2018 1250; x_wconf 84' lang='lat' dir='ltr'>At</span> 
     </span>
    </p>
   </div>
   <div class='ocr_carea' id='block_1_15' title="bbox 353 1285 2017 1359">
    <p class='ocr_par' dir='ltr' id='par_1_15' title="bbox 353 1285 2017 1359">
     <span class='ocr_line' id='line_1_15' title="bbox 353 1285 2017 1359; baseline -0.004 -12"><span class='ocrx_word' id='word_1_97' title='bbox 353 1307 491 1347; x_wconf 89' lang='lat' dir='ltr'>vero</span> <span class='ocrx_word' id='word_1_98' title='bbox 532 1289 818 1346; x_wconf 89' lang='lat' dir='ltr'>Geraldus</span> <span class='ocrx_word' id='word_1_99' title='bbox 870 1289 1158 1359; x_wconf 85' lang='lat' dir='ltr'>scriptum</span> <span class='ocrx_word' id='word_1_100' title='bbox 1197 1291 1483 1342; x_wconf 86' lang='lat' dir='ltr'>noverat:</span> <span class='ocrx_word' id='word_1_101' title='bbox 1533 1287 1709 1342; x_wconf 86' lang='lat' dir='ltr'>Omni</span> <span class='ocrx_word' id='word_1_102' title='bbox 1747 1285 2017 1341; x_wconf 83' lang='lat' dir='ltr'>custodia</span> 
     </span>
    </p>
   </div>
   <div class='ocr_carea' id='block_1_16' title="bbox 355 1376 2020 1450">
    <p class='ocr_par' dir='ltr' id='par_1_16' title="bbox 355 1376 2020 1450">
     <span class='ocr_line' id='line_1_16' title="bbox 355 1376 2020 1450; baseline -0.005 -12"><span class='ocrx_word' id='word_1_103' title='bbox 355 1396 526 1438; x_wconf 82' lang='lat' dir='ltr'>serva</span> <span class='ocrx_word' id='word_1_104' title='bbox 555 1395 658 1436; x_wconf 82' lang='lat' dir='ltr'>cor</span> <span class='ocrx_word' id='word_1_105' title='bbox 685 1380 1070 1450; x_wconf 79' lang='lat' dir='ltr'>tuum(_Prov,</span> <span class='ocrx_word' id='word_1_106' title='bbox 1102 1395 1180 1447; x_wconf 89' lang='lat' dir='ltr'>1v,</span> <span class='ocrx_word' id='word_1_107' title='bbox 1205 1379 1314 1447; x_wconf 77' lang='lat'>23).</span> <span class='ocrx_word' id='word_1_108' title='bbox 1347 1381 1414 1432; x_wconf 64' lang='lat' dir='ltr'>Iit</span> <span class='ocrx_word' id='word_1_109' title='bbox 1445 1378 1616 1432; x_wconf 88' lang='lat' dir='ltr'>item:</span> <span class='ocrx_word' id='word_1_110' title='bbox 1655 1377 1770 1443; x_wconf 84' lang='lat' dir='ltr'>Qui</span> <span class='ocrx_word' id='word_1_111' title='bbox 1786 1376 2020 1431; x_wconf 81' lang='lat' dir='ltr'>modica</span> 
     </span>
    </p>
   </div>
   <div class='ocr_carea' id='block_1_17' title="bbox 357 1463 2018 1538">
    <p class='ocr_par' dir='ltr' id='par_1_17' title="bbox 357 1463 2018 1538">
     <span class='ocr_line' id='line_1_17' title="bbox 357 1463 2018 1538; baseline -0.005 -13"><span class='ocrx_word' id='word_1_112' title='bbox 357 1470 606 1538; x_wconf 76' lang='lat' dir='ltr'>spernit,</span> <span class='ocrx_word' id='word_1_113' title='bbox 655 1468 954 1537; x_wconf 73' lang='lat' dir='ltr'>paulatim</span> <span class='ocrx_word' id='word_1_114' title='bbox 1003 1467 1226 1522; x_wconf 80' lang='lat' dir='ltr'>decidet</span> <span class='ocrx_word' id='word_1_115' title='bbox 1280 1467 1493 1535; x_wconf 80' lang='lat' dir='ltr'>(Eccli.</span> <span class='ocrx_word' id='word_1_116' title='bbox 1548 1481 1659 1532; x_wconf 78' lang='lat' dir='ltr'><strong>XIX,</strong></span> <span class='ocrx_word' id='word_1_117' title='bbox 1721 1466 1792 1536; x_wconf 77' lang='lat'>1).</span> <span class='ocrx_word' id='word_1_118' title='bbox 1829 1463 2018 1518; x_wconf 79' lang='lat' dir='ltr'>Velim</span> 
     </span>
    </p>
   </div>
   <div class='ocr_carea' id='block_1_18' title="bbox 357 1553 2021 1631">
    <p class='ocr_par' dir='ltr' id='par_1_18' title="bbox 357 1553 2021 1631">
     <span class='ocr_line' id='line_1_18' title="bbox 357 1553 2021 1631; baseline -0.004 -17"><span class='ocrx_word' id='word_1_119' title='bbox 357 1575 500 1614; x_wconf 89' lang='lat' dir='ltr'>sane</span> <span class='ocrx_word' id='word_1_120' title='bbox 529 1557 869 1631; x_wconf 74' lang='lat' dir='ltr'>perpendes</span> <span class='ocrx_word' id='word_1_121' title='bbox 920 1556 1128 1628; x_wconf 87' lang='lat' dir='ltr'>quanti</span> <span class='ocrx_word' id='word_1_122' title='bbox 1173 1555 1523 1610; x_wconf 82' lang='lat' dir='ltr'>habendum</span> <span class='ocrx_word' id='word_1_123' title='bbox 1553 1555 1642 1621; x_wconf 90' lang='lat' dir='ltr'>sit,</span> <span class='ocrx_word' id='word_1_124' title='bbox 1676 1553 1842 1626; x_wconf 91' lang='lat' dir='ltr'>quod</span> <span class='ocrx_word' id='word_1_125' title='bbox 1869 1553 2021 1608; x_wconf 88' lang='lat' dir='ltr'>inter</span> 
     </span>
    </p>
   </div>
   <div class='ocr_carea' id='block_1_19' title="bbox 2115 380 3784 463">
    <p class='ocr_par' dir='ltr' id='par_1_19' title="bbox 2115 380 3784 463">
     <span class='ocr_line' id='line_1_19' title="bbox 2115 380 3784 463; baseline -0.007 -17"><span class='ocrx_word' id='word_1_126' title='bbox 2115 391 2371 463; x_wconf 87' lang='lat' dir='ltr'>reperire</span> <span class='ocrx_word' id='word_1_127' title='bbox 2427 388 2744 462; x_wconf 84' lang='lat' dir='ltr'>potuerint.</span> <span class='ocrx_word' id='word_1_128' title='bbox 2777 390 2926 442; x_wconf 90' lang='lat' dir='ltr'>Tum</span> <span class='ocrx_word' id='word_1_129' title='bbox 2981 399 3126 440; x_wconf 90' lang='lat' dir='ltr'>vero</span> <span class='ocrx_word' id='word_1_130' title='bbox 3165 382 3498 438; x_wconf 80' lang='lat' dir='ltr'>Ademarus</span> <span class='ocrx_word' id='word_1_131' title='bbox 3559 380 3784 436; x_wconf 87' lang='lat' dir='ltr'>adnisu</span> 
     </span>
    </p>
   </div>
   <div class='ocr_carea' id='block_1_20' title="bbox 2117 468 3780 546">
    <p class='ocr_par' dir='ltr' id='par_1_20' title="bbox 2117 468 3780 546">
     <span class='ocr_line' id='line_1_20' title="bbox 2117 468 3780 546; baseline -0.006 -12"><span class='ocrx_word' id='word_1_132' title='bbox 2117 480 2414 545; x_wconf 86' lang='lat' dir='ltr'>frustrato,</span> <span class='ocrx_word' id='word_1_133' title='bbox 2447 476 2658 533; x_wconf 90' lang='lat' dir='ltr'>dolens</span> <span class='ocrx_word' id='word_1_134' title='bbox 2687 474 3054 546; x_wconf 88' lang='lat' dir='ltr'>impietatem</span> <span class='ocrx_word' id='word_1_135' title='bbox 3087 488 3263 528; x_wconf 90' lang='lat' dir='ltr'>suam</span> <span class='ocrx_word' id='word_1_136' title='bbox 3294 486 3426 527; x_wconf 89' lang='lat' dir='ltr'>esse</span> <span class='ocrx_word' id='word_1_137' title='bbox 3475 468 3780 532; x_wconf 87' lang='lat' dir='ltr'>delusam,</span> 
     </span>
    </p>
   </div>
   <div class='ocr_carea' id='block_1_21' title="bbox 2118 558 3784 633">
    <p class='ocr_par' dir='ltr' id='par_1_21' title="bbox 2118 558 3784 633">
     <span class='ocr_line' id='line_1_21' title="bbox 2118 558 3784 633; baseline -0.006 -10"><span class='ocrx_word' id='word_1_138' title='bbox 2118 567 2375 624; x_wconf 86' lang='lat' dir='ltr'>recessit.</span> <span class='ocrx_word' id='word_1_139' title='bbox 2403 568 2608 621; x_wconf 88' lang='lat' dir='ltr'>Justus</span> <span class='ocrx_word' id='word_1_140' title='bbox 2641 579 2800 630; x_wconf 90' lang='lat' dir='ltr'>vero,</span> <span class='ocrx_word' id='word_1_141' title='bbox 2829 565 2894 618; x_wconf 92' lang='lat' dir='ltr'>ut</span> <span class='ocrx_word' id='word_1_142' title='bbox 2921 561 3210 633; x_wconf 89' lang='lat' dir='ltr'>scriptum</span> <span class='ocrx_word' id='word_1_143' title='bbox 3241 564 3347 620; x_wconf 89' lang='lat' dir='ltr'>est.</span> <span class='ocrx_word' id='word_1_144' title='bbox 3381 558 3630 615; x_wconf 89' lang='lat' dir='ltr'>mundis</span> <span class='ocrx_word' id='word_1_145' title='bbox 3659 573 3784 613; x_wconf 85' lang='lat' dir='ltr'>ma-</span> 
     </span>
    </p>
   </div>
   <div class='ocr_carea' id='block_1_22' title="bbox 2079 643 3604 708">
    <p class='ocr_par' dir='ltr' id='par_1_22' title="bbox 2079 643 3604 708">
     <span class='ocr_line' id='line_1_22' title="bbox 2079 643 3604 708; baseline -0.005 -1"><span class='ocrx_word' id='word_1_146' title='bbox 2079 661 2082 664; x_wconf 47' lang='grc' dir='ltr'>λ</span> <span class='ocrx_word' id='word_1_147' title='bbox 2119 652 2296 708; x_wconf 89' lang='lat' dir='ltr'>nibus</span> <span class='ocrx_word' id='word_1_148' title='bbox 2327 649 2556 708; x_wconf 88' lang='lat' dir='ltr'>addidit</span> <span class='ocrx_word' id='word_1_149' title='bbox 2586 647 2994 704; x_wconf 87' lang='lat' dir='ltr'>fortitudinem</span> <span class='ocrx_word' id='word_1_150' title='bbox 3015 645 3212 702; x_wconf 90' lang='lat' dir='ltr'>laudis</span> <span class='ocrx_word' id='word_1_151' title='bbox 3243 644 3302 700; x_wconf 91' lang='lat' dir='ltr'>in</span> <span class='ocrx_word' id='word_1_152' title='bbox 3335 643 3604 706; x_wconf 84' lang='lat' dir='ltr'>Domino.</span> 
     </span>
    </p>
   </div>
   <div class='ocr_carea' id='block_1_23' title="bbox 2190 747 3790 822">
    <p class='ocr_par' dir='ltr' id='par_1_23' title="bbox 2190 747 3790 822">
     <span class='ocr_line' id='line_1_23' title="bbox 2190 747 3790 822; baseline -0.007 -8"><span class='ocrx_word' id='word_1_153' title='bbox 2190 760 2405 814; x_wconf 81' lang='lat' dir='ltr'><strong>XXXVI.</strong></span> <span class='ocrx_word' id='word_1_154' title='bbox 2439 755 2738 822; x_wconf 88' lang='lat' dir='ltr'>Quoniam</span> <span class='ocrx_word' id='word_1_155' title='bbox 2769 753 2974 809; x_wconf 87' lang='lat' dir='ltr'>itidem</span> <span class='ocrx_word' id='word_1_156' title='bbox 3033 752 3164 822; x_wconf 87' lang='lat' dir='ltr'>ejus</span> <span class='ocrx_word' id='word_1_157' title='bbox 3223 748 3538 806; x_wconf 83' lang='lat' dir='ltr'>castellum</span> <span class='ocrx_word' id='word_1_158' title='bbox 3601 747 3790 804; x_wconf 88' lang='lat' dir='ltr'>satel-</span> 
     </span>
    </p>
   </div>
   <div class='ocr_carea' id='block_1_24' title="bbox 2121 837 3794 914">
    <p class='ocr_par' dir='ltr' id='par_1_24' title="bbox 2121 837 3794 914">
     <span class='ocr_line' id='line_1_24' title="bbox 2121 837 3794 914; baseline -0.007 -11"><span class='ocrx_word' id='word_1_159' title='bbox 2121 849 2248 904; x_wconf 90' lang='lat' dir='ltr'>lites</span> <span class='ocrx_word' id='word_1_160' title='bbox 2275 845 2550 901; x_wconf 75' lang='lat' dir='ltr'>Ademari</span> <span class='ocrx_word' id='word_1_161' title='bbox 2572 843 2803 900; x_wconf 92' lang='lat' dir='ltr'>comitis</span> <span class='ocrx_word' id='word_1_162' title='bbox 2835 845 3302 914; x_wconf 88' lang='lat' dir='ltr'>occupaverunt.</span> <span class='ocrx_word' id='word_1_163' title='bbox 3331 841 3459 904; x_wconf 92' lang='lat' dir='ltr'>Quo</span> <span class='ocrx_word' id='word_1_164' title='bbox 3491 837 3794 894; x_wconf 88' lang='lat' dir='ltr'>Geraldus</span> 
     </span>
    </p>
   </div>
   <div class='ocr_carea' id='block_1_25' title="bbox 2122 929 3788 1008">
    <p class='ocr_par' dir='ltr' id='par_1_25' title="bbox 2122 929 3788 1008">
     <span class='ocr_line' id='line_1_25' title="bbox 2122 929 3788 1008; baseline -0.006 -17"><span class='ocrx_word' id='word_1_165' title='bbox 2122 936 2346 1004; x_wconf 89' lang='lat' dir='ltr'>audito,</span> <span class='ocrx_word' id='word_1_166' title='bbox 2369 951 2596 1008; x_wconf 90' lang='lat' dir='ltr'>paucos</span> <span class='ocrx_word' id='word_1_167' title='bbox 2627 933 2862 1001; x_wconf 87' lang='lat' dir='ltr'>milites,</span> <span class='ocrx_word' id='word_1_168' title='bbox 2893 933 2994 1005; x_wconf 89' lang='lat' dir='ltr'>qui</span> <span class='ocrx_word' id='word_1_169' title='bbox 3027 937 3169 988; x_wconf 90' lang='lat' dir='ltr'>tunc</span> <span class='ocrx_word' id='word_1_170' title='bbox 3195 930 3304 986; x_wconf 90' lang='lat' dir='ltr'>sibi</span> <span class='ocrx_word' id='word_1_171' title='bbox 3337 930 3484 986; x_wconf 87' lang='lat' dir='ltr'>forte</span> <span class='ocrx_word' id='word_1_172' title='bbox 3505 929 3788 996; x_wconf 88' lang='lat' dir='ltr'>aderant,</span> 
     </span>
    </p>
   </div>
   <div class='ocr_carea' id='block_1_26' title="bbox 2125 1019 3794 1098">
    <p class='ocr_par' dir='ltr' id='par_1_26' title="bbox 2125 1019 3794 1098">
     <span class='ocr_line' id='line_1_26' title="bbox 2125 1019 3794 1098; baseline -0.004 -18"><span class='ocrx_word' id='word_1_173' title='bbox 2125 1043 2328 1082; x_wconf 90' lang='lat' dir='ltr'>secum</span> <span class='ocrx_word' id='word_1_174' title='bbox 2360 1025 2548 1095; x_wconf 89' lang='lat' dir='ltr'>duxit,</span> <span class='ocrx_word' id='word_1_175' title='bbox 2582 1029 2638 1082; x_wconf 90' lang='lat' dir='ltr'>et</span> <span class='ocrx_word' id='word_1_176' title='bbox 2663 1025 2740 1081; x_wconf 88' lang='lat' dir='ltr'>ad</span> <span class='ocrx_word' id='word_1_177' title='bbox 2771 1024 3064 1098; x_wconf 85' lang='lat' dir='ltr'>oppidum</span> <span class='ocrx_word' id='word_1_178' title='bbox 3096 1021 3410 1078; x_wconf 83' lang='lat' dir='ltr'>festinavit.</span> <span class='ocrx_word' id='word_1_179' title='bbox 3447 1019 3794 1075; x_wconf 82' lang='lat' dir='ltr'>Ademarus</span> 
     </span>
    </p>
   </div>
   <div class='ocr_carea' id='block_1_27' title="bbox 2123 1109 3794 1183">
    <p class='ocr_par' dir='ltr' id='par_1_27' title="bbox 2123 1109 3794 1183">
     <span class='ocr_line' id='line_1_27' title="bbox 2123 1109 3794 1183; baseline -0.005 -11"><span class='ocrx_word' id='word_1_180' title='bbox 2123 1133 2265 1172; x_wconf 88' lang='lat' dir='ltr'>vero</span> <span class='ocrx_word' id='word_1_181' title='bbox 2297 1133 2434 1171; x_wconf 89' lang='lat' dir='ltr'>cum</span> <span class='ocrx_word' id='word_1_182' title='bbox 2485 1115 2688 1172; x_wconf 89' lang='lat' dir='ltr'>valida</span> <span class='ocrx_word' id='word_1_183' title='bbox 2744 1114 3036 1171; x_wconf 83' lang='lat' dir='ltr'>exercitus</span> <span class='ocrx_word' id='word_1_184' title='bbox 3086 1127 3295 1178; x_wconf 90' lang='lat' dir='ltr'>manu,</span> <span class='ocrx_word' id='word_1_185' title='bbox 3330 1109 3540 1183; x_wconf 89' lang='lat' dir='ltr'>oppidi</span> <span class='ocrx_word' id='word_1_186' title='bbox 3573 1124 3794 1182; x_wconf 81' lang='lat' dir='ltr'>perva-</span> 
     </span>
    </p>
   </div>
   <div class='ocr_carea' id='block_1_28' title="bbox 2125 1199 3788 1277">
    <p class='ocr_par' dir='ltr' id='par_1_28' title="bbox 2125 1199 3788 1277">
     <span class='ocr_line' id='line_1_28' title="bbox 2125 1199 3788 1277; baseline -0.006 -15"><span class='ocrx_word' id='word_1_187' title='bbox 2125 1223 2289 1262; x_wconf 87' lang='lat' dir='ltr'>sores</span> <span class='ocrx_word' id='word_1_188' title='bbox 2319 1204 2604 1277; x_wconf 79' lang='lat' dir='ltr'>subsequi</span> <span class='ocrx_word' id='word_1_189' title='bbox 2627 1203 2900 1277; x_wconf 88' lang='lat' dir='ltr'>parabat.</span> <span class='ocrx_word' id='word_1_190' title='bbox 2925 1201 3036 1260; x_wconf 89' lang='lat' dir='ltr'>Sed</span> <span class='ocrx_word' id='word_1_191' title='bbox 3056 1218 3192 1258; x_wconf 90' lang='lat' dir='ltr'>cum</span> <span class='ocrx_word' id='word_1_192' title='bbox 3211 1216 3332 1256; x_wconf 90' lang='lat' dir='ltr'>non</span> <span class='ocrx_word' id='word_1_193' title='bbox 3361 1199 3540 1270; x_wconf 90' lang='lat' dir='ltr'>longe</span> <span class='ocrx_word' id='word_1_194' title='bbox 3561 1201 3788 1264; x_wconf 88' lang='lat' dir='ltr'>essent,</span> 
     </span>
    </p>
   </div>
   <div class='ocr_carea' id='block_1_29' title="bbox 2125 1287 3794 1367">
    <p class='ocr_par' dir='ltr' id='par_1_29' title="bbox 2125 1287 3794 1367">
     <span class='ocr_line' id='line_1_29' title="bbox 2125 1287 3794 1367; baseline -0.006 -17"><span class='ocrx_word' id='word_1_195' title='bbox 2125 1295 2290 1367; x_wconf 87' lang='lat' dir='ltr'>quod</span> <span class='ocrx_word' id='word_1_196' title='bbox 2315 1295 2392 1350; x_wconf 86' lang='lat' dir='ltr'>ab</span> <span class='ocrx_word' id='word_1_197' title='bbox 2418 1293 2820 1349; x_wconf 87' lang='lat' dir='ltr'>obsidendum</span> <span class='ocrx_word' id='word_1_198' title='bbox 2847 1297 3108 1348; x_wconf 86' lang='lat' dir='ltr'>castrum</span> <span class='ocrx_word' id='word_1_199' title='bbox 3133 1287 3418 1346; x_wconf 89' lang='lat' dir='ltr'>Geraldus</span> <span class='ocrx_word' id='word_1_200' title='bbox 3449 1301 3794 1360; x_wconf 65' lang='lat' dir='ltr'>praecurre-</span> 
     </span>
    </p>
   </div>
   <div class='ocr_carea' id='block_1_30' title="bbox 2127 1374 3796 1450">
    <p class='ocr_par' dir='ltr' id='par_1_30' title="bbox 2127 1374 3796 1450">
     <span class='ocr_line' id='line_1_30' title="bbox 2127 1374 3796 1450; baseline -0.006 -11"><span class='ocrx_word' id='word_1_201' title='bbox 2127 1389 2237 1450; x_wconf 89' lang='lat' dir='ltr'>rat,</span> <span class='ocrx_word' id='word_1_202' title='bbox 2265 1382 2566 1438; x_wconf 85' lang='lat' dir='ltr'>volantem</span> <span class='ocrx_word' id='word_1_203' title='bbox 2623 1381 2946 1437; x_wconf 79' lang='lat' dir='ltr'>exercitum</span> <span class='ocrx_word' id='word_1_204' title='bbox 2995 1379 3254 1446; x_wconf 87' lang='lat' dir='ltr'>retinuit,</span> <span class='ocrx_word' id='word_1_205' title='bbox 3289 1377 3532 1432; x_wconf 89' lang='lat' dir='ltr'>dicens:</span> <span class='ocrx_word' id='word_1_206' title='bbox 3569 1374 3796 1448; x_wconf 85' lang='lat' dir='ltr'>Explo-</span> 
     </span>
    </p>
   </div>
   <div class='ocr_carea' id='block_1_31' title="bbox 2126 1467 3798 1544">
    <p class='ocr_par' dir='ltr' id='par_1_31' title="bbox 2126 1467 3798 1544">
     <span class='ocr_line' id='line_1_31' title="bbox 2126 1467 3798 1544; baseline -0.005 -16"><span class='ocrx_word' id='word_1_207' title='bbox 2126 1473 2386 1529; x_wconf 88' lang='lat' dir='ltr'>randum</span> <span class='ocrx_word' id='word_1_208' title='bbox 2409 1472 2582 1528; x_wconf 91' lang='lat' dir='ltr'>nobis</span> <span class='ocrx_word' id='word_1_209' title='bbox 2607 1475 2694 1527; x_wconf 90' lang='lat' dir='ltr'>est</span> <span class='ocrx_word' id='word_1_210' title='bbox 2725 1487 2994 1544; x_wconf 86' lang='lat' dir='ltr'>quanam</span> <span class='ocrx_word' id='word_1_211' title='bbox 3047 1467 3334 1523; x_wconf 87' lang='lat' dir='ltr'>Geraldus</span> <span class='ocrx_word' id='word_1_212' title='bbox 3375 1471 3798 1539; x_wconf 81' lang='lat' dir='ltr'>pugnatorum</span> 
     </span>
    </p>
   </div>
   <div class='ocr_carea' id='block_1_32' title="bbox 2130 1556 3800 1634">
    <p class='ocr_par' dir='ltr' id='par_1_32' title="bbox 2130 1556 3800 1634">
     <span class='ocr_line' id='line_1_32' title="bbox 2130 1556 3800 1634; baseline -0.005 -14"><span class='ocrx_word' id='word_1_213' title='bbox 2130 1562 2506 1620; x_wconf 87' lang='lat' dir='ltr'>multitudine</span> <span class='ocrx_word' id='word_1_214' title='bbox 2527 1562 2796 1628; x_wconf 86' lang='lat' dir='ltr'>valletur,</span> <span class='ocrx_word' id='word_1_215' title='bbox 2821 1560 2924 1634; x_wconf 89' lang='lat' dir='ltr'>qui</span> <span class='ocrx_word' id='word_1_216' title='bbox 2949 1577 3059 1616; x_wconf 90' lang='lat' dir='ltr'>nos</span> <span class='ocrx_word' id='word_1_217' title='bbox 3083 1559 3162 1615; x_wconf 91' lang='lat' dir='ltr'>ad</span> <span class='ocrx_word' id='word_1_218' title='bbox 3188 1557 3592 1614; x_wconf 88' lang='lat' dir='ltr'>obsidendum</span> <span class='ocrx_word' id='word_1_219' title='bbox 3615 1556 3800 1628; x_wconf 83' lang='lat' dir='ltr'>oppi-</span> 
     </span>
    </p>
   </div>
   <div class='ocr_carea' id='block_1_33' title="bbox 354 1641 2020 1724">
    <p class='ocr_par' dir='ltr' id='par_1_33' title="bbox 354 1641 2017 1717">
     <span class='ocr_line' id='line_1_33' title="bbox 354 1641 2017 1717; baseline -0.005 -14"><span class='ocrx_word' id='word_1_220' title='bbox 354 1647 701 1703; x_wconf 85' lang='lat' dir='ltr'>mundanas</span> <span class='ocrx_word' id='word_1_221' title='bbox 758 1661 930 1717; x_wconf 91' lang='lat' dir='ltr'>opes,</span> <span class='ocrx_word' id='word_1_222' title='bbox 965 1649 1022 1700; x_wconf 90' lang='lat' dir='ltr'>et</span> <span class='ocrx_word' id='word_1_223' title='bbox 1068 1645 1130 1699; x_wconf 90' lang='lat' dir='ltr'>in</span> <span class='ocrx_word' id='word_1_224' title='bbox 1188 1643 1425 1712; x_wconf 86' lang='lat' dir='ltr'>fastigio</span> <span class='ocrx_word' id='word_1_225' title='bbox 1487 1647 1718 1699; x_wconf 88' lang='lat' dir='ltr'>terreno</span> <span class='ocrx_word' id='word_1_226' title='bbox 1769 1641 2017 1714; x_wconf 90' lang='lat' dir='ltr'>positus,</span> 
     </span>
    </p>
   </div>
   <div class='ocr_carea' id='block_1_34' title="bbox 2132 1641 3800 1724">
    <p class='ocr_par' dir='ltr' id='par_1_34' title="bbox 2132 1645 3800 1724">
     <span class='ocr_line' id='line_1_34' title="bbox 2132 1645 3800 1724; baseline -0.005 -16"><span class='ocrx_word' id='word_1_227' title='bbox 2132 1653 2276 1708; x_wconf 83' lang='lat' dir='ltr'>dum</span> <span class='ocrx_word' id='word_1_228' title='bbox 2303 1668 2488 1707; x_wconf 89' lang='lat' dir='ltr'>ausus</span> <span class='ocrx_word' id='word_1_229' title='bbox 2540 1655 2630 1707; x_wconf 90' lang='lat' dir='ltr'>est</span> <span class='ocrx_word' id='word_1_230' title='bbox 2657 1649 3006 1724; x_wconf 73' lang='lat' dir='ltr'>praevenire.</span> <span class='ocrx_word' id='word_1_231' title='bbox 3041 1651 3240 1721; x_wconf 86' lang='lat' dir='ltr'>Neque</span> <span class='ocrx_word' id='word_1_232' title='bbox 3270 1647 3430 1702; x_wconf 90' lang='lat' dir='ltr'>enim</span> <span class='ocrx_word' id='word_1_233' title='bbox 3467 1661 3532 1700; x_wconf 88' lang='lat' dir='ltr'>se</span> <span class='ocrx_word' id='word_1_234' title='bbox 3578 1645 3640 1700; x_wconf 90' lang='lat' dir='ltr'>in</span> <span class='ocrx_word' id='word_1_235' title='bbox 3671 1645 3800 1700; x_wconf 90' lang='lat' dir='ltr'>hoc</span> 
     </span>
    </p>
   </div>
   <div class='ocr_carea' id='block_1_35' title="bbox 360 1729 2022 1800">
    <p class='ocr_par' dir='ltr' id='par_1_35' title="bbox 360 1729 2022 1800">
     <span class='ocr_line' id='line_1_35' title="bbox 360 1729 2022 1800; baseline -0.004 -10"><span class='ocrx_word' id='word_1_236' title='bbox 360 1735 690 1790; x_wconf 89' lang='lat' dir='ltr'>castitatem</span> <span class='ocrx_word' id='word_1_237' title='bbox 741 1733 1011 1788; x_wconf 88' lang='lat' dir='ltr'>servavit.</span> <span class='ocrx_word' id='word_1_238' title='bbox 1047 1731 1198 1797; x_wconf 89' lang='lat' dir='ltr'>Quid</span> <span class='ocrx_word' id='word_1_239' title='bbox 1243 1729 1722 1800; x_wconf 87' lang='lat' dir='ltr'>magniﬁcentius</span> <span class='ocrx_word' id='word_1_240' title='bbox 1761 1729 2022 1786; x_wconf 85' lang='lat' dir='ltr'>faceret?</span> 
     </span>
    </p>
   </div>
   <div class='ocr_carea' id='block_1_36' title="bbox 360 1818 2025 1894">
    <p class='ocr_par' dir='ltr' id='par_1_36' title="bbox 360 1818 2025 1894">
     <span class='ocr_line' id='line_1_36' title="bbox 360 1818 2025 1894; baseline -0.002 -17"><span class='ocrx_word' id='word_1_241' title='bbox 360 1822 512 1879; x_wconf 84' lang='lat' dir='ltr'>Nihil</span> <span class='ocrx_word' id='word_1_242' title='bbox 542 1821 802 1894; x_wconf 86' lang='lat' dir='ltr'>amplius</span> <span class='ocrx_word' id='word_1_243' title='bbox 831 1825 932 1876; x_wconf 88' lang='lat' dir='ltr'>aut</span> <span class='ocrx_word' id='word_1_244' title='bbox 955 1819 1335 1876; x_wconf 84' lang='lat' dir='ltr'>excellentius</span> <span class='ocrx_word' id='word_1_245' title='bbox 1363 1820 1654 1892; x_wconf 85' lang='lat' dir='ltr'>requiras.</span> <span class='ocrx_word' id='word_1_246' title='bbox 1690 1823 1839 1875; x_wconf 87' lang='lat' dir='ltr'>Nam</span> <span class='ocrx_word' id='word_1_247' title='bbox 1871 1818 2025 1874; x_wconf 88' lang='lat' dir='ltr'>sicut</span> 
     </span>
    </p>
   </div>
   <div class='ocr_carea' id='block_1_37' title="bbox 360 1908 2026 1982">
    <p class='ocr_par' dir='ltr' id='par_1_37' title="bbox 360 1908 2026 1982">
     <span class='ocr_line' id='line_1_37' title="bbox 360 1908 2026 1982; baseline -0.002 -15"><span class='ocrx_word' id='word_1_248' title='bbox 360 1911 574 1967; x_wconf 89' lang='lat' dir='ltr'>beatus</span> <span class='ocrx_word' id='word_1_249' title='bbox 631 1910 910 1967; x_wconf 82' lang='lat' dir='ltr'>Martinus</span> <span class='ocrx_word' id='word_1_250' title='bbox 969 1909 1261 1982; x_wconf 88' lang='lat' dir='ltr'>perhibet,</span> <span class='ocrx_word' id='word_1_251' title='bbox 1330 1909 1497 1979; x_wconf 89' lang='lat' dir='ltr'>nihil,</span> <span class='ocrx_word' id='word_1_252' title='bbox 1554 1908 1874 1980; x_wconf 80' lang='lat' dir='ltr'>virginitati</span> <span class='ocrx_word' id='word_1_253' title='bbox 1937 1911 2026 1964; x_wconf 90' lang='lat' dir='ltr'>est</span> 
     </span>
    </p>
   </div>
   <div class='ocr_carea' id='block_1_38' title="bbox 363 1999 866 2072">
    <p class='ocr_par' dir='ltr' id='par_1_38' title="bbox 363 1999 866 2072">
     <span class='ocr_line' id='line_1_38' title="bbox 363 1999 866 2072; baseline -0.008 -15"><span class='ocrx_word' id='word_1_254' title='bbox 363 1999 866 2072; x_wconf 89' lang='lat' dir='ltr'>comparandum.</span> 
     </span>
    </p>
   </div>
   <div class='ocr_carea' id='block_1_39' title="bbox 432 2105 2027 2178">
    <p class='ocr_par' dir='ltr' id='par_1_39' title="bbox 432 2105 2027 2178">
     <span class='ocr_line' id='line_1_39' title="bbox 432 2105 2027 2178; baseline -0.002 -15"><span class='ocrx_word' id='word_1_255' title='bbox 432 2110 606 2164; x_wconf 85' lang='lat' dir='ltr'>XXXV</span> <span class='ocrx_word' id='word_1_256' title='bbox 637 2106 762 2178; x_wconf 78' lang='lat'>(95).</span> <span class='ocrx_word' id='word_1_257' title='bbox 815 2105 979 2162; x_wconf 91' lang='lat' dir='ltr'>Unde</span> <span class='ocrx_word' id='word_1_258' title='bbox 1009 2109 1066 2160; x_wconf 93' lang='lat' dir='ltr'>et</span> <span class='ocrx_word' id='word_1_259' title='bbox 1115 2105 1446 2162; x_wconf 80' lang='lat' dir='ltr'>Ademarus</span> <span class='ocrx_word' id='word_1_260' title='bbox 1478 2121 1680 2162; x_wconf 85' lang='lat' dir='ltr'>comes</span> <span class='ocrx_word' id='word_1_261' title='bbox 1711 2105 2027 2162; x_wconf 86' lang='lat' dir='ltr'>vehemen-</span> 
     </span>
    </p>
   </div>
   <div class='ocr_carea' id='block_1_40' title="bbox 366 2189 2026 2262">
    <p class='ocr_par' dir='ltr' id='par_1_40' title="bbox 366 2189 2026 2262">
     <span class='ocr_line' id='line_1_40' title="bbox 366 2189 2026 2262; baseline -0.002 -14"><span class='ocrx_word' id='word_1_262' title='bbox 366 2195 448 2248; x_wconf 88' lang='lat' dir='ltr'>ter</span> <span class='ocrx_word' id='word_1_263' title='bbox 477 2191 760 2258; x_wconf 86' lang='lat' dir='ltr'>instabat,</span> <span class='ocrx_word' id='word_1_264' title='bbox 793 2193 856 2245; x_wconf 89' lang='lat' dir='ltr'>ut</span> <span class='ocrx_word' id='word_1_265' title='bbox 885 2206 1022 2245; x_wconf 87' lang='lat' dir='ltr'>eum</span> <span class='ocrx_word' id='word_1_266' title='bbox 1057 2207 1180 2245; x_wconf 66' lang='lat' dir='ltr'>suae</span> <span class='ocrx_word' id='word_1_267' title='bbox 1204 2190 1413 2245; x_wconf 89' lang='lat' dir='ltr'>ditioni</span> <span class='ocrx_word' id='word_1_268' title='bbox 1443 2189 1828 2260; x_wconf 86' lang='lat' dir='ltr'>subdidisset,</span> <span class='ocrx_word' id='word_1_269' title='bbox 1861 2189 2026 2262; x_wconf 91' lang='lat' dir='ltr'>quod</span> 
     </span>
    </p>
   </div>
   <div class='ocr_carea' id='block_1_41' title="bbox 361 2278 2026 2354">
    <p class='ocr_par' dir='ltr' id='par_1_41' title="bbox 361 2278 2026 2354">
     <span class='ocr_line' id='line_1_41' title="bbox 361 2278 2026 2354; baseline -0.002 -17"><span class='ocrx_word' id='word_1_270' title='bbox 361 2280 527 2337; x_wconf 91' lang='lat' dir='ltr'>nullo</span> <span class='ocrx_word' id='word_1_271' title='bbox 555 2280 834 2352; x_wconf 89' lang='lat' dir='ltr'>equidem</span> <span class='ocrx_word' id='word_1_272' title='bbox 855 2284 1034 2354; x_wconf 91' lang='lat' dir='ltr'>pacto</span> <span class='ocrx_word' id='word_1_273' title='bbox 1056 2283 1409 2352; x_wconf 85' lang='lat' dir='ltr'>extorquere</span> <span class='ocrx_word' id='word_1_274' title='bbox 1440 2279 1651 2352; x_wconf 90' lang='lat' dir='ltr'>potuit.</span> <span class='ocrx_word' id='word_1_275' title='bbox 1680 2283 1806 2334; x_wconf 86' lang='lat' dir='ltr'>Non</span> <span class='ocrx_word' id='word_1_276' title='bbox 1829 2278 2026 2334; x_wconf 90' lang='lat' dir='ltr'>solum</span> 
     </span>
    </p>
   </div>
   <div class='ocr_carea' id='block_1_42' title="bbox 362 2366 2026 2442">
    <p class='ocr_par' dir='ltr' id='par_1_42' title="bbox 362 2366 2026 2442">
     <span class='ocr_line' id='line_1_42' title="bbox 362 2366 2026 2442; baseline -0.002 -19"><span class='ocrx_word' id='word_1_277' title='bbox 362 2369 588 2442; x_wconf 90' lang='lat' dir='ltr'>quippe</span> <span class='ocrx_word' id='word_1_278' title='bbox 619 2367 815 2424; x_wconf 89' lang='lat' dir='ltr'>eidem</span> <span class='ocrx_word' id='word_1_279' title='bbox 841 2366 1164 2435; x_wconf 83' lang='lat' dir='ltr'>Ademaro,</span> <span class='ocrx_word' id='word_1_280' title='bbox 1201 2366 1315 2422; x_wconf 87' lang='lat' dir='ltr'>Sed</span> <span class='ocrx_word' id='word_1_281' title='bbox 1341 2383 1452 2420; x_wconf 91' lang='lat' dir='ltr'>nec</span> <span class='ocrx_word' id='word_1_282' title='bbox 1483 2366 1748 2422; x_wconf 89' lang='lat' dir='ltr'>Wilelmo</span> <span class='ocrx_word' id='word_1_283' title='bbox 1782 2366 2026 2438; x_wconf 89' lang='lat' dir='ltr'>quidem</span> 
     </span>
    </p>
   </div>
   <div class='ocr_carea' id='block_1_43' title="bbox 363 2453 2025 2528">
    <p class='ocr_par' dir='ltr' id='par_1_43' title="bbox 363 2453 2025 2528">
     <span class='ocr_line' id='line_1_43' title="bbox 363 2453 2025 2528; baseline -0.002 -16"><span class='ocrx_word' id='word_1_284' title='bbox 363 2456 524 2527; x_wconf 92' lang='lat' dir='ltr'>duci,</span> <span class='ocrx_word' id='word_1_285' title='bbox 551 2457 657 2528; x_wconf 88' lang='lat' dir='ltr'>qui</span> <span class='ocrx_word' id='word_1_286' title='bbox 689 2459 826 2512; x_wconf 90' lang='lat' dir='ltr'>tunc</span> <span class='ocrx_word' id='word_1_287' title='bbox 851 2456 1084 2526; x_wconf 88' lang='lat' dir='ltr'>majore</span> <span class='ocrx_word' id='word_1_288' title='bbox 1112 2471 1311 2510; x_wconf 88' lang='lat' dir='ltr'>rerum</span> <span class='ocrx_word' id='word_1_289' title='bbox 1337 2453 1643 2510; x_wconf 76' lang='lat' dir='ltr'>afﬂuentia</span> <span class='ocrx_word' id='word_1_290' title='bbox 1665 2454 2025 2526; x_wconf 88' lang='lat' dir='ltr'>potiebatur,</span> 
     </span>
    </p>
   </div>
   <div class='ocr_carea' id='block_1_44' title="bbox 366 2543 2028 2612">
    <p class='ocr_par' dir='ltr' id='par_1_44' title="bbox 366 2543 2028 2612">
     <span class='ocr_line' id='line_1_44' title="bbox 366 2543 2028 2612; baseline -0.001 -12"><span class='ocrx_word' id='word_1_291' title='bbox 366 2562 428 2600; x_wconf 91' lang='lat' dir='ltr'>se</span> <span class='ocrx_word' id='word_1_292' title='bbox 449 2544 877 2600; x_wconf 82' lang='lat' dir='ltr'>commendare</span> <span class='ocrx_word' id='word_1_293' title='bbox 909 2559 1194 2599; x_wconf 89' lang='lat' dir='ltr'>assensus</span> <span class='ocrx_word' id='word_1_294' title='bbox 1225 2548 1336 2612; x_wconf 88' lang='lat' dir='ltr'>est,</span> <span class='ocrx_word' id='word_1_295' title='bbox 1367 2543 1554 2598; x_wconf 90' lang='lat' dir='ltr'>Credo</span> <span class='ocrx_word' id='word_1_296' title='bbox 1601 2543 2028 2600; x_wconf 88' lang='lat' dir='ltr'>Mardocheum</span> 
     </span>
    </p>
   </div>
   <div class='ocr_carea' id='block_1_45' title="bbox 367 2631 2028 2704">
    <p class='ocr_par' dir='ltr' id='par_1_45' title="bbox 367 2631 2028 2704">
     <span class='ocr_line' id='line_1_45' title="bbox 367 2631 2028 2704; baseline 0.001 -16"><span class='ocrx_word' id='word_1_297' title='bbox 367 2633 452 2688; x_wconf 91' lang='lat' dir='ltr'>vir</span> <span class='ocrx_word' id='word_1_298' title='bbox 480 2633 589 2688; x_wconf 87' lang='lat' dir='ltr'>iste</span> <span class='ocrx_word' id='word_1_299' title='bbox 616 2633 1039 2699; x_wconf 86' lang='lat' dir='ltr'>meditabatur,</span> <span class='ocrx_word' id='word_1_300' title='bbox 1058 2633 1161 2704; x_wconf 91' lang='lat' dir='ltr'>qui</span> <span class='ocrx_word' id='word_1_301' title='bbox 1195 2631 1454 2704; x_wconf 90' lang='lat' dir='ltr'>superbo</span> <span class='ocrx_word' id='word_1_302' title='bbox 1472 2638 1664 2688; x_wconf 84' lang='lat' dir='ltr'>Aman</span> <span class='ocrx_word' id='word_1_303' title='bbox 1690 2649 1750 2688; x_wconf 91' lang='lat' dir='ltr'>se</span> <span class='ocrx_word' id='word_1_304' title='bbox 1775 2633 2028 2689; x_wconf 86' lang='lat' dir='ltr'>submit-</span> 
     </span>
    </p>
   </div>
   <div class='ocr_carea' id='block_1_46' title="bbox 363 2721 2029 2794">
    <p class='ocr_par' dir='ltr' id='par_1_46' title="bbox 363 2721 2029 2794">
     <span class='ocr_line' id='line_1_46' title="bbox 363 2721 2029 2794; baseline 0 -16"><span class='ocrx_word' id='word_1_305' title='bbox 363 2727 506 2790; x_wconf 85' lang='lat' dir='ltr'>tere,</span> <span class='ocrx_word' id='word_1_306' title='bbox 539 2721 951 2793; x_wconf 90' lang='lat' dir='ltr'>honoremque</span> <span class='ocrx_word' id='word_1_307' title='bbox 981 2721 1223 2792; x_wconf 82' lang='lat' dir='ltr'>regibus</span> <span class='ocrx_word' id='word_1_308' title='bbox 1254 2738 1290 2776; x_wconf 89' lang='lat' dir='ltr'>a</span> <span class='ocrx_word' id='word_1_309' title='bbox 1311 2725 1430 2777; x_wconf 92' lang='lat' dir='ltr'>Deo</span> <span class='ocrx_word' id='word_1_310' title='bbox 1461 2721 1742 2778; x_wconf 91' lang='lat' dir='ltr'>collatum</span> <span class='ocrx_word' id='word_1_311' title='bbox 1762 2723 2029 2794; x_wconf 71' lang='lat' dir='ltr'>praebere</span> 
     </span>
    </p>
   </div>
   <div class='ocr_carea' id='block_1_47' title="bbox 365 2809 2031 2883">
    <p class='ocr_par' dir='ltr' id='par_1_47' title="bbox 365 2809 2031 2883">
     <span class='ocr_line' id='line_1_47' title="bbox 365 2809 2031 2883; baseline 0.001 -16"><span class='ocrx_word' id='word_1_312' title='bbox 365 2810 750 2883; x_wconf 88' lang='lat' dir='ltr'>contempsit.</span> <span class='ocrx_word' id='word_1_313' title='bbox 783 2813 999 2866; x_wconf 87' lang='lat' dir='ltr'>Verum</span> <span class='ocrx_word' id='word_1_314' title='bbox 1032 2827 1170 2866; x_wconf 90' lang='lat' dir='ltr'>cum</span> <span class='ocrx_word' id='word_1_315' title='bbox 1193 2809 1252 2865; x_wconf 89' lang='lat' dir='ltr'>in</span> <span class='ocrx_word' id='word_1_316' title='bbox 1287 2811 1546 2867; x_wconf 89' lang='lat' dir='ltr'>amicitia</span> <span class='ocrx_word' id='word_1_317' title='bbox 1579 2811 1848 2867; x_wconf 90' lang='lat' dir='ltr'>Willelmi</span> <span class='ocrx_word' id='word_1_318' title='bbox 1871 2812 2031 2868; x_wconf 88' lang='lat' dir='ltr'>devi-</span> 
     </span>
    </p>
   </div>
   <div class='ocr_carea' id='block_1_48' title="bbox 367 2899 2029 2972">
    <p class='ocr_par' dir='ltr' id='par_1_48' title="bbox 367 2899 2029 2972">
     <span class='ocr_line' id='line_1_48' title="bbox 367 2899 2029 2972; baseline 0.001 -16"><span class='ocrx_word' id='word_1_319' title='bbox 367 2905 496 2956; x_wconf 91' lang='lat' dir='ltr'>ctus</span> <span class='ocrx_word' id='word_1_320' title='bbox 526 2915 740 2972; x_wconf 83' lang='lat' dir='ltr'>pacem</span> <span class='ocrx_word' id='word_1_321' title='bbox 761 2899 985 2956; x_wconf 90' lang='lat' dir='ltr'>habere</span> <span class='ocrx_word' id='word_1_322' title='bbox 1017 2899 1331 2970; x_wconf 86' lang='lat' dir='ltr'>videretur,</span> <span class='ocrx_word' id='word_1_323' title='bbox 1364 2905 1430 2956; x_wconf 90' lang='lat' dir='ltr'>ut</span> <span class='ocrx_word' id='word_1_324' title='bbox 1447 2901 1677 2956; x_wconf 90' lang='lat' dir='ltr'>homini</span> <span class='ocrx_word' id='word_1_325' title='bbox 1705 2901 1767 2956; x_wconf 92' lang='lat' dir='ltr'>in</span> <span class='ocrx_word' id='word_1_326' title='bbox 1798 2901 2029 2958; x_wconf 89' lang='lat' dir='ltr'>Christo</span> 
     </span>
    </p>
   </div>
   <div class='ocr_carea' id='block_1_49' title="bbox 2129 1735 3802 1815">
    <p class='ocr_par' dir='ltr' id='par_1_49' title="bbox 2129 1735 3802 1815">
     <span class='ocr_line' id='line_1_49' title="bbox 2129 1735 3802 1815; baseline -0.005 -17"><span class='ocrx_word' id='word_1_327' title='bbox 2129 1741 2394 1815; x_wconf 89' lang='lat' dir='ltr'>periculo</span> <span class='ocrx_word' id='word_1_328' title='bbox 2441 1739 2897 1814; x_wconf 64' lang='lat' dir='ltr'>praecipitasset,</span> <span class='ocrx_word' id='word_1_329' title='bbox 2931 1737 3044 1794; x_wconf 90' lang='lat' dir='ltr'>nisi</span> <span class='ocrx_word' id='word_1_330' title='bbox 3082 1735 3489 1811; x_wconf 89' lang='lat' dir='ltr'>quorumlibet</span> <span class='ocrx_word' id='word_1_331' title='bbox 3539 1735 3802 1790; x_wconf 82' lang='lat' dir='ltr'>rustico-</span> 
     </span>
    </p>
   </div>
   <div class='ocr_carea' id='block_1_50' title="bbox 2131 1824 3796 1902">
    <p class='ocr_par' dir='ltr' id='par_1_50' title="bbox 2131 1824 3796 1902">
     <span class='ocr_line' id='line_1_50' title="bbox 2131 1824 3796 1902; baseline -0.005 -16"><span class='ocrx_word' id='word_1_332' title='bbox 2131 1847 2267 1886; x_wconf 91' lang='lat' dir='ltr'>rum</span> <span class='ocrx_word' id='word_1_333' title='bbox 2297 1829 2516 1886; x_wconf 85' lang='lat' dir='ltr'>auxilio</span> <span class='ocrx_word' id='word_1_334' title='bbox 2548 1834 2752 1902; x_wconf 88' lang='lat' dir='ltr'>septus</span> <span class='ocrx_word' id='word_1_335' title='bbox 2783 1833 2956 1885; x_wconf 90' lang='lat' dir='ltr'>esset.</span> <span class='ocrx_word' id='word_1_336' title='bbox 2983 1827 3216 1882; x_wconf 81' lang='lat' dir='ltr'>Dixerat</span> <span class='ocrx_word' id='word_1_337' title='bbox 3246 1827 3394 1896; x_wconf 59' lang='lat' dir='ltr'>haec,</span> <span class='ocrx_word' id='word_1_338' title='bbox 3429 1829 3486 1880; x_wconf 91' lang='lat' dir='ltr'>et</span> <span class='ocrx_word' id='word_1_339' title='bbox 3508 1824 3796 1897; x_wconf 87' lang='lat' dir='ltr'>pernices</span> 
     </span>
    </p>
   </div>
   <div class='ocr_carea' id='block_1_51' title="bbox 2133 1915 3800 1992">
    <p class='ocr_par' dir='ltr' id='par_1_51' title="bbox 2133 1915 3800 1992">
     <span class='ocr_line' id='line_1_51' title="bbox 2133 1915 3800 1992; baseline -0.005 -17"><span class='ocrx_word' id='word_1_340' title='bbox 2133 1919 2359 1992; x_wconf 88' lang='lat' dir='ltr'>equites</span> <span class='ocrx_word' id='word_1_341' title='bbox 2386 1918 2464 1975; x_wconf 91' lang='lat' dir='ltr'>ad</span> <span class='ocrx_word' id='word_1_342' title='bbox 2495 1919 2609 1974; x_wconf 92' lang='lat' dir='ltr'>hoc</span> <span class='ocrx_word' id='word_1_343' title='bbox 2625 1916 3066 1990; x_wconf 89' lang='lat' dir='ltr'>explorandum</span> <span class='ocrx_word' id='word_1_344' title='bbox 3095 1915 3323 1970; x_wconf 73' lang='lat' dir='ltr'>direxxt.</span> <span class='ocrx_word' id='word_1_345' title='bbox 3347 1917 3470 1970; x_wconf 81' lang='lat' dir='ltr'>Nox</span> <span class='ocrx_word' id='word_1_346' title='bbox 3485 1929 3629 1970; x_wconf 89' lang='lat' dir='ltr'>vero</span> <span class='ocrx_word' id='word_1_347' title='bbox 3659 1917 3800 1984; x_wconf 75' lang='lat' dir='ltr'>tum</span> 
     </span>
    </p>
   </div>
   <div class='ocr_carea' id='block_1_52' title="bbox 2131 2003 3804 2080">
    <p class='ocr_par' dir='ltr' id='par_1_52' title="bbox 2131 2003 3804 2080">
     <span class='ocr_line' id='line_1_52' title="bbox 2131 2003 3804 2080; baseline -0.004 -15"><span class='ocrx_word' id='word_1_348' title='bbox 2131 2010 2466 2080; x_wconf 87' lang='lat' dir='ltr'>ingruerat:</span> <span class='ocrx_word' id='word_1_349' title='bbox 2499 2024 2611 2064; x_wconf 91' lang='lat' dir='ltr'>nec</span> <span class='ocrx_word' id='word_1_350' title='bbox 2649 2006 2908 2063; x_wconf 79' lang='lat' dir='ltr'>cunctati</span> <span class='ocrx_word' id='word_1_351' title='bbox 2954 2005 3358 2078; x_wconf 75' lang='lat' dir='ltr'>exploratores</span> <span class='ocrx_word' id='word_1_352' title='bbox 3406 2003 3706 2068; x_wconf 88' lang='lat' dir='ltr'>festinant,</span> <span class='ocrx_word' id='word_1_353' title='bbox 3737 2005 3804 2059; x_wconf 84' lang='lat' dir='ltr'>et</span> 
     </span>
    </p>
   </div>
   <div class='ocr_carea' id='block_1_53' title="bbox 2133 2092 3808 2172">
    <p class='ocr_par' dir='ltr' id='par_1_53' title="bbox 2133 2092 3808 2172">
     <span class='ocr_line' id='line_1_53' title="bbox 2133 2092 3808 2172; baseline -0.004 -18"><span class='ocrx_word' id='word_1_354' title='bbox 2133 2115 2416 2172; x_wconf 79' lang='lat' dir='ltr'>quamam</span> <span class='ocrx_word' id='word_1_355' title='bbox 2473 2098 2591 2153; x_wconf 88' lang='lat' dir='ltr'>sint</span> <span class='ocrx_word' id='word_1_356' title='bbox 2621 2101 2818 2153; x_wconf 89' lang='lat' dir='ltr'>castra</span> <span class='ocrx_word' id='word_1_357' title='bbox 2849 2095 3080 2152; x_wconf 89' lang='lat' dir='ltr'>Geraldi</span> <span class='ocrx_word' id='word_1_358' title='bbox 3111 2092 3355 2150; x_wconf 90' lang='lat' dir='ltr'>sollicite</span> <span class='ocrx_word' id='word_1_359' title='bbox 3379 2092 3690 2148; x_wconf 83' lang='lat' dir='ltr'>rimantur.</span> <span class='ocrx_word' id='word_1_360' title='bbox 3727 2093 3808 2148; x_wconf 87' lang='lat' dir='ltr'>Ut</span> 
     </span>
    </p>
   </div>
   <div class='ocr_carea' id='block_1_54' title="bbox 2136 2179 3808 2256">
    <p class='ocr_par' dir='ltr' id='par_1_54' title="bbox 2136 2179 3808 2256">
     <span class='ocr_line' id='line_1_54' title="bbox 2136 2179 3808 2256; baseline -0.005 -13"><span class='ocrx_word' id='word_1_361' title='bbox 2136 2193 2334 2243; x_wconf 89' lang='lat' dir='ltr'>autem</span> <span class='ocrx_word' id='word_1_362' title='bbox 2362 2187 2422 2242; x_wconf 92' lang='lat' dir='ltr'>in</span> <span class='ocrx_word' id='word_1_363' title='bbox 2451 2191 2625 2242; x_wconf 91' lang='lat' dir='ltr'>nocte</span> <span class='ocrx_word' id='word_1_364' title='bbox 2657 2185 2804 2241; x_wconf 92' lang='lat' dir='ltr'>solet</span> <span class='ocrx_word' id='word_1_365' title='bbox 2847 2184 2992 2252; x_wconf 86' lang='lat' dir='ltr'>ﬁeri,</span> <span class='ocrx_word' id='word_1_366' title='bbox 3021 2182 3252 2256; x_wconf 85' lang='lat' dir='ltr'>lapides</span> <span class='ocrx_word' id='word_1_367' title='bbox 3299 2181 3624 2238; x_wconf 86' lang='lat' dir='ltr'>albicantes</span> <span class='ocrx_word' id='word_1_368' title='bbox 3651 2179 3808 2236; x_wconf 84' lang='lat' dir='ltr'>emi-</span> 
     </span>
    </p>
   </div>
   <div class='ocr_carea' id='block_1_55' title="bbox 2134 2269 3812 2346">
    <p class='ocr_par' dir='ltr' id='par_1_55' title="bbox 2134 2269 3812 2346">
     <span class='ocr_line' id='line_1_55' title="bbox 2134 2269 3812 2346; baseline -0.005 -14"><span class='ocrx_word' id='word_1_369' title='bbox 2134 2293 2249 2332; x_wconf 90' lang='lat' dir='ltr'>nus</span> <span class='ocrx_word' id='word_1_370' title='bbox 2271 2275 2383 2332; x_wconf 91' lang='lat' dir='ltr'>sub</span> <span class='ocrx_word' id='word_1_371' title='bbox 2406 2275 2630 2331; x_wconf 88' lang='lat' dir='ltr'>incerto</span> <span class='ocrx_word' id='word_1_372' title='bbox 2660 2273 2787 2330; x_wconf 90' lang='lat' dir='ltr'>visu</span> <span class='ocrx_word' id='word_1_373' title='bbox 2823 2272 3174 2346; x_wconf 89' lang='lat' dir='ltr'>conspicati,</span> <span class='ocrx_word' id='word_1_374' title='bbox 3229 2269 3630 2328; x_wconf 88' lang='lat' dir='ltr'>obsidentium</span> <span class='ocrx_word' id='word_1_375' title='bbox 3671 2273 3812 2324; x_wconf 83' lang='lat' dir='ltr'>ten-</span> 
     </span>
    </p>
   </div>
   <div class='ocr_carea' id='block_1_56' title="bbox 2137 2361 3808 2436">
    <p class='ocr_par' dir='ltr' id='par_1_56' title="bbox 2137 2361 3808 2436">
     <span class='ocr_line' id='line_1_56' title="bbox 2137 2361 3808 2436; baseline -0.006 -15"><span class='ocrx_word' id='word_1_376' title='bbox 2137 2365 2286 2421; x_wconf 87' lang='lat' dir='ltr'>toria</span> <span class='ocrx_word' id='word_1_377' title='bbox 2318 2367 2697 2436; x_wconf 90' lang='lat' dir='ltr'>putaverunt.</span> <span class='ocrx_word' id='word_1_378' title='bbox 2742 2362 2851 2428; x_wconf 91' lang='lat' dir='ltr'>Qui</span> <span class='ocrx_word' id='word_1_379' title='bbox 2879 2361 3154 2435; x_wconf 85' lang='lat' dir='ltr'>protinus</span> <span class='ocrx_word' id='word_1_380' title='bbox 3211 2374 3546 2430; x_wconf 83' lang='lat' dir='ltr'>exsangues</span> <span class='ocrx_word' id='word_1_381' title='bbox 3574 2361 3632 2412; x_wconf 88' lang='lat' dir='ltr'>et</span> <span class='ocrx_word' id='word_1_382' title='bbox 3657 2372 3808 2430; x_wconf 79' lang='lat' dir='ltr'>per-</span> 
     </span>
    </p>
   </div>
   <div class='ocr_carea' id='block_1_57' title="bbox 2137 2449 3810 2519">
    <p class='ocr_par' dir='ltr' id='par_1_57' title="bbox 2137 2449 3810 2519">
     <span class='ocr_line' id='line_1_57' title="bbox 2137 2449 3810 2519; baseline -0.007 -10"><span class='ocrx_word' id='word_1_383' title='bbox 2137 2452 2315 2510; x_wconf 88' lang='lat' dir='ltr'>territi</span> <span class='ocrx_word' id='word_1_384' title='bbox 2345 2452 2422 2508; x_wconf 93' lang='lat' dir='ltr'>ad</span> <span class='ocrx_word' id='word_1_385' title='bbox 2452 2451 2818 2507; x_wconf 88' lang='lat' dir='ltr'>Ademarum</span> <span class='ocrx_word' id='word_1_386' title='bbox 2861 2454 3190 2519; x_wconf 90' lang='lat' dir='ltr'>recurrunt,</span> <span class='ocrx_word' id='word_1_387' title='bbox 3225 2465 3295 2505; x_wconf 90' lang='lat' dir='ltr'>ac</span> <span class='ocrx_word' id='word_1_388' title='bbox 3317 2449 3627 2518; x_wconf 89' lang='lat' dir='ltr'>ingentum</span> <span class='ocrx_word' id='word_1_389' title='bbox 3657 2461 3810 2500; x_wconf 86' lang='lat' dir='ltr'>cas-</span> 
     </span>
    </p>
   </div>
   <div class='ocr_carea' id='block_1_58' title="bbox 2139 2534 3812 2598">
    <p class='ocr_par' dir='ltr' id='par_1_58' title="bbox 2139 2534 3812 2598">
     <span class='ocr_line' id='line_1_58' title="bbox 2139 2534 3812 2598; baseline -0.005 0"><span class='ocrx_word' id='word_1_390' title='bbox 2139 2548 2364 2598; x_wconf 91' lang='lat' dir='ltr'>trorum</span> <span class='ocrx_word' id='word_1_391' title='bbox 2383 2540 2826 2596; x_wconf 89' lang='lat' dir='ltr'>multitudinem</span> <span class='ocrx_word' id='word_1_392' title='bbox 2848 2555 2911 2594; x_wconf 90' lang='lat' dir='ltr'>se</span> <span class='ocrx_word' id='word_1_393' title='bbox 2939 2539 3160 2594; x_wconf 87' lang='lat' dir='ltr'>vidisse</span> <span class='ocrx_word' id='word_1_394' title='bbox 3182 2537 3460 2594; x_wconf 89' lang='lat' dir='ltr'>fatentur.</span> <span class='ocrx_word' id='word_1_395' title='bbox 3479 2534 3812 2592; x_wconf 86' lang='lat' dir='ltr'>Redierant</span> 
     </span>
    </p>
   </div>
   <div class='ocr_carea' id='block_1_59' title="bbox 2137 2625 3811 2702">
    <p class='ocr_par' dir='ltr' id='par_1_59' title="bbox 2137 2625 3811 2702">
     <span class='ocr_line' id='line_1_59' title="bbox 2137 2625 3811 2702; baseline -0.005 -15"><span class='ocrx_word' id='word_1_396' title='bbox 2137 2631 2299 2688; x_wconf 93' lang='lat' dir='ltr'>enim</span> <span class='ocrx_word' id='word_1_397' title='bbox 2333 2646 2441 2702; x_wconf 88' lang='lat' dir='ltr'>per</span> <span class='ocrx_word' id='word_1_398' title='bbox 2469 2629 2806 2702; x_wconf 88' lang='lat' dir='ltr'>quamdam</span> <span class='ocrx_word' id='word_1_399' title='bbox 2833 2633 3198 2696; x_wconf 88' lang='lat' dir='ltr'>matronam,</span> <span class='ocrx_word' id='word_1_400' title='bbox 3219 2627 3312 2683; x_wconf 93' lang='lat' dir='ltr'>cui</span> <span class='ocrx_word' id='word_1_401' title='bbox 3341 2625 3604 2700; x_wconf 90' lang='lat' dir='ltr'>idipsum</span> <span class='ocrx_word' id='word_1_402' title='bbox 3633 2627 3811 2680; x_wconf 86' lang='lat' dir='ltr'>retu-</span> 
     </span>
    </p>
   </div>
   <div class='ocr_carea' id='block_1_60' title="bbox 2137 2713 3812 2792">
    <p class='ocr_par' dir='ltr' id='par_1_60' title="bbox 2137 2713 3812 2792">
     <span class='ocr_line' id='line_1_60' title="bbox 2137 2713 3812 2792; baseline -0.005 -16"><span class='ocrx_word' id='word_1_403' title='bbox 2137 2721 2350 2789; x_wconf 89' lang='lat' dir='ltr'>lerunt,</span> <span class='ocrx_word' id='word_1_404' title='bbox 2381 2735 2488 2792; x_wconf 89' lang='lat' dir='ltr'>per</span> <span class='ocrx_word' id='word_1_405' title='bbox 2518 2734 2703 2791; x_wconf 88' lang='lat' dir='ltr'>quam</span> <span class='ocrx_word' id='word_1_406' title='bbox 2725 2723 2778 2774; x_wconf 90' lang='lat' dir='ltr'>et</span> <span class='ocrx_word' id='word_1_407' title='bbox 2807 2718 2922 2774; x_wconf 93' lang='lat' dir='ltr'>hoc</span> <span class='ocrx_word' id='word_1_408' title='bbox 2943 2717 3164 2790; x_wconf 90' lang='lat' dir='ltr'>ipsum,</span> <span class='ocrx_word' id='word_1_409' title='bbox 3189 2716 3355 2790; x_wconf 90' lang='lat' dir='ltr'>quod</span> <span class='ocrx_word' id='word_1_410' title='bbox 3383 2715 3495 2771; x_wconf 87' lang='lat' dir='ltr'>illis</span> <span class='ocrx_word' id='word_1_411' title='bbox 3523 2713 3812 2788; x_wconf 81' lang='lat' dir='ltr'>explora-</span> 
     </span>
    </p>
   </div>
   <div class='ocr_carea' id='block_1_61' title="bbox 2137 2803 3807 2880">
    <p class='ocr_par' dir='ltr' id='par_1_61' title="bbox 2137 2803 3807 2880">
     <span class='ocr_line' id='line_1_61' title="bbox 2137 2803 3807 2880; baseline -0.002 -14"><span class='ocrx_word' id='word_1_412' title='bbox 2137 2810 2365 2866; x_wconf 85' lang='lat' dir='ltr'>toribus</span> <span class='ocrx_word' id='word_1_413' title='bbox 2422 2808 2617 2864; x_wconf 88' lang='lat' dir='ltr'>visum</span> <span class='ocrx_word' id='word_1_414' title='bbox 2662 2807 2876 2874; x_wconf 87' lang='lat' dir='ltr'>fuerat,</span> <span class='ocrx_word' id='word_1_415' title='bbox 2929 2810 3144 2880; x_wconf 90' lang='lat' dir='ltr'>postea</span> <span class='ocrx_word' id='word_1_416' title='bbox 3193 2807 3318 2862; x_wconf 86' lang='lat' dir='ltr'>viro</span> <span class='ocrx_word' id='word_1_417' title='bbox 3356 2805 3458 2862; x_wconf 93' lang='lat' dir='ltr'>Dei</span> <span class='ocrx_word' id='word_1_418' title='bbox 3515 2803 3807 2862; x_wconf 82' lang='lat' dir='ltr'>innotuit.</span> 
     </span>
    </p>
   </div>
   <div class='ocr_carea' id='block_1_62' title="bbox 2139 2895 3812 2970">
    <p class='ocr_par' dir='ltr' id='par_1_62' title="bbox 2139 2895 3812 2970">
     <span class='ocr_line' id='line_1_62' title="bbox 2139 2895 3812 2970; baseline -0.004 -16"><span class='ocrx_word' id='word_1_419' title='bbox 2139 2899 2477 2956; x_wconf 85' lang='lat' dir='ltr'>Ademarus</span> <span class='ocrx_word' id='word_1_420' title='bbox 2509 2898 2709 2970; x_wconf 88' lang='lat' dir='ltr'>itaque</span> <span class='ocrx_word' id='word_1_421' title='bbox 2758 2914 2897 2953; x_wconf 91' lang='lat' dir='ltr'>cum</span> <span class='ocrx_word' id='word_1_422' title='bbox 2928 2897 3188 2953; x_wconf 82' lang='lat' dir='ltr'>exercitu</span> <span class='ocrx_word' id='word_1_423' title='bbox 3239 2911 3348 2952; x_wconf 91' lang='lat' dir='ltr'>suo</span> <span class='ocrx_word' id='word_1_424' title='bbox 3391 2895 3593 2951; x_wconf 91' lang='lat' dir='ltr'>divino</span> <span class='ocrx_word' id='word_1_425' title='bbox 3641 2897 3812 2949; x_wconf 87' lang='lat' dir='ltr'>nutu</span> 
     </span>
    </p>
   </div>
   <div class='ocr_carea' id='block_1_63' title="bbox 363 2985 3812 3072">
    <p class='ocr_par' dir='ltr' id='par_1_63' title="bbox 363 2985 3812 3072">
     <span class='ocr_line' id='line_1_63' title="bbox 363 2985 3812 3072; baseline -0.002 -27"><span class='ocrx_word' id='word_1_426' title='bbox 363 2989 584 3046; x_wconf 91' lang='lat' dir='ltr'>viventi</span> <span class='ocrx_word' id='word_1_427' title='bbox 611 2989 946 3061; x_wconf 89' lang='lat' dir='ltr'>persecutio</span> <span class='ocrx_word' id='word_1_428' title='bbox 967 3005 1090 3045; x_wconf 88' lang='lat' dir='ltr'>non</span> <span class='ocrx_word' id='word_1_429' title='bbox 1108 2988 1732 3062; x_wconf 76' lang='lat' dir='ltr'>deesset,przedictum</span> <span class='ocrx_word' id='word_1_430' title='bbox 1750 2993 2029 3048; x_wconf 89' lang='lat' dir='ltr'>comitem</span> <span class='ocrx_word' id='word_1_431' title='bbox 2061 3016 2100 3072; x_wconf 69' lang='grc' dir='ltr'><strong>ρ</strong></span> <span class='ocrx_word' id='word_1_432' title='bbox 2137 2988 2549 3054; x_wconf 87' lang='lat' dir='ltr'>labefactatus,</span> <span class='ocrx_word' id='word_1_433' title='bbox 2583 2985 2663 3042; x_wconf 89' lang='lat' dir='ltr'>ad</span> <span class='ocrx_word' id='word_1_434' title='bbox 2695 3003 2804 3043; x_wconf 89' lang='lat' dir='ltr'>sua</span> <span class='ocrx_word' id='word_1_435' title='bbox 2829 2987 3136 3044; x_wconf 85' lang='lat' dir='ltr'>remeavit.</span> <span class='ocrx_word' id='word_1_436' title='bbox 3171 2987 3236 3042; x_wconf 91' lang='lat' dir='ltr'><strong>In</strong></span> <span class='ocrx_word' id='word_1_437' title='bbox 3268 2985 3597 3042; x_wconf 89' lang='lat' dir='ltr'>crastinum</span> <span class='ocrx_word' id='word_1_438' title='bbox 3651 2999 3812 3040; x_wconf 83' lang='lat' dir='ltr'>vero</span> 
     </span>
    </p>
   </div>
   <div class='ocr_carea' id='block_1_64' title="bbox 368 3077 2030 3152">
    <p class='ocr_par' dir='ltr' id='par_1_64' title="bbox 368 3077 2030 3152">
     <span class='ocr_line' id='line_1_64' title="bbox 368 3077 2030 3152; baseline 0.001 -17"><span class='ocrx_word' id='word_1_439' title='bbox 368 3079 740 3135; x_wconf 88' lang='lat' dir='ltr'>Ademarum</span> <span class='ocrx_word' id='word_1_440' title='bbox 769 3077 850 3134; x_wconf 91' lang='lat' dir='ltr'>illi</span> <span class='ocrx_word' id='word_1_441' title='bbox 911 3081 1159 3134; x_wconf 86' lang='lat' dir='ltr'>Satanas</span> <span class='ocrx_word' id='word_1_442' title='bbox 1189 3078 1509 3148; x_wconf 85' lang='lat' dir='ltr'>instigavit.</span> <span class='ocrx_word' id='word_1_443' title='bbox 1545 3083 1732 3146; x_wconf 90' lang='lat' dir='ltr'>Quem</span> <span class='ocrx_word' id='word_1_444' title='bbox 1764 3085 2030 3152; x_wconf 89' lang='lat' dir='ltr'>protecto</span> 
     </span>
    </p>
   </div>
   <div class='ocr_carea' id='block_1_65' title="bbox 366 3167 2032 3242">
    <p class='ocr_par' dir='ltr' id='par_1_65' title="bbox 366 3167 2032 3242">
     <span class='ocr_line' id='line_1_65' title="bbox 366 3167 2032 3242; baseline 0 -16"><span class='ocrx_word' id='word_1_445' title='bbox 366 3168 568 3226; x_wconf 90' lang='lat' dir='ltr'>multis</span> <span class='ocrx_word' id='word_1_446' title='bbox 597 3173 656 3224; x_wconf 92' lang='lat' dir='ltr'>et</span> <span class='ocrx_word' id='word_1_447' title='bbox 677 3168 856 3223; x_wconf 87' lang='lat' dir='ltr'>variis</span> <span class='ocrx_word' id='word_1_448' title='bbox 875 3167 1301 3225; x_wconf 89' lang='lat' dir='ltr'>tentationibus</span> <span class='ocrx_word' id='word_1_449' title='bbox 1325 3168 1656 3242; x_wconf 88' lang='lat' dir='ltr'>appetitum</span> <span class='ocrx_word' id='word_1_450' title='bbox 1685 3169 1796 3225; x_wconf 89' lang='lat' dir='ltr'>sibi</span> <span class='ocrx_word' id='word_1_451' title='bbox 1829 3171 2032 3242; x_wconf 89' lang='lat' dir='ltr'>subju-</span> 
     </span>
    </p>
   </div>
   <div class='ocr_carea' id='block_1_66' title="bbox 367 3255 2030 3330">
    <p class='ocr_par' dir='ltr' id='par_1_66' title="bbox 367 3255 2030 3330">
     <span class='ocr_line' id='line_1_66' title="bbox 367 3255 2030 3330; baseline 0.001 -17"><span class='ocrx_word' id='word_1_452' title='bbox 367 3273 508 3328; x_wconf 88' lang='lat' dir='ltr'>gare</span> <span class='ocrx_word' id='word_1_453' title='bbox 551 3273 674 3312; x_wconf 91' lang='lat' dir='ltr'>non</span> <span class='ocrx_word' id='word_1_454' title='bbox 703 3255 920 3328; x_wconf 91' lang='lat' dir='ltr'>potuit.</span> <span class='ocrx_word' id='word_1_455' title='bbox 957 3256 1294 3327; x_wconf 80' lang='lat' dir='ltr'>Aliquando</span> <span class='ocrx_word' id='word_1_456' title='bbox 1343 3257 1568 3330; x_wconf 90' lang='lat' dir='ltr'>quippe</span> <span class='ocrx_word' id='word_1_457' title='bbox 1600 3259 1846 3328; x_wconf 87' lang='lat' dir='ltr'>contigit</span> <span class='ocrx_word' id='word_1_458' title='bbox 1875 3263 1939 3314; x_wconf 87' lang='lat' dir='ltr'>ut</span> <span class='ocrx_word' id='word_1_459' title='bbox 1967 3259 2030 3315; x_wconf 91' lang='lat' dir='ltr'>in</span> 
     </span>
    </p>
   </div>
   <div class='ocr_carea' id='block_1_67' title="bbox 367 3343 2030 3418">
    <p class='ocr_par' dir='ltr' id='par_1_67' title="bbox 367 3343 2030 3418">
     <span class='ocr_line' id='line_1_67' title="bbox 367 3343 2030 3418; baseline 0.001 -16"><span class='ocrx_word' id='word_1_460' title='bbox 367 3349 541 3418; x_wconf 87' lang='lat' dir='ltr'>prato</span> <span class='ocrx_word' id='word_1_461' title='bbox 567 3361 709 3400; x_wconf 91' lang='lat' dir='ltr'>cum</span> <span class='ocrx_word' id='word_1_462' title='bbox 739 3343 948 3416; x_wconf 89' lang='lat' dir='ltr'>paucis</span> <span class='ocrx_word' id='word_1_463' title='bbox 976 3343 1262 3400; x_wconf 90' lang='lat' dir='ltr'>militibus</span> <span class='ocrx_word' id='word_1_464' title='bbox 1295 3345 1644 3403; x_wconf 89' lang='lat' dir='ltr'>mansitaret</span> <span class='ocrx_word' id='word_1_465' title='bbox 1671 3351 1864 3413; x_wconf 87' lang='lat' dir='ltr'>nocte,</span> <span class='ocrx_word' id='word_1_466' title='bbox 1889 3364 2030 3404; x_wconf 87' lang='lat' dir='ltr'>cum</span> 
     </span>
    </p>
   </div>
   <div class='ocr_carea' id='block_1_68' title="bbox 368 3433 2028 3507">
    <p class='ocr_par' dir='ltr' id='par_1_68' title="bbox 368 3433 2028 3507">
     <span class='ocr_line' id='line_1_68' title="bbox 368 3433 2028 3507; baseline 0.001 -16"><span class='ocrx_word' id='word_1_467' title='bbox 368 3433 650 3507; x_wconf 89' lang='lat' dir='ltr'>equidem</span> <span class='ocrx_word' id='word_1_468' title='bbox 663 3433 999 3489; x_wconf 72' lang='lat' dir='ltr'>Ademarus</span> <span class='ocrx_word' id='word_1_469' title='bbox 1023 3433 1208 3488; x_wconf 90' lang='lat' dir='ltr'>misso</span> <span class='ocrx_word' id='word_1_470' title='bbox 1229 3434 1601 3505; x_wconf 83' lang='lat' dir='ltr'>exploratore</span> <span class='ocrx_word' id='word_1_471' title='bbox 1623 3451 1732 3506; x_wconf 88' lang='lat' dir='ltr'>pro</span> <span class='ocrx_word' id='word_1_472' title='bbox 1759 3441 1916 3492; x_wconf 90' lang='lat' dir='ltr'>certo</span> <span class='ocrx_word' id='word_1_473' title='bbox 1937 3453 2028 3492; x_wconf 91' lang='lat' dir='ltr'>re-</span> 
     </span>
    </p>
   </div>
   <div class='ocr_carea' id='block_1_69' title="bbox 371 3520 2030 3597">
    <p class='ocr_par' dir='ltr' id='par_1_69' title="bbox 371 3520 2030 3597">
     <span class='ocr_line' id='line_1_69' title="bbox 371 3520 2030 3597; baseline 0.003 -21"><span class='ocrx_word' id='word_1_474' title='bbox 371 3522 542 3578; x_wconf 88' lang='lat' dir='ltr'>scivit</span> <span class='ocrx_word' id='word_1_475' title='bbox 569 3525 625 3577; x_wconf 92' lang='lat' dir='ltr'>et</span> <span class='ocrx_word' id='word_1_476' title='bbox 655 3520 760 3576; x_wconf 88' lang='lat' dir='ltr'>ubi</span> <span class='ocrx_word' id='word_1_477' title='bbox 789 3523 846 3575; x_wconf 89' lang='lat' dir='ltr'>et</span> <span class='ocrx_word' id='word_1_478' title='bbox 874 3537 1012 3575; x_wconf 91' lang='lat' dir='ltr'>cum</span> <span class='ocrx_word' id='word_1_479' title='bbox 1041 3522 1286 3592; x_wconf 89' lang='lat' dir='ltr'>quantis</span> <span class='ocrx_word' id='word_1_480' title='bbox 1339 3527 1514 3578; x_wconf 89' lang='lat' dir='ltr'>esset.</span> <span class='ocrx_word' id='word_1_481' title='bbox 1551 3523 1799 3578; x_wconf 87' lang='lat' dir='ltr'>Gavisus</span> <span class='ocrx_word' id='word_1_482' title='bbox 1851 3525 2030 3597; x_wconf 90' lang='lat' dir='ltr'>pluri-</span> 
     </span>
    </p>
   </div>
   <div class='ocr_carea' id='block_1_70' title="bbox 368 3609 2029 3682">
    <p class='ocr_par' dir='ltr' id='par_1_70' title="bbox 368 3609 2029 3682">
     <span class='ocr_line' id='line_1_70' title="bbox 368 3609 2029 3682; baseline 0 -16"><span class='ocrx_word' id='word_1_483' title='bbox 368 3627 540 3666; x_wconf 90' lang='lat' dir='ltr'>mum</span> <span class='ocrx_word' id='word_1_484' title='bbox 569 3609 735 3682; x_wconf 92' lang='lat' dir='ltr'>quod</span> <span class='ocrx_word' id='word_1_485' title='bbox 772 3609 1150 3666; x_wconf 89' lang='lat' dir='ltr'>occasionem</span> <span class='ocrx_word' id='word_1_486' title='bbox 1166 3614 1571 3682; x_wconf 89' lang='lat' dir='ltr'>opportunam</span> <span class='ocrx_word' id='word_1_487' title='bbox 1589 3613 1666 3666; x_wconf 83' lang='lat' dir='ltr'>ad</span> <span class='ocrx_word' id='word_1_488' title='bbox 1690 3627 1830 3666; x_wconf 90' lang='lat' dir='ltr'>eum</span> <span class='ocrx_word' id='word_1_489' title='bbox 1864 3627 2029 3667; x_wconf 90' lang='lat' dir='ltr'>com-</span> 
     </span>
    </p>
   </div>
   <div class='ocr_carea' id='block_1_71' title="bbox 370 3697 2028 3771">
    <p class='ocr_par' dir='ltr' id='par_1_71' title="bbox 370 3697 2028 3771">
     <span class='ocr_line' id='line_1_71' title="bbox 370 3697 2028 3771; baseline 0.001 -17"><span class='ocrx_word' id='word_1_490' title='bbox 370 3697 876 3771; x_wconf 90' lang='lat' dir='ltr'>prehendendum</span> <span class='ocrx_word' id='word_1_491' title='bbox 931 3697 1262 3771; x_wconf 88' lang='lat' dir='ltr'>reperisset,</span> <span class='ocrx_word' id='word_1_492' title='bbox 1321 3703 1691 3754; x_wconf 88' lang='lat' dir='ltr'>armatorum</span> <span class='ocrx_word' id='word_1_493' title='bbox 1769 3715 2028 3756; x_wconf 89' lang='lat' dir='ltr'>cuneum</span> 
     </span>
    </p>
   </div>
   <div class='ocr_carea' id='block_1_72' title="bbox 372 3787 2029 3859">
    <p class='ocr_par' dir='ltr' id='par_1_72' title="bbox 372 3787 2029 3859">
     <span class='ocr_line' id='line_1_72' title="bbox 372 3787 2029 3859; baseline 0 -15"><span class='ocrx_word' id='word_1_494' title='bbox 372 3788 628 3859; x_wconf 85' lang='lat' dir='ltr'>collegit,</span> <span class='ocrx_word' id='word_1_495' title='bbox 663 3793 720 3845; x_wconf 88' lang='lat' dir='ltr'>et</span> <span class='ocrx_word' id='word_1_496' title='bbox 739 3788 820 3844; x_wconf 91' lang='lat' dir='ltr'>ad</span> <span class='ocrx_word' id='word_1_497' title='bbox 847 3788 1048 3844; x_wconf 93' lang='lat' dir='ltr'>locum</span> <span class='ocrx_word' id='word_1_498' title='bbox 1072 3787 1262 3844; x_wconf 89' lang='lat' dir='ltr'>aciem</span> <span class='ocrx_word' id='word_1_499' title='bbox 1291 3788 1519 3844; x_wconf 80' lang='lat' dir='ltr'>direxit.</span> <span class='ocrx_word' id='word_1_500' title='bbox 1537 3792 1716 3845; x_wconf 88' lang='lat' dir='ltr'>Porro</span> <span class='ocrx_word' id='word_1_501' title='bbox 1744 3789 2029 3845; x_wconf 87' lang='lat' dir='ltr'>Geraldus</span> 
     </span>
    </p>
   </div>
   <div class='ocr_carea' id='block_1_73' title="bbox 369 3877 2028 3951">
    <p class='ocr_par' dir='ltr' id='par_1_73' title="bbox 369 3877 2028 3951">
     <span class='ocr_line' id='line_1_73' title="bbox 369 3877 2028 3951; baseline 0.001 -16"><span class='ocrx_word' id='word_1_502' title='bbox 369 3879 432 3935; x_wconf 91' lang='lat' dir='ltr'>in</span> <span class='ocrx_word' id='word_1_503' title='bbox 487 3883 656 3951; x_wconf 88' lang='lat' dir='ltr'>parte</span> <span class='ocrx_word' id='word_1_504' title='bbox 695 3877 883 3951; x_wconf 90' lang='lat' dir='ltr'>ipsius</span> <span class='ocrx_word' id='word_1_505' title='bbox 929 3878 1083 3951; x_wconf 90' lang='lat' dir='ltr'>prati</span> <span class='ocrx_word' id='word_1_506' title='bbox 1139 3878 1533 3948; x_wconf 90' lang='lat' dir='ltr'>decumbens,</span> <span class='ocrx_word' id='word_1_507' title='bbox 1567 3883 1632 3934; x_wconf 91' lang='lat' dir='ltr'>ut</span> <span class='ocrx_word' id='word_1_508' title='bbox 1660 3879 1863 3949; x_wconf 86' lang='lat' dir='ltr'>fertur,</span> <span class='ocrx_word' id='word_1_509' title='bbox 1887 3896 2028 3936; x_wconf 91' lang='lat' dir='ltr'>cum</span> 
     </span>
    </p>
   </div>
   <div class='ocr_carea' id='block_1_74' title="bbox 371 3966 2030 4041">
    <p class='ocr_par' dir='ltr' id='par_1_74' title="bbox 371 3966 2030 4041">
     <span class='ocr_line' id='line_1_74' title="bbox 371 3966 2030 4041; baseline 0.001 -17"><span class='ocrx_word' id='word_1_510' title='bbox 371 3967 494 4024; x_wconf 90' lang='lat' dir='ltr'>suis</span> <span class='ocrx_word' id='word_1_511' title='bbox 541 3966 822 4024; x_wconf 89' lang='lat' dir='ltr'>omnibus</span> <span class='ocrx_word' id='word_1_512' title='bbox 869 3966 1224 4024; x_wconf 88' lang='lat' dir='ltr'>dormiebat.</span> <span class='ocrx_word' id='word_1_513' title='bbox 1284 3967 1398 4025; x_wconf 88' lang='lat' dir='ltr'>Sed</span> <span class='ocrx_word' id='word_1_514' title='bbox 1453 3967 1548 4023; x_wconf 92' lang='lat' dir='ltr'>ille</span> <span class='ocrx_word' id='word_1_515' title='bbox 1614 3967 1718 4041; x_wconf 90' lang='lat' dir='ltr'>qui</span> <span class='ocrx_word' id='word_1_516' title='bbox 1774 3969 2030 4026; x_wconf 89' lang='lat' dir='ltr'>custodit</span> 
     </span>
    </p>
   </div>
   <div class='ocr_carea' id='block_1_75' title="bbox 371 4056 2029 4129">
    <p class='ocr_par' dir='ltr' id='par_1_75' title="bbox 371 4056 2029 4129">
     <span class='ocr_line' id='line_1_75' title="bbox 371 4056 2029 4129; baseline -0.001 -14"><span class='ocrx_word' id='word_1_517' title='bbox 371 4056 573 4121; x_wconf 88' lang='lat' dir='ltr'>Israel,</span> <span class='ocrx_word' id='word_1_518' title='bbox 599 4072 993 4129; x_wconf 88' lang='lat' dir='ltr'>nequaquam</span> <span class='ocrx_word' id='word_1_519' title='bbox 1022 4056 1324 4112; x_wconf 89' lang='lat' dir='ltr'>innocenti</span> <span class='ocrx_word' id='word_1_520' title='bbox 1371 4056 1499 4112; x_wconf 88' lang='lat' dir='ltr'>viro</span> <span class='ocrx_word' id='word_1_521' title='bbox 1553 4056 1938 4114; x_wconf 76' lang='lat' dir='ltr'>dormitabat.</span> <span class='ocrx_word' id='word_1_522' title='bbox 1972 4058 2029 4114; x_wconf 90' lang='lat' dir='ltr'>Si</span> 
     </span>
    </p>
   </div>
   <div class='ocr_carea' id='block_1_76' title="bbox 371 4145 2030 4220">
    <p class='ocr_par' dir='ltr' id='par_1_76' title="bbox 371 4145 2030 4220">
     <span class='ocr_line' id='line_1_76' title="bbox 371 4145 2030 4220; baseline 0.001 -18"><span class='ocrx_word' id='word_1_523' title='bbox 371 4147 638 4220; x_wconf 87' lang='lat' dir='ltr'>quidem,</span> <span class='ocrx_word' id='word_1_524' title='bbox 667 4151 729 4202; x_wconf 90' lang='lat' dir='ltr'>ut</span> <span class='ocrx_word' id='word_1_525' title='bbox 777 4145 852 4202; x_wconf 88' lang='lat' dir='ltr'>de</span> <span class='ocrx_word' id='word_1_526' title='bbox 881 4147 1136 4202; x_wconf 86' lang='lat' dir='ltr'>Jeremia</span> <span class='ocrx_word' id='word_1_527' title='bbox 1191 4146 1484 4218; x_wconf 90' lang='lat' dir='ltr'>propheta</span> <span class='ocrx_word' id='word_1_528' title='bbox 1547 4145 1840 4215; x_wconf 88' lang='lat' dir='ltr'>scribitur,</span> <span class='ocrx_word' id='word_1_529' title='bbox 1886 4147 2030 4220; x_wconf 89' lang='lat' dir='ltr'>quia</span> 
     </span>
    </p>
   </div>
   <div class='ocr_carea' id='block_1_77' title="bbox 373 4233 2026 4291">
    <p class='ocr_par' dir='ltr' id='par_1_77' title="bbox 373 4233 2026 4291">
     <span class='ocr_line' id='line_1_77' title="bbox 373 4233 2026 4291; baseline 0 -1"><span class='ocrx_word' id='word_1_530' title='bbox 373 4234 659 4290; x_wconf 89' lang='lat' dir='ltr'>Dominus</span> <span class='ocrx_word' id='word_1_531' title='bbox 686 4233 892 4291; x_wconf 83' lang='lat' dir='ltr'>celavit</span> <span class='ocrx_word' id='word_1_532' title='bbox 908 4250 1074 4290; x_wconf 88' lang='lat' dir='ltr'>eum:</span> <span class='ocrx_word' id='word_1_533' title='bbox 1108 4234 1188 4289; x_wconf 89' lang='lat' dir='ltr'>ita</span> <span class='ocrx_word' id='word_1_534' title='bbox 1206 4239 1262 4289; x_wconf 88' lang='lat' dir='ltr'>et</span> <span class='ocrx_word' id='word_1_535' title='bbox 1284 4234 1446 4289; x_wconf 92' lang='lat' dir='ltr'>hunc</span> <span class='ocrx_word' id='word_1_536' title='bbox 1468 4234 1751 4289; x_wconf 89' lang='lat' dir='ltr'>divinitus</span> <span class='ocrx_word' id='word_1_537' title='bbox 1779 4236 2026 4290; x_wconf 86' lang='lat' dir='ltr'>abscon-</span> 
     </span>
    </p>
   </div>
   <div class='ocr_carea' id='block_1_78' title="bbox 2139 3073 3810 3152">
    <p class='ocr_par' dir='ltr' id='par_1_78' title="bbox 2139 3073 3810 3152">
     <span class='ocr_line' id='line_1_78' title="bbox 2139 3073 3810 3152; baseline -0.002 -20"><span class='ocrx_word' id='word_1_538' title='bbox 2139 3093 2489 3150; x_wconf 85' lang='lat' dir='ltr'>pervasores</span> <span class='ocrx_word' id='word_1_539' title='bbox 2511 3077 2752 3146; x_wconf 91' lang='lat' dir='ltr'>castelli,</span> <span class='ocrx_word' id='word_1_540' title='bbox 2771 3078 3009 3149; x_wconf 90' lang='lat' dir='ltr'>cognito</span> <span class='ocrx_word' id='word_1_541' title='bbox 3031 3077 3197 3152; x_wconf 90' lang='lat' dir='ltr'>quod</span> <span class='ocrx_word' id='word_1_542' title='bbox 3213 3077 3550 3133; x_wconf 84' lang='lat' dir='ltr'>Adcmarus</span> <span class='ocrx_word' id='word_1_543' title='bbox 3565 3073 3810 3131; x_wconf 89' lang='lat' dir='ltr'>eisdem</span> 
     </span>
    </p>
   </div>
   <div class='ocr_carea' id='block_1_79' title="bbox 2138 3166 3808 3240">
    <p class='ocr_par' dir='ltr' id='par_1_79' title="bbox 2138 3166 3808 3240">
     <span class='ocr_line' id='line_1_79' title="bbox 2138 3166 3808 3240; baseline -0.001 -19"><span class='ocrx_word' id='word_1_544' title='bbox 2138 3167 2384 3222; x_wconf 87' lang='lat' dir='ltr'>minime</span> <span class='ocrx_word' id='word_1_545' title='bbox 2415 3166 2670 3237; x_wconf 79' lang='lat' dir='ltr'>adesset,</span> <span class='ocrx_word' id='word_1_546' title='bbox 2697 3183 2912 3240; x_wconf 90' lang='lat' dir='ltr'>pacem</span> <span class='ocrx_word' id='word_1_547' title='bbox 2944 3183 2980 3222; x_wconf 89' lang='lat' dir='ltr'>a</span> <span class='ocrx_word' id='word_1_548' title='bbox 3007 3167 3257 3225; x_wconf 85' lang='lat' dir='ltr'>Geraldo</span> <span class='ocrx_word' id='word_1_549' title='bbox 3287 3166 3617 3240; x_wconf 89' lang='lat' dir='ltr'>requirunt,</span> <span class='ocrx_word' id='word_1_550' title='bbox 3649 3181 3808 3238; x_wconf 86' lang='lat' dir='ltr'>pos-</span> 
     </span>
    </p>
   </div>
   <div class='ocr_carea' id='block_1_80' title="bbox 2139 3255 3814 3330">
    <p class='ocr_par' dir='ltr' id='par_1_80' title="bbox 2139 3255 3814 3330">
     <span class='ocr_line' id='line_1_80' title="bbox 2139 3255 3814 3330; baseline -0.001 -18"><span class='ocrx_word' id='word_1_551' title='bbox 2139 3261 2337 3313; x_wconf 90' lang='lat' dir='ltr'>centes</span> <span class='ocrx_word' id='word_1_552' title='bbox 2369 3259 2434 3312; x_wconf 91' lang='lat' dir='ltr'>ut</span> <span class='ocrx_word' id='word_1_553' title='bbox 2455 3257 2700 3313; x_wconf 89' lang='lat' dir='ltr'>eosdem</span> <span class='ocrx_word' id='word_1_554' title='bbox 2739 3257 2864 3313; x_wconf 89' lang='lat' dir='ltr'>sine</span> <span class='ocrx_word' id='word_1_555' title='bbox 2885 3257 3218 3327; x_wconf 86' lang='lat' dir='ltr'>ignominia</span> <span class='ocrx_word' id='word_1_556' title='bbox 3245 3256 3520 3314; x_wconf 87' lang='lat' dir='ltr'>recedere</span> <span class='ocrx_word' id='word_1_557' title='bbox 3548 3255 3814 3330; x_wconf 78' lang='lat' dir='ltr'>permis-</span> 
     </span>
    </p>
   </div>
   <div class='ocr_carea' id='block_1_81' title="bbox 2142 3343 3810 3418">
    <p class='ocr_par' dir='ltr' id='par_1_81' title="bbox 2142 3343 3810 3418">
     <span class='ocr_line' id='line_1_81' title="bbox 2142 3343 3810 3418; baseline -0.001 -18"><span class='ocrx_word' id='word_1_558' title='bbox 2142 3345 2328 3400; x_wconf 88' lang='lat' dir='ltr'>sisset.</span> <span class='ocrx_word' id='word_1_559' title='bbox 2361 3349 2426 3400; x_wconf 89' lang='lat' dir='ltr'>Et</span> <span class='ocrx_word' id='word_1_560' title='bbox 2445 3345 2506 3400; x_wconf 93' lang='lat' dir='ltr'>id</span> <span class='ocrx_word' id='word_1_561' title='bbox 2525 3345 2772 3418; x_wconf 90' lang='lat' dir='ltr'>quidem</span> <span class='ocrx_word' id='word_1_562' title='bbox 2804 3345 2892 3400; x_wconf 90' lang='lat' dir='ltr'>vir</span> <span class='ocrx_word' id='word_1_563' title='bbox 2909 3345 3009 3402; x_wconf 90' lang='lat' dir='ltr'>Dei</span> <span class='ocrx_word' id='word_1_564' title='bbox 3035 3345 3320 3402; x_wconf 80' lang='lat' dir='ltr'>Geraldus</span> <span class='ocrx_word' id='word_1_565' title='bbox 3347 3344 3502 3400; x_wconf 91' lang='lat' dir='ltr'>illico</span> <span class='ocrx_word' id='word_1_566' title='bbox 3528 3343 3810 3410; x_wconf 87' lang='lat' dir='ltr'>indulsit,</span> 
     </span>
    </p>
   </div>
   <div class='ocr_carea' id='block_1_82' title="bbox 2143 3431 3812 3505">
    <p class='ocr_par' dir='ltr' id='par_1_82' title="bbox 2143 3431 3812 3505">
     <span class='ocr_line' id='line_1_82' title="bbox 2143 3431 3812 3505; baseline -0.001 -15"><span class='ocrx_word' id='word_1_567' title='bbox 2143 3433 2254 3490; x_wconf 91' lang='lat' dir='ltr'>Sed</span> <span class='ocrx_word' id='word_1_568' title='bbox 2285 3433 2497 3488; x_wconf 89' lang='lat' dir='ltr'>milites</span> <span class='ocrx_word' id='word_1_569' title='bbox 2529 3435 2733 3490; x_wconf 91' lang='lat' dir='ltr'>animo</span> <span class='ocrx_word' id='word_1_570' title='bbox 2764 3434 3040 3491; x_wconf 87' lang='lat' dir='ltr'>concitati</span> <span class='ocrx_word' id='word_1_571' title='bbox 3086 3450 3242 3505; x_wconf 63' lang='lat' dir='ltr'>aegre</span> <span class='ocrx_word' id='word_1_572' title='bbox 3295 3433 3583 3500; x_wconf 89' lang='lat' dir='ltr'>ferebant,</span> <span class='ocrx_word' id='word_1_573' title='bbox 3625 3433 3676 3488; x_wconf 88' lang='lat' dir='ltr'>si</span> <span class='ocrx_word' id='word_1_574' title='bbox 3699 3431 3812 3488; x_wconf 85' lang='lat' dir='ltr'>vel</span> 
     </span>
    </p>
   </div>
   <div class='ocr_carea' id='block_1_83' title="bbox 2139 3521 3811 3597">
    <p class='ocr_par' dir='ltr' id='par_1_83' title="bbox 2139 3521 3811 3597">
     <span class='ocr_line' id='line_1_83' title="bbox 2139 3521 3811 3597; baseline 0.001 -20"><span class='ocrx_word' id='word_1_575' title='bbox 2139 3521 2321 3578; x_wconf 90' lang='lat' dir='ltr'>armis</span> <span class='ocrx_word' id='word_1_576' title='bbox 2345 3538 2466 3578; x_wconf 89' lang='lat' dir='ltr'>non</span> <span class='ocrx_word' id='word_1_577' title='bbox 2498 3523 2912 3595; x_wconf 89' lang='lat' dir='ltr'>spoliarentur.</span> <span class='ocrx_word' id='word_1_578' title='bbox 2965 3523 3220 3581; x_wconf 81' lang='lat' dir='ltr'>Invaluit</span> <span class='ocrx_word' id='word_1_579' title='bbox 3247 3529 3446 3580; x_wconf 90' lang='lat' dir='ltr'>tamen</span> <span class='ocrx_word' id='word_1_580' title='bbox 3477 3523 3668 3597; x_wconf 77' lang='lat' dir='ltr'>pietas</span> <span class='ocrx_word' id='word_1_581' title='bbox 3695 3525 3811 3580; x_wconf 86' lang='lat' dir='ltr'>Ge-</span> 
     </span>
    </p>
   </div>
   <div class='ocr_carea' id='block_1_84' title="bbox 2136 3611 3810 3686">
    <p class='ocr_par' dir='ltr' id='par_1_84' title="bbox 2136 3611 3810 3686">
     <span class='ocr_line' id='line_1_84' title="bbox 2136 3611 3810 3686; baseline 0.001 -18"><span class='ocrx_word' id='word_1_582' title='bbox 2136 3611 2306 3679; x_wconf 90' lang='lat' dir='ltr'>raldi,</span> <span class='ocrx_word' id='word_1_583' title='bbox 2335 3616 2391 3667; x_wconf 89' lang='lat' dir='ltr'>et</span> <span class='ocrx_word' id='word_1_584' title='bbox 2428 3611 2560 3668; x_wconf 93' lang='lat' dir='ltr'>illos</span> <span class='ocrx_word' id='word_1_585' title='bbox 2590 3617 2745 3669; x_wconf 89' lang='lat' dir='ltr'>stare</span> <span class='ocrx_word' id='word_1_586' title='bbox 2795 3613 2971 3683; x_wconf 89' lang='lat' dir='ltr'>cogit,</span> <span class='ocrx_word' id='word_1_587' title='bbox 3005 3613 3279 3670; x_wconf 90' lang='lat' dir='ltr'>hostibus</span> <span class='ocrx_word' id='word_1_588' title='bbox 3329 3630 3466 3670; x_wconf 90' lang='lat' dir='ltr'>vero</span> <span class='ocrx_word' id='word_1_589' title='bbox 3495 3629 3601 3686; x_wconf 89' lang='lat' dir='ltr'>per</span> <span class='ocrx_word' id='word_1_590' title='bbox 3631 3613 3810 3684; x_wconf 70' lang='lat' dir='ltr'>angi~</span> 
     </span>
    </p>
   </div>
   <div class='ocr_carea' id='block_1_85' title="bbox 2137 3699 3805 3776">
    <p class='ocr_par' dir='ltr' id='par_1_85' title="bbox 2137 3699 3805 3776">
     <span class='ocr_line' id='line_1_85' title="bbox 2137 3699 3805 3776; baseline 0.002 -20"><span class='ocrx_word' id='word_1_591' title='bbox 2137 3705 2378 3774; x_wconf 87' lang='lat' dir='ltr'>portum</span> <span class='ocrx_word' id='word_1_592' title='bbox 2407 3699 2771 3770; x_wconf 71' lang='lat' dir='ltr'>fugientibus</span> <span class='ocrx_word' id='word_1_593' title='bbox 2797 3701 3070 3758; x_wconf 89' lang='lat' dir='ltr'>auditum</span> <span class='ocrx_word' id='word_1_594' title='bbox 3099 3703 3384 3776; x_wconf 89' lang='lat' dir='ltr'>permisit.</span> <span class='ocrx_word' id='word_1_595' title='bbox 3429 3703 3582 3769; x_wconf 90' lang='lat' dir='ltr'>Quin</span> <span class='ocrx_word' id='word_1_596' title='bbox 3611 3702 3805 3759; x_wconf 86' lang='lat' dir='ltr'>etiam</span> 
     </span>
    </p>
   </div>
   <div class='ocr_carea' id='block_1_86' title="bbox 2137 3789 3804 3864">
    <p class='ocr_par' dir='ltr' id='par_1_86' title="bbox 2137 3789 3804 3864">
     <span class='ocr_line' id='line_1_86' title="bbox 2137 3789 3804 3864; baseline 0.002 -20"><span class='ocrx_word' id='word_1_597' title='bbox 2137 3789 2291 3845; x_wconf 92' lang='lat' dir='ltr'>duos</span> <span class='ocrx_word' id='word_1_598' title='bbox 2324 3789 2398 3845; x_wconf 91' lang='lat' dir='ltr'>de</span> <span class='ocrx_word' id='word_1_599' title='bbox 2455 3789 2578 3844; x_wconf 90' lang='lat' dir='ltr'>suis</span> <span class='ocrx_word' id='word_1_600' title='bbox 2624 3795 2888 3847; x_wconf 89' lang='lat' dir='ltr'>armatos</span> <span class='ocrx_word' id='word_1_601' title='bbox 2929 3791 3250 3861; x_wconf 84' lang='lat' dir='ltr'>constituit,</span> <span class='ocrx_word' id='word_1_602' title='bbox 3309 3791 3414 3864; x_wconf 89' lang='lat' dir='ltr'>qui</span> <span class='ocrx_word' id='word_1_603' title='bbox 3469 3791 3606 3848; x_wconf 93' lang='lat' dir='ltr'>hinc</span> <span class='ocrx_word' id='word_1_604' title='bbox 3653 3791 3804 3848; x_wconf 88' lang='lat' dir='ltr'>inde</span> 
     </span>
    </p>
   </div>
   <div class='ocr_carea' id='block_1_87' title="bbox 2139 3879 3806 3954">
    <p class='ocr_par' dir='ltr' id='par_1_87' title="bbox 2139 3879 3806 3954">
     <span class='ocr_line' id='line_1_87' title="bbox 2139 3879 3806 3954; baseline 0.002 -20"><span class='ocrx_word' id='word_1_605' title='bbox 2139 3883 2360 3935; x_wconf 89' lang='lat' dir='ltr'>stantes</span> <span class='ocrx_word' id='word_1_606' title='bbox 2413 3885 2824 3952; x_wconf 88' lang='lat' dir='ltr'>procurarent,</span> <span class='ocrx_word' id='word_1_607' title='bbox 2889 3896 2966 3936; x_wconf 88' lang='lat' dir='ltr'>ne</span> <span class='ocrx_word' id='word_1_608' title='bbox 3051 3880 3268 3954; x_wconf 87' lang='lat' dir='ltr'>aliquis</span> <span class='ocrx_word' id='word_1_609' title='bbox 3318 3880 3394 3938; x_wconf 90' lang='lat' dir='ltr'>de</span> <span class='ocrx_word' id='word_1_610' title='bbox 3449 3879 3806 3954; x_wconf 79' lang='lat' dir='ltr'>supellectili</span> 
     </span>
    </p>
   </div>
   <div class='ocr_carea' id='block_1_88' title="bbox 2137 3967 3810 4044">
    <p class='ocr_par' dir='ltr' id='par_1_88' title="bbox 2137 3967 3810 4044">
     <span class='ocr_line' id='line_1_88' title="bbox 2137 3967 3810 4044; baseline 0.001 -20"><span class='ocrx_word' id='word_1_611' title='bbox 2137 3967 2483 4024; x_wconf 85' lang='lat' dir='ltr'>exeuntium</span> <span class='ocrx_word' id='word_1_612' title='bbox 2533 3968 2872 4041; x_wconf 88' lang='lat' dir='ltr'>quidquam</span> <span class='ocrx_word' id='word_1_613' title='bbox 2929 3985 3140 4042; x_wconf 88' lang='lat' dir='ltr'>rapere</span> <span class='ocrx_word' id='word_1_614' title='bbox 3166 3969 3675 4044; x_wconf 67' lang='lat' dir='ltr'>praesumpsisset.</span> <span class='ocrx_word' id='word_1_615' title='bbox 3709 3971 3810 4026; x_wconf 81' lang='lat' dir='ltr'>Ita.</span> 
     </span>
    </p>
   </div>
   <div class='ocr_carea' id='block_1_89' title="bbox 2139 4057 3808 4133">
    <p class='ocr_par' dir='ltr' id='par_1_89' title="bbox 2139 4057 3808 4133">
     <span class='ocr_line' id='line_1_89' title="bbox 2139 4057 3808 4133; baseline 0.001 -19"><span class='ocrx_word' id='word_1_616' title='bbox 2139 4057 2424 4114; x_wconf 88' lang='lat' dir='ltr'>Geraldus</span> <span class='ocrx_word' id='word_1_617' title='bbox 2472 4057 2800 4115; x_wconf 82' lang='lat' dir='ltr'>exturbatis</span> <span class='ocrx_word' id='word_1_618' title='bbox 2873 4059 3103 4133; x_wconf 86' lang='lat' dir='ltr'>absque</span> <span class='ocrx_word' id='word_1_619' title='bbox 3165 4060 3458 4131; x_wconf 89' lang='lat' dir='ltr'>sanguine</span> <span class='ocrx_word' id='word_1_620' title='bbox 3516 4059 3808 4116; x_wconf 86' lang='lat' dir='ltr'>hostibus</span> 
     </span>
    </p>
   </div>
   <div class='ocr_carea' id='block_1_90' title="bbox 2137 4147 3804 4221">
    <p class='ocr_par' dir='ltr' id='par_1_90' title="bbox 2137 4147 3804 4221">
     <span class='ocr_line' id='line_1_90' title="bbox 2137 4147 3804 4221; baseline 0.002 -20"><span class='ocrx_word' id='word_1_621' title='bbox 2137 4147 2537 4220; x_wconf 87' lang='lat' dir='ltr'>triumphavit.</span> <span class='ocrx_word' id='word_1_622' title='bbox 2575 4149 2658 4204; x_wconf 90' lang='lat' dir='ltr'>Ita</span> <span class='ocrx_word' id='word_1_623' title='bbox 2689 4148 2952 4205; x_wconf 88' lang='lat' dir='ltr'>Christus</span> <span class='ocrx_word' id='word_1_624' title='bbox 2981 4165 3148 4206; x_wconf 87' lang='lat' dir='ltr'>more</span> <span class='ocrx_word' id='word_1_625' title='bbox 3176 4166 3286 4206; x_wconf 90' lang='lat' dir='ltr'>suo</span> <span class='ocrx_word' id='word_1_626' title='bbox 3336 4149 3653 4221; x_wconf 86' lang='lat' dir='ltr'>gloriosius</span> <span class='ocrx_word' id='word_1_627' title='bbox 3685 4149 3804 4205; x_wconf 85' lang='lat' dir='ltr'>mi-</span> 
     </span>
    </p>
   </div>
   <div class='ocr_carea' id='block_1_91' title="bbox 2135 4234 3428 4309">
    <p class='ocr_par' dir='ltr' id='par_1_91' title="bbox 2135 4234 3428 4309">
     <span class='ocr_line' id='line_1_91' title="bbox 2135 4234 3428 4309; baseline 0.004 -20"><span class='ocrx_word' id='word_1_628' title='bbox 2135 4234 2300 4290; x_wconf 92' lang='lat' dir='ltr'>litem</span> <span class='ocrx_word' id='word_1_629' title='bbox 2331 4252 2506 4292; x_wconf 90' lang='lat' dir='ltr'>suum</span> <span class='ocrx_word' id='word_1_630' title='bbox 2535 4236 2672 4309; x_wconf 89' lang='lat' dir='ltr'>ipsa</span> <span class='ocrx_word' id='word_1_631' title='bbox 2693 4237 3046 4294; x_wconf 87' lang='lat' dir='ltr'>adversitate</span> <span class='ocrx_word' id='word_1_632' title='bbox 3075 4237 3428 4296; x_wconf 89' lang='lat' dir='ltr'>nobilitavit.</span> 
     </span>
    </p>
   </div>
   <div class='ocr_carea' id='block_1_92' title="bbox 371 4323 3798 4431">
    <p class='ocr_par' dir='ltr' id='par_1_92' title="bbox 371 4323 3798 4431">
     <span class='ocr_line' id='line_1_92' title="bbox 371 4323 3798 4431; baseline 0.001 -52"><span class='ocrx_word' id='word_1_633' title='bbox 371 4323 476 4394; x_wconf 87' lang='lat' dir='ltr'>dit,</span> <span class='ocrx_word' id='word_1_634' title='bbox 511 4327 574 4379; x_wconf 92' lang='lat' dir='ltr'>ut</span> <span class='ocrx_word' id='word_1_635' title='bbox 604 4339 742 4380; x_wconf 91' lang='lat' dir='ltr'>cum</span> <span class='ocrx_word' id='word_1_636' title='bbox 773 4339 950 4380; x_wconf 90' lang='lat' dir='ltr'>omne</span> <span class='ocrx_word' id='word_1_637' title='bbox 1009 4327 1250 4399; x_wconf 87' lang='lat' dir='ltr'>pratum</span> <span class='ocrx_word' id='word_1_638' title='bbox 1293 4339 1400 4400; x_wconf 89' lang='lat' dir='ltr'>per</span> <span class='ocrx_word' id='word_1_639' title='bbox 1444 4339 1662 4403; x_wconf 77' lang='lat' dir='ltr'>gyrum</span> <span class='ocrx_word' id='word_1_640' title='bbox 1713 4323 2026 4379; x_wconf 87' lang='lat' dir='ltr'>discurris—</span> <span class='ocrx_word' id='word_1_641' title='bbox 2057 4363 2100 4431; x_wconf 76' lang='lat' dir='ltr'><em>D</em></span> <span class='ocrx_word' id='word_1_642' title='bbox 2204 4326 2445 4380; x_wconf 82' lang='lat' dir='ltr'><strong>XXXVII.</strong></span> <span class='ocrx_word' id='word_1_643' title='bbox 2481 4324 2847 4382; x_wconf 88' lang='lat' dir='ltr'>Godefredus</span> <span class='ocrx_word' id='word_1_644' title='bbox 2884 4325 2980 4386; x_wconf 86' lang='lat' dir='ltr'>ille</span> <span class='ocrx_word' id='word_1_645' title='bbox 2999 4327 3394 4388; x_wconf 85' lang='lat' dir='ltr'>Torennensis</span> <span class='ocrx_word' id='word_1_646' title='bbox 3431 4343 3631 4385; x_wconf 84' lang='lat' dir='ltr'>comes</span> <span class='ocrx_word' id='word_1_647' title='bbox 3650 4331 3798 4396; x_wconf 78' lang='lat'>(96),</span> 
     </span>
    </p>
   </div>
   <div class='ocr_carea' id='block_1_93' title="bbox 441 4505 2025 4598">
    <p class='ocr_par' dir='ltr' id='par_1_93' title="bbox 441 4505 2025 4598">
     <span class='ocr_line' id='line_1_93' title="bbox 441 4505 2025 4598; baseline 0.015 -39"><span class='ocrx_word' id='word_1_648' title='bbox 441 4505 1124 4598; x_wconf 39' lang='grc' dir='ltr'>ς²9ξλῃῑλξξςζςέᾴωήαφηιιξ</span> <span class='ocrx_word' id='word_1_649' title='bbox 1155 4527 1362 4598; x_wconf 61' lang='grc' dir='ltr'>ςρητρςθξἶ</span> <span class='ocrx_word' id='word_1_650' title='bbox 1382 4513 1762 4598; x_wconf 78' lang='lat' dir='ltr'>Pictaviensis</span> <span class='ocrx_word' id='word_1_651' title='bbox 1808 4541 2025 4598; x_wconf 89' lang='lat' dir='ltr'>nempe</span> 
     </span>
    </p>
   </div>
   <div class='ocr_carea' id='block_1_94' title="bbox 369 4575 2025 4702">
    <p class='ocr_par' dir='ltr' id='par_1_94' title="bbox 369 4575 2025 4702">
     <span class='ocr_line' id='line_1_94' title="bbox 369 4575 2025 4702; baseline 0.015 -73"><span class='ocrx_word' id='word_1_652' title='bbox 369 4575 474 4702; x_wconf 58' lang='lat' dir='ltr'>ﬁni</span> <span class='ocrx_word' id='word_1_653' title='bbox 505 4575 612 4658; x_wconf 74' lang='lat' dir='ltr'>fuit</span> <span class='ocrx_word' id='word_1_654' title='bbox 639 4578 797 4634; x_wconf 85' lang='lat' dir='ltr'>ﬁlius</span> <span class='ocrx_word' id='word_1_655' title='bbox 817 4575 1788 4662; x_wconf 65' lang='lat' dir='ltr'>limenonisEngolismtecomitis.</span> <span class='ocrx_word' id='word_1_656' title='bbox 1808 4575 2025 4654; x_wconf 57' lang='lat'>3.11313}</span> 
     </span>
     <span class='ocr_line' id='line_1_95' title="bbox 417 4652 1988 4702; baseline 0 0"><span class='ocrx_word' id='word_1_657' title='bbox 417 4652 634 4702; x_wconf 66' lang='lat' dir='ltr'>lstomaa</span> <span class='ocrx_word' id='word_1_658' title='bbox 673 4656 959 4702; x_wconf 83' lang='lat' dir='ltr'>comitum</span> <span class='ocrx_word' id='word_1_659' title='bbox 1017 4657 1556 4702; x_wconf 66' lang='lat' dir='ltr'>Encnliqmaneinm</span> <span class='ocrx_word' id='word_1_660' title='bbox 1582 4682 1593 4693; x_wconf 90' lang='lat'><strong>-</strong></span> <span class='ocrx_word' id='word_1_661' title='bbox 1641 4668 1860 4702; x_wconf 69' lang='lat' dir='ltr'>nmmm</span> <span class='ocrx_word' id='word_1_662' title='bbox 1889 4668 1988 4702; x_wconf 61' lang='grc' dir='ltr'>..αις</span> 
     </span>
    </p>
   </div>
   <div class='ocr_carea' id='block_1_95' title="bbox 417 4652 2020 4734">
    <p class='ocr_par' dir='ltr' id='par_1_95' title="bbox 417 4652 2020 4734">
     <span class='ocr_line' id='line_1_96' title="bbox 417 4652 2020 4734; baseline 0.015 -32"><span class='ocrx_word' id='word_1_663' title='bbox 417 4652 634 4734; x_wconf 64' lang='lat' dir='ltr'>istoriaa</span> <span class='ocrx_word' id='word_1_664' title='bbox 673 4652 961 4708; x_wconf 87' lang='lat' dir='ltr'>comitum</span> <span class='ocrx_word' id='word_1_665' title='bbox 1015 4652 1593 4734; x_wconf 71' lang='lat' dir='ltr'>Engolismensium:</span> <span class='ocrx_word' id='word_1_666' title='bbox 1641 4668 1861 4722; x_wconf 87' lang='lat' dir='ltr'>Emeno</span> <span class='ocrx_word' id='word_1_667' title='bbox 1887 4652 2020 4725; x_wconf 57' lang='lat' dir='ltr'>rell;</span> 
     </span>
    </p>
   </div>
   <div class='ocr_carea' id='block_1_96' title="bbox 368 4719 2019 4811">
    <p class='ocr_par' dir='ltr' id='par_1_96' title="bbox 368 4719 2019 4811">
     <span class='ocr_line' id='line_1_97' title="bbox 368 4719 2019 4811; baseline 0.015 -39"><span class='ocrx_word' id='word_1_668' title='bbox 368 4719 716 4811; x_wconf 43' lang='lat' dir='ltr'>quituﬁlium</span> <span class='ocrx_word' id='word_1_669' title='bbox 746 4739 1038 4811; x_wconf 43' lang='lat' dir='ltr'>parvum,</span> <span class='ocrx_word' id='word_1_670' title='bbox 1059 4719 1302 4810; x_wconf 60' lang='lat' dir='ltr'>nomine</span> <span class='ocrx_word' id='word_1_671' title='bbox 1332 4719 1857 4811; x_wconf 45' lang='lat' dir='ltr'>Ademarunrq—u—i</span> <span class='ocrx_word' id='word_1_672' title='bbox 1887 4719 2019 4811; x_wconf 69' lang='lat' dir='ltr'>pro-</span> 
     </span>
    </p>
   </div>
   <div class='ocr_carea' id='block_1_97' title="bbox 367 4796 2020 4869">
    <p class='ocr_par' dir='ltr' id='par_1_97' title="bbox 367 4796 2020 4869">
     <span class='ocr_line' id='line_1_98' title="bbox 367 4796 2020 4869; baseline 0.016 -27"><span class='ocrx_word' id='word_1_673' title='bbox 367 4803 539 4869; x_wconf 77' lang='lat' dir='ltr'>cessu</span> <span class='ocrx_word' id='word_1_674' title='bbox 563 4796 902 4869; x_wconf 76' lang='lat' dir='ltr'>temporum</span> <span class='ocrx_word' id='word_1_675' title='bbox 917 4796 1175 4869; x_wconf 88' lang='lat' dir='ltr'>_Pictavis</span> <span class='ocrx_word' id='word_1_676' title='bbox 1199 4819 1400 4859; x_wconf 89' lang='lat' dir='ltr'>comes</span> <span class='ocrx_word' id='word_1_677' title='bbox 1421 4806 1663 4864; x_wconf 78' lang='lat' dir='ltr'>effectus</span> <span class='ocrx_word' id='word_1_678' title='bbox 1688 4796 1834 4865; x_wconf 42' lang='lat' dir='ltr'>est‘.»</span> <span class='ocrx_word' id='word_1_679' title='bbox 1853 4796 2020 4869; x_wconf 60' lang='lat' dir='ltr'>effec-</span> 
     </span>
    </p>
   </div>
   <div class='ocr_carea' id='block_1_98' title="bbox 365 4861 2015 4946">
    <p class='ocr_par' dir='ltr' id='par_1_98' title="bbox 365 4861 2015 4946">
     <span class='ocr_line' id='line_1_99' title="bbox 365 4861 2015 4946; baseline 0.016 -32"><span class='ocrx_word' id='word_1_680' title='bbox 365 4861 461 4946; x_wconf 67' lang='lat' dir='ltr'>tus</span> <span class='ocrx_word' id='word_1_681' title='bbox 490 4861 707 4946; x_wconf 44' lang='lat' dir='ltr'>autem:</span> <span class='ocrx_word' id='word_1_682' title='bbox 739 4865 816 4921; x_wconf 90' lang='lat' dir='ltr'>ab</span> <span class='ocrx_word' id='word_1_683' title='bbox 849 4867 1053 4946; x_wconf 80' lang='lat' dir='ltr'>Odone</span> <span class='ocrx_word' id='word_1_684' title='bbox 1080 4885 1218 4942; x_wconf 89' lang='lat' dir='ltr'>rege</span> <span class='ocrx_word' id='word_1_685' title='bbox 1275 4879 1410 4946; x_wconf 90' lang='lat' dir='ltr'>post</span> <span class='ocrx_word' id='word_1_686' title='bbox 1461 4861 2015 4939; x_wconf 48' lang='lat' dir='ltr'>nihﬁiﬁ&#39;ﬁioﬁéiﬁ.</span> 
     </span>
    </p>
   </div>
   <div class='ocr_carea' id='block_1_99' title="bbox 364 4928 2018 5014">
    <p class='ocr_par' dir='ltr' id='par_1_99' title="bbox 364 4928 2018 5014">
     <span class='ocr_line' id='line_1_100' title="bbox 364 4928 2018 5014; baseline 0.018 -32"><span class='ocrx_word' id='word_1_687' title='bbox 364 4928 542 5014; x_wconf 53' lang='lat' dir='ltr'>Ideni</span> <span class='ocrx_word' id='word_1_688' title='bbox 561 4939 768 5014; x_wconf 75' lang='lat' dir='ltr'>auctor</span> <span class='ocrx_word' id='word_1_689' title='bbox 789 4937 970 5008; x_wconf 88' lang='lat' dir='ltr'>paulo</span> <span class='ocrx_word' id='word_1_690' title='bbox 1000 4928 1182 5014; x_wconf 47' lang='lat' dir='ltr'>post?</span> <span class='ocrx_word' id='word_1_691' title='bbox 1203 4928 2018 5011; x_wconf 50' lang='lat' dir='ltr'>«Atilii-inhi};ﬁlihﬁﬁéﬁiil</span> 
     </span>
    </p>
   </div>
   <div class='ocr_carea' id='block_1_100' title="bbox 362 5003 2015 5086">
    <p class='ocr_par' dir='ltr' id='par_1_100' title="bbox 362 5003 2015 5086">
     <span class='ocr_line' id='line_1_101' title="bbox 362 5003 2015 5086; baseline 0.018 -32"><span class='ocrx_word' id='word_1_692' title='bbox 362 5003 483 5082; x_wconf 65' lang='lat' dir='ltr'>nis,</span> <span class='ocrx_word' id='word_1_693' title='bbox 511 5003 722 5086; x_wconf 72' lang='lat' dir='ltr'>saucia</span> <span class='ocrx_word' id='word_1_694' title='bbox 754 5003 958 5086; x_wconf 75' lang='lat' dir='ltr'>sbrore</span> <span class='ocrx_word' id='word_1_695' title='bbox 1001 5003 1286 5086; x_wconf 60' lang='lat' dir='ltr'>Bernardi</span> <span class='ocrx_word' id='word_1_696' title='bbox 1317 5003 2015 5086; x_wconf 20' lang='lat' dir='ltr'>copulata&#39;is—ibiin—eo-d-</span> 
     </span>
    </p>
   </div>
   <div class='ocr_carea' id='block_1_101' title="bbox 387 5075 2014 5168">
    <p class='ocr_par' dir='ltr' id='par_1_101' title="bbox 387 5075 2014 5168">
     <span class='ocr_line' id='line_1_102' title="bbox 387 5075 2014 5168; baseline 0.012 -33"><span class='ocrx_word' id='word_1_697' title='bbox 387 5075 890 5168; x_wconf 41' lang='lat' dir='ltr'>ggigiaiqgigga</span> <span class='ocrx_word' id='word_1_698' title='bbox 913 5081 1222 5168; x_wconf 69' lang='lat' dir='ltr'>Guillelmo</span> <span class='ocrx_word' id='word_1_699' title='bbox 1249 5075 1755 5168; x_wconf 60' lang='lat' dir='ltr'>familiarissimiis</span> <span class='ocrx_word' id='word_1_700' title='bbox 1778 5075 2014 5168; x_wconf 59' lang='grc' dir='ltr'>ῐὶἱηζῖιῖιί</span> 
     </span>
    </p>
   </div>
   <div class='ocr_carea' id='block_1_102' title="bbox 402 5146 2013 5238">
    <p class='ocr_par' dir='ltr' id='par_1_102' title="bbox 402 5146 2013 5238">
     <span class='ocr_line' id='line_1_103' title="bbox 402 5146 2013 5238; baseline 0.016 -40"><span class='ocrx_word' id='word_1_701' title='bbox 402 5146 888 5238; x_wconf 47' lang='lat' dir='ltr'>qnqresillo‘rum</span> <span class='ocrx_word' id='word_1_702' title='bbox 921 5168 991 5238; x_wconf 78' lang='lat' dir='ltr'>ac</span> <span class='ocrx_word' id='word_1_703' title='bbox 1019 5154 1070 5238; x_wconf 72' lang='lat' dir='ltr'>si</span> <span class='ocrx_word' id='word_1_704' title='bbox 1096 5155 1278 5238; x_wconf 70' lang='lat' dir='ltr'>frater</span> <span class='ocrx_word' id='word_1_705' title='bbox 1306 5160 1610 5232; x_wconf 83' lang='lat' dir='ltr'>diligebat.</span> <span class='ocrx_word' id='word_1_706' title='bbox 1647 5167 1756 5232; x_wconf 90' lang='lat' dir='ltr'>Qui</span> <span class='ocrx_word' id='word_1_707' title='bbox 1811 5146 2013 5238; x_wconf 41' lang='lat' dir='ltr'>aYeLg—e</span> 
     </span>
    </p>
   </div>
   <div class='ocr_carea' id='block_1_103' title="bbox 359 5213 2012 5306">
    <p class='ocr_par' dir='ltr' id='par_1_103' title="bbox 359 5213 2012 5306">
     <span class='ocr_line' id='line_1_104' title="bbox 359 5213 2012 5306; baseline 0.018 -39"><span class='ocrx_word' id='word_1_708' title='bbox 359 5213 564 5306; x_wconf 42' lang='lat' dir='ltr'>adﬁne</span> <span class='ocrx_word' id='word_1_709' title='bbox 595 5225 841 5306; x_wconf 73' lang='lat' dir='ltr'>vocatus</span> <span class='ocrx_word' id='word_1_710' title='bbox 873 5223 948 5306; x_wconf 84' lang='lat' dir='ltr'>ad</span> <span class='ocrx_word' id='word_1_711' title='bbox 961 5213 1282 5306; x_wconf 73' lang='lat' dir='ltr'>palatium,</span> <span class='ocrx_word' id='word_1_712' title='bbox 1314 5213 1634 5304; x_wconf 52' lang='lat' dir='ltr'>ﬁtb‘ifééiﬁs</span> <span class='ocrx_word' id='word_1_713' title='bbox 1652 5213 2012 5295; x_wconf 46' lang='lat' dir='ltr'>Sabiniid;</span> 
     </span>
    </p>
   </div>
   <div class='ocr_carea' id='block_1_104' title="bbox 357 5291 2010 5378">
    <p class='ocr_par' dir='ltr' id='par_1_104' title="bbox 357 5291 2010 5378">
     <span class='ocr_line' id='line_1_105' title="bbox 357 5291 2010 5378; baseline 0.018 -40"><span class='ocrx_word' id='word_1_714' title='bbox 357 5291 842 5378; x_wconf 32' lang='lat' dir='ltr'>cpmes.rz&gt;kilnc‘le</span> <span class='ocrx_word' id='word_1_715' title='bbox 873 5299 928 5349; x_wconf 92' lang='lat' dir='ltr'>et</span> <span class='ocrx_word' id='word_1_716' title='bbox 957 5291 1186 5354; x_wconf 77' lang='lat' dir='ltr'>initium</span> <span class='ocrx_word' id='word_1_717' title='bbox 1221 5291 2010 5378; x_wconf 58' lang='lat' dir='ltr'>distordiam&#39;m&#39;éjﬁé&#39;éiiﬁi</span> 
     </span>
    </p>
   </div>
   <div class='ocr_carea' id='block_1_105' title="bbox 353 5360 2008 5450">
    <p class='ocr_par' dir='ltr' id='par_1_105' title="bbox 353 5360 2008 5450">
     <span class='ocr_line' id='line_1_106' title="bbox 353 5360 2008 5450; baseline 0.017 -40"><span class='ocrx_word' id='word_1_718' title='bbox 353 5360 841 5450; x_wconf 43' lang='lat' dir='ltr'>sano-tp_:(_lerald&#39;o</span> <span class='ocrx_word' id='word_1_719' title='bbox 869 5381 1150 5450; x_wconf 75' lang='lat' dir='ltr'>manasse</span> <span class='ocrx_word' id='word_1_720' title='bbox 1181 5360 1480 5450; x_wconf 68' lang='lat' dir='ltr'>suspicor.</span> <span class='ocrx_word' id='word_1_721' title='bbox 1494 5360 1828 5435; x_wconf 48' lang='lat' dir='ltr'>italiam;</span> <span class='ocrx_word' id='word_1_722' title='bbox 1846 5360 2008 5437; x_wconf 55' lang='lat' dir='ltr'>ehi;</span> 
     </span>
    </p>
   </div>
   <div class='ocr_carea' id='block_1_106' title="bbox 351 5437 2009 5520">
    <p class='ocr_par' dir='ltr' id='par_1_106' title="bbox 351 5437 2009 5520">
     <span class='ocr_line' id='line_1_107' title="bbox 351 5437 2009 5520; baseline 0.017 -41"><span class='ocrx_word' id='word_1_723' title='bbox 351 5437 1107 5520; x_wconf 24' lang='lat' dir='ltr'>quichrinsAitﬂHi-storiam_</span> <span class='ocrx_word' id='word_1_724' title='bbox 1121 5437 1475 5520; x_wconf 41' lang='lat' dir='ltr'>Aquitaniae,</span> <span class='ocrx_word' id='word_1_725' title='bbox 1509 5451 1682 5518; x_wconf 85' lang='lat' dir='ltr'>cujus</span> <span class='ocrx_word' id='word_1_726' title='bbox 1709 5451 2009 5520; x_wconf 85' lang='lat' dir='ltr'>fragmen-</span> 
     </span>
    </p>
   </div>
   <div class='ocr_carea' id='block_1_107' title="bbox 349 5497 2005 5604">
    <p class='ocr_par' dir='ltr' id='par_1_107' title="bbox 349 5497 2005 5604">
     <span class='ocr_line' id='line_1_108' title="bbox 349 5497 2005 5604; baseline 0.016 -52"><span class='ocrx_word' id='word_1_727' title='bbox 349 5498 478 5604; x_wconf 46' lang='lat' dir='ltr'>audn:</span> <span class='ocrx_word' id='word_1_728' title='bbox 493 5497 793 5560; x_wconf 76' lang='lat' dir='ltr'>habemus</span> <span class='ocrx_word' id='word_1_729' title='bbox 821 5507 878 5563; x_wconf 88' lang='lat' dir='ltr'>in</span> <span class='ocrx_word' id='word_1_730' title='bbox 908 5511 1045 5567; x_wconf 90' lang='lat' dir='ltr'>edit.</span> <span class='ocrx_word' id='word_1_731' title='bbox 1076 5497 2005 5604; x_wconf 48' lang='lat' dir='ltr'>pith‘eEhiii&#39;ﬁés&#39;tkazﬁﬁ‘375;;</span> 
     </span>
     <span class='ocr_line' id='line_1_109' title="bbox 477 5576 1978 5604; baseline 0 0"><span class='ocrx_word' id='word_1_732' title='bbox 477 5584 710 5604; x_wconf 67' lang='lat' dir='ltr'>mgnum</span> <span class='ocrx_word' id='word_1_733' title='bbox 749 5576 820 5604; x_wconf 62' lang='grc' dir='ltr'>..1η</span> <span class='ocrx_word' id='word_1_734' title='bbox 851 5580 1051 5604; x_wconf 67' lang='lat' dir='ltr'>n.1,.--</span> <span class='ocrx_word' id='word_1_735' title='bbox 1089 5601 1215 5604; x_wconf 41' lang='lat' dir='ltr'>_-i,,</span> <span class='ocrx_word' id='word_1_736' title='bbox 1311 5589 1326 5604; x_wconf 80' lang='grc' dir='ltr'>-ι</span> <span class='ocrx_word' id='word_1_737' title='bbox 1363 5594 1398 5604; x_wconf 62' lang='grc' dir='ltr'><strong>,ι</strong></span> <span class='ocrx_word' id='word_1_738' title='bbox 1465 5597 1474 5604; x_wconf 95' lang='grc'>.</span> <span class='ocrx_word' id='word_1_739' title='bbox 1969 5595 1978 5604; x_wconf 94' lang='grc'><em>.</em></span> 
     </span>
    </p>
   </div>
   <div class='ocr_carea' id='block_1_108' title="bbox 343 5567 2005 5655">
    <p class='ocr_par' dir='ltr' id='par_1_108' title="bbox 343 5567 2005 5655">
     <span class='ocr_line' id='line_1_110' title="bbox 343 5567 2005 5655; baseline 0.02 -35"><span class='ocrx_word' id='word_1_740' title='bbox 343 5567 714 5655; x_wconf 43' lang='lat' dir='ltr'>ﬁdemarum</span> <span class='ocrx_word' id='word_1_741' title='bbox 745 5576 823 5655; x_wconf 85' lang='lat' dir='ltr'>ab</span> <span class='ocrx_word' id='word_1_742' title='bbox 851 5580 1056 5655; x_wconf 86' lang='lat' dir='ltr'>Odone</span> <span class='ocrx_word' id='word_1_743' title='bbox 1087 5567 1229 5655; x_wconf 71' lang='lat' dir='ltr'>rege</span> <span class='ocrx_word' id='word_1_744' title='bbox 1242 5567 2005 5654; x_wconf 43' lang='lat' dir='ltr'>Eﬁ&#39;rﬁziéivlehs&#39;é&#39;ni&#39;cdﬁi:</span> 
     </span>
    </p>
   </div>
   <div class='ocr_carea' id='block_1_109' title="bbox 343 5639 1999 5746">
    <p class='ocr_par' dir='ltr' id='par_1_109' title="bbox 343 5639 1999 5746">
     <span class='ocr_line' id='line_1_111' title="bbox 343 5639 1999 5746; baseline 0.022 -52"><span class='ocrx_word' id='word_1_745' title='bbox 343 5639 533 5700; x_wconf 85' lang='lat' dir='ltr'>tatum</span> <span class='ocrx_word' id='word_1_746' title='bbox 559 5653 904 5715; x_wconf 89' lang='lat' dir='ltr'>provectum</span> <span class='ocrx_word' id='word_1_747' title='bbox 935 5652 1116 5711; x_wconf 87' lang='lat' dir='ltr'>fuisse</span> <span class='ocrx_word' id='word_1_748' title='bbox 1141 5639 1999 5746; x_wconf 47' lang='lat' dir='ltr'>Edriévitfiﬁiﬁiéliiﬁiéfsvﬁii-</span> 
     </span>
    </p>
   </div>
   <div class='ocr_carea' id='block_1_110' title="bbox 2128 4513 3800 4597">
    <p class='ocr_par' dir='ltr' id='par_1_110' title="bbox 2128 4513 3800 4597">
     <span class='ocr_line' id='line_1_112' title="bbox 2128 4513 3800 4597; baseline -0.007 -16"><span class='ocrx_word' id='word_1_749' title='bbox 2128 4519 2361 4597; x_wconf 85' lang='lat' dir='ltr'>jungit:</span> <span class='ocrx_word' id='word_1_750' title='bbox 2397 4547 2424 4575; x_wconf 85' lang='lat'><strong>«</strong></span> <span class='ocrx_word' id='word_1_751' title='bbox 2467 4521 2977 4597; x_wconf 61' lang='lat' dir='ltr'>Regressusquea</span> <span class='ocrx_word' id='word_1_752' title='bbox 3029 4516 3249 4597; x_wconf 77' lang='lat' dir='ltr'>palatio</span> <span class='ocrx_word' id='word_1_753' title='bbox 3274 4514 3580 4597; x_wconf 58' lang='lat' dir='ltr'>_Ge_i‘_aldus</span> <span class='ocrx_word' id='word_1_754' title='bbox 3629 4513 3800 4597; x_wconf 53' lang='lat' dir='ltr'>claui</span> 
     </span>
    </p>
   </div>
   <div class='ocr_carea' id='block_1_111' title="bbox 2133 4585 3794 4654">
    <p class='ocr_par' dir='ltr' id='par_1_111' title="bbox 2133 4585 3794 4654">
     <span class='ocr_line' id='line_1_113' title="bbox 2133 4585 3794 4654; baseline -0.008 -2"><span class='ocrx_word' id='word_1_755' title='bbox 2133 4585 2500 4654; x_wconf 70' lang='lat' dir='ltr'>subductum</span> <span class='ocrx_word' id='word_1_756' title='bbox 2529 4585 2720 4652; x_wconf 81' lang='lat' dir='ltr'>tilium</span> <span class='ocrx_word' id='word_1_757' title='bbox 2751 4585 2983 4650; x_wconf 69' lang='lat' dir='ltr'>Ranulﬁ</span> <span class='ocrx_word' id='word_1_758' title='bbox 3006 4585 3050 4648; x_wconf 70' lang='grc' dir='ltr'><em>δῖ</em></span> <span class='ocrx_word' id='word_1_759' title='bbox 3072 4587 3320 4645; x_wconf 79' lang='lat' dir='ltr'>Pictavis</span> <span class='ocrx_word' id='word_1_760' title='bbox 3341 4585 3628 4642; x_wconf 89' lang='lat' dir='ltr'>Willelmo</span> <span class='ocrx_word' id='word_1_761' title='bbox 3646 4585 3794 4640; x_wconf 87' lang='lat' dir='ltr'>duci</span> 
     </span>
    </p>
   </div>
   <div class='ocr_carea' id='block_1_112' title="bbox 2129 4657 3792 4742">
    <p class='ocr_par' dir='ltr' id='par_1_112' title="bbox 2129 4657 3792 4742">
     <span class='ocr_line' id='line_1_114' title="bbox 2129 4657 3792 4742; baseline -0.01 -17"><span class='ocrx_word' id='word_1_762' title='bbox 2129 4669 2458 4742; x_wconf 81' lang='lat' dir='ltr'>Aquitaniae</span> <span class='ocrx_word' id='word_1_763' title='bbox 2492 4667 2706 4742; x_wconf 84' lang='lat' dir='ltr'>comiti</span> <span class='ocrx_word' id='word_1_764' title='bbox 2755 4659 3031 4722; x_wconf 80' lang='lat' dir='ltr'>Arvernis</span> <span class='ocrx_word' id='word_1_765' title='bbox 3081 4659 3326 4716; x_wconf 88' lang='lat' dir='ltr'>credidit</span> <span class='ocrx_word' id='word_1_766' title='bbox 3374 4657 3792 4722; x_wconf 89' lang='lat' dir='ltr'>nutriendum,</span> 
     </span>
    </p>
   </div>
   <div class='ocr_carea' id='block_1_113' title="bbox 2130 4740 2937 4814">
    <p class='ocr_par' dir='ltr' id='par_1_113' title="bbox 2130 4740 2937 4814">
     <span class='ocr_line' id='line_1_115' title="bbox 2130 4740 2937 4814; baseline -0.002 -18"><span class='ocrx_word' id='word_1_767' title='bbox 2130 4740 2301 4812; x_wconf 85' lang='lat' dir='ltr'>cujus</span> <span class='ocrx_word' id='word_1_768' title='bbox 2330 4740 2707 4814; x_wconf 78' lang='lat' dir='ltr'>prapinquus</span> <span class='ocrx_word' id='word_1_769' title='bbox 2738 4743 2937 4814; x_wconf 41' lang='lat' dir='ltr'>eratL»</span> 
     </span>
    </p>
   </div>
   <div class='ocr_carea' id='block_1_114' title="bbox 2199 4801 3792 4883">
    <p class='ocr_par' dir='ltr' id='par_1_114' title="bbox 2199 4801 3792 4883">
     <span class='ocr_line' id='line_1_116' title="bbox 2199 4801 3792 4883; baseline -0.011 -14"><span class='ocrx_word' id='word_1_770' title='bbox 2199 4801 2312 4883; x_wconf 63' lang='lat'>(96)</span> <span class='ocrx_word' id='word_1_771' title='bbox 2330 4801 2700 4881; x_wconf 58' lang='lat' dir='ltr'>&#39;Godefrédus</span> <span class='ocrx_word' id='word_1_772' title='bbox 2723 4811 2828 4866; x_wconf 77' lang='lat' dir='ltr'>ille</span> <span class='ocrx_word' id='word_1_773' title='bbox 2854 4802 3477 4883; x_wconf 54' lang='lat' dir='ltr'>Torennensisgmnes.</span> <span class='ocrx_word' id='word_1_774' title='bbox 3491 4801 3792 4883; x_wconf 64' lang='lat' dir='ltr'>Tqrenna,</span> 
     </span>
    </p>
   </div>
   <div class='ocr_carea' id='block_1_115' title="bbox 2127 4869 3793 4948">
    <p class='ocr_par' dir='ltr' id='par_1_115' title="bbox 2127 4869 3793 4948">
     <span class='ocr_line' id='line_1_117' title="bbox 2127 4869 3793 4948; baseline -0.008 -11"><span class='ocrx_word' id='word_1_775' title='bbox 2127 4869 2245 4938; x_wconf 75' lang='lat' dir='ltr'>sive</span> <span class='ocrx_word' id='word_1_776' title='bbox 2275 4869 2569 4948; x_wconf 79' lang='lat' dir='ltr'>Turenna,</span> <span class='ocrx_word' id='word_1_777' title='bbox 2604 4880 2962 4937; x_wconf 88' lang='lat' dir='ltr'>Lemovicini</span> <span class='ocrx_word' id='word_1_778' title='bbox 3015 4877 3285 4936; x_wconf 88' lang='lat' dir='ltr'>territorii</span> <span class='ocrx_word' id='word_1_779' title='bbox 3345 4869 3514 4948; x_wconf 86' lang='lat' dir='ltr'>urbs,</span> <span class='ocrx_word' id='word_1_780' title='bbox 3543 4869 3620 4927; x_wconf 86' lang='lat' dir='ltr'>de</span> <span class='ocrx_word' id='word_1_781' title='bbox 3665 4885 3793 4942; x_wconf 86' lang='lat' dir='ltr'>qua</span> 
     </span>
    </p>
   </div>
   <div class='ocr_carea' id='block_1_116' title="bbox 2123 4947 3798 5026">
    <p class='ocr_par' dir='ltr' id='par_1_116' title="bbox 2123 4947 3798 5026">
     <span class='ocr_line' id='line_1_118' title="bbox 2123 4947 3798 5026; baseline -0.01 -16"><span class='ocrx_word' id='word_1_782' title='bbox 2123 4953 2427 5026; x_wconf 36' lang='lat' dir='ltr'>ipSBHOIlO,</span> <span class='ocrx_word' id='word_1_783' title='bbox 2477 4947 2634 5026; x_wconf 60' lang='lat' dir='ltr'>infra</span> <span class='ocrx_word' id='word_1_784' title='bbox 2674 4969 2810 5026; x_wconf 8' lang='lat' dir='ltr'>capp.</span> <span class='ocrx_word' id='word_1_785' title='bbox 2844 4957 2949 5008; x_wconf 71' lang='grc' dir='ltr'>4οε</span> <span class='ocrx_word' id='word_1_786' title='bbox 2986 4975 3013 5001; x_wconf 92' lang='grc'><em>‹‹</em></span> <span class='ocrx_word' id='word_1_787' title='bbox 3046 4952 3320 5026; x_wconf 81' lang='lat' dir='ltr'>Testatur</span> <span class='ocrx_word' id='word_1_788' title='bbox 3358 4947 3476 5026; x_wconf 79' lang='lat' dir='ltr'>hoc</span> <span class='ocrx_word' id='word_1_789' title='bbox 3521 4955 3798 5026; x_wconf 59' lang='lat' dir='ltr'>prfesens</span> 
     </span>
    </p>
   </div>
   <div class='ocr_carea' id='block_1_117' title="bbox 2123 5015 3800 5090">
    <p class='ocr_par' dir='ltr' id='par_1_117' title="bbox 2123 5015 3800 5090">
     <span class='ocr_line' id='line_1_119' title="bbox 2123 5015 3800 5090; baseline -0.009 -9"><span class='ocrx_word' id='word_1_790' title='bbox 2123 5015 2496 5090; x_wconf 59' lang='lat' dir='ltr'>Adalbertus,</span> <span class='ocrx_word' id='word_1_791' title='bbox 2512 5023 2606 5079; x_wconf 90' lang='lat' dir='ltr'>ille</span> <span class='ocrx_word' id='word_1_792' title='bbox 2631 5015 3265 5090; x_wconf 75' lang='lat' dir='ltr'>videlicetmonachus,</span> <span class='ocrx_word' id='word_1_793' title='bbox 3279 5019 3384 5090; x_wconf 90' lang='lat' dir='ltr'>qui</span> <span class='ocrx_word' id='word_1_794' title='bbox 3401 5015 3800 5090; x_wconf 71' lang='lat' dir='ltr'>apudLe‘mo-</span> 
     </span>
    </p>
   </div>
   <div class='ocr_carea' id='block_1_118' title="bbox 2121 5086 3798 5176">
    <p class='ocr_par' dir='ltr' id='par_1_118' title="bbox 2121 5086 3798 5176">
     <span class='ocr_line' id='line_1_120' title="bbox 2121 5086 3798 5176; baseline -0.005 -24"><span class='ocrx_word' id='word_1_795' title='bbox 2121 5097 2284 5152; x_wconf 89' lang='lat' dir='ltr'>vicas</span> <span class='ocrx_word' id='word_1_796' title='bbox 2311 5086 2570 5176; x_wconf 67' lang='lat' dir='ltr'>V&#39;ei‘bum</span> <span class='ocrx_word' id='word_1_797' title='bbox 2594 5095 2706 5176; x_wconf 84' lang='lat' dir='ltr'>Dei</span> <span class='ocrx_word' id='word_1_798' title='bbox 2719 5094 3122 5176; x_wconf 59' lang='lat' dir='ltr'>soletpopulo</span> <span class='ocrx_word' id='word_1_799' title='bbox 3153 5086 3500 5176; x_wconf 63' lang='lat' dir='ltr'>praedicare.</span> <span class='ocrx_word' id='word_1_800' title='bbox 3523 5086 3798 5176; x_wconf 54' lang='grc' dir='ltr'>Ίςζιιξςεξιις</span> 
     </span>
    </p>
   </div>
   <div class='ocr_carea' id='block_1_119' title="bbox 2121 5155 3794 5240">
    <p class='ocr_par' dir='ltr' id='par_1_119' title="bbox 2121 5155 3794 5240">
     <span class='ocr_line' id='line_1_121' title="bbox 2121 5155 3794 5240; baseline -0.012 -13"><span class='ocrx_word' id='word_1_801' title='bbox 2121 5184 2258 5240; x_wconf 83' lang='lat' dir='ltr'>rum</span> <span class='ocrx_word' id='word_1_802' title='bbox 2288 5166 2513 5240; x_wconf 89' lang='lat' dir='ltr'>quippe</span> <span class='ocrx_word' id='word_1_803' title='bbox 2544 5166 2732 5223; x_wconf 91' lang='lat' dir='ltr'>sancti</span> <span class='ocrx_word' id='word_1_804' title='bbox 2749 5155 3020 5223; x_wconf 75' lang='lat' dir='ltr'>Martialis</span> <span class='ocrx_word' id='word_1_805' title='bbox 3046 5155 3330 5240; x_wconf 72' lang='lat' dir='ltr'>Torennas</span> <span class='ocrx_word' id='word_1_806' title='bbox 3349 5155 3794 5240; x_wconf 39' lang='lat' dir='ltr'>custodiebat?</span> 
     </span>
    </p>
   </div>
   <div class='ocr_carea' id='block_1_120' title="bbox 2119 5225 3794 5294">
    <p class='ocr_par' dir='ltr' id='par_1_120' title="bbox 2119 5225 3794 5294">
     <span class='ocr_line' id='line_1_122' title="bbox 2119 5225 3794 5294; baseline -0.004 0"><span class='ocrx_word' id='word_1_807' title='bbox 2119 5240 2200 5294; x_wconf 90' lang='lat' dir='ltr'>De</span> <span class='ocrx_word' id='word_1_808' title='bbox 2228 5225 2342 5294; x_wconf 70' lang='lat' dir='ltr'>hoc</span> <span class='ocrx_word' id='word_1_809' title='bbox 2382 5225 2584 5294; x_wconf 71' lang='lat' dir='ltr'>alitem</span> <span class='ocrx_word' id='word_1_810' title='bbox 2615 5241 2896 5294; x_wconf 81' lang='lat' dir='ltr'>Torennae</span> <span class='ocrx_word' id='word_1_811' title='bbox 2925 5237 3140 5293; x_wconf 88' lang='lat' dir='ltr'>comite</span> <span class='ocrx_word' id='word_1_812' title='bbox 3194 5235 3526 5292; x_wconf 85' lang='lat' dir='ltr'>Godefredo</span> <span class='ocrx_word' id='word_1_813' title='bbox 3565 5225 3794 5289; x_wconf 73' lang='lat' dir='ltr'>nuiiibi</span> 
     </span>
    </p>
   </div>
   <div class='ocr_carea' id='block_1_121' title="bbox 2117 5303 3794 5382">
    <p class='ocr_par' dir='ltr' id='par_1_121' title="bbox 2117 5303 3794 5382">
     <span class='ocr_line' id='line_1_123' title="bbox 2117 5303 3794 5382; baseline -0.004 -17"><span class='ocrx_word' id='word_1_814' title='bbox 2117 5323 2495 5382; x_wconf 81' lang='lat' dir='ltr'>quemquam</span> <span class='ocrx_word' id='word_1_815' title='bbox 2509 5309 2696 5382; x_wconf 79' lang='lat' dir='ltr'>alium</span> <span class='ocrx_word' id='word_1_816' title='bbox 2715 5309 2964 5364; x_wconf 91' lang='lat' dir='ltr'>memini</span> <span class='ocrx_word' id='word_1_817' title='bbox 2983 5308 3250 5382; x_wconf 74' lang='lat' dir='ltr'>locutum</span> <span class='ocrx_word' id='word_1_818' title='bbox 3275 5305 3605 5382; x_wconf 84' lang='lat' dir='ltr'>fuis_se,_nisi</span> <span class='ocrx_word' id='word_1_819' title='bbox 3619 5303 3794 5382; x_wconf 61' lang='lat' dir='ltr'>for-si:-</span> 
     </span>
    </p>
   </div>
   <div class='ocr_carea' id='block_1_122' title="bbox 2117 5373 3792 5452">
    <p class='ocr_par' dir='ltr' id='par_1_122' title="bbox 2117 5373 3792 5452">
     <span class='ocr_line' id='line_1_124' title="bbox 2117 5373 3792 5452; baseline -0.004 -16"><span class='ocrx_word' id='word_1_820' title='bbox 2117 5373 2222 5437; x_wconf 69' lang='lat' dir='ltr'>tan</span> <span class='ocrx_word' id='word_1_821' title='bbox 2269 5373 2577 5452; x_wconf 79' lang='lat' dir='ltr'>Gosfridus</span> <span class='ocrx_word' id='word_1_822' title='bbox 2606 5380 2702 5436; x_wconf 90' lang='lat' dir='ltr'>ille</span> <span class='ocrx_word' id='word_1_823' title='bbox 2751 5385 2862 5450; x_wconf 90' lang='lat' dir='ltr'>est,</span> <span class='ocrx_word' id='word_1_824' title='bbox 2899 5381 3070 5452; x_wconf 91' lang='lat' dir='ltr'>cujus</span> <span class='ocrx_word' id='word_1_825' title='bbox 3097 5379 3222 5446; x_wconf 86' lang='lat' dir='ltr'>ﬁlii,</span> <span class='ocrx_word' id='word_1_826' title='bbox 3257 5383 3320 5452; x_wconf 76' lang='lat' dir='ltr'>ut</span> <span class='ocrx_word' id='word_1_827' title='bbox 3373 5373 3589 5452; x_wconf 80' lang='lat' dir='ltr'>legitur</span> <span class='ocrx_word' id='word_1_828' title='bbox 3617 5373 3792 5446; x_wconf 87' lang='lat' dir='ltr'>apud</span> 
     </span>
    </p>
   </div>
   <div class='ocr_carea' id='block_1_123' title="bbox 2117 5448 3792 5578">
    <p class='ocr_par' dir='ltr' id='par_1_123' title="bbox 2117 5448 3792 5578">
     <span class='ocr_line' id='line_1_125' title="bbox 2117 5448 3792 5578; baseline -0.005 -70"><span class='ocrx_word' id='word_1_829' title='bbox 2117 5454 2483 5578; x_wconf 36' lang='lat' dir='ltr'>amomum</span> <span class='ocrx_word' id='word_1_830' title='bbox 2513 5451 2614 5508; x_wconf 94' lang='lat' dir='ltr'>lib.</span> <span class='ocrx_word' id='word_1_831' title='bbox 2642 5469 2701 5514; x_wconf 85' lang='lat' dir='ltr'>v.</span> <span class='ocrx_word' id='word_1_832' title='bbox 2725 5448 2857 5524; x_wconf 70' lang='lat' dir='ltr'>cap.</span> <span class='ocrx_word' id='word_1_833' title='bbox 2887 5455 2954 5508; x_wconf 88' lang='lat'>36</span> <span class='ocrx_word' id='word_1_834' title='bbox 2973 5448 2998 5534; x_wconf 58' lang='grc' dir='ltr'><em>ξ</em></span> <span class='ocrx_word' id='word_1_835' title='bbox 3026 5473 3066 5533; x_wconf 44' lang='grc' dir='ltr'>,α</span> <span class='ocrx_word' id='word_1_836' title='bbox 3095 5449 3418 5534; x_wconf 56' lang='lat' dir='ltr'>Castellum</span> <span class='ocrx_word' id='word_1_837' title='bbox 3443 5453 3500 5503; x_wconf 90' lang='lat' dir='ltr'>et</span> <span class='ocrx_word' id='word_1_838' title='bbox 3523 5448 3792 5536; x_wconf 62' lang='lat' dir='ltr'>honores</span> 
     </span>
     <span class='ocr_line' id='line_1_126' title="bbox 2185 5521 3788 5578; baseline -0.004 0"><span class='ocrx_word' id='word_1_839' title='bbox 2185 5541 2222 5578; x_wconf 80' lang='grc' dir='ltr'><strong>ιι</strong></span> <span class='ocrx_word' id='word_1_840' title='bbox 2253 5524 2477 5578; x_wconf 85' lang='lat' dir='ltr'>Odonis</span> <span class='ocrx_word' id='word_1_841' title='bbox 2498 5522 2813 5578; x_wconf 77' lang='lat' dir='ltr'>quondam</span> <span class='ocrx_word' id='word_1_842' title='bbox 2840 5528 3072 5578; x_wconf 82' lang='lat' dir='ltr'>comitis</span> <span class='ocrx_word' id='word_1_843' title='bbox 3095 5524 3448 5578; x_wconf 80' lang='lat' dir='ltr'>invaserunt</span> <span class='ocrx_word' id='word_1_844' title='bbox 3469 5534 3632 5576; x_wconf 90' lang='lat' dir='ltr'>anno</span> <span class='ocrx_word' id='word_1_845' title='bbox 3653 5521 3687 5572; x_wconf 91' lang='lat'><strong>8</strong></span> <span class='ocrx_word' id='word_1_846' title='bbox 3703 5523 3788 5578; x_wconf 70' lang='grc' dir='ltr'>ιδ.</span> 
     </span>
    </p>
   </div>
   <div class='ocr_carea' id='block_1_124' title="bbox 2143 5521 3788 5595">
    <p class='ocr_par' dir='ltr' id='par_1_124' title="bbox 2143 5521 3788 5595">
     <span class='ocr_line' id='line_1_127' title="bbox 2143 5521 3788 5595; baseline -0.004 -17"><span class='ocrx_word' id='word_1_847' title='bbox 2143 5521 2222 5579; x_wconf 86' lang='lat' dir='ltr'>iiii</span> <span class='ocrx_word' id='word_1_848' title='bbox 2253 5523 2477 5581; x_wconf 91' lang='lat' dir='ltr'>Odonis</span> <span class='ocrx_word' id='word_1_849' title='bbox 2498 5521 2819 5595; x_wconf 78' lang='lat' dir='ltr'>quondam</span> <span class='ocrx_word' id='word_1_850' title='bbox 2840 5523 3072 5595; x_wconf 88' lang='lat' dir='ltr'>comitis</span> <span class='ocrx_word' id='word_1_851' title='bbox 3095 5523 3448 5595; x_wconf 76' lang='lat' dir='ltr'>invaserunt</span> <span class='ocrx_word' id='word_1_852' title='bbox 3469 5521 3788 5595; x_wconf 69' lang='lat' dir='ltr'>anno_878,</span> 
     </span>
    </p>
   </div>
   <div class='ocr_carea' id='block_1_125' title="bbox 2119 5589 3788 5668">
    <p class='ocr_par' dir='ltr' id='par_1_125' title="bbox 2119 5589 3788 5668">
     <span class='ocr_line' id='line_1_128' title="bbox 2119 5589 3788 5668; baseline -0.005 -17"><span class='ocrx_word' id='word_1_853' title='bbox 2119 5612 2262 5668; x_wconf 89' lang='lat' dir='ltr'>quo,</span> <span class='ocrx_word' id='word_1_854' title='bbox 2283 5600 2337 5668; x_wconf 85' lang='lat' dir='ltr'>et</span> <span class='ocrx_word' id='word_1_855' title='bbox 2353 5589 2544 5668; x_wconf 78' lang='lat' dir='ltr'>Immo</span> <span class='ocrx_word' id='word_1_856' title='bbox 2567 5593 2748 5650; x_wconf 86' lang='lat' dir='ltr'>frater</span> <span class='ocrx_word' id='word_1_857' title='bbox 2780 5594 3062 5668; x_wconf 81' lang='lat' dir='ltr'>Bernardi</span> <span class='ocrx_word' id='word_1_858' title='bbox 3087 5591 3453 5668; x_wconf 74' lang='lat' dir='ltr'>marchionjs</span> <span class='ocrx_word' id='word_1_859' title='bbox 3468 5589 3788 5668; x_wconf 55' lang='lat' dir='ltr'>Iflbroicen-</span> 
     </span>
    </p>
   </div>
   <div class='ocr_carea' id='block_1_126' title="bbox 2120 5660 3784 5742">
    <p class='ocr_par' dir='ltr' id='par_1_126' title="bbox 2120 5660 3784 5742">
     <span class='ocr_line' id='line_1_129' title="bbox 2120 5660 3784 5742; baseline -0.004 -20"><span class='ocrx_word' id='word_1_860' title='bbox 2120 5660 2257 5724; x_wconf 56' lang='lat' dir='ltr'>s’em&#39;</span> <span class='ocrx_word' id='word_1_861' title='bbox 2269 5666 2565 5723; x_wconf 76' lang='lat' dir='ltr'>civitatem</span> <span class='ocrx_word' id='word_1_862' title='bbox 2591 5681 2892 5742; x_wconf 87' lang='lat' dir='ltr'>usurpans</span> <span class='ocrx_word' id='word_1_863' title='bbox 2925 5665 3146 5725; x_wconf 87' lang='lat' dir='ltr'>multas</span> <span class='ocrx_word' id='word_1_864' title='bbox 3173 5661 3654 5738; x_wconf 80' lang='lat' dir='ltr'>depraedationes</span> <span class='ocrx_word' id='word_1_865' title='bbox 3673 5660 3784 5717; x_wconf 66' lang='lat' dir='ltr'>cir-</span> 
     </span>
    </p>
   </div>
   <div class='ocr_carea' id='block_1_127' title="bbox 2552 5769 2912 5792">
    <p class='ocr_par' dir='ltr' id='par_1_127' title="bbox 2552 5769 2912 5792">
     <span class='ocr_line' id='line_1_130' title="bbox 2552 5769 2912 5792; baseline -0.003 -2"><span class='ocrx_word' id='word_1_866' title='bbox 2552 5769 2694 5792; x_wconf 54' lang='grc' dir='ltr'>⁹“η¹υ-</span> <span class='ocrx_word' id='word_1_867' title='bbox 2799 5771 2872 5790; x_wconf 59' lang='grc' dir='ltr'>αἰη</span> <span class='ocrx_word' id='word_1_868' title='bbox 2905 5779 2912 5788; x_wconf 75' lang='grc' dir='ltr'>ι</span> 
     </span>
    </p>
   </div>
  </div>
