4092 6158
153 177 245 229 665

945 171 1043 225 DE
1075 169 1238 226 VITA
1280 170 1336 225 S.
1378 166 1679 224 GERALDI
1719 163 1994 228 COIlTIS
2033 167 2385 227 AURILIAC.
2432 203 2500 216 -—
2538 175 2670 232 LIB.
2714 176 2754 230 Ι.

3467 186 3572 241 666

153 293 408 370 quadam
439 293 583 361 vice,
617 293 861 350 collecto
893 294 1147 350 militum
1184 293 1447 362 agmine,
1482 289 1802 347 festinabat
1837 292 1886 345 Δ
1913 288 2043 346 lites
2071 292 2176 364 qui
2203 293 2281 350 ad
2340 296 2591 354 missam
2640 314 2781 355 cum
2821 301 3052 358 seniore
3111 307 3300 374 erant,
3334 305 3572 363 exsilire

153 390 213 443 ut
249 385 410 440 hunc
442 383 640 438 virum
676 383 775 440 Dei
825 383 1108 439 bellando
1138 382 1458 445 lacessiret,
1513 385 1616 436 aut
1663 395 1799 452 quae

153 477 311 532 erant
334 473 485 544 juris
536 472 692 528 illius
744 473 1099 529 devastaret.
1156 472 1410 542 Contigit
1462 475 1684 539 autem,
1739 471 1804 524 ut

152 566 273 637 ipso
299 561 502 633 gladio
531 578 652 634 quo
685 578 744 618 se
776 567 1128 629 armaverat,
1173 565 1255 618 ita
1281 561 1710 626 vulneraretur,
1738 561 1805 614 ut

153 657 447 727 arreptum
472 652 580 709 iter
609 668 992 725 nequaquam
1017 652 1254 726 explere
1279 657 1501 724 posset.
1530 649 1639 717 Qui
1671 654 1801 705 tan-

153 747 281 803 dem
300 743 634 814 intelligens
663 743 828 816 quod
858 744 936 799 ob
968 743 1248 814 injuriam
1306 743 1412 798 viri
1446 742 1544 797 Dei
1598 739 1802 796 vulne-

155 838 306 891 ratus
327 832 420 901 sit,
453 849 490 888 a
541 831 770 887 malitia
817 848 926 887 sua
960 832 1236 899 cessavit,
1269 831 1484 888 merito
1517 829 1628 884 sibi
1655 828 1801 884 illud

153 922 460 980 Mosaicum
480 921 798 977 convenire
828 921 1235 994 conspiciens:
1261 922 1589 992 Fugiamus
1612 920 1800 975 Israe-

155 1015 278 1076 lem,
309 1012 598 1068 Dominus
655 1012 809 1068 enim
846 1017 1083 1082 pugnat
1136 1027 1250 1081 pro
1288 1013 1369 1068 eis
1428 1015 1641 1066 contra
1694 1024 1802 1064 nos

150 1101 355 1174 (Exod.
388 1117 509 1172 xlv,
541 1105 653 1165 25).

217 1191 478 1246 XXXVIII.
514 1188 819 1262 Oppidum
854 1189 1269 1260 nihilominus,
1298 1189 1465 1262 quod
1493 1191 1800 1244 monaste-

148 1279 227 1335 rio
254 1278 730 1351 superimminet.
789 1277 969 1333 frater
1001 1277 1264 1352 praedicti
1316 1276 1596 1333 Ademari
1640 1275 1800 1332 clan-

149 1367 273 1424 culo
301 1367 554 1440 irrepsit.
580 1367 695 1423 Sed
719 1366 864 1439 quia
889 1367 1018 1437 jam
1065 1366 1486 1440 experimentis
1545 1365 1801 1422 aliorum

148 1455 428 1512 didicerat
482 1456 651 1529 quod
708 1455 1016 1523 Geraldus,
1073 1459 1190 1512 Deo
1233 1471 1344 1528 pro
1372 1472 1437 1512 se
1466 1459 1796 1527 pugnante,

147 1560 374 1618 semper
402 1545 677 1601 hostibus
703 1543 1070 1617 praevaleret,
1095 1560 1218 1600 non
1246 1561 1436 1600 ausus
1464 1547 1551 1600 est
1570 1542 1798 1598 ibidem

1912 379 2209 440 volebant.
2257 384 2414 448 Quos
2471 386 2566 443 ille
2621 389 3000 447 sermonibus
3049 391 3242 464 fregit,
3274 398 3333 450 et
3379 395 3572 452 donec

1913 483 2066 541 opus
2099 469 2196 526 Dei
2228 473 2642 546 compleretur,
2679 492 3065 550 nequaquam
3095 481 3254 537 exire
3278 483 3566 555 permisit.

1914 559 2152 616 Interim
2181 577 2323 618 vero
2368 565 2646 621 satellites
2677 566 2970 624 Adalelmi
3017 571 3315 628 ambitum
3344 573 3571 631 castelli

1911 655 2328 720 pervagantes,
2380 659 2608 726 septem
2656 671 2845 728 equos
2913 661 3146 714 tantum
3198 668 3566 733 repererunt.

1911 754 2066 810 quos
2094 744 2150 795 et
2176 740 2523 811 abegerunt.
2550 747 2616 800 Et
2639 745 2949 803 confestim
2971 748 3277 805 incassum
3326 767 3388 807 se
3414 752 3568 808 irru-

1910 828 2072 901 pisse
2119 830 2409 895 videntes,
2460 835 2692 906 pudore
2749 838 2883 901 acti,
2935 853 3206 895 remeare
3239 847 3566 914 coeperunt.

1915 921 2115 974 Fertur
2135 924 2336 976 autem
2360 925 2527 994 quod
2574 925 2662 980 vir
2703 927 2961 995 Domini,
2995 929 3236 985 retentis
3257 929 3567 1000 militibus,

1912 1024 2094 1082 supra
2117 1015 2353 1082 portam
2387 1017 2627 1087 sumpto
2656 1016 2937 1088 psalterio
2987 1019 3256 1075 concitus
3285 1021 3570 1076 ascende-

1910 1097 2002 1159 rit,
2026 1101 2083 1152 et
2110 1098 2310 1154 nescio
2339 1100 2485 1171 quid
2510 1117 2541 1158 e
2571 1103 2823 1174 psalmis
2847 1105 3098 1162 Domino
3143 1107 3565 1164 decantaverit.

1912 1188 2090 1241 Porro
2145 1190 2453 1260 tyrannus,
2499 1191 2604 1263 qui
2658 1209 2910 1251 moerere
2969 1211 3072 1250 cor
3121 1196 3269 1266 justi
3324 1197 3564 1266 fecerat,

1911 1273 2143 1331 laetatus
2191 1291 2582 1351 nequaquam
2629 1281 2822 1338 redire
2881 1283 3212 1355 permissus
3259 1289 3368 1342 est.
3429 1286 3570 1344 Mira

1909 1363 2178 1421 dicturus
2227 1383 2384 1432 sum,
2435 1372 2491 1424 et
2541 1385 2694 1441 pene
2739 1371 3131 1436 incredibilia,
3191 1373 3307 1430 nisi
3352 1375 3480 1432 haec
3531 1392 3571 1433 a

1908 1457 2053 1524 teste
2079 1453 2220 1510 satis
2249 1455 2466 1512 idoneo
2509 1459 2985 1530 perhiberentur.
3035 1465 3184 1518 Nam
3215 1463 3290 1518 de
3320 1463 3568 1520 caballis

1908 1559 2118 1599 eorum
2146 1543 2332 1600 ferme
2364 1548 2674 1617 sexaginta
2698 1549 2811 1604 sub
2854 1549 3023 1606 brevi
3054 1553 3248 1624 spatio
3281 1554 3566 1626 temporis

147 1635 443 1690 remorari.
477 1637 699 1690 Tamen
739 1633 952 1690 ablatis
996 1633 1280 1689 omnibus
1314 1648 1450 1707 quae
1504 1631 1798 1704 asportari
1839 1643 1879 1698 Β
1909 1631 2178 1688 exstincti
2207 1638 2362 1689 sunt.
2390 1634 2732 1692 Adelelmus
2757 1643 2960 1694 autem
2987 1645 3124 1711 post
3150 1646 3435 1712 quartum
3461 1643 3565 1698 de-

146 1726 431 1796 poterant,
463 1722 731 1778 concitus
764 1721 1016 1791 aufugit.
1045 1725 1160 1778 Nec
1188 1721 1446 1778 multum
1469 1737 1608 1776 vero
1638 1725 1794 1793 post,

145 1811 506 1886 quibusdam
531 1811 797 1867 honestis
838 1811 979 1866 viris
1011 1827 1138 1868 sese
1163 1810 1242 1867 ob
1302 1810 1456 1866 illius
1514 1809 1796 1866 facinoris

146 1918 386 1958 causam
407 1901 868 1973 objurgantibus
886 1905 1102 1957 cuncta
1122 1900 1398 1967 reddidit,
1425 1905 1481 1956 et
1500 1901 1580 1956 ad
1600 1899 1798 1955 virum

147 1989 238 2046 Dei
263 1989 531 2056 veniens,
561 1988 1000 2060 indulgentiam
1030 2005 1140 2062 pro
1168 2005 1278 2045 sua
1307 1989 1632 2045 temeritate
1663 2002 1798 2059 pos-

146 2078 364 2135 tulavit.
401 2079 535 2135 Jam
567 2079 728 2134 enim
773 2077 939 2152 apud
969 2094 1201 2146 omnes,
1229 2079 1335 2150 qui
1392 2094 1454 2134 se
1485 2080 1792 2140 noverant,

141 2173 365 2225 tantam
393 2168 781 2225 reverentiam
833 2167 1162 2238 obtinebat,
1211 2172 1275 2224 ut
1333 2167 1609 2240 quisquis
1655 2183 1796 2222 eum

140 2256 401 2327 laesisset,
454 2258 630 2329 quasi
687 2257 1066 2327 sacrilegium
1113 2255 1366 2324 fecisset,
1419 2271 1540 2311 non
1592 2254 1706 2310 sibi
1733 2254 1795 2309 in

139 2363 495 2420 prosperum
525 2346 734 2402 cedere
765 2351 959 2402 certus
991 2350 1162 2401 esset.
1191 2348 1343 2402 Sane
1364 2343 1645 2417 quamvis
1691 2342 1796 2398 filii

139 2436 520 2493 tenebrarum
547 2440 603 2492 et
657 2451 764 2508 per
812 2435 927 2491 ista
979 2452 1116 2508 quae
1157 2433 1792 2501 commemoravimus,

138 2530 186 2581 et
210 2542 326 2598 per
355 2525 474 2582 alia
500 2525 690 2581 multa
717 2524 910 2580 ﬁlium
939 2524 1088 2580 lucis
1116 2524 1545 2596 inquietarent;
1580 2522 1673 2577 ille
1706 2526 1793 2578 ta-

135 2630 262 2670 men
297 2613 649 2686 ubicunque
672 2617 928 2686 poterat,
953 2629 1251 2686 pauperes
1278 2612 1427 2668 tueri
1455 2627 1580 2666 non
1626 2610 1796 2666 omit-

133 2703 307 2760 tebat.
352 2703 452 2758 His
476 2703 637 2760 enim
667 2703 770 2775 qui
799 2719 862 2758 se
891 2702 1210 2769 laedebant,
1244 2706 1368 2758 tam
1401 2701 1570 2756 facile
1597 2700 1794 2771 ignos-

131 2791 330 2863 cebat,
352 2796 416 2846 ut
437 2797 679 2864 putares
706 2791 872 2863 quod
911 2790 1005 2846 ille
1032 2790 1224 2859 magis
1266 2790 1576 2861 ignoscere
1606 2804 1794 2861 quam

132 2881 209 2937 illi
228 2880 454 2937 vellent
481 2879 870 2936 reconciliari.
909 2879 1117 2934 Durior
1168 2878 1250 2934 illi
1297 2894 1480 2934 causa
1511 2893 1620 2950 pro
1652 2892 1797 2948 pau-

134 2971 376 3043 peribus
406 2986 643 3043 semper
671 2974 815 3040 erat,
843 2977 1030 3043 quam
1076 2967 1280 3024 anima
1328 2968 1457 3038 ejus
1488 2966 1600 3021 illis
1631 2981 1795 3021 com-

134 3061 492 3133 patiebatur,
551 3059 904 3132 faciliusque
947 3074 1122 3114 suam
1191 3057 1490 3127 negligere
1547 3071 1796 3112 causam

134 3155 364 3222 poterat
392 3165 578 3224 quam
607 3147 866 3204 illorum.
920 3150 989 3204 Ut
1017 3147 1178 3203 enim
1236 3146 1632 3218 peritissimus
1662 3145 1795 3217 qui-

133 3239 270 3296 dam
296 3239 595 3305 medicus,
631 3239 735 3310 qui
767 3238 913 3294 forte
956 3237 1305 3293 vulneratus
1326 3236 1504 3307 jacet,
1538 3233 1795 3290 aliorum

131 3327 478 3385 vulneribus
493 3326 720 3383 mederi
742 3325 1014 3382 studeat:
1050 3325 1132 3381 sic
1153 3324 1261 3381 iste
1286 3325 1434 3380 dum
1455 3323 1794 3393 laederetur,

127 3420 324 3474 tamen
357 3417 618 3489 impotes
644 3415 792 3472 tueri
824 3430 947 3471 non
977 3414 1312 3470 omittebat.

193 3510 419 3564 XXXIX.
455 3506 586 3563 Suis
619 3505 916 3579 siquidem
962 3504 1217 3560 inimicis
1247 3503 1328 3559 ita
1372 3500 1797 3575 insuperabilis

128 3601 270 3666 erat,
301 3600 373 3652 ut
401 3595 631 3651 malum
660 3594 722 3650 in
749 3611 852 3651 eos
877 3594 1076 3668 potius
1107 3591 1491 3661 redundaret,
1523 3591 1690 3664 quod
1743 3589 1796 3646 ei

129 3690 469 3758 perstruere
517 3683 887 3740 molirentur.
950 3683 1126 3750 Quod
1178 3700 1250 3739 ex
1302 3682 1670 3756 quibusdam
1699 3697 1796 3736 su-

127 3775 331 3847 perius
375 3773 598 3842 relatis,
645 3778 700 3828 et
751 3789 823 3828 ex
848 3772 1125 3844 praesenti
1165 3771 1459 3844 probatur
1516 3769 1792 3842 exemplo

126 3865 260 3936 (97).
328 3865 530 3917 Frater
579 3860 859 3915 Ademari
913 3861 1147 3917 comitis
1186 3860 1550 3926 Adalelmus,
1582 3862 1796 3930 praeter

123 3952 296 4008 illam
364 3948 646 4021 injuriam
699 3965 886 4021 quam
965 3950 1159 4006 eidem
1237 3950 1466 4006 domno
1543 3947 1792 4003 Geraldo

123 4042 372 4107 fecerat,
430 4054 570 4094 cum
621 4037 1033 4093 Aureliacense
1105 4043 1368 4094 castrum
1433 4040 1793 4108 pervaserat,

123 4147 316 4204 quam
348 4127 624 4184 videlicet
648 4127 930 4198 injuriam
960 4127 1086 4198 ipse
1129 4125 1380 4181 libenter
1429 4126 1482 4181 ei
1539 4124 1798 4181 indulse-

123 4203 232 4290 rat,
275 4219 483 4276 adhuc
533 4221 733 4274 tamen
777 4217 908 4288 ejus
960 4215 1192 4272 malitia
1251 4215 1578 4282 furebatur,
1636 4220 1690 4270 et
1718 4203 1797 4270 ad

1907 1721 2132 1777 cimum
2157 1721 2338 1786 diem,
2370 1728 2492 1780 tam
2548 1723 2880 1782 terribiliter
2938 1727 3102 1790 obiit,
3159 1733 3224 1783 ut
3252 1744 3432 1784 omne
3461 1729 3566 1786 ubi

1902 1811 2144 1882 jaceret,
2199 1811 2374 1868 turbo
2426 1813 2752 1870 vehemens
2802 1815 3248 1888 discooperiret.
3299 1819 3568 1873 Testatur

1906 1901 2020 1957 hoc
2041 1916 2305 1973 praesens
2336 1901 2687 1959 Adalbertus
2709 1903 3169 1978 [Madalbertus],
3216 1905 3312 1961 ille
3357 1905 3565 1962 videli-

1907 1994 1998 2046 cet
2050 1990 2386 2046 monachus
2433 1992 2538 2064 qui
2591 1993 2755 2065 apud
2806 1994 3150 2051 Lemovicas
3184 1994 3437 2050 verbum
3466 1995 3568 2052 Dei

1909 2080 2056 2136 solet
2076 2079 2304 2152 populo
2335 2082 2680 2152 praedicare.
2708 2085 3082 2140 Thesaurum
3118 2085 3344 2157 quippe
3377 2085 3567 2142 sancti

1907 2169 2181 2227 Martialis
2207 2173 2491 2226 Torennae
2523 2171 2920 2243 custodiebat,
2944 2173 3047 2245 qui
3077 2173 3312 2245 pridem
3343 2173 3420 2230 ob
3445 2190 3566 2230 me-

1906 2263 2033 2314 tum
2053 2274 2308 2332 paganae
2335 2260 2526 2330 gentis
2556 2260 2671 2316 illic
2699 2261 2895 2318 fuerat
2918 2261 3290 2334 deportatus.
3324 2262 3565 2319 Ablato-

1903 2364 1997 2403 res
2027 2353 2228 2404 autem
2248 2347 2329 2404 illi
2354 2349 2625 2405 videntes
2653 2349 2821 2422 quod
2847 2349 3167 2416 acciderat,
3197 2350 3428 2407 homini
3461 2351 3560 2407 Dei

1904 2455 2045 2493 suos
2067 2454 2255 2510 equos
2286 2439 2665 2495 remiserunt.

1975 2531 2077 2582 XL.
2125 2531 2574 2600 Nonnunquam
2629 2527 2849 2583 invitus
2903 2527 3231 2596 cogebatur
3281 2529 3562 2600 potentia;

1906 2633 2029 2670 suae
2058 2615 2213 2670 vires
2258 2631 2517 2679 exerere,
2567 2619 2625 2671 et
2652 2631 2984 2688 pravorum
3016 2615 3306 2672 cervicem
3354 2617 3412 2672 vi
3444 2616 3563 2672 bel-

1904 2704 2017 2761 lica
2043 2721 2312 2769 curvare,
2345 2705 2497 2760 sicut
2524 2705 2799 2760 videlicet
2843 2709 3044 2760 actum
3077 2709 3164 2760 est
3192 2704 3267 2760 de
3291 2705 3563 2778 quodam

1903 2794 2168 2867 pessimo
2197 2794 2459 2856 homine,
2491 2794 2596 2866 qui
2621 2794 2954 2850 vocabatur
2984 2793 3287 2851 Arlaldus.
3312 2796 3366 2849 Is
3395 2810 3564 2851 nam-

1904 2899 2023 2955 que
2054 2881 2292 2938 tenebat
2318 2882 2633 2955 quoddam
2660 2881 3040 2955 oppidulum,
3063 2883 3232 2956 quod
3258 2882 3563 2940 diciturad

1907 2976 2184 3028 sanctum
2217 2974 2524 3033 Serenum,
2557 2987 2631 3026 ex
2680 2987 2804 3043 quo
2858 2970 3098 3038 scilicet,
3155 2972 3332 3043 quasi
3382 2972 3562 3045 lupus

1909 3061 2279 3135 vespertinus
2323 3059 2654 3130 egrediens,
2686 3059 3046 3132 irruptiones
3095 3059 3350 3116 faciebat
3376 3060 3438 3116 in
3481 3061 3563 3116 fa-

1905 3151 2133 3207 miliam
2184 3149 2394 3206 domni
2450 3147 2703 3205 Geraldi.
2766 3151 2914 3205 Cum
2967 3148 3215 3220 quidem
3273 3148 3369 3206 ille
3415 3149 3564 3205 sicut

1905 3240 2192 3314 paciﬁcus
2221 3237 2585 3311 loquebatur
2625 3237 2679 3292 ei
2729 3237 2836 3310 qui
2885 3237 3094 3293 oderat
3122 3253 3359 3309 pacem,
3414 3237 3563 3310 quin

1906 3329 2084 3385 etiam
2140 3326 2423 3401 quzedam
2479 3325 2842 3382 munuscula
2897 3325 3195 3382 tribuebat
3230 3325 3305 3393 ei,
3361 3329 3418 3381 et
3468 3341 3563 3381 ar-

1905 3434 2008 3474 ma
2036 3417 2385 3473 militaribus
2411 3420 2574 3487 apta,
2623 3419 2921 3487 quatenus
2975 3414 3194 3470 ferinos
3250 3414 3382 3484 ejus
3431 3429 3564 3470 mo-

1905 3522 1998 3562 res
2043 3522 2151 3578 per
2201 3503 2495 3560 beneficia
2573 3502 2863 3559 deliniret.
2940 3502 3054 3558 Sed
3111 3501 3330 3558 stultus
3378 3501 3564 3557 homo

1906 3612 1976 3652 ac
2033 3595 2266 3657 brutus,
2319 3593 2434 3648 hoc
2478 3607 2602 3648 non
2648 3591 2874 3664 pietati,
2922 3591 3028 3647 sed
3065 3590 3325 3660 ignovim
3379 3591 3566 3663 depu-

1906 3691 2062 3750 tans,
2143 3682 2433 3740 audacius
2479 3682 2541 3737 in
2596 3681 2884 3753 praedicta
2955 3681 3188 3737 familia
3246 3681 3565 3751 grassaba-

1906 3777 2018 3828 tur.
2078 3771 2342 3828 Tandem
2407 3785 2551 3839 ergo
2603 3769 2892 3824 Geraldus
2951 3768 3342 3824 considerans
3397 3765 3564 3839 quod

1907 3860 2064 3916 stulti
2100 3857 2362 3914 hominis
2408 3856 2656 3912 vesania
2703 3856 2829 3910 sine
2885 3855 3122 3924 ﬂagello
3174 3854 3390 3910 frenari
3438 3869 3563 3909 non

1904 3950 2154 4021 poterat,
2206 3944 2450 4001 collecto
2516 3943 2774 3998 militum
2860 3941 3120 4012 agmine,
3194 3941 3438 3997 tetendit
3483 3941 3564 3997 ad
3640 3944 3646 3948 ’

1905 4034 2235 4091 castellum.
2295 4036 2486 4104 Atque
2551 4030 2886 4086 incredibili
2931 4029 3187 4086 victoriae
3244 4033 3560 4101 proventu,

1905 4123 2159 4180 bestiam
2227 4121 2388 4177 illam
2447 4121 2572 4178 sine
2657 4119 2976 4191 cujuslibet
3024 4117 3427 4174 interiectione
3486 4117 3562 4173 de

1908 4229 2018 4268 suo
2096 4210 2372 4266 cubiculo
2436 4209 2742 4282 protraxit.
2815 4210 3084 4282 Cumque
3167 4211 3308 4263 ante
3357 4206 3561 4278 ipsum

123 4309 439 4366 laesionem
517 4307 708 4364 sancti
767 4306 872 4362 viri
943 4305 1322 4379 pertinaciter
1373 4305 1792 4375 instigabatur.
1826 4333 1870 4388 ο
1903 4302 2119 4376 plenus
2165 4298 2515 4355 confusione
2568 4302 2768 4364 staret,
2813 4313 2937 4353 non
2978 4295 3426 4356 contumeliose,
3454 4294 3561 4350 sed

126 4399 388 4455 Collecto
417 4397 618 4470 itaque
674 4395 992 4452 satellitum
1046 4411 1258 4463 cuneo,
1305 4399 1590 4463 castrum,
1623 4394 1791 4467 quod

126 4493 264 4544 tunc
295 4488 450 4543 forte
481 4486 743 4543 domnus
773 4484 1064 4542 Geraldus
1114 4485 1436 4542 missarum
1489 4484 1794 4540 solemniis

124 4577 432 4644 intererat,
459 4577 790 4648 irrumpere
820 4575 1086 4631 tentavit.
1134 4574 1247 4632 Sed
1277 4573 1360 4629 illi
1391 4573 1636 4646 quidem
1688 4573 1794 4646 qui

125 4665 462 4722 forinsecus
521 4670 709 4734 erant,
755 4664 926 4720 illum
983 4664 1044 4720 in
1097 4679 1368 4736 praeceps
1418 4662 1791 4733 gradientem

123 4756 364 4812 eminus
424 4754 774 4827 conspicati,
823 4759 1060 4827 portam
1129 4757 1372 4826 repente
1425 4752 1787 4809 clauserunt.

127 4848 300 4903 Facto
329 4849 536 4902 autem
563 4844 810 4917 strepitu
831 4844 893 4900 in
923 4848 1118 4900 castro
1166 4843 1643 4911 vociferantium,
1678 4842 1790 4899 mi-

123 4971 431 5028 cumcirca
458 4970 520 5026 in
540 4969 654 5026 illis
684 4969 1030 5040 regionibus
1060 4969 1340 5025 exercuit.
1361 4969 1786 5034 Quamobrem,

122 5043 395 5122 veniens
409 5041 748 5122 Ludovicus
759 5112 769 5122 .
781 5057 972 5122 usque
1027 5044 1314 5122 Turonos,
1359 5040 1788 5122 .satagentibus

123 5113 502 5184 quibusdam
563 5111 916 5184 consiliariis
944 5113 1138 5184 _suis,_
1165 5116 1220 5184 et
1253 5111 1460 5166 amicis
1510 5111 1784 5184 Gozfridi,

121 5181 279 5240 venit
311 5184 396 5240 ad
425 5199 564 5239 eum
595 5184 701 5239 iste
733 5181 1038 5239 Gozfridus
1065 5181 1374 5236 adducens
1405 5198 1608 5236 secum
1631 5181 1786 5238 ﬁlios

123 5271 263 5310 suos
293 5273 306 5310 :
349 5271 424 5311 ea
452 5254 793 5310 conditione
824 5258 887 5308 ut
921 5253 1230 5324 castellum
1261 5257 1317 5307 et
1342 5253 1600 5308 honores
1630 5269 1784 5324 quos

121 5325 472 5382 invaserant
495 5325 794 5381 Ludovico
815 5325 940 5393 regi
965 5323 1307 5389 redderent,
1341 5327 1398 5379 et
1448 5323 1784 5395 postea’per

121 5397 592 5475 concessionem
602 5397 655 5475 ej
667 5413 734 5451 us
763 5395 1073 5475 haberent.
1089 5398 1272 5475 _N_u_nc
1303 5394 1610 5450 Gozfridus
1635 5394 1783 5475 _par~

123 5471 239 5523 tem
271 5468 350 5524 de
384 5465 714 5524 Britonibus
731 5467 810 5523 ad
839 5467 994 5534 regis
1023 5465 1367 5522 ﬁdelitatem
1408 5465 1712 5521 convertit.
1749 5489 1776 5514 ››

124 5540 189 5594 Ut
236 5556 300 5595 se
357 5554 450 5594 res
493 5538 779 5605 habeant,
811 5537 989 5593 hodie
1037 5540 1307 5594 Torenna
1331 5536 1778 5593 vicecomitatus

123 5610 618 5682 tantumihonore
653 5609 895 5678 gaudet,
927 5607 1382 5682 appellaturque
1406 5609 1585 5679 vulgo
1610 5609 1670 5664 la
1702 5609 1776 5663 vi-

123 5683 309 5740 co'nte’
335 5681 414 5737 de
447 5684 738 5740 Turenne.

1273 5775 1280 5781 ‘
1295 5769 1330 5798 Ἀ

1902 4387 2316 4448 ratiocinando
2369 4391 2667 4460 quantum
2709 4385 2972 4461 oportuit
3019 4401 3158 4441 eum
3211 4384 3558 4456 alloquitur.

1904 4485 2053 4538 Cum
2107 4479 2202 4536 ille
2255 4483 2513 4534 tremens
2572 4477 2754 4533 verba
2833 4474 3173 4532 humillima
3227 4490 3298 4531 ac
3351 4473 3561 4546 depre-

1902 4571 2128 4628 catoria
2180 4567 2607 4642 respondisset,
2664 4565 2756 4621 vir
2792 4565 3027 4622 Domini
3070 4563 3149 4620 ad
3213 4580 3394 4620 eum:
3450 4566 3558 4626 En,

1900 4661 2112 4733 inquit,
2143 4661 2422 4731 expertus
2455 4672 2518 4711 es
2547 4654 2714 4728 quod
2735 4654 2850 4710 tuis
2869 4653 3094 4709 viribus
3117 4652 3440 4708 adversum
3463 4666 3559 4706 me

1900 4749 2220 4805 consistere
2246 4761 2514 4818 nequeas
2545 4761 2557 4799 :
2593 4759 2738 4800 cave
2759 4742 2938 4812 igitur
2980 4742 3197 4809 furere,
3227 4755 3372 4796 cave
3403 4739 3561 4795 ultra

1899 4838 2191 4896 malitiam
2230 4851 2521 4897 exercere,
2542 4849 2618 4889 ne
2650 4831 2893 4900 gravius
2914 4831 3048 4904 ipsa
3068 4829 3132 4886 in
3176 4832 3360 4902 caput
3385 4832 3559 4886 tuum

1970 4964 2085 5033 (97)
2113 4963 2332 5018 Frater
2375 4959 2654 5033 praedicti
2701 4957 3009 5033 {idemani
3044 4953 3391 5033 Adalelmus
3435 4954 3559 5010 sive

1895 5025 2255 5097 Adelelmus,
2297 5025 2401 5104 qui
2450 5029 2836 5103 postmodum
2881 5029 2955 5104 in_
2991 5025 3391 5083 Auriliacense
3436 5042 3562 5104 cas-

1897 5112 2054 5164 trum
2101 5098 2338 5176 irrupit:
2387 5098 2514 5176 Ipse
2573 5104 2831 5176 sa_n_ctus_
2872 5098 2999 5176 (_)do
3044 5114 3177 5169 cap.
3229 5099 3555 5176 sequenti:

1896 5202 1922 5227 ‹‹
1960 5181 2160 5234 Frater
2191 5167 2464 5230 Ademari
2484 5172 2717 5228 comitis
2748 5167 3365 5234 Adalelmus,_praete‘r
3392 5167 3557 5222 illam

1892 5249 2428 5320 injuriamhquam
2471 5243 2665 5299 eidem
2717 5242 2946 5298 domno
3003 5237 3254 5320 Geraldo
3292 5237 3550 5320 ‘fecerat,

1893 5307 2035 5376 etim
2064 5307 2466 5373 Aur'iliacense
2495 5320 2758 5387 castrum
2811 5316 3178 5387 pervaserat,
3231 5307 3438 5387 adhuc
3465 5311 3555 5387 ta:

1893 5408 2052 5455 men,
2099 5390 2228 5460 ejus
2278 5387 2508 5460 malitia
2549 5376 2875 5460 furebatiir.
2900 5405 2926 5434 »
2979 5380 3090 5460 Sed
3123 5381 3393 5460 hop‘non
3427 5376 3556 5460 tulit

1890 5445 2159 5535 iT-fﬁiiné.
2195 5464 2362 5535 Nam,
2396 5463 2461 5514 ut
2496 5458 2689 5535 inquit
2731 5454 3160 5535 idem‘sancltus-
3183 5445 3344 5535 Odo,‘
3363 5469 3405 5530 «ξ.
3417 5453 3555 5535 post

1889 5517 2676 5607 quartumdecimumdiem
2732 5532 2856 5607 tam
2897 5519 3231 5607 terribiliter
3287 5517 3471 5607 obiit,‘
3490 5524 3554 5576 ut

1889 5591 2071 5662 6mne
2103 5605 2207 5661 ubi
2241 5604 2466 5675 jaceret
2486 5600 2662 5658 turbo
2693 5598 3013 5654 vehemens
3043 5591 3494 5665 discooperiret.
3521 5613 3550 5641 ››
