4150 6128
591 125 700 182 667

1651 117 1708 174 S.
1742 117 2000 175 ODONIS
2029 115 2259 172 ΔΒΒΛΤ

2368 111 2869 168 CLUNIAGENSIS
2895 115 2962 167 Il.
3866 124 3958 178 668

594 243 908 304 redundet.
939 245 1006 298 Et
1023 242 1306 316 teipsum,
1336 241 1546 316 inquit,
1607 241 1690 300 ita
1725 241 2025 298 dimittam
2055 243 2122 295 ut
2149 253 2251 294 ne-
2283 245 2330 300 Α
2359 251 2544 292 omne
2574 235 2742 306 quod
2763 251 2924 290 nunc
2951 225 3114 290 fama
3141 233 3216 290 de
3243 233 3454 290 eodem
3497 241 3690 294 sancto
3717 239 3832 296 viro
3859 243 3960 298 dis-

597 351 714 410 que
765 331 1058 398 obsidem,
1119 347 1315 404 neque
1367 331 1616 404 aliquod
1668 331 2086 402 juramentum
2127 331 2248 384 ate

599 420 896 494 suscipere
945 434 1168 476 curem.
1227 419 1342 476 Sed
1393 435 1588 491 neque
1617 418 1692 474 de
1739 423 1844 474 tua
1889 415 2250 488 supellectile

598 505 810 562 saltem
829 521 940 578 pro
971 507 1460 578 compensatione
1489 506 1730 578 praedae,
1763 522 1950 578 quam
1977 517 2250 558 exercere

599 593 805 650 solitus
837 610 920 662 es,
947 594 1282 668 quidquam
1313 595 1543 652 auferre
1573 594 1933 668 permittam.
1961 597 2044 648 Ita
2091 607 2252 646 coer-

599 683 780 740 citum
797 683 1020 738 dimisit
1043 684 1374 752 hominem,
1405 689 1462 740 et
1485 684 1578 740 ille
1605 682 1750 740 satis
1773 683 2058 754 deinceps
2075 681 2247 747 cavit,

597 788 673 828 ne
703 772 934 830 Geraldi
965 773 1256 830 familiam
1283 773 1496 830 laedere
1525 771 2033 846 praesumpsisset.

670 863 799 918 XLI.
821 863 846 917 J
852 878 970 929 am,
997 867 1060 920 ut
1080 879 1262 934 supra
1280 862 1647 932 dixeramus,
1660 861 1978 918 cessabant
1993 860 2042 930 ej
2055 875 2121 914 us
2143 857 2250 913 ad-

599 950 844 1006 versarii
882 950 1084 1008 divino
1141 955 1306 1007 metu
1361 950 1740 1008 consternati.
1797 953 1942 1005 Nam
1991 948 2126 1004 licet
2173 946 2252 1002 ad

603 1039 946 1112 exemplum
985 1040 1116 1110 Job,
1165 1041 1344 1096 frater
1389 1040 1564 1096 fuerit
1589 1039 1923 1096 draconum
1946 1041 2001 1094 et
2053 1035 2250 1092 socius

605 1129 1024 1198 struthionum,
1079 1129 1281 1186 bestiae
1339 1133 1541 1186 tamen
1593 1129 1720 1200 agri
1773 1127 2036 1200 paciﬁcus
2085 1129 2254 1182 erant

767 1221 916 1274 Nam
979 1235 1118 1274 cum
1169 1219 1382 1274 alodus
1445 1219 1573 1290 ejus
1628 1223 1780 1273 esset
1832 1217 2150 1289 postomia,
2197 1219 2256 1271 et

605 1307 888 1379 deinceps
941 1307 1254 1366 latifundia
1279 1309 1467 1380 ipsius
1494 1309 1576 1364 ita
1607 1307 1718 1364 sibi
1755 1307 2158 1371 succederent,
2193 1308 2257 1360 ut

605 1412 797 1468 usque
874 1395 952 1452 ad
1030 1401 1300 1452 montem
1369 1411 1663 1466 magnum
1727 1397 2038 1462 Greonem,
2122 1409 2258 1466 pos-

606 1489 692 1540 set
747 1483 808 1540 in
861 1485 1062 1540 eundo
1119 1489 1176 1540 et
1221 1484 1549 1554 redeundo,
1610 1499 1845 1554 semper
1883 1483 1944 1538 in
2003 1483 2256 1555 propriis

2361 323 2580 396 pergit,
2611 327 2676 378 ut
2725 323 2954 378 cautius
2985 339 3056 379 ac
3085 322 3426 392 diligentius
3481 340 3714 382 causam
3741 329 3857 398 ejus
3893 349 3961 388 re-

2365 415 2638 468 tractent.
2686 415 2834 468 Nam
2887 413 2936 468 si
2987 413 3102 468 hoc
3157 412 3392 468 obstare
3448 412 3694 482 videtur,
3745 419 3962 488 quodin

2363 499 2588 556 saeculo
2615 503 2828 572 potens
2849 499 2973 566 fuit,
2997 499 3502 555 considerandum
3529 503 3778 572 estquod
3803 506 3964 577 major

2363 593 2426 644 et
2484 588 2843 646 laudabilior
2899 590 3084 646 virtus
3142 589 3214 644 sit
3265 590 3573 644 materiam
3627 592 3962 663 superbiendi

2363 677 2676 740 habuisse,
2733 683 2788 732 et
2841 681 3043 734 tamen
3105 677 3380 750 potentire
3437 677 3666 734 culmen
3711 681 3964 738 humiliter

2366 766 2816 837 compressisse.
2872 770 3133 822 Potestas
3185 765 3345 822 enim
3395 781 3518 822 non
3544 773 3631 822 est
3663 769 3768 822 nisi
3796 786 3826 824 a
3854 773 3964 828 Deo.

2369 854 2502 925 Qui,
2556 855 2729 925 juxta
2783 855 3091 929 scriptum,
3139 858 3410 928 potentes
3461 871 3583 910 non
3629 855 3968 926 abjicit,cum

2365 944 2498 1016 ipse
2523 943 2588 1000 sit
2619 949 2852 1016 potens.
2877 944 3159 1010 Quamvis
3191 943 3366 1014 igitur
3388 944 3656 1000 saeculari
3683 945 3851 1014 gloria
3873 947 3970 1004 fas-

2369 1031 2608 1102 tigiatus
2668 1033 2860 1104 fuerit,
2917 1050 3039 1090 non
3104 1032 3284 1089 debet
3331 1033 3671 1088 incredibile
3711 1035 3894 1106 videri,
3933 1037 3970 1094 si

2367 1125 2524 1177 Deus
2573 1121 2741 1176 illum
2769 1121 3077 1192 gloriﬁcat,
3111 1123 3216 1196 qui
3263 1123 3424 1178 hunc
3467 1123 3530 1178 in
3577 1123 3970 1180 observantiam

2366 1210 2799 1267 mandatorum
2841 1213 2972 1282 ejus
3041 1211 3415 1281 gloriﬁcavit.
3477 1211 3692 1268 Annon
3743 1219 3968 1283 potentes

2366 1299 2608 1356 fuerunt
2632 1305 2688 1355 et
2715 1299 2978 1356 bellicosi
2999 1316 3104 1356 rex
3126 1301 3336 1368 David,
3363 1300 3656 1364 Ezechias,
3689 1304 3740 1356 et
3764 1301 3927 1358 Josias
3951 1307 3971 1358 ?

2367 1389 2660 1446 Modernis
2716 1405 2960 1462 quoque
3005 1389 3379 1462 temporibus
3425 1390 3502 1444 de
3533 1389 3817 1445 nonnullis
3840 1391 3971 1446 audi-

2367 1484 2496 1535 tum
2552 1485 2659 1548 est,
2708 1479 2860 1534 sicut
2914 1479 2988 1536 de
3049 1481 3159 1551 (98)
3203 1494 3342 1548 rege
3369 1479 3694 1548 Anglorum
3723 1479 3970 1546 Oswaldo,

607 1573 930 1628 mansitare
980 1571 1243 1646 capellis,
1299 1576 1501 1628 tamen
1531 1589 1654 1628 non
1685 1572 1990 1642 indigebat
2043 1576 2107 1626 ut
2151 1571 2256 1628 ali-
2293 1591 2337 1646 Β
2367 1585 2522 1642 quos
2551 1571 2706 1624 Deus
2736 1584 2844 1640 per
2871 1569 3043 1640 signa
3073 1568 3386 1638 gloriﬁcat,
3418 1569 3522 1640 qui
3583 1568 3790 1624 scilicet
3813 1568 3866 1624 in
3888 1569 3968 1624 ob-

605 1677 794 1732 quam
851 1659 1052 1716 villam
1093 1660 1334 1716 cuilibet
1381 1660 1606 1732 potenti
1659 1660 1737 1716 ad
1793 1660 2258 1716 custodiendum

606 1749 1111 1818 commendasset,
1136 1747 1248 1804 nisi
1273 1764 1460 1804 unum
1494 1748 1690 1804 solum
1713 1749 2068 1822 praediolum
2094 1749 2258 1822 quod
2303 1751 2310 1760 '

605 1835 817 1894 dicitur
866 1837 1292 1894 Taladiciacus.
1351 1839 1488 1892 Erat
1539 1837 1700 1892 enim
1767 1837 2050 1892 semotim
2105 1837 2260 1894 inter

606 1925 902 1998 pessimos
949 1926 1174 1982 vicinos
1200 1925 1379 1995 longe
1411 1941 1448 1980 a
1476 1927 1700 1982 caeteris
1749 1927 2144 1998 disparatum.
2179 1929 2260 1982 De

607 2015 723 2074 hoc
752 2013 1035 2074 ofﬁciales
1089 2019 1489 2092 permiserunt
1543 2017 1728 2074 invito
1757 2020 1814 2072 et
1842 2014 2085 2082 nolenti,
2113 2031 2261 2087 qua-

612 2113 781 2162 tenus
823 2105 970 2162 illud
1009 2108 1252 2164 cuidam
1311 2107 1610 2164 Bernardo
1667 2106 1746 2162 ad
1794 2099 2259 2160 custodiendum

609 2195 1076 2254 commendaret.
1137 2197 1308 2262 Quod
1354 2196 1636 2270 equidem
1683 2194 1779 2250 ille
1829 2210 1968 2250 cum
1991 2193 2259 2266 quadam

605 2281 895 2342 hilaritate
913 2289 1185 2357 patenter
1207 2283 1456 2354 ferebat,
1488 2284 1692 2340 dicens
1725 2301 1738 2338 :
1773 2286 1923 2338 Bene
1947 2281 2094 2338 mihi
2123 2297 2261 2336 con-

606 2369 736 2441 tigit
765 2375 830 2427 ut
876 2372 1104 2428 discam
1157 2373 1302 2444 quia
1345 2373 1575 2428 bonum
1607 2376 1696 2428 est
1727 2371 2026 2426 conﬁdere
2057 2369 2118 2426 in
2151 2373 2259 2426 Do-

606 2460 794 2529 mino,
852 2475 1042 2530 quam
1088 2461 1150 2516 in
1205 2461 1469 2516 homine.
1525 2460 1694 2524 Quod
1750 2459 1968 2514 scilicet
2014 2458 2092 2513 ob
2145 2459 2260 2514 hoc

606 2545 779 2604 libuit
803 2555 1370 2616 commemorare,ut
1393 2549 1532 2604 hinc
1561 2551 1782 2622 pateat,
1832 2549 1976 2620 quia
2025 2549 2259 2620 quoties

611 2637 764 2692 Deus
797 2635 1020 2708 aliquid
1079 2638 1156 2694 ad
1203 2639 1332 2710 ejus
1359 2638 1780 2710 probationem
1809 2637 1936 2692 ﬁeri
1967 2637 2256 2710 permisit,

607 2721 700 2778 ille
730 2739 852 2780 non
883 2723 960 2780 ad
991 2725 1304 2792 tristitiam,
1338 2725 1438 2780 sed
1464 2726 1542 2782 ad
1567 2725 1964 2781 humilitatem
1995 2725 2054 2779 id
2097 2729 2260 2780 'retu-

606 2810 753 2868 lerit.
815 2815 920 2868 Per
964 2813 1130 2885 quod
1185 2815 1364 2870 etiam
1442 2815 1904 2878 demonstratur,
1959 2813 2123 2886 quod
2170 2815 2260 2869 vir

2369 1661 2732 1714 servantiam
2782 1658 3212 1714 mandatorum
3269 1658 3400 1730 ejus
3475 1657 3641 1712 illum
3695 1657 3970 1727 gloriﬁcare

2369 1746 2746 1802 studuerunt.
2781 1747 3045 1818 Denique
3075 1747 3136 1804 in
3171 1747 3424 1818 singulis
3455 1747 3634 1818 hujus
3667 1748 3789 1802 vita:
3831 1747 3970 1802 relati-

2367 1835 2484 1890 bus
2513 1835 2702 1892 multa
2755 1836 2904 1906 gerit
2931 1835 3138 1892 divina
3181 1835 3472 1906 dignatio,
3512 1851 3646 1908 quae
3691 1834 3763 1890 ad
3809 1835 3968 1891 incita-

2367 1928 2638 1980 mentum
2667 1925 3030 1982 conculcataa
3054 1929 3112 1980 et
3139 1925 3340 1982 oblitae
3361 1925 3659 1996 religionis
3686 1923 3967 1998 proﬁciant.

2369 2011 2536 2069 Unde
2587 2013 2730 2070 dicit
2785 2013 3107 2086 Apostolus
3145 2015 3292 2086 quia
3335 2017 3492 2070 Deus
3525 2013 3750 2068 nullum
3777 2017 3968 2084 tempus

2367 2102 2493 2158 sine
2543 2101 2636 2156 sui
2683 2100 3022 2156 testimonio
3065 2101 3366 2174 relinquit.
3413 2101 3584 2167 Quod
3615 2101 3780 2157 etiam
3801 2116 3887 2172 per
3902 2100 3968 2154 in-

2368 2194 2570 2260 gratos
2625 2187 2956 2262 aliquando
3008 2189 3094 2256 ﬁt,
3157 2189 3312 2246 sicut
3347 2189 3632 2263 equidem
3685 2189 3786 2243 sub
3813 2191 3969 2259 Moyse

2370 2279 2560 2334 multa
2589 2277 2761 2348 signa
2791 2295 2930 2334 cum
2957 2279 3070 2334 illis
3101 2283 3337 2351 patrata
3363 2283 3524 2344 sunt,
3547 2279 3620 2334 de
3645 2278 3844 2351 quibus
3869 2277 3970 2332 seri.

2369 2372 2544 2440 ptum
2569 2371 2674 2429 est,
2699 2367 2990 2440 quoniam
3019 2383 3143 2424 non
3187 2367 3250 2422 in
3295 2368 3576 2440 pluribus
3629 2383 3820 2422 eorum
3836 2365 3971 2420 bene-

2369 2456 2656 2527 placitum
2685 2456 2794 2512 fuit
2819 2459 2959 2512 Deo.
2993 2459 3057 2512 Et
3087 2457 3387 2513 nonnulla
3409 2457 3506 2512 vix
3531 2455 3814 2512 credibilia
3847 2471 3968 2508 vera-

2370 2561 2468 2600 ces
2497 2549 2554 2600 et
2582 2545 2782 2600 idonei
2809 2550 2984 2600 testes
3014 2552 3315 2616 asserunt,
3339 2546 3498 2602 sicut
3515 2546 3718 2600 beatus
3749 2545 3971 2614 Hierony-

2371 2650 2507 2688 mus
2539 2633 2612 2687 de
2636 2635 2906 2706 quodam
2937 2633 3252 2706 quondam
3275 2635 3536 2690 violento
3563 2637 3617 2690 et
3639 2633 3862 2694 latrone,
3889 2631 3968 2704 qui

2370 2727 2581 2794 postea
2609 2738 2940 2777 conversus
2961 2723 3041 2778 ad
3073 2721 3400 2792 Christum,
3445 2723 3629 2779 solem
3679 2722 3750 2778 ad
3775 2719 3968 2792 explen-

2374 2811 2544 2876 dum,
2577 2810 2689 2866 iter
2714 2827 2894 2866 suum
2927 2812 3032 2866 diu
3080 2816 3234 2868 stare
3291 2811 3452 2882 fecit,
3485 2829 3554 2868 ac
3583 2810 3783 2868 deinde
3808 2808 3969 2864 clauso

606 2897 714 2958 iste
772 2919 842 2958 ex
899 2901 1018 2960 ﬁde
1073 2903 1296 2974 vixerit,
1353 2903 1460 2975 qui
1528 2909 1742 2960 cuncta
1795 2903 2010 2958 divinae
2063 2903 2262 2976 dispo-
2297 2937 2334 2992 Ο
2374 2899 2527 2954 ostio
2577 2899 2655 2954 ad
2699 2899 3027 2971 discipulos
3077 2901 3470 2973 corporaliter
3499 2900 3742 2956 intravit.
3775 2899 3825 2956 Si
3862 2913 3969 2964 ergo

608 2991 800 3048 sitioni
869 2991 1178 3062 subjacere
1237 2993 1600 3063 cognoverit,
1651 2997 1709 3050 et
1759 2992 1926 3064 quod
1984 2993 2046 3046 in
2095 2993 2260 3048 terris
2307 2988 2334 2992 ᾖ
2373 2992 2548 3060 Deus,
2579 2989 2853 3061 quicum
2885 2989 3158 3061 patribus
3189 2989 3496 3046 mirabilia
3523 2989 3670 3059 fecit,
3699 2988 3970 3044 etiamnos-

605 3079 754 3136 nihil
783 3077 908 3136 sine
957 3097 1162 3150 causa,
1195 3085 1260 3136 ut
1289 3081 1576 3154 scriptum
1624 3085 1730 3148 est,
1776 3079 1902 3136 ﬁeri
1941 3097 2064 3136 non
2093 3079 2260 3150 igno-

604 3169 841 3226 raverit.

677 3258 831 3314 XLII.
863 3261 944 3314 En
977 3259 1262 3332 quaedam
1287 3259 1360 3316 de
1383 3259 1775 3315 exterioribus
1807 3258 1985 3330 gestis
2021 3259 2174 3328 ejus,
2207 3261 2264 3315 et

607 3346 916 3400 communi
975 3348 1424 3402 conversatione
1487 3346 1862 3414 digessimus,
1949 3361 2057 3419 per
2125 3363 2263 3419 quae

609 3429 878 3488 videlicet
897 3431 1172 3488 facillime
1205 3437 1383 3506 patet,
1421 3433 1586 3506 quod
1619 3433 1704 3488 vir
1733 3433 1841 3490 iste
1868 3433 2110 3506 justitiue
2145 3433 2265 3490 cul-

608 3522 699 3574 tor
717 3519 910 3590 fuerit,
951 3525 1008 3576 et
1057 3521 1226 3592 juxta
1284 3521 1678 3592 apostolicum
1737 3527 2125 3594 praeceptum,
2173 3540 2264 3578 so-

607 3607 756 3680 brie,
805 3613 862 3665 et
885 3609 1000 3684 pie,
1023 3615 1080 3665 et
1095 3610 1252 3682 juste
1284 3615 1676 3666 conversatus
1729 3615 1838 3680 est,
1897 3615 2043 3668 Cum
2085 3611 2264 3680 igitur

607 3696 672 3752 in
717 3695 1242 3768 justiticationibus
1295 3697 1529 3754 Domini
1587 3698 1712 3755 sine
1736 3699 1981 3772 querela
2017 3715 2079 3754 se
2101 3715 2263 3756 exer-

608 3785 810 3855 cuerit,
842 3787 1185 3842 incredibile
1216 3802 1339 3842 non
1369 3787 1544 3844 debet
1573 3787 1778 3856 videri,
1809 3788 1858 3844 si
1911 3788 2040 3860 ipse
2066 3789 2262 3845 Domi-

608 3891 724 3930 nus
747 3875 1218 3932 misericordiam
1249 3893 1424 3932 suam
1453 3893 1593 3933 cum
1623 3893 1693 3933 eo
1707 3867 2076 3948 magnificat.
2111 3879 2264 3944 Qua-

607 3968 852 4038 propter
871 3965 1198 4021 suademus
1250 3965 1354 4034 eis,
1398 3966 1622 4039 quibus
1661 3966 2009 4022 incredibile
2034 3963 2264 4023 vid'etur

679 4091 790 4161 (98)
819 4092 908 4147 De
935 4103 1074 4160 rege
1101 4089 1438 4160 Anglorum
1471 4091 1764 4146 Oswaldo.
1815 4092 2002 4156 Quem
2063 4091 2264 4148 Penda

605 4177 884 4234 paganus
916 4161 1262 4218 Merciorum
1291 4177 1394 4234 rex
1427 4162 1594 4234 gravi
1625 4161 1830 4234 praelio
1863 4167 1918 4217 et
1938 4161 2172 4228 occidit,
2207 4168 2264 4220 et

607 4232 880 4304 occisum
911 4247 1156 4304 summa
1172 4249 1310 4304 cum
1334 4232 1704 4304 immanitate
1722 4233 2036 4304 decerpsit.
2073 4234 2264 4288 Chris-

609 4301 1012 4358 tianissimum
1044 4305 1100 4358 et
1126 4301 1245 4358 Deo
1275 4301 1558 4358 dilectum
1613 4307 1786 4358 vocat
1840 4301 2014 4372 Beda,
2073 4305 2174 4378 qui
2208 4309 2264 4361 et

2371 3079 2474 3132 tris
2506 3077 2880 3150 temporibus
2903 3079 2982 3134 ad
3011 3079 3536 3135 ressuscitandum
3565 3077 3888 3134 conculcata:
3909 3089 3970 3128 re-

2370 3169 2609 3240 ligionis
2634 3171 2937 3242 aﬂectum,
2961 3187 3068 3244 per
3083 3171 3422 3238 hominem,
3451 3172 3553 3246 qui
3575 3169 3784 3226 sicutin
3803 3166 3968 3224 diebus

2373 3263 2512 3327 Noe,
2539 3260 2737 3331 justus
2767 3265 3036 3332 repertus
3081 3265 3190 3329 est,
3242 3260 3418 3330 signa
3469 3261 3738 3332 dignatur
3763 3255 3966 3330 operari.

2371 3347 2718 3404 incredibile
2748 3365 2872 3404 non
2902 3349 3082 3404 debet
3108 3349 3311 3405 videri.
3383 3350 3496 3407 Sed
3549 3351 3672 3423 ipse
3707 3347 3878 3420 potius
3906 3347 3968 3398 est

2373 3435 2821 3506 gloriﬁcandus,
2855 3438 2960 3510 qui
2989 3437 3222 3494 nullum
3251 3443 3496 3512 tempus
3541 3439 3664 3494 sine
3687 3431 3968 3493 testimonio

2373 3523 2654 3580 bonitatis
2709 3541 2834 3580 suae
2887 3525 3254 3598 relinquens,
3311 3545 3440 3584 suae
3471 3524 3854 3602 promissionis
3879 3536 3969 3576 me-

2372 3628 2526 3682 mor,
2557 3629 2682 3668 non
2712 3613 2930 3669 desinit
2955 3614 3310 3671 benefacere
3335 3617 3568 3690 populo
3595 3631 3716 3670 suo.
3737 3616 3806 3668 De
3831 3609 3968 3681 gestis

2373 3705 2574 3756 autem
2602 3701 2874 3771 ejusdem
2905 3702 3033 3770 viri,
3065 3720 3201 3776 quae
3232 3705 3370 3774 egit,
3399 3711 3718 3780 postquam
3738 3699 3892 3758 cultui
3907 3696 3968 3752 di-

2372 3790 2528 3846 vinae
2585 3791 2900 3858 servitutis,
2957 3809 3030 3848 ex
3061 3797 3182 3850 toto
3213 3811 3274 3850 se
3304 3796 3573 3866 cohaesit,
3604 3811 3730 3867 qua:
3769 3786 3970 3847 dicenda

2373 3884 2529 3948 sunt,
2565 3882 2838 3952 sequenti
2857 3881 3058 3938 libello
3088 3889 3487 3956 reservantes,
3521 3885 3614 3939 hic
3641 3883 3804 3938 istum
3831 3879 3880 3932 in
3894 3873 3968 3928 Dei

2372 3968 2617 4024 nomine
2650 3969 3060 4026 terminemus.

2371 4093 2572 4178 prodit
2617 4093 2910 4178 miracula
2939 4093 3356 4178 claruissenubi
3395 4095 3620 4178 cecidit,
3645 4099 3698 4149 et
3747 4084 3970 4178 plura‘fltf

2371 4157 2471 4238 illo
2529 4165 2732 4220 scribit
2775 4165 2878 4221 lib.
2937 4182 2974 4220 ιι
3035 4167 3172 4224 Hist.
3227 4168 3382 4223 Eccl.
3441 4157 3638 4238 Angl.,
3693 4157 3812 4236 cap.
3862 4157 3968 4222 ult;

2373 4234 2482 4291 lib.
2535 4253 2620 4304 ui,
2675 4251 2808 4308 cap.
2868 4241 2916 4304 t,
2949 4241 3001 4306 6,
3033 4241 3259 4306 9-i3,et
3281 4239 3390 4296 lib.
3423 4256 3502 4308 1v,
3541 4234 3670 4310 cap.
3707 4234 3780 4292 14-

1411 4622 1934 4712 PRZEFATIO
2013 4623 2118 4716 IN
2197 4627 2573 4717 LIBRUM
2648 4627 3208 4718 SEtlUNDUM.

678 4913 774 4970 His
801 4913 906 4987 qui
935 4913 1010 4970 de
1036 4915 1260 4972 meritis
1289 4914 1500 4972 domni
1547 4915 1783 4974 Geraldi
1807 4924 2028 4974 temere
2055 4915 2258 4989 dispu-
2277 4903 2320 4956 Ῑ)
2359 4915 2620 4973 Christus
2639 4917 2872 4989 operari
2898 4918 3198 4988 dignatur.
3222 4921 3402 4974 Porro
3425 4917 3517 4974 his
3537 4915 3638 4990 qui
3661 4909 3958 4984 gloriantur,

605 5007 734 5058 tant
772 5001 1112 5058 satisfacere
1131 5009 1330 5076 potest
1353 5005 1729 5060 considerata
1752 5009 1808 5060 et
1817 5006 2088 5078 inspecta
2115 5021 2264 5077 qua-

601 5089 736 5146 litas
751 5090 886 5148 vitae
923 5091 1070 5162 ejus.
1092 5093 1240 5147 Nam
1261 5093 1436 5164 quasi
1453 5089 1514 5148 in
1533 5091 1812 5149 tribunali
1829 5093 2098 5166 quodam
2122 5092 2261 5148 resi-

602 5177 828 5250 dentes,
843 5181 1173 5238 decernunt
1185 5185 1384 5238 utrum
1402 5181 1645 5238 sanctus
1662 5183 1878 5238 debeat
1893 5200 2020 5240 esse
2034 5199 2258 5252 annon,

603 5287 742 5328 cum
789 5271 906 5330 hoc
953 5269 1154 5326 divino
1189 5271 1416 5342 judicio
1447 5271 1774 5342 subjaceat.
1804 5289 1928 5345 quo
1950 5273 2128 5328 etiam
2155 5288 2262 5344 per

600 5361 892 5432 reprobos
922 5360 1002 5416 ad
1023 5359 1333 5416 utilitatem
1373 5359 1674 5415 bonorum
1703 5361 1876 5430 signa
1905 5361 2262 5433 plerumque

601 5447 775 5506 ﬁunt.
805 5447 902 5505 His
933 5465 1074 5522 ergo
1102 5447 1426 5506 satisfaciat
1463 5450 1756 5506 attestatio
1809 5449 2258 5520 miraculorum,

600 5551 737 5610 qua
745 5552 858 5614 per
875 5554 1036 5606 cum,
1059 5537 1156 5596 vel
1179 5537 1328 5598 dum
1351 5537 1590 5610 viveret,
1617 5539 1714 5596 vel
1733 5537 1928 5614 postej
1940 5554 2006 5593 us
2027 5536 2260 5596 obitum

2368 5005 2650 5072 dicentes,
2671 5007 2836 5078 quod
2859 5007 3147 5063 Geraldus
3175 5012 3390 5080 potens
3415 5008 3544 5077 fuit,
3571 5011 3626 5061 et
3646 5005 3862 5058 sanctus
3881 4993 3962 5048 est.

2370 5093 2695 5150 suademus
2709 5111 2782 5150 ne
2811 5095 2922 5151 sibi
2941 5097 3016 5152 de
3035 5098 3148 5152 hoc
3173 5095 3566 5170 applaudant,
3587 5093 3722 5168 quia
3741 5085 3838 5146 nisi
3853 5095 3963 5156 pau-

2369 5200 2540 5257 peres
2563 5183 2771 5257 spiritu
2791 5183 3028 5252 fuerint,
3079 5191 3136 5241 et
3156 5185 3305 5242 sicut
3325 5186 3442 5254 ille,
3493 5199 3661 5240 suam
3691 5171 3962 5254 potentiam

2369 5271 2652 5342 religione
2675 5273 3025 5338 condierint,
3047 5291 3188 5331 casa
3203 5290 3412 5330 eorum
3431 5289 3614 5346 parva
3634 5283 3752 5326 esse
3769 5269 3964 5329 nonpo'

2369 5361 2518 5416 terit.
2545 5365 2667 5416 lmo
2697 5363 3144 5433 comparatione
3183 5363 3312 5434 ejus
3331 5362 3711 5424 revincentur,
3743 5346 3960 5434 potuisse

2370 5451 2614 5524 quidem
2624 5451 2781 5524 juste
2803 5449 3068 5507 similiter
3087 5433 3308 5518 vivere,
3327 5451 3434 5507 sed
3453 5449 3736 5512 noluisse;
3755 5433 3961 5528 mandi"

2371 5557 2552 5598 cones
2579 5557 2718 5598 vero
2744 5544 2801 5600 et
2827 5539 3092 5612 bibaces,
3121 5545 3178 5599 et
3206 5541 3281 5598 de
3324 5539 3680 5618 quibusdam
3711 5525 3959 5600 religionis
