4094 6156
251 158 361 212 669

960 116 965 121 ⁴
1047 162 1138 216 ns
1175 162 1335 216 VITA
1374 161 1432 217 s.
1472 160 1777 219 assam:
1811 158 2087 219 cornus
2120 159 2473 221 summa.
2515 191 2584 203 -
2623 162 2750 217 LIB.
2792 163 2857 216 ιι.

3558 167 3671 224 670

251 275 694 348 professoribus
743 279 963 349 dicam,
992 280 1094 352 qui
1117 280 1226 336 sibi
1251 281 1666 338 excusationes
1686 279 1747 336 in
1773 294 1907 352 pec-
1940 281 1999 341 Α,
2018 279 2125 337 sed
2153 280 2334 336 etiam
2363 282 2585 352 omnis,
2614 282 2720 355 qui
2749 285 2814 339 ut
2857 279 3014 343 vitiis
3052 280 3385 339 resistendo
3426 301 3669 343 crucem

252 365 400 422 catis
427 365 745 438 ﬁngentes,
774 369 925 426 inter
953 370 1168 442 pocula
1196 370 1365 427 fateri
1414 370 1607 427 solent
1631 370 1778 442 quia
1805 371 1908 426 Ge-

251 452 458 509 raldus
486 455 766 511 carnibus
793 457 1225 524 vescebatur,et
1249 463 1490 514 sanctus
1519 463 1744 525 est,sua
1772 474 1906 531 pro-

250 542 432 599 fessio
462 544 772 601 manifeste
801 546 1065 603 revincit.
1098 550 1243 604 Nam
1273 546 1427 603 laico
1458 547 1686 604 homini
1715 546 1907 603 multa

248 630 430 687 licent
470 647 606 703 quas
648 635 949 691 monacho
1000 651 1123 691 non
1178 636 1377 693 licent.
1436 640 1763 693 Damnatus
1818 640 1907 692 est

250 720 465 789 Adam,
511 738 632 779 non
663 723 830 795 quod
883 725 944 781 in
991 725 1275 798 paradiso
1324 726 1485 782 mala
1520 725 1702 782 arbor
1730 731 1903 796 esset,

249 808 357 864 sed
409 809 545 865 ideo
592 811 758 882 quod
802 812 1113 870 interdicto
1170 815 1572 887 praesumpsit.
1617 814 1902 871 Geraldus

249 898 474 971 quippe
526 898 768 965 licenter
817 918 926 958 suo
979 904 1175 959 ordini
1232 906 1534 961 concessis
1603 904 1901 974 utebatur,

244 989 537 1060 quoniam
566 993 624 1046 et
666 990 745 1047 ab
775 991 985 1049 illicitis
1010 993 1370 1058 abstinebat,
1399 1000 1456 1051 et
1485 1012 1624 1052 cum
1672 1010 1902 1068 paupe-

243 1077 412 1133 ribus
438 1079 808 1137 vescebatur.
837 1083 1096 1139 Noverat
1122 1083 1284 1140 enim
1313 1084 1524 1141 vinum
1572 1085 1652 1141 ad
1681 1084 1902 1142 sobrie-

245 1169 429 1223 tatem
469 1172 755 1225 creatum.
790 1173 937 1227 Nam
967 1176 1024 1227 et
1068 1172 1222 1228 Elias
1254 1189 1431 1230 carne
1460 1177 1669 1246 pastus
1696 1179 1805 1244 est,
1845 1178 1903 1230 et

243 1254 466 1325 dignus
516 1256 623 1313 fuit
669 1258 732 1313 in
775 1259 1060 1330 paradiso
1108 1262 1427 1317 transferri.
1474 1265 1581 1318 Per
1614 1264 1899 1335 concupi-

245 1344 535 1400 scentiam
585 1350 809 1415 tamen,
854 1364 989 1420 quae
1041 1350 1364 1405 nonnullos
1428 1351 1690 1421 instigat.
1742 1354 1902 1408 Esau

242 1432 643 1504 primogenita
674 1451 785 1492 sua
829 1435 1003 1493 lentis
1038 1438 1238 1495 edulio
1267 1438 1545 1511 perdidit.
1575 1440 1756 1509 Igitur
1785 1440 1901 1497 alia

239 1535 335 1576 res
361 1526 454 1579 est
483 1523 736 1594 Geraldi,
769 1524 887 1581 alia
918 1526 1189 1582 istorum.
1222 1532 1292 1583 At
1320 1544 1463 1583 vero
1511 1527 1592 1582 illi
1625 1529 1729 1599 qui
1759 1528 1900 1584 deli-

2015 373 2232 441 portat,
2268 370 2358 426 vel
2403 370 2567 427 bona
2612 370 2877 441 gerendo
2926 372 3115 427 Deum
3165 369 3479 440 gloriﬁcat.
3512 377 3668 432 Deus

2015 459 2296 531 equidem
2352 459 2527 516 factis
2584 460 2924 531 conﬁtetur,
2968 462 3218 516 testante
3272 461 3545 519 Joanne:
3593 465 3669 521 In

2014 549 2125 605 hoc
2169 550 2386 606 scimus
2431 550 2574 621 quia
2603 551 3009 620 cognoscimus
3040 564 3173 606 eum
3211 548 3269 620 (Ι
3285 550 3464 607 εῙοηη.
3496 567 3557 623 ιι,
3587 555 3667 620 3),

2013 636 2064 692 si
2090 637 2381 695 mandata
2427 637 2556 708 ejus
2603 637 3035 706 observamus;
3066 636 3237 694 factis
3284 653 3529 711 quoque
3567 655 3669 697 ne-

2012 731 2207 795 gatur,
2249 727 2402 783 sicut
2441 726 2761 798 Apostolus
2805 725 2887 787 ait
2914 726 2990 782 de
3016 726 3425 799 quibusdam:
3469 728 3668 799 Conﬁ-

2013 820 2218 873 tentur
2245 830 2307 871 se
2330 831 2499 873 nosse
2515 817 2724 883 Deum,
2755 816 2937 886 factis
2964 822 3163 873 autem
3193 822 3417 886 negant
3457 816 3596 888 (Tit.
3624 834 3667 884 ι,

2015 905 2123 974 t6).
2172 906 2320 960 Cum
2366 904 2544 973 igitur
2588 904 2902 963 confessor
2929 920 2968 962 a
3010 903 3353 962 conﬁtendo
3400 910 3666 978 vocetur,

2013 994 2168 1048 Deus
2195 996 2399 1048 autem
2427 992 2598 1049 factis
2627 996 2733 1049 aut
2758 996 3011 1063 negatur
3038 996 3145 1050 aut
3168 990 3483 1050 conﬁtetur
3514 1010 3528 1049 :
3562 995 3665 1051 Ge-

2010 1079 2217 1136 raldus
2245 1083 2411 1136 tanto
2448 1080 2667 1137 rectius
2692 1080 3000 1139 confessor
3024 1080 3142 1138 dici
3183 1084 3403 1153 potest,
3433 1085 3663 1154 quanto

2004 1169 2359 1242 justioribus
2395 1168 2565 1227 factis
2612 1173 2799 1227 Deum
2845 1174 2933 1226 est
2981 1169 3312 1227 confessus.
3355 1169 3467 1238 Qui
3520 1186 3664 1227 vero

2008 1259 2385 1316 Judaizantes
2402 1258 2576 1329 signa
2599 1263 2897 1331 quierunt,
2910 1258 3060 1331 quid
3079 1258 3308 1316 faciunt
3333 1257 3409 1315 de
3435 1260 3663 1316 Joanne

2014 1349 2291 1420 Baptista,
2338 1348 2442 1420 qui
2494 1353 2630 1421 post
2680 1349 3052 1407 nativitatem
3095 1364 3269 1404 suam
3310 1347 3545 1404 nullum
3592 1347 3666 1405 si-

2009 1453 2200 1507 gnum
2228 1437 2444 1508 legitur
2466 1438 2764 1494 edidisse?
2794 1442 2944 1496 Nam
2966 1437 3042 1494 de
3070 1437 3184 1494 isto
3211 1437 3346 1494 licet
3371 1438 3664 1496 miracula

2009 1542 2132 1582 non
2180 1522 2561 1581 omnimodis
2598 1525 2814 1593 desint,
2844 1524 2907 1581 id
2962 1542 3155 1581 unum
3201 1526 3659 1599 respondemus,

239 1614 396 1677 rant,
430 1612 597 1683 quod
625 1628 734 1668 nec
765 1620 1012 1687 martyr,
1040 1631 1151 1671 nec
1197 1616 1502 1672 confessor
1539 1616 1736 1672 valeat
1759 1617 1897 1687 dici,
1939 1629 1979 1683 Β
2010 1615 2155 1686 quia
2205 1614 2353 1670 dum
2397 1629 2520 1669 non
2571 1613 2833 1685 speravit
2875 1613 2939 1668 in
2966 1613 3223 1686 pecunia
3260 1618 3319 1670 et
3344 1614 3658 1683 thesauris,

240 1699 438 1756 sciant
462 1702 629 1772 quod
662 1706 980 1775 utrumque
1020 1704 1135 1760 dici
1163 1705 1369 1776 possit,
1398 1721 1522 1788 non
1555 1705 1751 1761 solum
1778 1705 1898 1769 ille,

2009 1704 2165 1769 fecit,
2192 1710 2259 1760 ut
2283 1701 2571 1773 scriptum
2601 1706 2708 1768 est,
2740 1701 3039 1758 mirabilia
3064 1702 3125 1757 in
3154 1700 3276 1759 vita
3299 1718 3431 1759 sua.

1448 2047 1780 2133 LIBER
1860 2014 2449 2133 SECUNDUS.

1737 2230 2148 2245 ψ

310 2354 349 2407 l.
410 2352 642 2409 Athleta
694 2353 950 2409 caelestis
1001 2354 1224 2411 militiae
1265 2356 1499 2413 dudum
1536 2357 1597 2413 in
1632 2357 1896 2431 palestra

236 2440 563 2497 mundanae
617 2443 1084 2499 conversationis
1142 2445 1489 2516 agonizans,
1527 2463 1751 2502 cuneos
1806 2448 1890 2503 vi-

237 2528 457 2584 tiorum
528 2530 769 2586 viriliter
838 2530 1179 2588 debellavit.
1234 2536 1383 2590 Tum
1441 2550 1581 2590 vero
1636 2535 1890 2591 verbum

232 2617 370 2672 vitai
424 2618 734 2674 continens
782 2619 843 2673 in
891 2620 1093 2675 medio
1143 2622 1403 2677 nationis
1446 2638 1667 2695 pravee,
1714 2624 1889 2697 quasi

233 2704 515 2778 quaedam
565 2704 809 2762 lucerna
838 2706 1191 2777 refulgebat.
1228 2710 1291 2764 Et
1322 2710 1611 2782 quoniam
1661 2717 1893 2784 oporte—

231 2792 340 2851 bat
362 2798 424 2849 ul.
452 2793 511 2849 in
541 2793 893 2852 abscondito
918 2798 1283 2869 tempestatis
1315 2799 1692 2871 probaretur,
1724 2800 1889 2856 mali-

233 2896 390 2954 gnus
415 2884 601 2939 hostis
652 2885 813 2940 hanc
841 2884 1155 2941 lucernam
1183 2887 1423 2958 quantis
1452 2893 1685 2959 poterat
1733 2890 1889 2945 frau-

231 2972 431 3038 dibus,
466 2977 587 3027 tam
644 2987 750 3044 per
798 2989 862 3027 se
905 2990 1092 3047 quam
1139 2990 1247 3046 per
1277 2976 1554 3031 satellites
1580 2993 1724 3032 suos
1752 2978 1890 3033 eﬁ‘o—
1929 3004 1969 3054 σε

231 3076 366 3117 care
393 3059 678 3116 tentabat.
704 3061 816 3117 Sed
842 3061 1125 3117 nimirum
1158 3063 1309 3119 sicut
1359 3063 1606 3120 flamma
1646 3065 1888 3121 ﬂatibus

230 3150 451 3220 agitata
507 3148 655 3204 solet
712 3148 967 3205 validius
1002 3152 1272 3220 accendi,
1302 3151 1383 3207 sic
1433 3152 1619 3208 divini
1667 3153 1891 3209 amoris

232 3238 558 3308 igniculus,
589 3238 694 3309 qui
721 3238 782 3293 in
809 3242 1047 3310 pectore
1071 3240 1305 3297 Geraldi
1334 3258 1370 3297 a
1398 3258 1589 3315 puero
1622 3242 1887 3312 incaluit,

228 3323 396 3379 nullo
442 3327 781 3381 temtationis
840 3327 1031 3383 imbre
1080 3330 1321 3386 valebat
1376 3330 1692 3399 exstingui.
1734 3331 1888 3397 Quin

230 3412 451 3484 potius,
478 3417 911 3471 maturescente
937 3416 1064 3487 jam
1095 3423 1285 3483 aetate,
1338 3418 1707 3492 quibuslibet
1732 3419 1887 3476 vitiis

228 3500 519 3574 paulatim
574 3504 957 3576 compressis,
1010 3506 1277 3579 quotidie
1333 3507 1532 3580 seipso
1583 3506 1887 3564 robustior

225 3590 548 3647 virtutibus
607 3594 1039 3651 succrescebat.
1080 3598 1213 3652 Jam
1240 3597 1303 3652 in
1333 3597 1513 3653 corde
1566 3613 1676 3653 suo
1701 3613 1883 3670 quas-

223 3679 370 3735 dam
419 3682 799 3737 ascensiones
828 3683 1209 3755 disponebat,
1239 3686 1367 3756 jam
1400 3702 1582 3757 super
1630 3686 1886 3742 altitudi-

221 3782 330 3825 nes
379 3774 567 3836 terraz,
611 3773 786 3842 juxta
853 3771 1002 3827 illud
1057 3774 1495 3846 propheticum,
1558 3774 1880 3831 eminebat.

223 3860 507 3915 Cerneres
554 3875 837 3915 auroram
870 3862 1201 3917 sanctitatis
1230 3862 1360 3933 ejus
1385 3863 1445 3918 in
1477 3862 1634 3918 diem
1665 3863 1881 3919 festum

219 3945 569 4018 clarescere,
600 3964 872 4005 cerneres
925 3950 1116 4006 lilium
1167 3950 1322 4007 inter
1363 3951 1569 4023 spinas
1599 3952 1878 4022 crevisse,

217 4039 277 4091 et
323 4051 447 4108 quo
504 4037 751 4093 vicinior
799 4040 1144 4094 maturitate
1197 4038 1399 4105 ﬁebat,
1455 4054 1527 4094 eo
1585 4055 1878 4111 repansos

214 4123 499 4181 virtutum
547 4124 723 4181 ﬂores
771 4125 1049 4182 diffusius
1102 4126 1486 4200 expendisse.
1532 4129 1681 4197 Ergo
1728 4127 1880 4183 sicut

214 4211 279 4271 in
329 4229 531 4270 rerum
559 4214 776 4270 vertice
804 4214 973 4281 situs,
1001 4215 1060 4271 in
1088 4215 1189 4271 illa
1220 4215 1584 4271 beatitudine
1615 4230 1877 4288 superna

212 4302 434 4359 mentis
454 4302 734 4360 affectum
760 4303 1069 4360 deﬁxerat.
1102 4307 1168 4360 Et
1195 4304 1483 4377 quoniam
1508 4319 1615 4376 per
1640 4304 1874 4360 caeleste

213 4390 580 4447 desiderium
612 4391 824 4450 intima
870 4392 972 4448 lux
1020 4392 1189 4448 illum
1233 4391 1581 4459 irradiabat,
1613 4393 1873 4449 munda-

214 4494 310 4536 nae
363 4481 861 4555 concupiscentiae
911 4480 1188 4538 tenebras
1240 4480 1572 4553 dijudicare
1611 4481 1873 4538 valebat.

212 4570 306 4626 An
356 4585 483 4626 non
532 4570 809 4628 tenebras
839 4571 1089 4628 dixerim
1120 4576 1418 4628 terrenam
1445 4570 1873 4643 concupiscen-

215 4658 384 4725 tiam,
432 4675 540 4731 per
589 4676 777 4732 quam
827 4661 1037 4717 mundi
1085 4664 1388 4717 amatores
1437 4663 1758 4726 caecantur,
1811 4664 1877 4715 ut

213 4747 469 4818 diligant
520 4749 894 4805 vanitatem?
925 4751 1039 4807 Sed
1092 4750 1378 4806 Geraldus
1421 4748 1710 4805 didicerat
1737 4764 1874 4821 pre-

213 4835 429 4893 tiosum
479 4852 760 4912 separare
787 4854 823 4895 a
852 4838 972 4907 vili,
1005 4842 1063 4895 et
1109 4838 1279 4895 valde
1325 4836 1643 4907 indignum
1691 4837 1873 4894 duce-

208 4923 318 4983 bat
346 4930 565 4984 terram
611 4927 860 4998 lingere,
905 4928 1009 5002 qui
1059 4933 1342 4985 vocatum
1385 4945 1445 4984 se
1498 4931 1748 4984 noverat
1796 4926 1874 4984 ad

211 5031 451 5073 caenam
507 5017 763 5073 caelestis
789 5018 963 5087 Agni.
998 5020 1187 5090 Super
1213 5032 1315 5074 eos
1363 5016 1560 5086 magis
1606 5015 1871 5083 dolebat,

207 5104 317 5177 qui
346 5121 455 5178 per
482 5106 807 5161 amicitiam
853 5107 1066 5162 mundi
1106 5104 1330 5161 inimici
1363 5105 1461 5160 Dei
1510 5105 1874 5160 constituun-

207 5195 324 5248 tur.
356 5195 419 5249 Et
445 5199 773 5266 postquam
799 5199 1143 5265 gustaverat
1166 5209 1352 5266 quam
1391 5190 1581 5247 dulcis
1624 5196 1713 5247 est
1763 5195 1873 5247 Do-

206 5280 433 5353 minus,
482 5280 925 5352 dedignabatur
982 5298 1175 5356 aquas
1230 5279 1503 5350 furtivas,
1554 5295 1690 5351 quae
1742 5276 1872 5334 dul-

206 5370 400 5427 ciores
460 5376 621 5441 sunt,
687 5372 1034 5429 allambere.
1104 5370 1433 5441 Plangebat
1508 5385 1611 5424 eos
1673 5369 1871 5441 potius

206 5459 337 5531 qui,
396 5460 565 5530 juxta
613 5460 860 5517 beatum
919 5461 1049 5527 Job,
1105 5476 1246 5516 cum
1308 5459 1570 5515 clamore
1625 5462 1872 5513 currunt

284 5566 396 5639 (99)
428 5567 627 5639 Igitur
671 5566 1081 5639 Gausrbertumg
1114 5568 1472 5639 episcopum.
1499 5638 1504 5639 γ
1530 5563 1867 5639 Rothenen-

209 5650 362 5710 sem,
378 5634 591 5710 credo,
612 5638 719 5714 qui
747 5641 805 5697 et
828 5638 1030 5716 ipsum
1058 5634 1380 5698 Geraldum
1407 5638 1587 5695 antea
1614 5635 1867 5695 Romam

1998 2357 2210 2414 rodere
2238 2356 2502 2413 radicem
2519 2356 2803 2429 juniperi,
2834 2355 2895 2411 id
2925 2358 3018 2412 est
3049 2355 3436 2429 cupiditatem
3459 2366 3653 2427 punc-

2002 2446 2263 2503 tionibus
2310 2446 2572 2520 plenam.
2635 2445 2992 2503 Mundialem
3049 2443 3250 2519 itaque
3299 2443 3650 2519 potentiam,

1997 2554 2133 2610 quae
2187 2536 2301 2593 sibi
2363 2536 2595 2593 affatim
2652 2534 3029 2609 suppetebat,
3075 2533 3290 2591 mentis
3362 2532 3653 2607 despectu

1999 2626 2352 2681 calcaverat.
2386 2624 2500 2682 Sed
2525 2628 2748 2691 tamen,
2780 2630 2846 2680 ut
2873 2628 3053 2681 astuti
3075 2628 3184 2692 est,
3201 2626 3416 2679 cuncta
3429 2622 3509 2678 ad
3539 2621 3652 2678 uti-

1995 2714 2221 2770 litatem
2270 2730 2441 2770 suam
2486 2713 2723 2786 referre,
2753 2713 3054 2784 cogitabat
3082 2712 3336 2786 qualiter
3388 2724 3462 2768 ea
3514 2725 3651 2783 qua:

1996 2803 2400 2876 temporaliter
2427 2802 2797 2875 possidebat,
2829 2802 2908 2860 ita
2938 2802 3298 2876 disponeret,
3327 2804 3391 2856 ut
3415 2799 3468 2857 ei
3514 2814 3651 2872 per-

1997 2892 2309 2964 petualiter
2332 2891 2710 2963 profuissent.

2072 2986 2134 3036 ll.
2180 2980 2357 3048 Igitur
2389 2980 2785 3035 Gausbertum
2814 2978 2948 3051 (99),
2975 2977 3367 3034 vererabilem
3393 2981 3450 3033 et
3471 2977 3651 3034 laude

1997 3069 2249 3139 dignum
2295 3066 2475 3141 plane
2504 3067 2878 3139 episcopum,
2928 3078 3067 3121 cum
3118 3064 3250 3121 aliis
3280 3064 3651 3138 quibusdam

1995 3156 2261 3214 honestis
2313 3155 2455 3212 viris
2506 3155 2795 3227 evocavit,
2853 3159 2910 3211 et
2966 3170 3088 3228 qua
3153 3152 3368 3210 mentis
3433 3152 3651 3222 cogita-

1996 3246 2155 3302 tione
2216 3244 2579 3309 incitaretur,
2648 3242 3015 3300 familiariter
3064 3242 3365 3300 indicavit.
3418 3238 3648 3298 Etenim

1995 3335 2257 3390 domnus
2313 3333 2422 3389 iste
2475 3332 2842 3389 Gausbertus
2912 3332 3042 3388 viro
3099 3333 3201 3389 Dei
3259 3328 3648 3388 charissimus

1994 3426 2139 3493 erat,
2171 3427 2227 3478 et
2256 3437 2365 3494 pro
2396 3418 2705 3477 communi
2734 3421 3061 3489 sanctitate,
3095 3424 3372 3477 mutuum
3410 3418 3522 3474 sibi
3563 3418 3651 3474 in-

1993 3507 2180 3564 vicem
2221 3509 2684 3566 contubernium
2725 3508 3110 3584 praestabant.
3157 3506 3409 3582 Exponit
3444 3507 3647 3580 itaque

1991 3596 2302 3669 praesentis
2340 3597 2475 3653 vitai
2524 3597 2637 3653 sibi
2685 3599 2880 3655 inesse
2926 3597 3255 3662 fastidium,
3283 3600 3338 3655 et
3362 3591 3644 3667 reglionis

1990 3685 2265 3741 habitum
2321 3685 2701 3755 desiderare;
2731 3690 2982 3744 Romam
3037 3686 3332 3760 proﬁcisci
3377 3685 3550 3755 velle,
3590 3686 3648 3739 et

1989 3773 2217 3846 praedia
2270 3789 2379 3829 sua
2454 3773 2631 3829 beato
2703 3776 2877 3841 Petro,
2921 3775 3332 3846 apostolorum
3389 3766 3647 3845 principi

1985 3861 2119 3937 jure
2149 3862 2594 3917 testamentario
2646 3861 2942 3931 delegare.
2977 3864 3245 3931 Cumque
3293 3859 3367 3915 de
3395 3859 3510 3914 hoc
3539 3857 3645 3914 diu

1988 3952 2307 4004 tractatum
2371 3954 2547 4015 esset,
2598 3949 2689 4004 vir
2766 3949 3001 4004 Domini
3067 3946 3400 4003 Gausbetus
3449 3945 3644 4002 altiori

1990 4035 2237 4090 consilio
2298 4052 2547 4092 causam
2614 4036 2959 4108 inspiciens,
3020 4034 3264 4090 tandem
3340 4032 3529 4089 suasit
3579 4032 3644 4088 in

1989 4122 2257 4180 saeculari
2304 4123 2514 4181 habitu
2563 4138 2694 4181 sese
2742 4124 2938 4199 specie
2964 4129 3158 4194 tenus,
3186 4136 3297 4195 pro
3334 4120 3644 4177 communi

1989 4213 2180 4269 salute
2256 4213 2715 4286 provincialium
2779 4214 3072 4283 retineret,
3132 4228 3226 4268 res
3294 4225 3435 4267 vero
3492 4208 3645 4266 sicut

1989 4302 2182 4370 vellet,
2208 4302 2386 4360 beato
2416 4307 2583 4360 Petro
2635 4304 2879 4359 dicaret.
2911 4307 2983 4361 At
3022 4301 3118 4358 ille
3156 4317 3231 4357 ne
3280 4318 3402 4357 suae
3428 4298 3641 4356 deﬁni-

1988 4391 2135 4449 tioni
2187 4392 2551 4465 pertinacius
2613 4391 2933 4459 inhaerens,
2985 4390 3397 4448 inobedienter
3445 4386 3641 4460 egisse

1984 4480 2306 4549 videretur,
2372 4495 2661 4537 assensus
2734 4484 2847 4537 est.
2911 4483 3132 4538 Memor
3198 4483 3404 4536 tamen
3466 4479 3636 4552 Apo‘

1986 4567 2119 4625 stoli
2163 4569 2432 4641 dicentis,
2481 4570 2625 4643 quia
2666 4568 2908 4625 Judaius
2962 4568 3069 4643 qui
3117 4568 3407 4625 cenﬁtens
3459 4567 3639 4623 inter-

1984 4662 2269 4731 pretatur,
2320 4658 2519 4730 majus
2582 4661 2639 4714 et
2696 4657 2911 4715 melius
2977 4657 3041 4714 in
3102 4655 3459 4713 abscondito
3512 4653 3637 4723 ﬁat,

1983 4764 2172 4819 quam
2201 4748 2262 4803 in
2283 4747 2511 4821 palam,
2542 4747 2624 4802 ita
2649 4751 2923 4802 attonsus
2951 4750 3041 4802 est
3062 4751 3132 4802 ut
3149 4745 3264 4801 hoc
3290 4740 3638 4801 hominibus

1982 4835 2211 4905 lateret,
2267 4849 2533 4908 superno
2602 4838 2805 4891 autem
2864 4833 3186 4907 inspectori
3248 4832 3637 4890 manifestum

1982 4927 2157 4980 esset.
2193 4924 2450 4979 Barbam
2482 4921 2596 4978 sibi
2629 4921 2912 4996 equidem
2942 4938 3083 4978 cum
3129 4920 3428 4979 novacula
3456 4920 3636 4981 muti-

1978 5011 2142 5082 lavit,
2175 5029 2363 5085 quam
2408 5012 2487 5068 ad
2517 5012 2769 5070 modum
2798 5028 3057 5082 coronae,
3088 5027 3196 5085 per
3236 5015 3418 5085 caput
3456 5026 3635 5067 suum

1978 5102 2227 5169 ducens,
2259 5101 2334 5158 de
2375 5102 2603 5175 capillis
2652 5117 2898 5175 quoque
2945 5107 3178 5175 partem
3206 5100 3528 5159 recidebat.
3565 5102 3636 5155 Ut

1980 5194 2181 5246 autem
2208 5190 2322 5246 hoc
2348 5191 2583 5264 penitus
2624 5191 2934 5263 celaretur,
2961 5190 3263 5266 quosdam
3281 5204 3352 5245 ex
3390 5187 3633 5244 cubicu-

1976 5274 2160 5351 lariis,
2192 5279 2295 5352 qui
2315 5280 2378 5336 id
2400 5284 2706 5348 noverant,
2740 5284 3118 5338 sacramento
3158 5273 3524 5342 constrinxit,
3569 5277 3636 5331 ut

1977 5368 2251 5442 quandiu
2268 5369 2502 5437 viveret,
2523 5369 2684 5426 nulla
2698 5370 2815 5426 hoc
2835 5369 3064 5426 ratione
3083 5363 3503 5439 prodidissent.
3528 5364 3633 5420 De-

1976 5458 2160 5531 nique
2180 5474 2290 5531 per
2308 5460 2424 5515 hoc
2445 5459 2537 5514 sui
2563 5458 2811 5527 factum,
2825 5457 3059 5511 videtur
3075 5452 3379 5526 duplicem
3408 5451 3524 5509 sibi
3543 5468 3633 5509 re-

1976 5582 2169 5645 usque
2227 5565 2545 5645 comitatus
2593 5561 2806 5630 fuerat,
2864 5558 2948 5616 uti
3001 5561 3167 5616 notat
3195 5559 3439 5616 sanctus
3499 5556 3626 5615 Odo

1972 5634 2177 5694 noster
2199 5651 2332 5713 cap.
2361 5639 2454 5706 29,
2482 5634 2587 5691 lib.
2619 5649 2658 5690 ι.
