4150 6128
201 125 306 177 673

1013 121 1107 176 DE
1147 124 1303 179 VITA
1346 125 1400 180 S.
1445 125 1533 180 GE
1576 123 1741 179 ALDI
1782 122 2057 180 COMITIS
2097 126 2446 185 AURILIAC.
2490 159 2559 170 —
2600 130 2731 186 LIB.
2771 132 2839 186 ll.

3539 137 3642 190 674

194 245 286 299 cet
311 239 692 315 appenditiis,
719 253 858 310 quae
902 243 1250 309 monachis,
1283 260 1438 317 quos
1477 244 1700 301 ibidem
1732 259 1869 300 con-
1899 247 1945 300 Α
1984 261 2140 314 care,
2183 263 2370 320 quam
2397 252 2567 321 pater
2609 249 2738 320 ejus
2785 250 3018 308 dudum
3066 251 3128 308 in
3177 251 3406 310 honore
3452 257 3642 312 sancti

193 346 444 404 gregare
469 329 864 402 disposuerat,
882 327 965 384 ad
991 345 1173 387 omne
1207 331 1570 405 stipendium
1599 330 1870 387 sufﬁcere

195 423 458 492 possent.
491 415 749 472 Ardebat
776 431 1060 490 namque
1092 435 1262 476 mens
1290 419 1446 475 illius
1475 418 1869 476 coenobialem

195 508 314 564 illic
340 507 764 564 habitationem
796 505 1234 582 stabilire,quo
1265 509 1579 566 coenobitze
1611 525 1750 565 cum
1780 507 1871 562 sui

199 597 423 654 ordinis
465 596 679 652 abbate
729 612 1138 654 communem
1177 598 1464 656 ducerent
1486 600 1670 655 vitam
1700 598 1868 670 (103).

201 687 454 743 Censum
500 701 742 758 quoque
791 684 1127 756 delegavit,
1169 689 1274 761 qui
1327 689 1406 745 ad
1456 686 1872 745 urnambeati

201 777 348 833 Petri
375 776 684 834 annuatim
727 775 1110 834 redderetur.
1141 781 1364 852 Itaque,
1396 783 1462 835 ut
1511 780 1715 836 animo
1757 778 1870 834 fer-

201 867 353 923 venti
379 873 753 940 conceperat,
780 867 960 938 juxta
1010 869 1358 925 condictum
1407 870 1709 943 profectus
1761 873 1868 939 est,

204 955 438 1028 etquod
479 955 844 1019 decreverat.
870 956 1004 1012 Deo
1039 965 1451 1031 prosperante,
1488 959 1733 1032 peregit.
1772 962 1874 1014 Re-

204 1061 397 1101 versus
427 1049 632 1101 autem
663 1043 1028 1118 lapidicinos
1063 1050 1118 1102 et
1142 1047 1292 1119 (104)
1320 1049 1649 1105 mactiones
1686 1047 1872 1104 unde-

205 1150 432 1206 cunque
476 1134 661 1205 jussu
710 1136 1054 1205 aggregari,
1087 1140 1144 1192 et
1173 1137 1252 1192 ad
1297 1138 1762 1195 construendam
1810 1137 1870 1193 in

204 1222 423 1278 honore
454 1221 617 1278 beati
648 1223 796 1279 Petri
815 1223 1140 1281 ecclesiam
1165 1224 1632 1284 fundamentum
1655 1242 1873 1300 pra-.ce-

203 1312 288 1384 pit
335 1310 568 1383 aperiri.
607 1313 723 1368 Sed
773 1313 1053 1384 Satanas,
1105 1315 1379 1371 omnium
1430 1316 1733 1372 bonorum
1784 1316 1872 1370 in-

205 1399 392 1466 vidus,
426 1399 630 1455 nescio
659 1416 783 1473 qua
837 1404 966 1456 arte
1016 1402 1460 1474 providentiam
1508 1403 1710 1459 fefellit
1747 1419 1871 1459 ma-

206 1487 540 1557 gistrorum.
589 1489 1078 1546 Fundamentum
1127 1507 1393 1564 namque
1439 1492 1755 1548 inﬁrmiter
1790 1492 1876 1548 lo-

205 1581 502 1644 caverunt,
521 1581 743 1632 etcum
769 1577 898 1649 jam
927 1578 990 1634 in
1022 1595 1288 1652 expensa
1318 1580 1565 1651 grandis
1596 1597 1874 1636 nummo-

207 1682 337 1722 rum
385 1682 630 1723 summa
672 1671 826 1730 esset
863 1667 1205 1740 profligata,
1236 1669 1618 1742 parietesque
1660 1669 1874 1725 nihilo-

203 1755 400 1812 minus
431 1755 492 1810 in
523 1755 714 1812 altum
743 1757 1023 1829 porrecti,
1047 1757 1523 1830 quadraminum
1546 1773 1874 1831 compages

205 1844 402 1900 subito
449 1843 698 1900 dissutae
742 1849 1115 1901 corruerunt.
1149 1849 1265 1902 Nec
1295 1850 1498 1902 tamen
1524 1846 1616 1901 vir
1643 1846 1751 1902 iste
1781 1846 1872 1902 ni-

203 1933 319 1988 mis
363 1932 442 1988 ob
485 1931 602 1988 hoc
650 1932 1033 1989 contristatus
1083 1937 1190 1990 est.
1222 1935 1357 1990 Non
1405 1936 1584 2006 enim,
1617 1938 1682 1989 ut
1730 1933 1873 1990 scri-

203 2027 374 2094 ptum
405 2026 512 2089 est,
545 2023 864 2078 contristat
886 2025 1126 2092 justum
1171 2024 1466 2095 quidquid
1494 2025 1551 2080 ei
1585 2023 1875 2080 acciderit

206 2111 406 2181 (Prov.
443 2127 539 2175 xii,
570 2113 683 2178 2t).
717 2112 860 2166 Vere
891 2109 1158 2166 conﬁsus
1203 2111 1496 2183 quoniam
1540 2110 1678 2166 licet
1714 2127 1873 2183 opus

202 2199 350 2255 illud
381 2198 496 2254 sub
540 2199 655 2255 hac
702 2198 1024 2256 occasione
1076 2199 1499 2266 retardaretur,
1532 2215 1763 2255 merces
1793 2204 1876 2256 ta-

206 2304 345 2344 men
392 2287 606 2360 perditi
658 2288 856 2361 operis
910 2303 1305 2361 nequaquam
1357 2289 1594 2361 periret.
1651 2287 1874 2344 Videns

203 2376 372 2450 quod
425 2377 524 2434 Dei
566 2377 792 2449 judicio
839 2375 1202 2450 permissum
1251 2377 1325 2433 sit
1373 2381 1435 2433 ut
1481 2378 1609 2434 haec
1635 2377 1874 2449 jactura

205 2469 391 2538 ﬁeret,
424 2469 537 2525 hoc
567 2473 768 2525 tamen
805 2468 1095 2525 usitatum
1142 2483 1295 2541 pene
1334 2469 1397 2524 in
1439 2468 1606 2525 omni
1637 2469 1872 2526 actione

211 2575 450 2632 semper
503 2562 608 2626 est,
668 2563 734 2614 ut
786 2557 1085 2632 quidquid
1151 2557 1445 2630 placidius
1520 2561 1640 2614 Deo
1711 2558 1873 2614 exhi-

210 2650 405 2718 betur,
438 2647 734 2704 diﬂicilius
764 2651 1108 2720 peragatur.
1141 2650 1209 2704 Et
1239 2652 1392 2704 certe
1435 2647 1498 2704 in
1526 2663 1728 2703 rerum
1759 2663 1869 2704 na-

211 2743 346 2793 tura
387 2736 555 2810 quod
597 2736 767 2792 citius
807 2739 1202 2806 augmentum
1232 2737 1409 2808 capit,
1443 2737 1614 2793 citius
1664 2737 1743 2792 ad
1772 2736 1873 2792 de-

212 2828 434 2884 fectum
477 2827 696 2898 vergit:
747 2825 908 2898 quod
955 2841 1098 2882 vero
1141 2825 1475 2896 difficulter,
1525 2826 1871 2882 diuturnius

97 2926 100 2929 '
215 2917 491 2990 persistit.

285 3006 356 3061 V.
395 3004 920 3077 Quadragesimale
970 3008 1205 3077 tempus
1248 3004 1593 3068 advenerat,
1626 3019 1766 3059 cum
1810 3003 1872 3059 in

215 3093 632 3152 construendis
687 3093 951 3149 aediﬁciis
1006 3109 1108 3150 aer
1154 3093 1284 3164 jam
1338 3093 1684 3149 clementior
1733 3092 1876 3146 arri-

214 3185 416 3242 debat.
467 3183 753 3240 Geraldus
813 3181 1084 3256 quodam
1143 3197 1343 3250 mane,
1383 3182 1688 3238 consuetis
1743 3196 1878 3236 ora-

216 3272 480 3330 tionibus
535 3271 807 3345 expletis,
858 3271 997 3327 exiit
1050 3269 1128 3326 ab
1185 3269 1412 3342 oppido
1462 3269 1629 3343 quod
1679 3268 1878 3324 eidem

215 3364 349 3420 loco
399 3363 688 3418 imminet.
749 3360 1064 3418 Paululum
1127 3360 1258 3431 jam
1317 3375 1702 3432 progressus,
1764 3375 1880 3414 cce-

217 3454 302 3527 pit
348 3451 577 3508 visibus
632 3452 752 3506 huc
810 3450 1070 3523 illucque
1146 3450 1432 3521 porrectis
1498 3447 1880 3505 considerare

217 3542 468 3599 ubinam
512 3545 715 3614 posset
765 3539 961 3613 aptius
1009 3537 1272 3595 ecclesiae
1329 3537 1558 3594 fabrica
1616 3535 1876 3593 fundari.

219 3632 482 3690 Tandem
535 3631 708 3702 elegit
776 3630 978 3687 locum
1053 3628 1258 3685 divina
1316 3627 1705 3701 dispositione
1749 3626 1881 3697 jam

217 3722 580 3796 przrscitum.
634 3718 808 3776 Jubet
847 3719 1024 3788 igitur
1080 3716 1334 3774 artiﬁces
1393 3732 1600 3772 rursus
1643 3715 1878 3785 adesse,

220 3811 487 3869 studium
566 3809 854 3872 recalere,
931 3823 1084 3880 opus
1166 3806 1573 3863 intermissum
1641 3804 1877 3877 aperiri,

220 3906 418 3974 empto
469 3900 634 3974 operi
691 3897 982 3970 sagaciter
1034 3897 1287 3968 instare,
1341 3895 1657 3952 ecclesiam
1719 3909 1881 3948 com-

218 3990 443 4066 petenti
474 3987 912 4061 granditudine,
964 3991 1022 4042 et
1063 3989 1309 4043 arcuato
1354 3985 1657 4041 schemate
1701 3981 1880 4038 fabri-

221 4140 348 4191 tam
370 4132 578 4206 ipsius
627 4128 963 4206 testamenti
1004 4126 1387 4206 principium_
1409 4131 1466 4182 et
1502 4125 1881 4206 ﬁnisbquam

219 4204 390 4279 quod
413 4195 633 4279 census
661 4202 741 4258 ad
782 4195 1218 4279 urnam-beati"
1243 4199 1392 4254 Petri
1439 4195 1754 4279 annuatim
1783 4195 1882 4250 de-

216 4267 421 4346 legati,
472 4275 622 4330 sicut
663 4273 930 4345 sequitur
975 4270 1038 4326 in
1079 4270 1305 4339 Odone,
1359 4267 1526 4325 nulla
1575 4267 1642 4322 ﬁt
1697 4267 1759 4322 in
1808 4282 1880 4322 eo

217 4346 472 4405 mentio.

297 4417 727 4492 (iQ3)_Censum
775 4429 1006 4492 quoque
1034 4413 1351 4492 delegavit,
1381 4411 1486 4492 qui
1531 4409 1878 4492 adﬂarnam

221 4478 386 4546 beati
427 4478 598 4544 Petri
641 4478 957 4544 annaatim
1011 4478 1508 4540 redderetur-Sic
1557 4478 1880 4535 Willelmus

218 4561 361 4617 Pius
384 4559 802 4615 Cluniacenses
830 4571 971 4612 suos
999 4572 1037 4611 x
1067 4554 1397 4611 solidorum
1437 4567 1684 4608 censum
1710 4566 1884 4622 apos-

220 4631 419 4710 tolicaa
440 4629 569 4685 sedi
593 4629 804 4710 quinto
802 4642 1068 4710 guoque
1093 4641 1254 4682 anno
1281 4623 1540 4710 pendere
1558 4621 1880 4710 constituit,

221 4701 423 4759 tutela:
453 4696 715 4756 nomine.
733 4721 779 4774 _«
802 4696 912 4774 Per
928 4696 1418 4774 quinquennium
1433 4698 1666 4774 autem,
1691 4696 1885 4764 inquit

217 4775 289 4830 in
329 4776 684 4828 testamento
724 4765 1125 4835 fundationis,
1148 4770 1350 4823 Romae
1376 4766 1455 4822 ad
1475 4765 1684 4820 limina
1712 4778 1885 4835 apos-

219 4843 507 4909 tolorum,
541 4843 621 4898 ad
648 4839 971 4897 luminaria
999 4833 1271 4911 ipsorum
1315 4833 1770 4911 concinnanda,
1787 4833 1886 4911 de—

219 4930 362 4972 cem
385 4905 606 4970 solidos
632 4912 864 4984 praefati
894 4905 1187 4984 monachi
1206 4908 1566 4984 persolvant,
1598 4905 1883 4984 habeant-

218 5001 348 5060 que
384 4979 692 5070 tuition'em
719 4983 991 5070 ipsorum
1020 4979 1431 5070 apostolorum
1457 4983 1640 5070 atque
1665 4979 1884 5070 ‘Roma-

219 5051 380 5114 ﬁum
410 5051 763 5128 pontiﬁcem
802 5051 1199 5108 defensorem.
1227 5069 1256 5102 ›
1300 5051 1388 5105 Sic
1419 5054 1476 5105 et
1513 5051 1886 5104 constructor

217 5127 577 5202 monasterii
600 5123 1084 5202 _Vindocin_ensis
1137 5137 1222 5202 xu
1281 5120 1503 5176 solidos
1555 5119 1629 5174 de
1675 5132 1884 5200 mone-

219 5204 289 5256 ta
346 5197 553 5270 patriae
599 5196 1002 5270 beatogPetro
1051 5191 1389 5270 reddi,_per
1436 5205 1629 5270 annos
1678 5191 1886 5270 singu-

214 5271 318 5327 los
347 5259 575 5333 'voluit,
633 5267 719 5323 uti
779 5263 1076 5322 Goﬂ'ridus
1125 5259 1584 5333 Vindocinensis
1641 5263 1698 5314 et
1756 5259 1886 5333 ipse

216 5340 426 5398 abbas
455 5329 739 5404 declarat,
787 5334 1034 5408 epistola
1069 5339 1100 5390 9
1131 5333 1265 5389 libri
1300 5333 1496 5405 primi,
1529 5329 1883 5408 his_verbis:

217 5435 264 5492 ε
283 5415 577 5492 Tempore
617 5403 1159 5492 praedecessorum
1219 5403 1562 5492 nostroer
1619 5403 1890 5492 Romana

217 5470 492 5540 Ecclesia
543 5470 960 5551 vel‘debitumq
994 5493 1262 5551 ce_ns_um_,
1305 5470 1892 5551 duodecimhscilicet

215 5553 476 5624 solidos,
505 5567 610 5624 per
638 5566 878 5624 annum
908 5549 1006 5624 vix
1048 5547 1188 5624 inde
1237 5540 1459 5624 habere
1488 5542 1702 5624 potuit.
1718 5564 1746 5592 »
1775 5540 1890 5622 tibi

211 5626 344 5684 hac
373 5611 550 5682 de'r‘e
594 5623 772 5697 plura
804 5619 1065 5679 Iacobus
1107 5617 1463 5676 Sirmundus
1490 5611 1891 5672 'eruditissime

1980 334 2297 393 Clementis
2343 343 2773 394 construxerat.
2822 343 2988 409 Nam,
3037 345 3101 398 ut
3145 342 3638 414 praedixeramus,

1979 422 2171 480 isdem
2199 430 2366 498 pater
2392 427 2522 498 ejus
2550 425 2862 497 religiosus
2884 428 3012 500 fuit,
3044 434 3247 504 utpote
3275 432 3380 504 qui
3405 432 3481 488 de
3508 447 3641 504 pro-

1983 512 2155 584 sapia
2186 513 2602 584 religiosorum
2632 514 3042 574 descenderat.

2053 601 2140 655 VI.
2174 603 2324 658 Dum
2352 619 2494 659 vero
2525 602 2746 658 domus
2777 603 3067 661 fabricam
3098 607 3489 674 continuaret,
3521 606 3644 664 ani-

1982 703 2082 744 mo
2114 705 2352 763 semper
2391 690 2670 746 volvebat
2698 691 2952 764 qualiter
2979 698 3179 765 posset
3225 695 3479 767 reperire
3511 709 3641 750 mo-

1981 778 2208 834 nachos
2238 779 2342 852 qui
2370 779 2524 835 bene
2571 780 2784 836 morati
2834 787 3052 848 essent,
3086 787 3142 838 et
3170 782 3369 839 locum
3410 783 3522 839 sub
3555 798 3643 838 re-

1984 867 2175 938 gulari
2238 869 2544 942 proposito
2597 868 2853 925 incolere
2906 871 3261 943 potuissent.
3316 872 3429 926 Sed
3502 886 3644 926 cum

1982 955 2314 1027 reperiendi
2345 957 2555 1012 raritas
2585 956 2995 1032 difﬁcultatem
3021 959 3340 1030 intulisset,
3361 957 3648 1015 anxiaba—

1982 1047 2078 1100 tur
2107 1043 2221 1112 ille,
2251 1049 2307 1100 et
2349 1045 2643 1117 quidnam
2687 1045 2904 1104 faceret
2954 1049 3097 1120 (105)
3139 1047 3463 1104 nesciebat.
3496 1049 3647 1101 Tum

1981 1149 2121 1189 vero
2153 1133 2381 1189 nobiles
2406 1133 2706 1206 quosdam
2736 1151 2958 1206 pueros
2997 1137 3076 1192 ad
3102 1137 3402 1193 Vabrense
3440 1149 3646 1191 coeno-

1982 1220 2152 1277 bium
2207 1221 2439 1278 direxit.
2495 1226 2642 1278 Nam
2700 1227 2839 1279 tunc
2900 1225 3188 1296 regularis
3247 1221 3648 1280 observantiae

1983 1309 2179 1364 fervor
2206 1309 2622 1380 incalescebat,
2657 1315 2722 1367 ut
2753 1311 2972 1368 scilicet
3018 1313 3182 1386 apud
3214 1311 3644 1367 fraternitatem

1981 1396 2145 1453 illam
2177 1397 2290 1453 sub
2319 1413 2532 1454 norma
2566 1399 2825 1468 regulari
2875 1401 3055 1456 iidem
3085 1400 3255 1473 pueri
3303 1398 3649 1453 imbueren-

1984 1491 2097 1542 tur.
2133 1490 2171 1542 Ε
2200 1487 2421 1559 quibus
2454 1503 2615 1544 nunc
2640 1505 2833 1561 usque
2879 1494 3151 1562 superest
3181 1504 3358 1557 unus,
3399 1487 3504 1560 qui
3545 1503 3646 1542 eo-

1983 1576 2122 1632 dem
2151 1575 2331 1631 beato
2375 1576 2626 1632 Geraldo
2654 1594 2789 1650 quae
2817 1578 3234 1644 describimus,
3260 1577 3390 1632 visa
3419 1581 3646 1648 narrat,

1983 1670 2041 1722 et
2086 1681 2275 1721 manu
2330 1664 2548 1721 scribit.
2610 1667 2793 1723 Porro
2854 1683 2993 1723 cum
3076 1665 3257 1721 iidem
3329 1665 3498 1737 pueri
3555 1681 3647 1720 re-

1983 1754 2131 1811 verti
2175 1754 2546 1826 juberentur,
2604 1755 2748 1828 quia
2793 1755 3069 1827 magistri
3119 1753 3454 1823 defuerunt,
3505 1769 3650 1809 mox

1982 1842 2237 1917 puellari
2314 1842 2561 1900 mollitia
2635 1844 2907 1916 resoluti,
2989 1843 3249 1914 rigorem
3318 1841 3650 1914 disciplinae

1983 1930 2392 2002 neglexerunt.
2425 1935 2492 1986 Et
2534 1931 2615 1988 ita
2667 1933 2936 2005 contigit,
2979 1936 3046 1987 ut
3100 1947 3192 1986 res
3243 1931 3323 1987 ad
3373 1921 3690 1987 eﬂectum‘

1983 2035 2109 2077 non
2162 2019 2424 2076 veniret:
2486 2037 2676 2077 unum
2747 2026 2958 2078 tamen
3033 2036 3239 2077 eorum
3299 2021 3653 2078 necessitate

1985 2109 2204 2166 ductus
2277 2109 2500 2167 centeris
2573 2110 2863 2183 praefecit.
2918 2109 3036 2168 Sed
3091 2127 3228 2167 cum
3298 2111 3392 2168 ille
3467 2112 3655 2168 disso-

1983 2199 2107 2255 lute
2162 2196 2402 2266 viveret,
2453 2199 2544 2254 vir
2608 2199 2857 2256 Domini
2920 2201 3301 2258 vehementer
3357 2201 3655 2258 afﬁcieba-

1984 2292 2101 2352 tur,
2155 2285 2300 2357 quia
2354 2286 2521 2343 illum
2579 2287 2885 2358 corrigere
2951 2305 3073 2345 non
3139 2290 3394 2358 valebat,
3455 2305 3653 2364 neque

1986 2375 2174 2433 alium
2227 2374 2468 2443 habere,
2501 2392 2684 2449 quem
2739 2376 2886 2434 loco
2929 2377 3088 2435 illius
3142 2379 3462 2452 subrogare
3508 2395 3648 2453 pos-

1986 2467 2094 2520 set.
2139 2465 2287 2521 Cum
2347 2480 2489 2535 ergo
2541 2465 2630 2521 vel
2702 2464 2904 2535 illum,
2965 2468 3056 2524 vel
3127 2469 3443 2543 complices
3495 2469 3651 2542 ejus,

1984 2558 2282 2626 corruptae
2337 2554 2470 2610 vitte
2525 2554 2830 2632 tramitem
2882 2556 3155 2615 incedere
3199 2559 3459 2630 vidisset,
3508 2559 3659 2616 illud

1986 2641 2360 2714 Davidicum,
2414 2641 2713 2716 profunde
2769 2645 3110 2718 suspirans,
3143 2648 3394 2706 dicebat.
3445 2650 3491 2705 0
3537 2651 3658 2706 Do-

1985 2733 2164 2801 mine,
2239 2733 2462 2802 dissipa
2543 2733 2868 2789 consilium
2931 2735 3295 2806 Achitophel
3363 2739 3463 2807 (II
3511 2741 3655 2811 Reg.

1985 2837 2084 2889 xv,
2117 2821 2226 2891 34).

2060 2909 2180 2963 VII.
2247 2912 2693 2982 Nonnunquam
2758 2925 2902 2966 vero
2961 2911 3021 2966 in
3078 2929 3287 2970 vocem
3350 2915 3659 2988 plangoris

1988 3015 2312 3071 erumpens
2344 3015 2524 3072 super
2549 2997 2828 3054 homines
2875 3016 3031 3072 quos
3079 3001 3158 3057 ad
3196 3003 3425 3060 malum
3449 3008 3662 3079 procli-

1986 3103 2089 3144 ves
2136 3087 2401 3159 videbat,
2445 3091 2733 3162 pertaasus
2781 3087 3235 3160 ingemiscebat,
3289 3095 3464 3164 quasi
3515 3112 3659 3167 que-

1987 3176 2310 3232 rimoniam
2362 3176 2608 3248 faciens,
2639 3175 2806 3248 quod
2837 3176 3018 3234 iidem
3049 3179 3324 3235 homines
3353 3197 3464 3254 pro
3491 3199 3659 3241 amo-

1987 3283 2052 3323 re
2101 3266 2313 3322 mundi
2363 3267 2642 3339 perirent,
2689 3265 2857 3338 quod
2907 3265 3097 3340 pietas
3147 3269 3443 3341 deﬁceret,
3489 3274 3657 3346 quod

1987 3355 2271 3428 iniquitas
2339 3355 2688 3425 inundaret,
2755 3356 2919 3427 quod
2987 3373 3140 3430 pene
3200 3359 3330 3429 jam
3392 3362 3658 3419 universi

1989 3445 2325 3502 amitterent
2353 3462 2390 3503 a
2415 3446 2597 3504 corde
2627 3445 3050 3515 innocentiam,
3076 3447 3154 3503 ab
3185 3463 3288 3504 ore
3319 3451 3653 3509 veritatem.

1991 3533 2239 3591 Nolebat
2322 3541 2530 3593 autem
2593 3534 2806 3607 jurgiis
2882 3551 3092 3592 eorum
3169 3552 3232 3592 se
3293 3537 3652 3612 immiscere,

1991 3624 2097 3680 sed
2175 3624 2388 3682 orabat
2474 3630 2539 3683 ut
2617 3627 2770 3681 Deus
2853 3625 3234 3698 omnipotens
3313 3616 3658 3700 paciﬁcaret

1990 3729 2221 3780 omnes,
2265 3715 2623 3789 praecipiens
2677 3713 3003 3770 missarum
3055 3714 3346 3772 solemnia
3399 3717 3658 3776 celebra-

1987 3802 2059 3872 ri,
2091 3801 2239 3858 illud
2269 3804 2534 3860 Ezechiae
2590 3801 2958 3876 frequentius
2999 3803 3257 3859 iterans:
3307 3804 3354 3860 0
3383 3807 3652 3880 Domine,

1987 3894 2097 3961 ﬁat
2136 3898 2372 3948 tantum
2411 3908 2546 3962 pax
2587 3898 2641 3949 et
2693 3893 2911 3948 veritas
2963 3892 3026 3947 in
3074 3891 3277 3950 diebus
3317 3894 3456 3950 meis
3489 3895 3650 3965 (Isai.

1990 3997 2186 4049 xxxix,
2214 3983 2306 4048 8);
2341 3984 2398 4036 et
2427 3980 2616 4036 illud:
2665 3982 2708 4036 0
2736 3985 3026 4052 quantum
3075 3981 3274 4049 deﬁcit
3309 3986 3588 4038 sanctus!
3619 3998 3654 4039 ο

1992 4120 2317 4179 adnotavit.
2350 4121 2463 4178 Sed
2495 4137 2617 4176 non
2649 4119 3043 4177 omittendum
3067 4121 3234 4180 quod
3263 4121 3423 4178 idem
3438 4122 3653 4180 beatus

1993 4193 2120 4250 Odo
2147 4195 2349 4247 noster
2374 4192 2576 4248 scribit
2624 4192 2779 4264 infra
2811 4207 2944 4264 cap.
2974 4197 3035 4264 i7
3064 4192 3138 4248 de
3188 4209 3372 4250 censu
3398 4197 3652 4251 Romam

1993 4264 2071 4338 ab
2101 4264 2460 4338 hoc__sancto
2492 4263 2764 4338 Geraldo,
2798 4263 3339 4338 secundoquoque
3369 4281 3530 4338 anno
3554 4265 3654 4323 de-

1910 4325 1954 4380 D
1993 4334 2131 4392 ferri
2153 4333 2345 4409 solito,
2379 4350 2517 4389 cum
2561 4335 2672 4390 ait:
2708 4325 2868 4390 Hanc
2912 4335 3021 4409 sibi
3069 4325 3264 4409 legem
3294 4336 3650 4409 praeﬁxerat,

1993 4410 2056 4462 ut
2087 4404 2353 4461 secundo
2384 4421 2621 4488 semper
2663 4421 2824 4462 anno
2873 4406 2952 4461 ad
2983 4404 3325 4488 sepulcrum
3355 4404 3654 4488 apostolo-'-

1991 4493 2128 4552 ru_m
2177 4476 2534 4552 recurreret,’
2567 4476 2898 4549 decemque
2951 4476 3185 4552 solidos
3221 4476 3654 4552 ad.propriu_m

1992 4547 2216 4604 collum
2245 4546 2982 4673 dependentes,tan_quam
3013 4549 3266 4622 supplex
3297 4546 3522 4617 servus,
3550 4549 3655 4604 do-

1992 4619 2158 4673 mino
2188 4634 2298 4673 suo
2320 4618 2493 4673 quasi
2523 4635 2770 4673 censum
2841 4619 3068 4673 eferret.
3095 4639 3124 4671 »

1991 4619 2158 4674 mino
2188 4634 2298 4673 suo
2320 4619 2493 4690 quasi
2523 4635 2770 4690 censum
2797 4619 3124 4690 deferretf»

2065 4690 2210 4763 (104)
2231 4689 2582 4763 Maeliones.
2610 4689 2869 4745 Verbum
2895 4689 3182 4746 Gallicum
3205 4695 3262 4746 et
3285 4691 3452 4763 quod
3471 4690 3649 4747 etiam

1989 4759 2170 4816 hodie
2200 4759 2547 4825 retinemus,
2580 4775 2840 4831 magons.

2063 4831 2212 4901 (105)
2250 4831 2349 4901 Ad
2387 4831 2680 4901 Vabrense
2700 4832 3048 4887 ccenobium.
3081 4831 3317 4888 Ordinis
3339 4832 3528 4889 sancti
3554 4835 3656 4889 Be-

1991 4900 2209 4972 nedicti
2252 4900 2604 4972 dependens
2633 4917 2670 4972 a
2699 4903 2976 4958 coenobio
3007 4902 3197 4958 sancti
3231 4903 3473 4960 Victoris
3502 4907 3652 4961 Mas-

1994 4971 2265 5052 siliensis,
2293 4971 2462 5052 quod
2488 4971 2761 5052 "tandem
2808 4976 3067 5052 Joannes
3098 4974 3232 5052 XXII
3258 4973 3321 5030 in
3346 4977 3653 5052 episcopa-

1994 5047 2122 5100 tum
2151 5044 2352 5111 erexit,
2385 5046 2441 5098 et
2481 5044 2794 5112 Gregorius
2825 5045 2942 5100 XIII
2989 5046 3325 5102 monachos
3379 5044 3651 5103 habitum

1996 5114 2235 5188 solitum
2265 5113 2324 5167 in
2352 5113 2762 5188 canonicalem
2776 5120 3008 5188 mutare
3040 5117 3438 5188 permisit.Est
3453 5121 3650 5172 autem

2005 5185 2363 5259 Vabm'ncum
2386 5183 2795 5240 Ruthenorum
2821 5183 3134 5259 oppiduni,
3159 5188 3438 5256 Gregorio
3467 5189 3648 5240 Turo—

1994 5255 2170 5312 nensi
2209 5255 2500 5326 Vabrense
2528 5260 2788 5326 castrum
2820 5255 2923 5313 lib'.
2952 5273 3010 5312 1x
3038 5257 3185 5313 Hist.
3206 5255 3408 5326 Franc.
3441 5271 3574 5326 cap.
3594 5259 3649 5322 9,

1997 5332 2054 5383 et
2101 5324 2400 5382 Bernardo
2443 5325 2729 5382 Guidonis
2772 5327 3056 5384 Vabrium
3100 5327 3162 5382 in
3190 5325 3282 5381 his
3317 5325 3392 5381 de
3418 5324 3649 5381 Joanne

1999 5398 2132 5454 XXII
2162 5395 2395 5470 verbis:
2430 5419 2457 5447 ‹‹
2479 5397 2624 5453 Item
2650 5397 2711 5470 in
2741 5399 3088 5470 episcopatu
3113 5395 3475 5470 Ruthenensi
3500 5395 3654 5470 epis-

2001 5467 2507 5550 copatumalium
2561 5466 2874 5550 ordinavit,
2910 5466 3234 5548 sedemque
3283 5466 3416 5538 ejus
3455 5466 3654 5550 posuit

2004 5555 2068 5595 in
2108 5539 2352 5595 abbatia
2398 5539 2473 5595 de
2499 5539 2733 5605 Vabrio,
2767 5537 3043 5594 eamdem
3081 5549 3142 5592 in
3173 5553 3396 5595 novam
3421 5553 3653 5609 erigens

2004 5610 2374 5668 civitatem.»
2404 5609 2613 5682 Vulgo,
2654 5609 2892 5667 Vabres.
