4092 6158
541 115 647 168 6'75

1580 98 1637 157 S.
1679 97 1939 156 ODONIS
1976 92 2269 151 ABBATTS
2306 94 2805 153 CLUNIACENSIS
2852 93 2918 151 ll.
3160 171 3166 177 _
3778 110 3853 162 6⁸16

540 237 832 307 quantum
877 227 1183 284 diminutas
1236 229 1379 281 sunt
1422 225 1701 281 veritates
1748 236 1786 279 a
1829 220 1975 292 ﬁliis
2002 219 2189 276 homi-
2221 222 2269 273 A
2303 218 2677 305 psalmorum
2740 233 3050 307 summam
3100 231 3341 292 semper
3392 218 3605 293 explere
3644 223 3855 284 voluerit.

540 340 682 397 num
711 325 733 377 !
759 317 949 392 (Psal.
980 332 1059 384 χι,
1094 314 1171 388 2.)

609 428 752 483 VIII.
787 423 1159 481 Desiderium
1188 437 1333 479 sane
1372 437 1497 495 quo
1524 420 1603 477 ad
1641 419 1901 476 ccelestia
1931 416 2193 485 ﬂagrans

536 519 769 572 terrena
814 512 1169 585 despexerat
1208 509 1290 569 ita
1333 526 1395 566 se
1440 524 1620 584 posse
1665 506 1963 564 consolari
1994 519 2196 576 spera-

534 603 660 673 bat,
706 601 757 658 si
793 600 988 658 socios
1044 596 1317 672 ejusdem
1375 597 1467 652 sui
1525 594 1805 653 desiderii
1851 592 2190 667 reperisset.

531 691 785 749 Proinde
824 690 931 747 diu
956 692 1256 761 noctuque
1287 702 1458 742 mens
1495 685 1651 741 illius
1682 683 1994 750 aestuabat,
2029 686 2085 737 et
2114 680 2190 736 de

533 778 976 851 congregandis
1034 775 1347 832 monachis
1402 773 1684 830 affectum
1736 771 2003 828 oblivisci
2068 786 2193 826 non

536 872 791 942 poterat,
821 867 1040 940 saepius
1064 881 1203 921 cum
1226 862 1567 920 domesticis
1598 868 1655 917 et
1679 859 2071 918 familiaribus
2101 858 2191 914 in-

537 957 614 1013 de
640 956 1006 1029 colloquens.
1038 956 1223 1010 Tanto
1252 951 1413 1007 enim
1443 950 1503 1006 in
1532 949 1596 1005 id
1624 948 1842 1029 aﬂ‘ectu
1877 946 2188 1019 agebatur,

536 1050 604 1103 ut
626 1059 1070 1116 nonnunquam
1096 1040 1494 1098 exclamaret:
1529 1041 1572 1097 Ο
1604 1038 1653 1094 si
1677 1039 1811 1113 quis
1852 1037 1997 1094 mihi
2025 1037 2194 1093 daret

540 1139 604 1192 ut
633 1134 748 1190 sub
778 1132 880 1190 tali
908 1135 1085 1205 pacto
1117 1130 1428 1202 religiosos
1457 1129 1789 1185 monachos
1814 1127 2145 1183 invenirem
2174 1125 2186 1180 ἓ

536 1239 659 1296 quo
702 1238 814 1293 ego
861 1221 975 1278 illis
1020 1225 1256 1288 cuncta,
1288 1236 1425 1294 quae
1473 1217 1754 1293 possideo
1784 1217 2106 1284 dedissem,
2135 1219 2193 1271 et

536 1312 817 1386 deinceps
846 1310 1251 1368 mendicando
1279 1309 1463 1365 vitam
1512 1309 1670 1364 hanc
1702 1305 2066 1378 exegissem!
2101 1306 2192 1361 Ad

533 1403 650 1459 hoc
687 1402 848 1458 enim
888 1405 1134 1474 pactum
1163 1398 1498 1455 ineundum
1536 1397 1682 1452 nihil
1712 1413 1959 1470 prorsus
1992 1411 2189 1451 mora-

533 1507 647 1548 rer.
676 1491 826 1546 Cum
854 1489 1061 1546 itidem
1105 1487 1434 1561 aliquando
1475 1485 1798 1542 familiares
1839 1484 1892 1541 ei
1942 1501 2189 1557 respon-

2304 301 2639 364 Praesertim
2658 323 2792 362 cum
2827 306 2974 362 alias
3001 307 3416 380 occupationes
3440 308 3700 367 interdum
3725 329 3861 386 expe-

2303 396 2506 452 disset.
2540 399 2665 452 Non
2693 395 2853 451 enim
2883 400 3008 451 erat
3037 394 3388 465 obstinatus,
3422 400 3482 452 ut
3507 398 3681 454 causis
3713 390 3863 458 neces-

2304 484 2474 540 sariis
2506 501 2567 540 se
2593 483 2847 539 nimium
2877 483 3246 539 obsentaret:
3278 483 3380 539 sed
3402 483 3487 539 his
3514 501 3614 559 pro
3640 496 3863 560 opportu.

2302 574 2483 629 nitate
2538 572 2856 644 paululum
2913 572 3193 641 intentus,
3245 588 3382 627 mox
3439 572 3511 628 ad
3563 575 3864 644 degustatum

2302 659 2657 735 psalmodiae
2688 658 3066 714 dulcedinem
3101 674 3229 713 sese
3260 660 3517 715 concitus
3542 662 3862 732 recolligebat

2305 753 2499 818 Quam
2526 751 2864 805 reverenter
2893 763 3039 804 sane
3071 748 3129 802 in
3161 748 3406 804 ecclesia
3436 754 3617 815 staret,
3637 767 3740 806 non
3766 754 3866 808 satis

2303 840 2505 896 referri
2544 843 2756 913 potest,
2793 839 2903 896 sed
2955 845 3195 913 putares
3252 840 3417 896 illum
3461 841 3619 913 quasi
3657 840 3867 902 divinum

2303 927 2531 1003 aliquid
2560 928 2972 999 contemplari,
3006 933 3183 1001 atque
3225 928 3371 984 illud
3416 930 3782 1002 propheticum
3805 940 3865 988 at-

2305 1014 2489 1071 tonito
2513 1015 2683 1072 vultu
2711 1017 2951 1073 imitari.
2987 1018 3143 1073 Vivit
3169 1019 3467 1080 Dominus,
3497 1019 3554 1072 in
3583 1020 3730 1087 cujus
3747 1034 3867 1075 cons-

2299 1110 2477 1174 pectu
2503 1109 2595 1160 sto
2614 1106 2738 1172 (III
2759 1107 2900 1176 Reg.
2926 1122 3058 1175 xvu,
3096 1105 3164 1171 ι).
3200 1108 3345 1161 Nam
3374 1109 3437 1160 ut
3468 1105 3574 1160 hoc
3601 1104 3699 1160 sub
3723 1121 3869 1162 exem-

2301 1193 2404 1265 plo
2443 1197 2665 1266 pateat,
2718 1194 2965 1250 festivus
3018 1194 3146 1249 dies
3207 1193 3523 1249 Dominicis
3567 1194 3868 1250 Ascensionis

2301 1281 2645 1353 advenerat,
2676 1299 2816 1339 cum
2844 1283 3091 1361 quidem
3116 1283 3211 1339 ille
3236 1282 3615 1338 Sollemniaco
3636 1282 3761 1354 (106)
3781 1300 3870 1339 mo-

2300 1372 2581 1442 nasterio,
2614 1375 2680 1428 ut
2724 1376 2813 1429 est
2859 1371 3010 1444 juris
3057 1372 3362 1441 solemnis,
3407 1370 3769 1428 celebratums
3807 1388 3871 1428 ae-

2302 1461 2578 1517 cucurrit.
2657 1464 2785 1517 Non
2855 1461 3016 1517 enim
3095 1461 3450 1534 patiebatur,
3534 1465 3690 1517 tantae
3760 1460 3871 1516 testi.

535 1579 782 1645 dissent,
831 1578 1132 1633 dicentes:
1166 1580 1373 1632 Nonne
1420 1575 1622 1648 plures
1669 1574 1953 1630 monachi
1994 1573 2057 1628 in
2098 1572 2187 1628 his

2299 1550 2494 1606 vitatis
2548 1550 2832 1618 oﬂicium,
2892 1551 3005 1606 nisi
3062 1550 3264 1607 festive
3320 1550 3613 1623 [infestive]
3663 1565 3868 1605 recense-

524 1667 878 1738 _regionibus
922 1664 1319 1738 reperiuntur,
1353 1680 1384 1718 e
1422 1664 1644 1737 quibus
1688 1663 1763 1720 ad
1796 1668 2005 1719 votum
2052 1678 2191 1718 con-

537 1769 785 1825 gregare
812 1753 1092 1827 potestis?
1144 1754 1218 1808 At
1250 1750 1347 1808 ille
1390 1751 1604 1807 fortem
1628 1752 1807 1807 nimis
1836 1750 2191 1808 sententiam

534 1842 877 1916 proferens:
910 1841 988 1911 Si,
1020 1840 1234 1913 inquit,
1265 1840 1548 1896 monachi
1593 1839 1837 1914 perfecti
1867 1844 2023 1909 sunt,
2054 1838 2192 1894 bea-

536 1930 608 1987 tis
633 1929 860 2001 angelis
886 1928 1328 1985 assimilantur:
1377 1928 1468 1983 sin
1496 1944 1635 1983 vero
1666 1927 1745 1984 ad
1777 1927 2060 1983 saeculare
2091 1925 2191 1982 de-

538 2020 826 2077 siderium
889 2021 1284 2085 revertuntur,
1349 2016 1692 2091 apostaticis
1758 2016 2007 2088 angelis,
2085 2015 2191 2090 qui

536 2124 717 2164 suum
740 2106 1110 2164 domicilium
1138 2120 1264 2162 non
1308 2109 1711 2174 servaverunt,
1740 2121 1846 2177 per
1873 2121 2046 2161 suam
2082 2104 2192 2162 uti-

535 2212 653 2269 que
701 2194 1093 2269 apostasiam,
1120 2194 1254 2265 jure
1286 2198 1734 2266 comparantur.
1783 2195 1990 2249 Fateor
2028 2193 2189 2250 enim

532 2284 727 2353 vobis,
754 2283 1046 2357 quoniam
1066 2281 1619 2354 incomparabiliter
1642 2281 1852 2337 melior
1876 2286 1969 2338 est
1986 2282 2186 2337 bonus

533 2372 722 2430 laicus
750 2388 936 2446 quam
960 2372 1049 2428 sui
1076 2371 1367 2445 propositi
1390 2376 1801 2442 transgressor
1826 2371 2183 2427 monachus.

536 2464 805 2534 Cumque
833 2460 886 2517 ei
912 2460 1401 2531 subjunxissent:
1449 2459 1604 2526 Quid
1642 2475 1783 2532 ergo
1814 2463 1980 2516 tanta
2004 2458 2186 2514 bene-

532 2549 693 2616 ﬁcia,
713 2564 839 2606 non
867 2548 1064 2605 solum
1094 2547 1322 2615 vicinis,
1352 2546 1457 2603 sed
1484 2546 1665 2603 etiam
1696 2546 2042 2620 longinquis
2068 2563 2186 2602 coe-

533 2638 756 2695 nobitis
779 2641 1060 2712 praestare
1090 2636 1478 2694 consuevistis
1500 2635 1528 2691 ?
1558 2639 1629 2691 At
1656 2634 1751 2691 ille
1774 2638 2059 2691 consueta
2080 2636 2187 2690 hu-

534 2726 779 2782 militate
800 2724 955 2781 facta
983 2740 1093 2780 sua
1121 2723 1490 2796 despiciens:
1526 2725 1666 2794 Ego,
1686 2722 1898 2795 inquit,
1930 2723 2073 2779 nihil
2105 2723 2187 2779 fa-

536 2815 648 2873 cio.
679 2814 737 2870 Si
776 2818 999 2884 tamen,
1051 2817 1114 2869 ut
1161 2812 1373 2880 dicitis,
1419 2811 1647 2886 aliquid
1677 2811 1959 2880 facerem,
1993 2817 2187 2868 certus

536 2920 673 2961 sum
717 2903 859 2977 quia
896 2918 1075 2960 verus
1104 2905 1196 2959 est
1223 2901 1559 2975 promissor
1598 2901 1705 2975 qui
1735 2900 1982 2957 calicem
2013 2917 2187 2974 aquae
2215 2920 2261 2975 ο

532 2992 764 3066 frigida!
804 3008 916 3068 pro
948 3008 1059 3048 suo
1085 2990 1332 3049 nomine
1375 2990 1588 3047 datum
1633 3006 2017 3048 remunerare
2046 3006 2187 3064 pro-

532 3080 714 3139 misit.
732 3079 1001 3138 Viderint
1026 3080 1142 3156 ipsi
1169 3080 1380 3154 quales
1405 3079 1466 3136 in
1499 3078 1686 3135 oculis
1717 3079 1817 3136 Dei
1848 3083 2005 3135 sunt.
2026 3083 2186 3135 Certe

532 3187 744 3229 verum
768 3174 876 3241 est,
907 3170 1051 3245 quia
1080 3170 1186 3244 qui
1228 3169 1451 3242 recepit
1475 3170 1709 3240 justum
1737 3169 1797 3224 in
1830 3168 2073 3225 nomine
2096 3168 2190 3240 ju-

534 3260 626 3330 sti,
657 3258 999 3315 mercedem
1021 3258 1167 3329 justi
1187 3257 1454 3331 accipiet.
1484 3261 1662 3314 Porro
1683 3257 1746 3312 in
1765 3256 1877 3325 his,
1906 3261 1962 3313 et
1983 3258 2189 3328 hujus-

532 3347 701 3404 modi
729 3347 929 3403 verbis
957 3347 1088 3420 ejus
1117 3350 1385 3420 apparet,
1409 3346 1576 3421 quod
1595 3346 1727 3403 vitae
1758 3346 2066 3420 praesentis
2091 3346 2191 3402 de-

532 3435 911 3493 lectationem
940 3434 1250 3502 fastidiret,
1281 3435 1450 3508 quod
1480 3435 1706 3491 ccelesti
1748 3434 2047 3491 desiderio
2075 3435 2186 3490 ﬂa-

535 3529 751 3595 graret,
778 3524 945 3598 quod
992 3522 1199 3580 omnia
1241 3539 1353 3579 sua
1389 3523 1723 3596 relinquere
1750 3523 1942 3590 vellet,
1971 3523 2021 3578 si
2062 3539 2186 3579 non

533 3610 862 3668 defuissent
918 3602 1140 3685 quibus
1213 3626 1286 3667 ea
1341 3611 1769 3667 rationabiliter
1824 3610 2183 3668 tradidisset.

531 3703 748 3757 Verum
777 3704 866 3756 est
907 3698 1056 3755 illud
1084 3698 1331 3769 vulgare
1357 3698 1767 3771 proverbium,
1797 3698 1943 3773 quia
1970 3698 2185 3756 volun-

532 3792 625 3847 tas
654 3805 765 3864 pro
791 3804 969 3862 opere
989 3791 1392 3860 computatur.
1419 3786 1585 3844 Unde
1614 3792 1668 3843 et
1688 3786 1783 3843 ille
1810 3788 1916 3862 qui
1940 3787 2185 3844 fratrem

532 3878 678 3950 odit,
703 3876 1007 3935 homicida
1035 3893 1164 3933 esse
1202 3875 1565 3951 perhibetur.
1600 3879 1667 3934 Et
1702 3878 1964 3934 Joannes
1994 3879 2184 3934 Evan-

533 3965 740 4038 gelista
767 3964 1071 4040 passionis
1093 3965 1339 4023 calicem
1370 3964 1539 4036 bibit,
1560 3970 1923 4023 cumtamen
1953 3966 2014 4022 in
2034 3982 2185 4040 pace

531 4053 773 4130 quievit.
814 4056 874 4114 Si
901 4072 1046 4127 ergo
1072 4055 1354 4114 voluntas
1395 4072 1507 4129 pro
1558 4071 1738 4128 opere
1777 4060 2184 4129 computatur,

529 4161 921 4218 nequaquam
971 4145 1261 4202 Geraldus
1303 4145 1863 4202 abrenuntiatorum
1910 4147 2186 4203 mercede

532 4232 820 4305 privatur.

603 4339 691 4393 IX.
744 4336 992 4393 Invidus
1056 4335 1259 4410 itaque
1328 4337 1643 4394 tenebatur
1703 4337 1770 4394 in
1848 4337 2068 4395 saeculo
2120 4341 2188 4398 Et

532 4423 815 4498 quamvis
849 4422 1143 4481 deessent
1180 4425 1327 4481 socii
1379 4440 1520 4482 cum
1571 4425 1795 4499 quibus
1830 4425 2026 4482 eidem
2077 4444 2187 4484 sm-

535 4511 671 4569 culo
721 4511 1188 4583 abrenuntiaret,
1237 4513 1459 4569 mirum
1531 4517 1734 4570 tamen
1799 4513 1863 4569 in
1928 4514 2183 4572 modum

532 4601 597 4661 in
661 4602 765 4659 Dei
825 4617 1004 4677 opere
1058 4604 1250 4659 totum
1322 4619 1384 4660 se
1444 4602 1803 4676 occupabat.
1855 4604 2184 4677 Tantopere

534 4692 695 4748 enim
766 4691 1122 4749 lectionibus
1188 4691 1527 4759 audiendis,
1584 4695 1642 4750 et
1713 4692 1980 4749 vicissim
2052 4710 2187 4751 ora-

534 4780 830 4854 tionibus,
887 4796 1047 4838 nlunc
1095 4797 1235 4838 cum
1290 4781 1452 4854 aliis,
1509 4797 1672 4839 nunc
1731 4782 2008 4839 semotim
2059 4788 2187 4840 erat

532 4867 829 4941 intentus,
884 4874 951 4927 ut
1006 4869 1227 4927 mirum
1289 4871 1364 4928 sit
1432 4869 1744 4944 quomodo
1798 4870 1894 4927 vel
1949 4875 2184 4928 tantum

534 4956 802 5014 studium
874 4956 940 5015 in
1009 4958 1104 5015 his
1170 4958 1394 5016 habere
1446 4960 1732 5032 potuerit,
1784 4958 1882 5016 vel
1955 4963 2185 5018 tantam

604 5116 753 5192 (106)
780 5118 1185 5192 Soltegnniaco
1223 5120 1604 5192 monasterio.
1635 5119 1700 5192 In
1724 5134 1885 5192 pago
1915 5119 2183 5192 Lemovi-

534 5188 1224 5261 censi,’cujusfundator
1244 5194 1488 5261 sanctus
1516 5188 1746 5261 Eligius
1763 5188 1840 5247 ei
1868 5191 2185 5261 Dagoberti

532 5259 1029 5334 regisaurifahro
1054 5259 1276 5334 praesul
1301 5259 1733 5334 Noviomensis.
1758 5262 1868 5334 llic
1899 5259 2080 5333 enim,
2115 5263 2188 5319 si-

535 5337 636 5406 cut
675 5332 880 5406 scribit
918 5331 1255 5405 Aynioinus
1439 5348 1518 5406 1v,
1549 5348 1682 5406 cap.
1712 5333 1775 5389 41
1807 5350 1820 5389 :
1868 5354 1901 5387 ‹
1924 5331 2075 5406 Dum
2122 5334 2185 5390 in

532 5400 757 5476 palatio
807 5400 1042 5476 gratam
1085 5407 1204 5461 Deo
1234 5407 1292 5460 et
1334 5400 1685 5476 hominibus
1732 5405 2182 5476 ageretuvitam,

531 5486 673 5541 ηερ
704 5474 1034 5556 ηαεοωςιφ
1063 5476 1311 5556 ρειίςται
1335 5475 1666 5556 condonari
1714 5474 1827 5532 sibi
1869 5474 2074 5531 villam

532 5556 694 5616 pago
737 5545 1109 5604 Lemovicino
1148 5546 1344 5616 sitam,
1370 5546 1836 5605 Sollemniacum
1876 5546 2183 5617 cognomi-

2300 1638 2369 1707 ri,
2398 1654 2613 1712 neque,
2645 1644 2708 1695 ut
2732 1638 3035 1713 plerisque
3062 1633 3195 1695 mos
3229 1642 3340 1706 est,
3372 1655 3604 1695 cursum
3631 1638 3867 1694 celebran-

2300 1728 2380 1784 do
2404 1729 2721 1785 decurtari.
2748 1731 2897 1786 Cum
2940 1730 3120 1800 igitur
3158 1729 3300 1784 illuc
3324 1730 3612 1785 venissent
3634 1727 3867 1793 monachi,

2301 1817 2453 1873 sicut
2492 1821 2669 1873 tantm
2714 1833 2785 1873 ac
2808 1817 2911 1874 tali
2942 1833 3212 1892 personae
3248 1816 3644 1884 conveniebat,
3670 1815 3717 1871 ei
3740 1815 3869 1871 sedile

2300 1911 2357 1962 et
2399 1906 2846 1963 reclinatorium
2897 1907 3267 1963 ornamentis
3311 1910 3660 1963 constratum
3686 1919 3869 1977 parave-

2299 1999 2456 2052 runt.
2515 1996 2604 2051 Ad
2658 1995 2827 2068 quod
2882 2011 3021 2051 cum
3080 1995 3175 2051 ille
3242 2000 3379 2068 post
3434 1999 3633 2067 gyrata
3677 1992 3868 2050 oratoria

2298 2083 2649 2152 divertisset,
2669 2085 2880 2140 fratres
2906 2083 3300 2140 solemnizare
3331 2088 3627 2156 coeperunt
3650 2081 3866 2149 ofﬁcium,

2300 2178 2365 2229 ut
2410 2173 2593 2229 moris
2636 2177 2743 2244 est,
2772 2175 2831 2229 in
2862 2173 3114 2245 longum
3152 2173 3534 2246 protelantes.
3564 2172 3741 2228 Senior
3769 2184 3869 2225 vero

2299 2263 2491 2318 donec
2532 2263 2846 2335 impletum
2891 2267 3063 2331 esset,
3096 2264 3178 2319 ita
3229 2279 3553 2337 suspensus
3578 2263 3634 2317 in
3672 2264 3869 2316 contem-

2298 2351 2558 2424 platione
2607 2352 2777 2419 stetit,
2812 2357 2877 2408 ut
2924 2369 3033 2408 nec
3064 2352 3320 2424 sederet,
3352 2367 3459 2409 nec
3505 2350 3591 2407 vel
3630 2348 3871 2424 paululum

2297 2440 2359 2495 in
2388 2440 2763 2512 antipodium
2792 2441 3124 2509 recubaret,
3158 2442 3296 2513 ipsa
3335 2442 3588 2514 corporis
3628 2435 3872 2494 immobili-

2301 2533 2413 2586 tate
2456 2529 2673 2584 mentis
2703 2529 3080 2585 devotionem
3131 2534 3186 2585 et
3236 2528 3620 2586 constantiam
3660 2527 3873 2582 demons-

2298 2623 2481 2674 trans.
2513 2622 2586 2674 At
2640 2634 2751 2673 nos
2802 2633 2925 2674 non
2972 2618 3075 2687 ita,
3108 2619 3213 2691 qui
3273 2620 3483 2676 faciem
3532 2618 3640 2689 Dei,
3669 2615 3797 2671 velut
3828 2612 3869 2666 in

2298 2707 2652 2763 abscondito
2696 2713 2953 2775 orantes,
2985 2723 3294 2781 pompose
3338 2724 3480 2765 voce
3521 2706 3712 2776 magis,
3735 2714 3869 2777 quam

2299 2795 2553 2869 simplici
2608 2797 2787 2852 corde
2863 2796 3098 2853 divinas
3171 2797 3389 2854 laudes
3459 2796 3787 2871 proferimus.
3826 2792 3871 2845 Et

2299 2902 2439 2941 cum
2485 2886 2703 2941 debeat
2745 2886 2877 2942 voci
2932 2888 3144 2942 mentis
3186 2886 3570 2958 intelligentia
3605 2880 3868 2946 convenire,

2296 2991 2409 3031 nos
2441 2975 2699 3032 facimus
2742 2991 2976 3031 currere
3004 2991 3218 3033 vocem
3279 2982 3413 3050 post
3456 2976 3723 3033 levitatem
3751 2984 3868 3026 men-

2296 3064 2390 3120 tis.
2420 3064 2708 3121 Geraldus
2750 3080 2890 3120 vero
2939 3065 3344 3138 apostolicum
3397 3066 3536 3122 illud
3576 3062 3868 3131 recogitans:

2295 3155 2417 3210 Deo
2440 3160 2638 3211 autem
2663 3156 2972 3225 manifesti
3001 3171 3205 3212 sumus
3250 3157 3344 3228 (II
3369 3158 3503 3212 Cor.
3536 3170 3588 3221 v,
3622 3157 3717 3221 tt),
3742 3150 3804 3204 sic
3828 3161 3870 3199 se

2297 3242 2536 3313 agebat,
2570 3248 2864 3317 tanquam
2893 3244 2955 3299 in
2985 3251 3321 3318 conspectu
3345 3245 3557 3317 judicis
3586 3245 3767 3299 cuncta
3787 3249 3872 3293 cer-

2295 3332 2514 3389 nentis.

2366 3457 2428 3510 X.
2461 3457 2533 3510 Ut
2562 3459 2765 3510 autem
2806 3454 3013 3511 divina
3041 3455 3316 3527 dignatio
3364 3473 3562 3514 coram
3600 3447 3869 3510 hominibus

2296 3560 2434 3600 eum
2466 3543 2858 3614 gloriﬁcaret:
2888 3545 2991 3617 qui
3023 3546 3210 3601 Deum
3264 3546 3328 3603 in
3367 3542 3731 3619 exsequendis
3754 3550 3869 3594 man-

2294 3631 2448 3688 datis
2472 3632 2523 3703 ej
2535 3649 2602 3686 us
2631 3647 2837 3687 coram
2861 3631 3107 3689 discolis
3132 3633 3527 3705 gloriﬁcabat,
3561 3633 3681 3688 licet
3705 3628 3868 3685 instano

2293 3724 2349 3777 te
2390 3720 2525 3792 jam
2564 3724 2830 3792 tempore
2875 3720 3218 3777 Antichristi
3274 3723 3560 3780 miracula
3604 3722 3868 3777 sanctorum

2293 3824 2527 3865 cessare
2551 3806 2831 3881 debeant,
2863 3824 3097 3864 memor
3123 3814 3329 3867 tamen
3361 3828 3481 3867 suae
3509 3799 3866 3883 promissionis,

2293 3914 2417 3972 qua
2439 3896 2692 3953 dicitur:
2751 3896 2864 3965 Qui
2908 3897 3259 3968 gloﬁﬁcant
3316 3915 3424 3967 me,
3457 3894 3769 3972 gloriﬁcabo
3806 3900 3867 3944 eo!

2295 3988 2351 4060 (Ῑ
2369 3989 2509 4058 Reg.
2538 4002 2596 4053 n,
2630 3987 2739 4056 30),
2771 3987 2932 4042 hunc
2958 3986 3256 4044 famulum
3288 4006 3465 4047 suum
3489 4005 3589 4062 per
3612 3979 3869 4062 quamdam

2294 4074 2616 4131 curationis
2664 4075 2915 4144 gratiam
2954 4074 3287 4145 gloriﬁcare
3328 4060 3601 4149 dignatus
3627 4078 3719 4131 est.
3745 4060 3870 4134 Ουοά

2298 4178 2489 4235 genus
2534 4162 2857 4219 curationis
2911 4163 3028 4220 tale
3058 4165 3183 4233 fuit,
3216 4170 3285 4222 ut
3312 4165 3586 4240 quamvis
3610 4176 3705 4236 per

2215 4267 2265 4320 ι)
2297 4251 2522 4308 litatem
2558 4252 2867 4324 imponere
2912 4266 3169 4309 manum
3222 4239 3477 4311 inﬁrmis
3522 4249 3790 4322 refugeret,
3813 4239 3870 4296 eis

2299 4345 2503 4399 tamen
2551 4339 2890 4415 frequenter
2939 4348 2997 4400 et
3050 4343 3293 4416 absens,
3344 4349 3403 4402 et
3466 4343 3663 4402 nolens
3710 4334 3869 4393 subve'

2292 4431 2465 4488 niret.
2497 4432 2737 4502 Aquam
2771 4447 3010 4504 nempe,
3035 4433 3113 4489 de
3140 4450 3266 4506 qua
3309 4451 3529 4492 manus
3573 4430 3781 4489 abluere
3802 4434 3871 4476 so-

2291 4518 2431 4576 litus
2462 4523 2608 4587 erat,
2638 4517 2857 4575 inﬁrmi
2901 4520 3177 4578 solebant
3223 4522 3429 4591 furari,
3461 4526 3518 4579 et
3542 4518 3773 4595 plerique
3805 4521 3871 4563 sa-

2291 4609 2614 4666 nabantur.
2670 4608 2841 4670 Quod
2885 4608 3022 4666 licet
3073 4614 3139 4667 ut
3187 4612 3386 4684 magis
3435 4606 3692 4668 credibile
3724 4599 3870 4658 videa-

2291 4703 2408 4767 tur,
2475 4713 2765 4770 personas
2824 4699 3123 4772 quasdam
3193 4697 3647 4759 commemorari
3706 4687 3868 4767 placet.

2291 4789 2441 4843 Nam
2467 4786 2809 4842 rusticanus
2836 4789 3089 4860 quidam
3127 4791 3301 4860 juxta
3329 4787 3756 4848 Sollemniacum
3779 4788 3870 4832 ωο-

2290 4874 2617 4932 nasterium
2664 4874 2928 4933 habebat
2961 4877 3152 4934 ﬁlium
3200 4893 3450 4950 eiscum,
3482 4878 3581 4952 qui
3603 4862 3868 4952 diutiusln'

2293 4962 2649 5035 gemiscens,
2668 4964 2833 5034 quod
2862 4980 3002 5021 eum
3033 4966 3264 5023 caecitas
3291 4972 3351 5025 et
3371 4950 3677 5043 paupertas
3702 4950 3867 5033 parite?

2292 5124 2519 5201 natam,
2551 5119 2613 5176 in
2642 5126 2852 5201 quaet
2873 5124 3305 5201 monasterium
3336 5120 3667 5201 construxit,
3694 5118 3741 5173 et
3759 5120 3862 5201 cet}-

2293 5183 2702 5264 gregationem
2754 5197 2873 5250 Deo
2922 5195 3306 5253 servientium
3350 5183 3752 5253 monachorum

2293 5253 2471 5341 fuit?)
2488 5264 2882 5341 Verumillud
2910 5265 3135 5323 infestis
3166 5283 3539 5341 paganorum
3566 5278 3662 5341 p_el‘

2291 5335 2459 5411 aiam
2496 5329 3319 5411 excusionibusjasta’tuﬁx.
3354 5329 3858 5411 ροειεξθίιιάρνῑειέθ

2292 5389 3619 5487 eius;caesiingeuaginata};iam
3642 5420 3678 5484 ξι
3698 5389 3860 5487 fugflf

2293 5468 2509 5534 mentis
2553 5468 2885 5548 aediﬁcavit,
2929 5480 3015 5535 uti
3063 5468 3356 5537 memorat
3411 5468 3606 5536 auctor
3637 5468 3858 5530 incertuS,

2292 5547 2401 5606 sed
2427 5552 2789 5621 comtaneus,
2819 5547 2928 5624 qui
2954 5552 3146 5610 Vitam
3174 5552 3306 5626 ejus
3336 5548 3581 5625 scripsit.
