4094 6156
153 149 242 200 6‘77

903 118 907 122 ’
952 147 1044 200 DE
1081 147 1242 202 VITA
1281 147 1336 202 s.
1376 146 1680 202 GERALDI
1718 148 1991 205 comms
2027 149 2374 207 AURILIAC.
2418 181 2486 193 -
2524 154 2652 208 LIB.
2693 156 2760 208 ιι.

3453 163 3560 218 6⁸78

146 264 562 340 oppprimeret,
594 265 855 322 monitus
886 271 976 322 est
997 283 1104 341 per
1130 269 1332 325 visum
1375 264 1672 342 quatenus
1717 277 1790 326 ad
1827 274 1876 327 A
1905 275 2087 327 tatem
2110 273 2214 329 Dei
2243 274 2481 346 faceret,
2515 275 2662 331 dum
2688 275 2802 332 sub
2832 276 3080 334 obtentu
3102 280 3433 339 indiscretus
3450 284 3561 340 hu-

145 358 431 412 domnum
464 354 782 411 Geraldum
805 361 1093 430 pergeret,
1126 363 1184 414 et
1203 375 1383 431 aqua,
1404 359 1561 416 unde
1579 376 1796 415 manus

144 448 266 518 ejus
291 443 510 499 ablutas
542 444 808 512 fuissent,
839 447 1044 502 oculos
1079 446 1184 502 ﬁlii
1211 449 1302 504 sui
1344 448 1794 521 superfudisset.

146 533 396 594 Credidit
439 534 623 588 homo
678 535 918 605 visioni,
967 541 1024 592 et
1061 537 1207 609 quid
1252 539 1658 595 somniaverat
1695 556 1795 594 ve-

143 625 306 680 niens
333 623 634 678 indicavit.
670 625 799 688 Quo
829 625 1027 680 senior
1055 626 1281 699 audito,
1314 633 1512 684 mente
1538 634 1796 684 conster-

144 718 313 770 natus
341 712 664 782 intremuit,
707 729 776 768 ac
807 729 1171 786 praesumere
1200 717 1260 772 id
1291 717 1610 787 refugiens,
1650 719 1798 774 dixit

141 803 473 860 illusionem
505 801 704 870 fuisse,
733 819 869 875 quas
894 808 950 860 et
976 804 1144 861 illum
1174 806 1489 880 deciperet,
1537 812 1594 863 et
1627 808 1794 863 illum

143 892 412 965 decipere
437 891 634 960 vellet,
667 897 732 947 ut
758 892 1109 951 inconcessa
1142 901 1388 952 tentaret
1416 915 1428 952 :
1471 914 1665 953 errare
1695 898 1799 952 ho—

141 982 362 1038 minem
383 981 546 1036 inani
569 997 673 1052 spe
692 982 829 1037 talia
851 984 1274 1054 postulantem.
1297 988 1588 1056 Ingemuit
1607 994 1794 1059 pater,

140 1087 319 1144 quem
347 1068 448 1124 ﬁlii
476 1069 712 1125 caecitas
740 1071 1043 1139 anxiabat,
1075 1078 1132 1129 et
1159 1074 1491 1145 intelligens
1517 1077 1681 1148 quod
1712 1077 1799 1131 vir

142 1159 369 1216 Domini
399 1174 582 1214 causa
598 1159 944 1215 humilitatis
962 1177 1348 1235 nequaquam
1372 1166 1796 1237 acquiesceret,

140 1247 303 1302 abire
336 1263 396 1302 se
430 1247 722 1315 similans,
765 1249 844 1304 ab
890 1266 1012 1305 uno
1059 1251 1134 1306 de
1161 1253 1546 1308 servitoribus
1575 1270 1799 1326 aquam

136 1337 492 1409 impetravit.
530 1338 913 1402 Quidomum
944 1340 1198 1411 rediens,
1227 1343 1514 1400 exstincta
1556 1343 1660 1398 ﬁlii
1707 1343 1798 1398 lu-

137 1427 325 1497 mina,
375 1441 598 1482 nomen
659 1427 870 1483 Christi
927 1429 1232 1494 invocans,
1289 1431 1514 1500 abluit,
1584 1437 1639 1488 et
1701 1432 1798 1487 ille

134 1515 340 1570 lumen
370 1516 610 1588 recepit.
644 1516 814 1582 Quod
845 1517 1068 1573 factum
1101 1518 1262 1574 aliud
1294 1520 1604 1591 quoddam
1643 1536 1798 1593 opus

137 1609 408 1660 secutum
445 1608 550 1659 est.

205 1694 295 1748 XI.
338 1693 594 1758 Quidam
626 1693 912 1764 puerulus
941 1694 1105 1766 apud
1133 1695 1506 1752 Aureliacum
1546 1698 1799 1754 claudus

133 1782 509 1851 morabatur,
559 1782 662 1854 qui
708 1782 880 1837 fabro
927 1783 1168 1838 cuidam
1203 1788 1661 1843 commendatus
1691 1792 1796 1857 est,

135 1875 201 1926 ut
259 1877 448 1928 artem
493 1871 762 1938 disceret,
817 1888 941 1943 qua
981 1872 1245 1928 victitare
1291 1875 1591 1932 valuisset.
1653 1881 1799 1934 Cum

130 1962 375 2018 interim
408 1978 624 2017 somno
659 1963 1062 2017 commonitus
1088 1969 1194 2032 est,
1247 1969 1313 2019 ut
1363 1981 1588 2036 aquam
1639 1965 1802 2019 simi-

128 2049 268 2105 liter
321 2051 656 2120 expetisset,
713 2049 882 2104 faber
927 2065 1070 2105 vero
1122 2051 1225 2123 qui
1277 2051 1435 2107 hanc
1484 2055 1803 2124 impetrare

129 2137 422 2203 debebat,
448 2137 638 2192 sciens
668 2138 835 2210 quod
865 2138 924 2192 in
949 2139 1063 2193 hac
1092 2155 1155 2194 re
1202 2139 1291 2194 vir
1345 2141 1576 2196 Domini
1623 2141 1803 2195 nimis

133 2231 419 2282 austerus
447 2233 619 2295 esset,
653 2243 876 2300 aquam
908 2244 1028 2283 non
1058 2234 1146 2284 est
1173 2245 1360 2284 ausus
1388 2230 1590 2302 palam
1631 2245 1805 2302 expe-

131 2320 280 2381 tere,
311 2316 414 2370 sed
447 2331 582 2370 eam
612 2332 718 2387 per
747 2317 1048 2371 ministros
1090 2317 1245 2372 clam
1283 2318 1642 2390 impetravit.
1695 2321 1804 2384 Qui

133 2404 450 2470 nimirum,
481 2409 544 2459 ut
566 2404 899 2460 inofﬁciosa
943 2406 1214 2461 membra
1257 2407 1331 2462 de
1376 2409 1588 2464 eadem
1645 2425 1806 2480 aqua

132 2492 440 2565 respersit,
472 2509 613 2548 mox
639 2493 735 2548 illa
759 2493 960 2548 divina
986 2494 1170 2550 virtus
1208 2495 1268 2551 in
1315 2497 1627 2569 proprium
1673 2498 1804 2552 ofﬁ-

137 2583 300 2638 cium
334 2582 653 2653 reparavit.
683 2583 853 2646 Quod
892 2582 1160 2639 videlicet
1190 2585 1412 2640 factum
1462 2603 1599 2641 cum
1644 2588 1806 2644 fama

136 2671 437 2743 paulatim
467 2675 790 2742 spargeret,
821 2670 898 2726 ad
927 2672 1199 2727 notitiam
1247 2674 1494 2729 senioris
1542 2680 1805 2730 tantum-

137 2761 278 2816 dem
343 2761 630 2832 pervenit.
714 2764 784 2814 Αἰ
847 2760 942 2815 ille
1006 2761 1089 2815 rei
1142 2763 1400 2818 novitate
1470 2765 1804 2834 perculsus,

135 2849 381 2905 dicebat
437 2849 604 2920 quod
655 2864 778 2904 non
823 2864 932 2903 suo
983 2851 1213 2913 merito,
1259 2851 1362 2906 sed
1401 2852 1522 2908 ﬁde
1570 2853 1807 2908 illorum

137 2939 236 3010 qui
275 2955 507 3009 aquam
534 2938 699 2992 illam
729 2937 901 2993 fabro
941 2938 1262 3009 dedissent,
1313 2942 1478 3012 quod
1517 2942 1569 2997 ei
1619 2947 1805 2998 certa-
1840 2972 1880 3026 ϐ

137 3027 242 3082 tim
275 3027 541 3082 celatum
585 3032 710 3094 est;
757 3043 1017 3099 cumque
1067 3028 1335 3083 datorem
1376 3031 1632 3102 reperire
1686 3047 1808 3086 non

135 3120 371 3188 posset,
403 3117 740 3171 vehementi
783 3116 1265 3173 interminatione
1322 3124 1662 3175 commotus
1701 3125 1808 3190 est,

137 3221 213 3260 ne
244 3205 561 3277 quispiam
606 3205 720 3259 tale
777 3205 1059 3276 deinceps
1099 3222 1370 3277 unquam
1401 3214 1808 3279 praesumeret,

138 3308 423 3348 asserens
451 3293 614 3364 quia,
647 3293 694 3346 si
727 3309 931 3348 servus
961 3292 1199 3362 faceret,
1254 3295 1542 3349 membris
1583 3300 1815 3350 trunca-

137 3387 345 3448 retur;
393 3381 441 3435 si
472 3397 614 3437 vero
645 3381 811 3450 liber,
855 3387 1064 3453 postea
1113 3398 1256 3436 suus
1295 3398 1417 3438 non
1459 3388 1632 3438 esset.
1663 3382 1815 3438 Nihil

140 3470 314 3525 enim
346 3469 606 3542 amplius
639 3469 885 3526 timebat
914 3487 1097 3543 quam
1142 3470 1368 3526 laudes.
1424 3474 1491 3527 Et
1540 3488 1673 3527 cum
1707 3471 1814 3526 ini-

139 3559 325 3615 micis
352 3558 473 3613 suis
502 3564 656 3614 esset
681 3559 1008 3628 beneﬁcus,
1050 3559 1464 3615 laudatoribus
1496 3565 1697 3617 tamen
1726 3561 1813 3616 vi-

140 3647 410 3704 debatur
439 3651 729 3703 austerus.

211 3741 336 3794 XII.
378 3736 555 3808 Apud
583 3736 949 3791 Postomium
982 3737 1132 3806 (107)
1183 3737 1275 3791 sui
1318 3737 1470 3807 juris
1518 3737 1817 3807 insignem

136 3827 422 3895 alodum,
468 3825 751 3898 quaedam
811 3825 1023 3880 mulier
1062 3841 1222 3881 caeca
1278 3826 1352 3881 de
1397 3843 1557 3898 aqua
1600 3843 1817 3882 manus

137 3917 305 3972 illius
366 3916 573 3970 lumen
619 3913 861 3986 recepit.
913 3913 1088 3979 Quod
1129 3914 1295 3986 apud
1330 3930 1540 3970 omnes
1572 3916 1818 3988 quidem

135 4006 529 4076 divulgatum
577 4007 684 4071 est,
744 4003 848 4058 sed
902 4003 984 4057 illi
1041 4019 1282 4059 summo
1329 4004 1526 4059 studio
1579 4004 1818 4060 celaba-

134 4101 257 4166 tur,
311 4094 569 4150 maxime
628 4098 872 4166 propter
927 4092 1256 4164 quemdam
1296 4093 1370 4148 de
1411 4094 1816 4161 servitoribus,

135 4186 247 4258 qui
308 4199 538 4256 aquam
586 4182 831 4238 dederat
885 4182 1135 4238 mulieri.
1208 4186 1335 4239 Non
1405 4182 1565 4237 enim
1619 4183 1818 4255 parvi-

138 4273 419 4347 pendere
478 4271 570 4326 sui
614 4275 890 4343 poterant
939 4269 1425 4340 internecionem,
1474 4287 1661 4343 quam
1709 4287 1819 4344 pro

140 4364 263 4420 hac
333 4377 396 4417 re
479 4360 715 4416 dudum
788 4359 1190 4416 comminatus
1260 4360 1484 4428 fuerat,
1572 4360 1820 4416 scientes

143 4451 328 4525 quod
373 4451 621 4523 impune
673 4465 796 4505 non
853 4448 1107 4519 cederet,
1171 4448 1217 4503 si
1284 4448 1556 4504 datorem
1608 4449 1822 4522 depre-

145 4540 488 4598 hendisset.

221 4635 364 4688 Xlll.
420 4633 564 4685 Item
595 4628 654 4682 in
685 4627 915 4701 capella
943 4643 1077 4699 quae
1108 4632 1196 4683 est
1229 4627 1400 4697 juxta
1442 4625 1647 4682 villam
1691 4643 1826 4698 qua:

147 4720 378 4776 dicitur
435 4717 766 4787 Crucicula,
820 4716 1286 4784 demorabatur;
1365 4731 1504 4771 cum
1547 4715 1829 4787 equidem

148 4810 277 4865 alia
334 4808 570 4877 mulier,
631 4823 766 4879 quae
815 4821 883 4860 ex
919 4803 1146 4860 ancillis
1197 4804 1328 4876 ejus
1376 4808 1521 4875 erat,
1565 4804 1640 4859 de
1669 4819 1831 4876 aqua

148 4915 384 4956 manus
413 4896 804 4954 nihilominus
833 4894 1169 4951 illuminata
1215 4898 1321 4950 est.
1383 4895 1513 4959 Quo
1561 4893 1834 4950 videlicet

145 4968 568 5058 ille.cognito,
613 4987 802 5053 illum,
862 4985 964 5058 qui
1011 5000 1233 5056 aquam
1280 4983 1544 5054 dederat,
1589 4983 1833 5040 nomine

148 5077 574 5141 Rabboldum,
631 5079 913 5148 urgenter
961 5073 1362 5143 investigavit,
1413 5077 1468 5130 et
1504 5073 1738 5146 reperit,
1780 5077 1837 5128 et

147 5184 314 5224 mox
337 5183 374 5223 a
402 5184 463 5224 se
502 5168 722 5238 rejecit.
774 5170 913 5224 Post
957 5165 1334 5238 aliquantum
1393 5180 1534 5220 vero
1576 5169 1834 5236 tempus,

149 5257 423 5330 quid"m
448 5256 668 5311 nobilis
688 5256 796 5326 vir,
830 5255 1074 5311 nomine
1102 5253 1292 5320 Ebbo,
1337 5252 1632 5308 seniorem
1667 5253 1838 5307 ratio-

150 5345 432 5402 cinando
454 5344 753 5416 convenit,
788 5345 1014 5407 dicens,
1046 5344 1192 5416 quia
1220 5341 1368 5399 forte
1391 5346 1600 5398 contra
1633 5339 1839 5395 volun-

233 5469 398 5541 (107)
415 5470 618 5542 Apud
642 5471 1009 5527 Postomium
1036 5471 1130 5524 sui
1147 5472 1312 5542 juris
1339 5468 1604 5542 alodum.
1637 5469 1837 5542 Postc-

151 5535 536 5618 miam'dixit
567 5559 751 5618 supra
769 5542 870 5597 lib.
904 5557 1089 5618 1_cap.
1133 5535 1349 5618 ultimo
1382 5557 1419 5618 :_
1445 5561 1474 5618 «_
1519 5541 1664 5595 Cum
1713 5535 1836 5618 alo-

151 5614 312 5683 dus,
345 5613 555 5686 inquit,
583 5607 716 5686 ejus
746 5618 908 5671 esset
935 5607 1260 5682 Postumia,
1299 5615 1355 5667 et
1381 5609 1667 5682 deinceps
1711 5607 1838 5666 lati-

1904 361 2187 432 militatis,
2218 363 2516 419 indultam
2541 364 2769 420 ccelitus
2796 367 3049 435 gratiam
3079 370 3453 438 neglexisset,
3502 377 3560 429 et
3598 369 3601 374 ’

1904 465 2026 518 eos,
2056 450 2276 522 quibus
2308 451 2593 522 prodesse
2620 456 2870 525 poterat,
2898 455 2960 511 in
3001 458 3278 526 angustia
3307 459 3560 515 dimisis-

1905 542 1990 592 set
2032 555 2044 593 :
2093 539 2277 593 satius
2307 554 2438 593 esse
2470 541 2742 609 gratiam,
2793 558 2930 614 quas
2974 544 3121 600 forte
3159 551 3404 618 propter
3429 547 3560 602 illos

1904 625 1956 680 ei
1981 625 2121 682 data
2141 626 2351 696 fuerat,
2382 626 2728 699 impendere
2758 630 2840 685 eis
2865 647 3002 702 quae
3039 635 3360 690 necessitas
3389 635 3562 705 exigit

1904 714 2380 786 supplicantibus
2410 729 2697 789 praestare
2731 736 2743 773 :
2777 718 3095 777 elationem
3127 739 3252 777 non
3282 739 3410 779 esse
3439 724 3559 779 for-

1902 805 2280 876 midandam,
2328 823 2467 862 cum
2521 807 2717 863 laudis
2760 809 2855 864 ille
2905 811 3159 883 cupidus
3206 829 3328 869 non
3367 817 3522 870 esset

1902 909 2099 966 neque
2124 895 2654 967 praesumptionem
2685 898 2951 970 quidem,
2995 902 3285 972 quoniam
3329 903 3435 974 qui
3471 919 3559 958 re-

1903 988 2216 1054 poscerent
2243 999 2443 1055 opem,
2478 1000 2604 1040 sese
2625 986 2907 1043 divinitus
2929 989 3266 1046 admonitos
3295 1007 3558 1046 comme-

1906 1076 2240 1126 morassent
2274 1089 2285 1127 :
2318 1073 2604 1143 maxime,
2655 1090 2791 1130 cum
2817 1077 2946 1146 jam
2993 1078 3398 1149 experimento
3427 1095 3564 1152 pro-

1903 1157 2115 1214 batum
2143 1163 2315 1228 esset,
2344 1160 2488 1232 quia
2512 1161 2873 1219 beneﬁcium
2907 1166 3192 1232 sanitatis,
3233 1167 3401 1238 quod
3432 1183 3468 1223 a
3497 1183 3560 1222 se

1904 1249 2221 1320 quaesitum
2251 1249 2456 1317 fuerat,
2482 1251 2561 1306 ad
2586 1251 2881 1320 effectum,
2906 1253 3039 1309 licet
3075 1255 3209 1327 ipso
3240 1257 3558 1325 nesciente,

1901 1337 2030 1407 jam
2061 1353 2182 1392 non
2214 1338 2397 1393 semel
2427 1340 2701 1395 venisset.
2739 1345 2805 1397 Et
2841 1341 2935 1397 ille
2964 1343 3209 1414 quidem
3238 1345 3352 1401 hoc
3380 1345 3562 1401 ratio-

1904 1424 2178 1480 nabiliter
2206 1427 2702 1498 prosequebatur.
2746 1430 3032 1486 Geraldus
3072 1449 3213 1488 vero
3253 1433 3562 1506 suspirans

1905 1512 2105 1577 ﬂebat,
2139 1518 2319 1586 atque
2347 1514 2574 1585 dicens,
2602 1516 2745 1588 quia
2783 1517 3012 1573 timcret
3053 1521 3219 1591 quod
3265 1521 3564 1577 diabolica

1841 1627 1878 1680 η
1906 1602 2070 1656 fraus
2099 1604 2298 1674 potius
2345 1609 2518 1669 esset,
2574 1621 2710 1676 qua:
2756 1606 2872 1661 sub
2919 1609 3236 1666 occasione
3289 1611 3563 1683 decipere

1906 1691 2125 1759 vellet;
2181 1697 2237 1747 et
2284 1692 2330 1746 si
2382 1693 2528 1764 quid
2560 1693 2888 1766 aliquando
2936 1696 3078 1752 boni
3117 1697 3370 1761 fecisset,
3415 1714 3565 1753 mer-

1907 1781 2050 1835 cede
2105 1780 2294 1852 ipsius
2344 1780 2487 1836 boni
2535 1781 2767 1853 privare
2821 1786 3255 1855 perstruxisset.
3299 1787 3564 1842 Tandem

1908 1869 2109 1941 itaque
2162 1869 2252 1924 vel
2305 1871 2601 1941 precibus,
2663 1872 2755 1927 vel
2811 1874 3036 1928 ratione
3092 1875 3276 1930 victus
3309 1915 3322 1937 ,

1909 1962 2071 2012 ctum
2128 1959 2350 2030 recepit
2383 2002 2395 2025 ,

1911 2045 2041 2100 dari
2075 2046 2268 2115 jussit.

1983 2135 2113 2188 XIV.
2161 2133 2360 2189 Sciens
2390 2151 2528 2191 vero
2559 2137 2724 2208 quod
2762 2143 2948 2194 status
2979 2141 3191 2196 mentis
3238 2141 3352 2197 hac
3400 2142 3567 2198 alter-

1913 2223 2152 2278 natione
2205 2224 2416 2279 melius
2471 2226 2818 2294 custoditur,
2874 2228 2923 2283 si
2973 2229 3273 2286 interdum
3331 2230 3568 2286 lectioni

1911 2317 2051 2383 post
2080 2313 2410 2368 orationem
2440 2315 2696 2386 quisque
2724 2315 3072 2383 intenderit;
3104 2319 3334 2374 recitari
3365 2335 3568 2374 coram

1913 2417 1974 2456 se
2004 2402 2186 2457 verba
2215 2403 2436 2467 divina,
2470 2409 2535 2459 ut
2564 2420 2747 2476 supra
2773 2405 3054 2476 diximus,
3086 2407 3360 2464 faciebat.
3405 2408 3569 2464 Unde

1912 2494 1968 2544 et
1997 2506 2176 2545 usum
2201 2493 2544 2564 assumpsit,
2561 2497 2624 2548 ut
2651 2493 2728 2548 ad
2752 2495 3073 2565 prandium
3100 2497 3228 2565 ejus
3256 2495 3568 2567 legeretur,

1913 2593 2021 2633 nec
2052 2578 2345 2634 omitteret
2364 2581 2478 2634 hoc
2499 2580 2702 2651 lector,
2731 2582 2962 2637 etiamsi
2982 2584 3245 2655 hospites
3271 2585 3572 2641 adessent.

1917 2669 2024 2721 Pro
2053 2667 2563 2724 condescensione
2613 2685 2754 2724 vero
2802 2671 3353 2743 lcctoremjubebat
3400 2675 3574 2730 inter-

1914 2756 2061 2810 dum
2085 2756 2427 2824 subsistere,
2459 2761 2517 2812 et
2546 2757 2624 2812 ab
2644 2758 2736 2812 his
2756 2759 2861 2830 qui
2882 2759 3028 2815 forte
3056 2761 3290 2830 scirent,
3325 2779 3573 2819 sensum

1915 2843 2182 2898 lectionis
2208 2844 2525 2915 inquirere.
2562 2847 2708 2899 Cum
2731 2846 2974 2916 quidem
3002 2847 3105 2916 illi,
3137 2865 3290 2920 quos
3328 2850 3573 2916 interro-

1920 2932 2120 3001 gabat,
2156 2932 2383 3003 precari
2414 2933 2688 2999 solerent,
2723 2940 2786 2989 ut
2814 2936 2940 3006 ipse
2970 2936 3164 3005 potius
3207 2937 3570 3009 loqueretur,

1920 3022 2159 3076 tandem
2184 3021 2400 3080 diserte
2431 3027 2487 3076 et
2516 3023 2766 3077 scienter
2790 3023 2959 3078 sicuti
2987 3024 3223 3090 doctus,
3244 3027 3573 3098 responde-

1919 3110 2056 3166 bat:
2089 3112 2170 3166 ita
2199 3114 2400 3166 tamen
2430 3115 2493 3166 ut
2523 3127 2633 3166 nec
2677 3111 2900 3168 clericis
2946 3114 3371 3169 verecundiam
3402 3114 3575 3169 infer-

1918 3204 2025 3254 ret.
2061 3199 2510 3254 Discedentibus
2537 3205 2736 3255 autem
2759 3206 2900 3272 post
2924 3201 3304 3259 refectionem
3329 3203 3577 3276 quibus-

1921 3305 2038 3360 que
2071 3288 2150 3344 ad
2178 3305 2306 3354 sua,
2339 3289 2694 3358 legebantur
2723 3289 2927 3346 itidem
2958 3307 3162 3348 coram
3191 3309 3263 3349 eo
3288 3308 3360 3349 ea
3387 3292 3576 3348 maxi-

1922 3395 2018 3433 me
2045 3378 2250 3445 verba,
2282 3394 2417 3450 quae
2435 3378 2850 3450 superfuerant
2871 3380 3224 3438 lectionibus
3242 3383 3304 3438 in
3329 3382 3580 3439 ecclesia

1922 3466 2197 3523 recitatis.
2261 3469 2412 3521 Dum
2467 3483 2610 3522 vero
2663 3467 2898 3524 lectioni
2955 3471 3316 3538 intenderet,
3375 3470 3578 3527 nullus

1924 3572 2062 3611 eum
2090 3555 2260 3611 facile
2289 3571 2399 3627 pro
2429 3572 2612 3612 causa
2641 3557 2909 3629 qualibet
2937 3559 3310 3632 interpellare
3357 3576 3582 3632 praasu-

1926 3645 2146 3700 mebat.
2208 3649 2356 3700 Nam
2402 3645 2570 3715 juxta
2623 3645 2767 3701 illud
2810 3647 2947 3718 Job,
2996 3649 3270 3705 subditus
3313 3653 3440 3705 erat
3474 3654 3584 3704 tre-

1926 3734 2203 3801 mendus,
2225 3740 2282 3789 et.
2309 3733 2410 3787 lux
2439 3734 2638 3788 vultus
2663 3735 2792 3805 ejus
2823 3752 2944 3791 non
2974 3738 3230 3793 cadebat
3248 3738 3309 3792 in
3339 3742 3579 3794 terram.

1931 3827 2008 3879 De
2041 3823 2419 3878 sermonibus
2446 3827 2501 3877 et
2530 3823 3015 3880 confabulatione
3051 3827 3180 3897 ejus
3227 3827 3378 3883 mira
3417 3844 3584 3883 com-

1929 3913 2284 3968 memoratio
2311 3915 2418 3965 est.
2451 3911 2514 3965 1n
2557 3911 2650 3965 his
2677 3911 2836 3966 enim
2879 3929 3012 3984 quae
3069 3914 3205 3969 lmto
3253 3916 3456 3971 animo
3502 3916 3584 3970 lo-

1927 4003 2244 4075 quebatur,
2276 3999 2445 4054 valde
2477 4000 2850 4068 gratissimus
2880 4006 3022 4057 erat.
3083 4005 3224 4068 Quae
3272 4007 3470 4058 autem
3501 4004 3587 4058 in—

1928 4091 2226 4163 crepative
2257 4088 2612 4161 proferebat,
2646 4089 2820 4161 quasi
2852 4090 3073 4146 stimuli
3111 4091 3488 4158 videbantur,
3518 4107 3560 4145 u

1930 4197 2082 4254 pene
2106 4180 2240 4253 plus
2270 4194 2456 4251 quam
2486 4178 2672 4234 verba
2700 4179 3067 4237 timerentur.
3113 4185 3175 4237 In
3227 4181 3432 4237 dando
3487 4197 3590 4236 au-

1931 4276 2050 4326 tem
2094 4269 2340 4342 aliquid,
2372 4267 2628 4323 multum
2657 4272 2783 4324 erat
2807 4285 3102 4327 morosus.
3147 4273 3218 4326 At
3259 4274 3588 4343 postquam

1934 4360 2118 4416 semel
2146 4359 2428 4417 dedisset.
2462 4373 2584 4414 non
2612 4357 2936 4415 auferebat.
2983 4359 3041 4416 Si
3070 4359 3244 4417 malae
3285 4360 3587 4433 opinionis

1933 4449 2305 4505 sacerdotem
2354 4447 2637 4515 audisset,
2694 4462 2817 4503 non
2867 4451 3067 4504 tamen
3096 4448 3295 4504 missae
3324 4449 3590 4505 ofﬁcium

1935 4535 2014 4592 ab
2044 4534 2142 4590 illo
2172 4534 2559 4606 despiciebat,
2588 4535 2732 4607 quia
2772 4536 2946 4591 sciret
2990 4536 3135 4591 illud
3179 4551 3419 4591 sacrum
3456 4552 3594 4608 my-

1936 4623 2181 4680 sterium
2211 4639 2333 4679 non
2363 4639 2545 4696 posse
2581 4639 2688 4695 per
2736 4623 3044 4678 hominem
3091 4629 3464 4694 peccatorem
3494 4622 3593 4677 de-

1937 4712 2224 4769 teriorari.
2254 4715 2322 4767 Et
2350 4729 2486 4767 cum
2509 4712 2570 4766 in
2596 4710 3006 4766 discernendis
3031 4710 3282 4766 aliorum
3305 4709 3474 4766 factis
3497 4709 3593 4766 vel

1941 4806 2151 4858 acutus
2179 4818 2290 4873 pro
2317 4801 2528 4857 merito
2554 4816 2897 4870 causarum,
2927 4799 3022 4856 vel
3050 4799 3243 4856 dulcis
3279 4805 3452 4864 esset,
3485 4815 3596 4857 sua

1938 4895 2143 4947 tamen
2195 4905 2379 4963 opera
2416 4888 2839 4962 vilipendebat.
2900 4891 3042 4953 Qum
3093 4889 3380 4946 nimirum
3428 4894 3595 4947 tanto

1943 4995 2203 5052 superno
2223 4978 2540 5051 inspectori
2567 4978 2882 5050 pretiosius
2904 4979 3389 5049 commendabat,
3409 4995 3599 5053 quan-

1945 5074 2004 5127 to
2032 5071 2157 5126 haec
2182 5069 2346 5143 apud
2379 5085 2441 5126 se
2470 5068 2642 5125 vilius
2672 5069 3027 5127 aastimabat.

2017 5163 2124 5216 XV.
2151 5159 2448 5224 Quoniam
2472 5174 2616 5214 vero
2644 5158 2880 5215 caeleste
2907 5158 3273 5216 desiderium
3292 5157 3596 5223 undatius,

1945 5254 2011 5305 ut
2034 5250 2114 5306 ita
2144 5249 2365 5317 dicam,
2398 5248 2758 5314 insumebat,
2818 5263 2886 5303 os
2935 5249 3066 5318 ejus
3108 5263 3180 5302 ex
3227 5244 3599 5301 abundantia

1948 5338 2144 5394 cordis
2190 5337 2270 5394 ita
2312 5337 2670 5411 replebatur,
2726 5341 2792 5393 ut
2830 5351 2982 5410 pene
3007 5335 3136 5406 jam
3165 5333 3226 5389 in
3255 5331 3469 5388 eodem
3497 5346 3600 5388 ore

3405 1875 3567 1946 abje-

2472 1963 2530 2014 et
2596 1960 2828 2016 mulieri
2891 1963 3212 2018 duodecim
3276 1980 3564 2020 nummos

1949 5464 2159 5520 fundia
2189 5463 2373 5537 ipsius
2420 5463 2503 5518 ita
2551 5462 2662 5538 sibi
2709 5459 3125 5538 succederent,-
3164 5459 3229 5512 ut
3276 5464 3476 5538 usque
3522 5455 3602 5512 ad

1951 5528 2228 5592 montem
2245 5551 2535 5605 magnum
2566 5535 2852 5605 Creonem
2883 5531 3085 5605 posset
3111 5528 3174 5582 in
3202 5528 3410 5605 eundo
3427 5532 3482 5584 et
3509 5543 3602 5584 re-

1951 5607 2197 5664 deundo
2218 5599 2456 5678 semper
2479 5605 2543 5663 in
2571 5601 2827 5677 propriis
2849 5599 3178 5658 mansitare
3201 5600 3465 5674 capellis.
3500 5619 3538 5649 »
