4134 6114
577 72 683 126 679

579 204 816 262 semper
842 187 940 242 lex
967 185 1202 242 Domini
1227 187 1552 241 resonaret.
1580 187 1730 240 Nam
1751 198 1925 239 sacra
1952 179 2237 253 quaedam

576 279 764 335 verba
816 275 928 332 sibi
977 279 1308 344 notaverat,
1369 290 1504 347 quae
1557 271 1972 344 corporalibus
2029 267 2240 324 ofﬁciis

577 366 891 424 convenire
939 364 1318 421 videbantur.
1377 366 1446 420 Ut
1491 367 1580 420 est
1626 362 1795 424 illud,
1843 375 2022 416 mane
2051 358 2241 431 prius-

577 471 766 528 quam
792 453 962 527 loqui
988 453 1294 526 inciperet,
1326 451 1564 508 dicebat
1588 468 1601 506 :
1630 452 1814 517 Pone,
1837 449 2106 510 Domine,
2141 463 2241 502 cu-

577 545 833 601 stodiam
865 545 960 600 ori
1003 558 1150 612 meo,
1203 547 1258 600 et
1307 543 1518 598 ostium
1564 539 2031 597 circumstantiae
2065 536 2239 592 labiis

577 635 720 690 meis
749 634 938 701 (Psal.
972 648 1098 698 CXL,
1133 632 1208 702 3),
1241 634 1298 687 et
1325 635 1537 686 caetera
1585 627 1936 699 hujusmodi
1983 641 2120 698 quae
2159 624 2240 680 ad

579 722 847 794 singulos
878 721 1221 794 coeptabat,
1265 719 1538 775 videlicet
1587 733 1726 774 cum
1782 715 2236 788 expergisceret,

578 828 718 867 cum
747 811 822 867 de
849 809 1002 866 lecto
1033 812 1318 880 surgeret,
1351 824 1488 864 cum
1521 806 1744 877 caligas
1766 805 2056 872 indueret,
2097 819 2238 859 cum

577 901 998 956 indumentum
1037 898 1132 954 vel
1189 896 1539 954 cinctorium
1592 899 1872 965 sumeret,
1921 894 2040 949 sive
2083 896 2238 948 certe

580 1008 718 1048 cum
748 991 876 1059 iter,
907 987 1002 1044 vel
1030 985 1194 1044 aliud
1223 985 1514 1058 quidlibet
1555 984 1858 1057 inciperet,
1913 983 1995 1038 ita
2045 985 2110 1038 ut
2153 997 2238 1037 se-

580 1081 847 1138 cundum
873 1076 1140 1150 Apostoli
1169 1075 1418 1145 dictum,
1468 1075 1676 1130 omnia
1717 1074 1782 1130 in
1837 1073 2082 1129 nomine
2133 1075 2240 1128 Do-

579 1169 726 1224 mini
768 1167 960 1224 facere
1007 1164 1328 1220 videretur.
1385 1167 1835 1235 Nonnunquam
1897 1176 2040 1216 sane
2099 1176 2239 1216 cum

577 1255 921 1326 contigisset
975 1270 1108 1309 eum
1170 1269 1310 1309 cum
1357 1252 1588 1324 paucis,
1632 1250 1726 1306 vel
1773 1250 1970 1305 solum
2010 1249 2235 1317 sedere,

575 1346 782 1402 nescio
813 1345 960 1417 quid
989 1344 1092 1400 diu
1131 1347 1336 1399 tacens
1379 1340 1804 1410 meditabatur,
1847 1344 1904 1394 et
1959 1339 2240 1410 lacrymis

579 1433 846 1490 suffusus
874 1431 1199 1504 suspirium
1228 1430 1306 1486 ab
1337 1431 1458 1485 imo
1484 1433 1744 1502 pectore,
1785 1431 1978 1482 totum
2009 1442 2070 1482 se
2101 1442 2240 1482 con-

1639 61 1694 116 S.
1737 59 2004 116 ODONIS
2031 56 2328 114 ABBATIS
2357 56 2862 115 CLUNIACENSIS
2903 57 2950 109 ll
3849 66 3935 118 880

2351 179 2520 236 vocis
2575 180 2704 251 ejus
2740 175 3077 248 benigniter
3131 173 3502 232 intendebat.
3563 178 3724 234 Tanto
3774 185 3934 240 autem

2352 268 2554 324 studio
2605 267 3045 342 procurabatur
3090 269 3158 320 ut
3201 278 3444 336 semper
3483 263 3642 335 juxta
3675 267 3938 328 ecclesiam

2347 357 2770 430 hospitaretur,
2803 361 2869 413 ut
2891 371 2999 429 per
3025 353 3355 410 multorum
3381 368 3668 410 annorum
3695 357 3936 416 curricula

2349 449 2566 518 praeter
2617 445 2944 502 oratorium
2993 441 3159 498 nulla
3205 445 3378 496 nocte
3423 445 3694 509 maneret,
3731 449 3932 514 excepta

2349 551 2494 604 una,
2506 551 2642 608 quae
2657 534 2853 592 natale
2871 531 3282 588 Innocentium
3299 528 3514 586 itineris
3531 529 3756 600 contigit
3769 547 3932 587 causa.

2350 626 2534 700 Copia
2585 642 2728 682 vero
2755 625 3104 682 clericorum
3145 637 3381 694 semper
3413 636 3548 676 eum
3575 621 3934 688 comitabatur,

2349 732 2490 771 eum
2545 715 2766 788 quibus
2821 715 2882 770 in
2927 712 3129 769 divino
3173 726 3352 784 opere
3391 709 3602 782 jugiter
3645 708 3936 767 insudabat.

2351 805 2556 862 Omnis
2599 809 2800 861 autem
2849 805 3178 876 apparatus
3207 799 3628 856 ecclesiasticus
3665 798 3938 854 ministerio

2347 894 2684 951 necessario
2711 911 2850 950 eum
2876 908 2947 949 eo
2977 891 3228 965 perinde
3247 889 3559 954 ferebatur,
3590 904 3720 943 cum
3743 904 3849 959 quo
3872 887 3940 942 di-

2347 983 2504 1040 vinae
2551 981 2847 1038 servitutis
2897 997 3052 1054 opus
3105 977 3330 1049 ingenti
3371 993 3512 1034 cura
3555 979 3610 1031 et
3643 975 3938 1042 reverentia,

2348 1073 2567 1129 festivis
2599 1073 2812 1129 diebus
2851 1071 3113 1128 maxime
3143 1068 3476 1141 gerebatur.
3521 1071 3800 1124 Nocturno
3825 1071 3941 1122 tem-

2347 1179 2493 1236 pore
2523 1167 2770 1219 cunctos
2799 1162 2861 1216 in
2889 1160 3148 1217 oratorio
3201 1157 3421 1214 diutius
3468 1155 3774 1230 praevenire
3823 1155 3940 1210 sole-

2346 1253 2482 1321 bat;
2505 1269 2628 1325 quo
2658 1251 2912 1324 expleto,
2943 1249 3109 1306 solus
3143 1261 3453 1304 remanere
3499 1244 3699 1302 solitus
3732 1249 3855 1301 erat.
3897 1247 3944 1300 Et

2347 1347 2489 1398 tunc
2515 1341 2800 1414 temporis
2831 1343 2997 1397 tanto
3021 1338 3280 1407 dulcius,
3339 1339 3565 1409 quanto
3605 1339 3660 1390 et
3693 1333 3941 1396 secretius,

2347 1433 2593 1488 internae
2623 1430 2957 1486 dulcedinis
2985 1444 3266 1502 saporem
3295 1424 3668 1496 degustabat.
3709 1421 3942 1490 Quando-

578 1521 826 1592 cutiens,
853 1520 1145 1589 trahebat,
1195 1522 1262 1574 ut
1307 1517 1479 1573 facile
1527 1517 1850 1589 quisquam
1901 1519 2103 1588 posset
2138 1513 2240 1570 ad—
2275 1508 2318 1561 Β
2349 1537 2466 1594 que
2520 1525 2722 1576 autem
2758 1519 2930 1575 laetus
2983 1523 3040 1574 et
3087 1518 3303 1585 alacer,
3349 1515 3445 1571 vel
3492 1514 3569 1570 ad
3615 1516 3843 1568 stratum
3861 1527 3942 1584 pro

577 1616 826 1679 vertere,
859 1609 1004 1682 quia
1029 1623 1202 1664 mens
1228 1607 1359 1677 ejus
1389 1606 1506 1662 alio
1531 1604 1856 1678 pendebat,
1906 1608 1964 1660 et
1999 1604 2060 1660 in
2090 1620 2240 1676 prae-

579 1700 732 1757 senti
759 1698 1234 1755 consolationem
1281 1711 1408 1751 non
1449 1694 1716 1750 haberet.
1771 1693 1907 1750 Tale
1956 1698 2082 1750 erat
2111 1694 2240 1764 ejus

580 1788 968 1861 colloquium,
1001 1785 1118 1843 tale
1151 1785 1474 1854 silentium,
1505 1787 1575 1839 ut
1601 1799 1668 1840 os
1698 1783 1827 1854 ejus
1858 1783 2242 1838 annuntiaret

578 1877 824 1934 laudem
853 1875 1108 1943 Domini,
1142 1879 1198 1931 et
1224 1873 1532 1930 meditatio
1561 1871 1758 1928 cordis
1787 1871 1942 1928 illius
1989 1871 2052 1928 in
2103 1887 2241 1927 con-

581 1969 789 2039 spectu
815 1965 944 2036 ejus
966 1967 1140 2020 esset.

650 2055 781 2111 XVI.
813 2056 1111 2110 Noverant
1135 2055 1337 2110 autem
1367 2051 1478 2120 sui,
1509 2048 1679 2124 quod
1725 2048 2027 2119 religionis
2071 2048 2240 2104 habi-

581 2147 707 2198 tum
735 2146 860 2198 toto
884 2141 1024 2197 nisu
1053 2140 1349 2214 cupiebat.
1385 2140 1498 2197 Sed
1547 2156 1687 2195 cum
1734 2143 1892 2195 esset
1927 2138 2236 2211 providus,

579 2232 966 2288 considerans
996 2231 1139 2304 quia
1185 2228 1554 2303 professores
1603 2227 1879 2284 sublimis
1927 2227 2236 2301 propositi,

577 2321 726 2377 dum
756 2320 958 2396 saeculi
988 2335 1194 2376 amore
1222 2321 1710 2390 corrumpuntur,
1740 2316 1982 2387 gravius
2011 2315 2090 2372 ab
2121 2315 2240 2372 alto

576 2415 780 2482 ruunt,
817 2410 1000 2468 satius
1039 2409 1360 2466 aestimavit
1407 2408 1490 2463 sic
1539 2412 1715 2470 stare,
1772 2423 1960 2479 quam
2009 2406 2240 2478 absque

575 2499 846 2572 probatis
877 2497 1370 2571 cooperatoribus
1413 2511 1540 2551 rem
1588 2499 1712 2550 tam
1760 2494 2016 2551 arduam
2053 2498 2240 2550 atten-

577 2593 722 2645 tare.
781 2588 838 2645 Si
887 2587 1064 2658 igitur
1104 2591 1310 2643 votum
1348 2584 1505 2641 illius
1543 2584 1852 2658 inspicias,
1890 2584 2238 2640 monasticae

576 2675 966 2748 professionis
1009 2673 1194 2730 ﬁdem
1253 2672 1482 2730 Christo
1529 2687 1636 2745 per
1691 2671 2072 2728 devotionem
2123 2687 2242 2728 ser-

577 2763 756 2820 vavit.
781 2765 848 2818 Et
869 2762 1002 2818 laus
1026 2761 1201 2818 valde
1227 2761 1498 2816 eminens
1538 2763 1647 2829 est,
1702 2761 1764 2815 in
1811 2759 2020 2816 habitu
2058 2776 2241 2816 saecu-

2345 1615 2637 1683 tempore,
2677 1607 2772 1665 vel
2797 1607 2876 1664 ad
2906 1624 3046 1664 suos
3077 1605 3514 1677 egrediebatur.
3553 1600 3740 1659 Talem
3765 1600 3943 1673 quippe

2345 1699 2582 1756 vivendi
2606 1699 2861 1755 modum
2889 1697 3340 1754 conversatione
3373 1693 3488 1750 sibi
3534 1690 3859 1766 praeﬁnierat,
3897 1693 3944 1744 ut

2345 1790 2603 1863 quisque
2663 1803 2882 1844 sanum
2930 1787 3170 1860 sapiens
3215 1785 3550 1850 miraretur,
3591 1779 3744 1853 quod
3785 1779 3838 1834 in
3869 1777 3942 1833 illo

2346 1883 2512 1935 tanta
2539 1877 2792 1934 ccelestis
2823 1876 3013 1947 gratia
3043 1873 3450 1932 conﬂuxisset.
3475 1874 3638 1928 Hunc
3660 1867 3819 1925 etiam
3837 1881 3944 1922 con-

2345 1965 2625 2022 versandi
2647 1965 2902 2021 modum
2933 1963 2990 2020 in
3019 1961 3292 2020 exteriori
3341 1957 3778 2018 conversatione
3819 1959 3944 2010 tene-

2342 2057 2468 2126 bat,
2495 2060 2562 2112 ut
2584 2055 2837 2112 ministri
2865 2055 2996 2126 ejus
3043 2057 3254 2110 notum
3297 2051 3608 2117 haberent,
3655 2045 3874 2121 qualiter
3900 2045 3946 2099 in

2343 2144 2595 2216 singulis
2617 2143 2760 2200 anni
2789 2141 3160 2216 temporibus
3185 2142 3648 2197 conversaturus
3683 2138 3836 2192 esset.

2415 2237 2573 2290 XVII.
2617 2231 3124 2290 Consuetudinem
3161 2229 3274 2286 sibi
3309 2228 3535 2284 fecerat
3589 2226 3727 2296 (t08)
3772 2227 3828 2280 ut
3861 2224 3945 2278 Ro-

2343 2338 2512 2378 mam
2535 2320 2904 2392 frequentius
2935 2319 3144 2376 adiret.
3189 2321 3388 2374 Fertur
3439 2319 3636 2372 autem
3676 2311 3823 2386 quod
3860 2309 3946 2364 illic

2346 2426 2764 2484 saepenumero
2785 2408 3086 2482 profectus
3112 2408 3201 2464 sit.
3233 2409 3573 2462 Assertores
3593 2408 3779 2460 tamen
3801 2397 3947 2456 nostri

2344 2500 2419 2556 de
2453 2503 2684 2572 septem
2709 2497 2940 2554 vicibus
2969 2496 3112 2552 certi
3142 2499 3298 2550 sunt.
3355 2498 3531 2562 Nam,
3583 2491 3718 2565 quia
3758 2491 3836 2544 vis
3863 2487 3945 2541 hu-

2345 2604 2544 2644 manae
2573 2591 2803 2642 naturaa
2834 2589 2942 2650 est,
2969 2589 3036 2641 ut
3065 2599 3302 2656 semper
3325 2582 3540 2638 lumen
3567 2580 3697 2636 velit
3715 2577 3945 2651 aspicere,

2343 2678 2434 2734 vir
2463 2677 2591 2744 iste,
2625 2692 2765 2732 cum
2793 2679 2948 2731 esset
2973 2673 3274 2747 spiritalis,
3319 2671 3411 2728 illi
3447 2671 3568 2727 duo
3591 2667 3785 2726 mundi
3807 2662 3942 2721 lumi-

2344 2767 2537 2838 naria,
2569 2769 2812 2822 Petrum
2843 2763 3063 2820 scilicet
3091 2768 3148 2820 et
3175 2761 3458 2829 Paulum,
3499 2757 3810 2834 spiritaliter
3847 2768 3944 2809 am-

575 2852 707 2921 lari,
733 2851 1035 2922 religionis
1066 2850 1374 2924 proposito
1403 2849 1696 2906 deservire
1731 2867 1743 2906 :
1775 2849 1926 2906 sicut
1953 2866 1984 2906 e
2031 2853 2234 2906 contra

2345 2855 2550 2912 biebat
2579 2859 2866 2928 spectare.
2883 2855 2950 2909 Et
2969 2851 3260 2925 quoniam
3289 2851 3464 2924 ipsos
3487 2849 3733 2906 necdum
3759 2841 3946 2902 volebat

576 2942 754 2998 nimis
782 2941 1254 3012 ignominiosum
1302 2945 1408 3009 est,
1457 2939 1568 2996 sub
1615 2939 1888 3012 ejusdem
1934 2939 2236 3009 religionis

574 3031 932 3088 indumento
960 3030 1250 3087 saeculum
1276 3029 1587 3103 quaesisse.
1622 3031 1770 3085 Cum
1813 3045 1957 3100 ergo
2001 3029 2092 3086 vir
2129 3029 2237 3085 iste

575 3137 699 3178 non
726 3121 976 3178 haberet
1001 3120 1230 3188 fratres,
1262 3123 1328 3176 ut
1355 3119 1580 3191 praefati
1636 3135 1873 3188 sumus,
1927 3135 2068 3174 cum
2109 3118 2238 3192 qui-

573 3210 690 3266 bus
737 3210 892 3266 bene
941 3214 998 3265 et
1035 3208 1374 3280 jocunditer
1419 3207 1716 3264 habitaret
1757 3207 1820 3262 in
1851 3222 2060 3275 unum,
2103 3207 2236 3262 vitae

573 3299 756 3370 hujus
779 3298 1108 3354 incolatum
1135 3297 1378 3354 taediose
1409 3296 1656 3353 ferebat.
1683 3298 1752 3352 Et
1777 3296 1930 3352 sicut
1959 3296 2104 3352 olim
2133 3313 2236 3352 co-

571 3387 784 3444 lumba
807 3391 948 3457 Noe,
988 3402 1129 3443 cum
1159 3385 1302 3442 foris
1327 3401 1450 3441 non
1481 3385 1808 3441 invenisset
1852 3385 1959 3440 ubi
2000 3386 2232 3458 requie-

575 3482 781 3548 sceret,
828 3477 908 3534 ad
955 3493 1181 3556 arcam,
1231 3481 1288 3533 et
1335 3476 1408 3533 ad
1445 3477 1647 3549 ipsum
1697 3479 1816 3532 Noe
1845 3475 2080 3532 redibat
2110 3493 2122 3531 :
2151 3476 2234 3532 sic

573 3567 685 3624 iste
733 3567 821 3623 vir
867 3567 1018 3622 inter
1068 3566 1249 3636 hujus
1294 3565 1495 3621 saeculi
1537 3564 1772 3632 ﬂuctus,
1823 3564 1904 3620 ad
1941 3569 2234 3620 secretum

575 3657 769 3714 cordis
797 3670 1132 3724 recurrens,
1181 3653 1242 3708 in
1295 3652 1508 3710 Christi
1553 3651 1940 3708 delectatione
1969 3652 2233 3725 quiesce-

570 3745 694 3804 bat.
727 3749 874 3814 Non,
907 3743 1068 3802 enim
1107 3742 1260 3800 sicut
1283 3758 1500 3800 corvus
1524 3741 1641 3811 ille,
1672 3741 1988 3799 morticino
2025 3759 2232 3816 corpo-

572 3851 686 3893 rese
712 3833 1122 3892 delectationis
1151 3833 1470 3890 inhzeserat
1501 3849 1514 3888 :
1547 3831 1691 3906 quia
1717 3832 2011 3889 renuebat
2029 3833 2234 3891 anima

573 3927 703 3998 ejus
730 3925 920 3997 gloria
947 3923 1259 3998 praesentis
1286 3922 1420 3978 vitae
1465 3921 1781 3994 consolari,
1840 3922 1950 3978 sed
1996 3939 2232 3980 memor

571 4015 674 4071 Dei
698 4014 810 4083 sui,
842 4011 1281 4080 delectabatur;
1313 4014 1370 4068 et
1397 4011 1476 4068 ad
1494 4016 1786 4068 secretum
1816 4011 2034 4085 cordis,
2056 4012 2232 4085 quasi

573 4103 652 4159 ad
677 4118 902 4170 arcam,
931 4115 1264 4168 recurrens,
1309 4099 1424 4155 sub
1475 4099 1682 4171 lingua
1722 4115 1834 4156 sua
1867 4100 2226 4158 exsultabat.

2345 2945 2582 3012 intueri,
2613 2943 2842 3000 loculos
2867 2958 3077 2998 eorum
3108 2945 3165 2998 et
3193 2939 3428 3013 templa
3465 2940 3676 3012 saepius
3715 2934 3942 2992 invisens.

2343 3052 2439 3092 res
2489 3051 2628 3092 suas
2652 3034 2848 3091 eidem
2889 3033 3068 3089 beato
3115 3034 3284 3088 Petro
3341 3028 3660 3100 delegavit.
3700 3029 3838 3082 Hanc
3861 3019 3944 3074 sibi

2343 3125 2538 3196 legem
2595 3122 2953 3197 praefixerat,
3013 3124 3078 3177 ut
3129 3119 3406 3176 secundo
3447 3133 3676 3191 semper
3718 3127 3854 3170 anno
3886 3107 3944 3164 ad

2345 3213 2690 3286 sepulcrum
2735 3227 2946 3268 eorum
2988 3212 3344 3277 recurreret,
3409 3209 3727 3279 decemque
3771 3198 3944 3257 solidos

2343 3303 2423 3360 ad
2452 3302 2764 3377 proprium
2795 3301 3016 3358 collum
3063 3298 3501 3374 dependentes,
3550 3301 3814 3368 tanquam
3839 3301 3943 3358 ειιΡ·

2343 3392 2483 3466 plex
2513 3407 2740 3460 servus,
2775 3391 3028 3447 Domino
3061 3405 3174 3445 suo
3211 3387 3394 3462 quasi
3437 3401 3678 3444 censum
3725 3379 3942 3466 deferret.

2342 3465 2415 3536 λι
2439 3495 2582 3536 vero
2611 3478 2746 3552 quis
2775 3478 2955 3548 digne
2981 3476 3233 3550 explicet
3263 3492 3461 3549 quam
3500 3475 3704 3530 devote
3725 3465 3852 3526 illud
3873 3477 3943 3517 el-

2341 3569 2592 3642 plebat?
2647 3571 2792 3624 Tam
2844 3567 3152 3622 beneﬁcus
3195 3581 3338 3636 erga
3389 3565 3724 3635 indigentes
3759 3559 3878 3621 erat,
3899 3553 3946 3606 ut

2341 3674 2496 3731 pene
2520 3655 2754 3713 nullum
2784 3671 3136 3728 pauperem,
3159 3655 3266 3728 qui
3287 3653 3414 3710 illic
3445 3649 3776 3710 catervatim
3800 3643 3945 3701 abun-

2341 3747 2593 3818 dabant,
2643 3745 2772 3817 ejus
2823 3743 3066 3816 largitas
3117 3742 3472 3817 praeteriret,
3529 3741 3610 3798 ita
3650 3755 3708 3796 se
3747 3735 3946 3793 ﬁdenter

2342 3835 2612 3894 exaudiri
2663 3834 2997 3902 conﬁdens,
3053 3833 3102 3889 si
3153 3833 3279 3906 ipse
3331 3831 3668 3888 clamantes
3707 3833 3944 3900 pauperes

2341 3927 2594 3983 audiret.
2629 3927 2778 3981 Nam
2807 3928 2865 3980 et
2891 3922 3188 3994 contiguis
3235 3921 3340 3978 vis:
3391 3917 3762 3978 monasteriis
3802 3907 3947 3968 multa

2340 4015 2724 4087 largiebatur.
2755 4017 2837 4069 Ita
2860 4029 3002 4069 vero
3031 4012 3196 4068 fama
3225 4015 3408 4068 tantae
3453 4011 3582 4082 ejus
3625 3997 3945 4087 benignitatis

2342 4083 2574 4177 passim
2601 4107 2658 4159 et
2681 4102 2904 4176 ubique
2932 4103 3344 4176 personuerat.
3383 4100 3556 4157 Unde
3603 4101 3658 4154 et
3699 4083 3944 4177 monachi.

573 4193 842 4264 Namque
870 4189 1246 4262 iniquitatem
1273 4203 1399 4244 non
1430 4188 1662 4245 sinebat
1690 4189 1912 4245 diutius
1948 4189 2011 4245 in
2050 4191 2228 4246 corde
2259 4211 2305 4266 ι)
2343 4176 2402 4250 et
2431 4192 2750 4268 peregrini,
2782 4207 3019 4248 necnon
3043 4194 3101 4247 et
3125 4188 3315 4261 egeni,
3354 4189 3470 4262 qui
3499 4192 3556 4244 et
3581 4183 3826 4257 hospites
3851 4176 3946 4268 ejIIS

575 4295 686 4336 suo
733 4279 1018 4352 aspicere,
1075 4281 1348 4334 metuens
1394 4293 1470 4332 ne
1525 4277 1673 4334 forte
1733 4293 1874 4334 eum
1939 4279 2227 4335 Dominus

574 4367 856 4424 exaudire
885 4366 1086 4423 nollet.
1121 4367 1275 4432 Quin
1305 4365 1504 4438 potius
1527 4371 1794 4438 peccata,
1845 4367 1971 4424 sine
2009 4367 2230 4440 quibus

573 4459 844 4514 humana
873 4455 1134 4512 conditio
1163 4471 1295 4512 esse
1324 4454 1552 4528 nequit,
1582 4471 1718 4528 qua»,
1761 4455 1936 4512 nobis
1981 4455 2228 4530 leviora,

571 4547 656 4604 illi
683 4563 822 4604 vero
851 4546 1210 4604 videbantur
1239 4545 1467 4616 gravia,
1499 4545 1580 4602 ita
1602 4561 1840 4618 semper
1875 4562 1998 4618 prae
2043 4547 2231 4604 oculis

573 4636 855 4693 studebat
908 4650 1232 4706 agnoscere
1257 4677 1272 4705 ,
1343 4639 1409 4690 ut
1444 4633 1858 4691 remissionem
1911 4634 2232 4707 impietatis

573 4724 769 4781 cordis
797 4740 922 4781 non
951 4724 1282 4796 ambigeret
1329 4739 1366 4780 a
1403 4726 1523 4780 Deo
1561 4723 1880 4780 clementer
1903 4724 2228 4797 percipere.

575 4813 664 4870 0b
719 4813 886 4886 quod
921 4829 1026 4869 rex
1080 4815 1211 4886 ejus
1258 4818 1316 4869 et
1363 4814 1670 4882 Dominus,
1715 4814 1878 4871 viam
1930 4815 2118 4888 ipsius
2167 4816 2230 4872 in

575 4906 898 4975 conspectu
929 4918 1038 4958 suo
1062 4902 1523 4959 misericorditer
1551 4903 1864 4974 dirigebat,
1892 4909 1950 4962 et
1976 4905 2230 4962 orationi

645 5027 796 5098 (108)
840 5025 914 5082 Ut
948 5025 1842 5099 Romamfrequentiusiadiret.
1889 5031 2074 5099 Reges
2115 5029 2229 5099 ipsi

573 5097 963 5177 Francorum,
1012 5099 1072 5151 et
1111 5098 1456 5177 quicunque
1497 5097 1559 5152 in
1601 5098 1852 5177 Francia
1881 5097 2080 5173 primi,
2123 5097 2231 5157 Ro-

573 5185 742 5226 mam
765 5167 918 5249 olim.
930 5165 1445 5249 peregﬂnatipnis
1464 5183 1546 5249 ac,
1563 5170 1848 5249 oratio_n_is
1877 5165 2076 5249 causa
2089 5187 2228 5249 pro:

617 5255 784 5298 erare
813 5237 988 5296 soliti.
1015 5242 1233 5294 Auctor
1258 5237 1398 5294 Vitae
1425 5238 1706 5296 Ludovici
1731 5243 1850 5297 Pii:
1889 5265 1916 5292 ‹‹
1949 5237 2156 5298 Incidit
2175 5244 2228 5300 ei

617 5311 938 5368 esiderium
967 5309 1281 5366 dominam
1305 5309 1618 5381 quondam
1658 5311 1818 5367 orbis
1865 5313 2065 5368 videre
2114 5315 2225 5369 Ro-

573 5397 762 5455 mam,
817 5381 1220 5455 principisque
1275 5379 1686 5453 apostolorum
1732 5387 1912 5455 atque
1967 5384 2227 5455 doctoris

573 5452 842 5523 gentium
871 5452 1034 5526 adire
1059 5452 1288 5526 limina,
1313 5452 1500 5526 seque
1545 5452 1841 5525 suamque
1887 5453 2120 5526 prolem
2173 5457 2226 5512 ei

571 5521 1019 5584 commendare.
1052 5525 1196 5592 Quae
1222 5521 1320 5582 res
1343 5521 1466 5580 Déo
1488 5521 1910 5598 prosperante
1931 5539 2040 5598 pro
2081 5529 2224 5584 voto

2342 4287 2614 4356 tempore
2642 4297 2763 4353 quo
2793 4279 2999 4336 Romei
3029 4279 3276 4335 transire
3303 4277 3522 4346 solent,
3551 4272 3783 4332 sollicite
3799 4277 3948 4338 reqm-

2339 4371 2574 4439 rebant,
2603 4371 2654 4425 si
2675 4384 2876 4426 comes
2907 4367 3194 4424 Geraldus
3227 4367 3471 4435 veniret,
3505 4364 3600 4421 vel
3629 4357 3850 4435 quando
3871 4365 3946 4406 ve-

2339 4459 2510 4516 niret.
2533 4459 2652 4533 Ipsi
2672 4457 2896 4531 quippe
2917 4457 3183 4525 Marruci,
3196 4455 3459 4526 rigentes
3479 4451 3740 4511 videlicet
3753 4442 3944 4533 Alpium

2337 4531 2579 4620 incolae,
2618 4547 2766 4604 nihil
2813 4546 3218 4620 quaestuosius
3263 4543 3664 4604 aestimabant,
3709 4547 3870 4610 quam
3899 4531 3946 4582 ut

2340 4619 2786 4714 suppelectilem
2818 4619 3050 4694 Ceraldi
3077 4653 3185 4710 per
3211 4637 3357 4708 (109)
3377 4636 3532 4708 juga
3555 4629 3762 4688 montis
3778 4619 3944 4682 Jovina

2338 4729 2808 4786 transveherent.

2382 4821 2562 4875 XVIII.
2579 4817 2876 4889 Carpebat
2889 4831 3134 4889 quoque
3149 4813 3422 4888 quadam
3436 4811 3562 4870 vice
3578 4811 3688 4867 hoe
3703 4807 3817 4864 iter.
3829 4801 3942 4889 Cum

2337 4907 2593 4964 venisset
2637 4885 2840 4963 autem
2881 4885 2962 4962 ad
3010 4885 3308 4961 civitatem
3353 4901 3604 4960 nomine
3645 4885 3944 4958 Astam,fu1'

2341 5029 2531 5086 cessit.
2555 5052 2603 5103 _»
2643 5027 2936 5103 Rigordus
2956 5028 3020 5103 _i_n
3050 5027 3317 5102 Philippo
3338 5029 3610 5103 Augusto
3641 5042 3654 5080 :
3683 5007 3940 5103 «.Visitti‘itjs

2340 5089 2753 5182 apostolorum
2780 5101 3088 5182 liminibus
3117 5089 3938 5182 Romamtransien'sjgﬂaﬁ;

2339 5149 3264 5252 ἕῧειῐιῖῖῖξθέίῖὶὲῖῖἒὶῖοῖιὲῐιὲ
3272 5149 3939 5252 ἒῖιίξᾷἒξνιὲἓὶἓέἐὲἑ

2340 5227 2575 5316 scripsit
2598 5261 2617 5324 ,ε
2659 5265 2678 5296 ι
2713 5243 2878 5324 venit
2917 5227 3189 5324 Romam.
3223 5227 3328 5322 Ibi:
3338 5227 3626 5312 apostolis
3657 5227 3939 5290 reverenter

2338 5315 2663 5369 honoratis.
2688 5315 2830 5369 adut
2853 5313 3063 5369 urbem
3095 5313 3346 5369 Viterbu.
3389 5333 3420 5361 ››
3899 5363 3906 5369 .

2464 5329 2663 5369 OPallS.
2688 5329 2830 5369 aunt
2853 5329 3063 5369 urbem
3100 5329 3346 5369 νηθωιι.
3389 5333 3420 5361 >ι

2381 5328 2663 5382 onoraus,
2688 5328 2830 5369 aunt
2853 5328 3063 5370 urbem
3100 5328 3346 5369 vnernu.
3389 5333 3420 5361 ››
3899 5363 3906 5371 .

2387 5387 2553 5466 ,(109)
2591 5388 2754 5466 .1qu
2779 5387 2998 5466 montis
3024 5385 3502 5466 Jovinq.__Petrus
3549 5375 3936 5466 Damiaguiﬁ

2337 5447 2464 5513 Vita
2499 5447 2998 5524 sanctiOdilonis,
3050 5472 3182 5528 cap.
3232 5459 3317 5520 15,
3361 5453 3564 5528 Jpvim
3593 5447 3792 5504 montis
3809 5447 3936 5509 Ρνίν·

2339 5533 2522 5598 rupta
2548 5528 2801 5586 vocavit.
2835 5529 2952 5583 Nos
2975 5525 3156 5597 vulgo
3183 5529 3348 5582 ment
3369 5525 3550 5580 Jouai.
