4096 6138
245 111 340 165 681

973 123 976 128 ·
1044 113 1134 166 DE
1173 109 1338 167 VITA
1378 109 1435 165 S.
1477 104 1780 164 GEBALDI
1820 99 2094 158 COMITIS
2130 103 2480 165 AURILIAC.
2507 139 2576 150 -—
2614 112 2742 166 LIB.
2785 113 2854 166 II.

3557 117 3662 170 682

242 232 491 306 quidam
522 231 676 287 duos
695 248 766 287 ex
797 232 925 302 ejus
953 233 1266 300 sagmariis
1299 229 1614 304 subripuit.
1634 225 1892 282 Veniens
1923 223 1972 277 Α
2011 240 2236 297 aquam
2264 232 2401 285 ante
2428 245 2490 286 se
2540 230 2710 287 fundi
2761 232 2822 288 in
2879 236 3099 288 terram
3146 231 3420 291 faciebat.
3468 235 3668 293 Mulier

242 327 442 378 autem
473 322 550 377 ad
581 321 907 393 quemdam
939 322 1218 387 rivulum,
1251 335 1462 390 cogere
1501 336 1604 375 eos
1631 333 1754 374 non
1787 332 1894 388 po-

245 411 350 466 tuit
381 415 444 464 ut
475 409 811 479 transirent,
840 410 1030 466 donec
1059 411 1136 466 ab
1167 410 1516 466 hominibus
1549 406 1758 464 domni
1789 408 1896 460 Ge-

241 497 391 553 raldi
422 497 891 569 comprehensus
917 504 1022 553 cst.
1057 497 1322 571 Receptis
1364 512 1627 570 namque
1657 509 1895 564 sagma-

241 587 360 653 riis,
393 585 474 642 ni]
507 585 696 641 furem
729 585 895 642 laesit.

313 678 440 732 XIX.
500 675 776 741 Quadam
837 676 986 746 vice,
1019 693 1155 732 cum
1213 676 1489 732 illuditer
1539 675 1894 739 excurreret,

239 764 569 838 quemdam
601 765 969 820 monachum
1003 766 1245 821 nomine
1267 766 1606 821 Aribertum
1638 761 1901 818 ducebat

242 871 469 924 secum,
523 869 758 922 magna:
813 854 1029 910 scilicet
1087 855 1457 911 abstinentite
1500 854 1715 909 virum.
1776 851 1898 906 Hoc

240 959 506 1016 namque
531 942 758 999 eratilli
815 943 989 1000 dulce
1036 943 1516 1008 contubernium,
1553 947 1615 998 ut
1664 941 1896 1013 quoties

245 1033 536 1102 religiosa:
598 1033 732 1088 vitae
778 1034 1129 1106 quempiam
1169 1034 1503 1107 reperisset,
1537 1033 1596 1088 in
1625 1031 1724 1086 illo
1748 1046 1899 1085 sem-

250 1137 358 1194 per
381 1120 782 1178 aﬁ‘cctuosius
804 1121 1158 1178 delectabat.
1217 1125 1460 1178 Factum
1487 1125 1575 1178 est
1631 1120 1898 1192 aliquan-

240 1210 340 1278 do,
374 1216 438 1267 ut
467 1211 700 1266 deesset
729 1210 1219 1282 pulmentarium,
1267 1228 1388 1284 quo
1442 1210 1773 1268 abstemius
1802 1207 1897 1262 ille

241 1317 379 1357 cum
406 1316 565 1374 pane
601 1306 960 1357 vesceretur.
991 1302 1198 1359 Senior
1248 1318 1389 1358 vero
1416 1301 1678 1357 studiose
1707 1297 1902 1370 requi-

239 1391 332 1456 rit,
366 1405 444 1446 an
475 1394 830 1446 consuetum
856 1390 934 1445 illi
963 1390 1168 1446 cibum
1215 1391 1469 1446 ministri
1501 1389 1893 1461 paravissent.

243 1479 761 1552 Respondentibus
787 1478 900 1534 illis
929 1478 1095 1552 quod
1122 1479 1268 1535 nihil
1297 1485 1509 1552 praeter
1536 1494 1758 1552 panem
1789 1477 1897 1532 ha-

2007 330 2149 370 vero
2179 333 2416 390 semper
2443 334 2584 374 eum
2614 324 2817 377 secuta
2843 326 2935 378 est
2983 322 3175 379 donec
3201 323 3296 380 ille
3320 324 3449 395 jam
3495 325 3668 381 fundi

2007 420 2232 476 aquam
2255 409 2500 465 minime
2529 414 2784 466 curaret.
2821 413 2950 476 Qua
2981 413 3195 469 mulier
3225 413 3498 485 tandem,
3532 415 3665 488 ipso

2007 495 2328 568 nesciente,
2387 498 2728 571 impetrata,
2782 499 2990 556 oculos
3049 502 3190 558 caeci
3242 502 3346 558 ﬁlii
3389 504 3579 576 diluit,
3611 508 3669 561 et

2005 581 2132 655 ipse
2162 585 2434 656 protinus
2461 587 2539 643 ad
2570 587 2797 656 lumen
2852 588 3042 644 rediit.
3089 593 3237 646 Cum
3265 606 3407 661 ergo
3436 593 3525 648 vir
3553 596 3666 649 Do-

2007 673 2155 728 mini
2175 675 2253 731 ab
2286 676 2432 733 urbe
2458 681 2803 744 remeasset,
2831 677 3135 733 videntem
3160 679 3350 735 tilium
3382 682 3668 754 praedicta

2008 762 2220 818 mulier
2248 764 2440 821 eidem
2469 766 2870 838 praesentavit.
2891 769 2956 822 Et
2984 783 3125 822 cum
3145 767 3260 822 hoc
3281 769 3505 825 factum
3536 786 3663 826 om-

2006 865 2114 906 nes
2148 852 2625 924 magniﬁcarent,
2684 853 2778 910 ille
2811 858 3013 910 tacens
3061 859 3118 910 et
3145 854 3488 926 lacrymans
3520 857 3664 926 ibat,

2005 954 2116 994 nec
2146 939 2243 994 illo
2265 941 2565 1006 audiente,
2597 941 2922 1014 quisquam
2948 942 3022 998 de
3047 944 3162 998 hoc
3186 942 3278 998 vel
3313 942 3667 1015 hujusmodi

2005 1027 2344 1101 quidquam
2371 1029 2587 1086 referre
2617 1030 2899 1087 audebat.

2079 1137 2205 1190 XXI.
2229 1134 2439 1192 Mirum
2471 1135 2786 1208 quiddam,
2807 1140 2864 1192 et
2892 1135 3041 1192 forte
3067 1135 3412 1192 incredibile
3444 1136 3662 1194 dicam.

2009 1223 2125 1280 Sed
2179 1227 2381 1280 tamen
2412 1224 2654 1280 duobus
2710 1225 2959 1281 testibus
3015 1224 3077 1281 id
3105 1225 3510 1281 asserentibus
3548 1241 3669 1282 cre-

2005 1312 2176 1382 dens,
2220 1313 2324 1385 qui
2380 1313 2660 1382 referunt,
2721 1315 2888 1386 quod
2915 1314 3108 1370 isdem
3159 1314 3250 1370 vir
3279 1314 3513 1370 Domini
3562 1330 3669 1388 per

2004 1400 2167 1456 illam
2192 1401 2353 1457 viam
2381 1402 2458 1457 ab
2489 1402 2653 1458 Italia
2683 1403 2900 1458 rediret
2927 1419 3050 1475 qua
3073 1403 3432 1479 Lugdunum
3459 1420 3496 1459 a
3525 1405 3666 1459 civi-

2004 1492 2122 1544 tate
2187 1489 2533 1545 Taurinensi
2587 1490 2840 1546 venitur.
2899 1493 3233 1547 Transierat
3275 1492 3404 1562 jam
3463 1492 3664 1565 Alpes,

240 1567 467 1637 herent,
527 1567 882 1624 anxiabatlll‘
930 1568 1046 1634 ille,
1106 1567 1353 1624 dicens:
1416 1569 1458 1623 0
1518 1567 1664 1640 quid
1720 1565 1896 1622 DObiS
1926 1580 1966 1633 Β
2005 1580 2062 1631 et
2085 1576 2369 1648 quaedam
2394 1576 2528 1632 loca
2557 1577 2756 1645 nimis,
2787 1581 2851 1632 ut
2878 1576 3082 1645 fertur,
3107 1578 3667 1650 inaquosa,itineris

241 1658 417 1714 hodie
445 1658 738 1728 contigit?
795 1662 909 1715 Nos
950 1673 1160 1714 omnes
1217 1657 1458 1731 plenam
1517 1655 1897 1713 refectionem

243 1749 558 1815 habemus,
589 1754 646 1805 et
673 1750 780 1805 iste
812 1749 912 1805 Dei
953 1765 1160 1804 servus
1215 1749 1277 1804 in
1335 1748 1739 1805 attenuatione
1767 1746 1894 1803 erit.

248 1841 382 1894 Erat
439 1843 640 1893 autem
697 1838 823 1893 dies
888 1837 1263 1894 abstinentiae
1335 1837 1584 1892 solutus.
1639 1839 1898 1907 Tempus

241 1926 527 1982 abluendi
557 1941 774 1982 manus
791 1927 923 1998 jam
948 1929 1195 1982 venerat
1247 1929 1302 1981 et
1356 1924 1617 1995 Samuel,
1648 1925 1754 1997 qui
1782 1925 1898 1980 hoc

239 2031 510 2088 praesens
550 2020 774 2081 narrat,
807 2015 885 2070 ad
917 2013 1287 2071 afferendam
1341 2030 1565 2086 aquam
1617 2012 1897 2083 cucurrit,

241 2120 382 2159 cum
413 2103 560 2159 forte
587 2103 804 2176 reperit
833 2102 1190 2175 pisciculum
1218 2103 1280 2157 in
1309 2102 1499 2158 littore
1538 2102 1896 2174 expositum,

241 2197 299 2248 et
327 2191 739 2264 palpitantem,
771 2192 873 2264 qui
906 2191 1038 2263 ipso
1086 2191 1324 2246 vidente
1353 2190 1427 2245 de
1489 2205 1651 2261 aqua
1676 2189 1901 2245 exsilie-

239 2285 350 2336 rat.
386 2282 515 2346 Quo
549 2282 930 2354 apprehenso
958 2281 1126 2336 laetus
1157 2281 1234 2336 ad
1284 2279 1578 2335 seniorem
1609 2277 1894 2334 cucurrit:

241 2371 346 2439 En,
379 2367 681 2441 inquiens,
737 2372 890 2424 Deus
921 2369 1148 2440 piscem
1177 2369 1340 2423 hunc
1397 2367 1566 2423 vobis
1596 2366 1898 2423 transmit-

240 2455 344 2524 tit;
375 2471 520 2511 nam
544 2457 715 2527 juxta
746 2472 972 2528 aquam
1001 2456 1284 2524 eumdem
1316 2454 1655 2528 expositum
1683 2454 1894 2527 reperi.

239 2549 311 2600 At
342 2544 458 2610 ille,
493 2547 612 2600 Deo
645 2545 866 2615 gratias
895 2545 1224 2618 respondit.
1259 2546 1326 2599 Et
1353 2543 1588 2598 interim
1619 2543 1766 2598 dum
1797 2558 1897 2598 co-

239 2637 538 2706 queretur,
597 2633 914 2689 tentorium
969 2632 1281 2704 ingressus
1334 2647 1532 2702 genua
1583 2631 1784 2700 ﬂectit,
1843 2635 1900 2686 et

240 2739 378 2779 cum
408 2721 691 2795 lacrymis
722 2722 1153 2794 aliquantisper
1200 2721 1416 2778 oravit.
1447 2721 1602 2776 Talis
1631 2721 1793 2776 enim
1817 2719 1896 2774 illi

239 2827 371 2867 mos
397 2816 687 2884 perpetuo
718 2811 928 2878 inerat,
961 2816 1025 2866 ut
1055 2811 1201 2865 nihil
1241 2810 1470 2867 Christo
1516 2811 1900 2881 praeponeret

238 2918 450 2958 verum
475 2901 675 2974 potius
703 2917 808 2974 per
837 2901 1075 2970 singula
1129 2916 1385 2974 quaeque
1413 2899 1526 2956 sibi
1553 2899 1776 2955 scilicet
1804 2914 1900 2954 ac-

239 2990 497 3046 cidentia
546 2990 630 3046 illi
659 2990 879 3060 gratias
905 2989 1118 3046 devote
1141 2990 1430 3045 referrret.
1475 2989 1605 3061 Qui
1654 3004 1793 3044 cum
1821 2988 1900 3044 ab

239 3080 506 3136 oratione
528 3079 899 3147 surrexisset,
914 3079 1082 3134 laetus
1107 3078 1440 3135 admodum
1462 3078 1744 3134 omnibus
1765 3093 1903 3134 con-

240 3168 398 3225 stitit.
432 3172 580 3225 Tum
605 3184 744 3224 vero
801 3167 1264 3224 consedentibus
1314 3167 1392 3224 ad
1445 3183 1740 3236 mensam,
1800 3183 1901 3223 co-

239 3259 429 3316 medit
458 3259 552 3315 ille
585 3258 915 3315 abstemius
949 3275 1141 3332 usque
1200 3258 1362 3325 satis,
1406 3261 1463 3314 et
1514 3274 1654 3313 cum
1704 3257 1903 3313 adhuc

240 3363 382 3420 pars
413 3346 694 3420 quaedam
740 3346 814 3402 de
854 3347 1016 3419 pisce
1070 3350 1424 3420 superesset,
1484 3345 1736 3416 urgebat
1763 3361 1902 3401 eum

243 3435 459 3499 senior,
488 3435 713 3503 dicens,
746 3439 810 3491 ut
862 3435 1032 3508 quid,
1062 3434 1262 3498 frater,
1314 3433 1624 3490 modicum
1652 3434 1901 3506 piscem,

239 3525 386 3581 nihil
417 3525 580 3582 aliud
605 3525 940 3593 habiturus,
963 3525 1277 3581 comedere
1309 3523 1602 3580 moraris?
1634 3525 1781 3580 Cum
1808 3523 1904 3578 ille

236 3615 368 3686 jam
396 3614 674 3670 satiatum
700 3618 1010 3684 assereret,
1042 3614 1426 3686 praegustavit
1449 3613 1726 3681 senior,si
1754 3613 1903 3670 forte

239 3702 441 3759 bonus
471 3707 646 3758 esset.
680 3705 746 3758 Et
765 3702 974 3776 optimi
998 3702 1229 3775 saporis
1259 3718 1399 3759 eum
1420 3718 1549 3759 esse
1579 3702 1901 3775 reperiens,

241 3792 634 3849 manducavit
662 3797 720 3849 et
754 3792 882 3864 ipse
933 3797 1230 3866 quantum
1279 3792 1421 3848 satis
1447 3791 1575 3858 fuit,
1608 3796 1665 3847 et
1714 3790 1904 3847 omni-

239 3881 359 3938 bus
388 3882 492 3955 qui
521 3881 771 3938 aderant
825 3880 1150 3954 particulas
1178 3896 1289 3954 pro
1347 3879 1762 3936 benedictione
1800 3879 1905 3935 de-

242 3971 348 4027 dit.
378 3970 584 4028 Cuncti
635 3971 858 4041 gratias
908 3974 1026 4026 Deo
1079 3969 1427 4040 retulerunt,
1483 3985 1706 4024 munus
1762 3968 1908 4024 divi-

242 4075 394 4115 num
425 4059 748 4132 etinpisce
770 4063 1024 4132 reperto,
1076 4062 1134 4115 et
1185 4058 1246 4113 in
1274 4059 1390 4114 hoc
1442 4057 1610 4131 quod
1665 4073 1907 4130 supera-

243 4148 638 4222 bundaverat,
665 4153 1113 4221 cognoscentes.
1149 4150 1357 4204 Fuerat
1383 4146 1544 4203 enim
1575 4146 1906 4220 semipeda-

243 4239 319 4295 lis
349 4255 668 4296 mensurae.

318 4333 422 4386 XX.
456 4330 663 4386 Itidem
694 4346 833 4386 cum
862 4333 1118 4386 Romam
1164 4332 1456 4402 pergeret,
1512 4331 1568 4384 et
1592 4327 1672 4384 ad
1703 4327 1906 4383 civita-

247 4424 368 4475 tem
392 4419 638 4487 Tusciae,
670 4435 806 4492 quae
835 4421 991 4474 Luca
1011 4422 1281 4487 vocatur,
1321 4417 1708 4490 pervenisset,
1741 4433 1907 4490 quae-

246 4509 394 4565 dam
424 4525 486 4566 se
516 4509 729 4565 mulier
755 4508 808 4564 ei
863 4507 1110 4564 obviam
1139 4507 1411 4578 ingessit,
1470 4506 1710 4562 dicens:
1769 4505 1912 4561 Visu

248 4599 684 4655 commonitam
715 4614 776 4654 se
807 4614 956 4665 esse,
987 4601 1287 4670 quatenus
1318 4596 1508 4652 tilium
1539 4596 1668 4667 ejus
1699 4594 1911 4651 illumi-

249 4692 439 4743 naret.
466 4687 638 4753 Quod
668 4703 806 4743 cum
860 4685 955 4742 ille
983 4686 1268 4753 audisset,
1319 4684 1670 4759 exprobavit
1699 4683 1910 4740 mulie-

247 4792 400 4848 rem,
433 4779 489 4831 et
518 4776 738 4831 emisso
768 4774 934 4831 mulo
992 4791 1174 4847 quem
1201 4772 1467 4843 sedebat,
1514 4772 1781 4829 concitus
1811 4788 1914 4828 au-

248 4865 422 4936 fugit.
460 4866 644 4921 Porro
689 4864 902 4921 mulier
938 4863 1248 4937 quaerebat
1297 4879 1334 4920 a
1389 4862 1610 4936 quibus
1657 4865 1909 4936 poterat,

247 4953 508 5027 qualiter
535 4970 572 5009 a
599 4953 702 5009 Dci
729 4953 972 5009 homine
1002 4956 1309 5025 speratum
1339 4951 1701 5008 beneficium
1729 4952 1915 5024 impe-

250 5048 407 5099 trare
436 5047 656 5116 posset.
717 5046 864 5100 Cum
894 5042 1041 5098 forte
1071 5040 1377 5114 quispiam
1418 5040 1494 5096 de
1522 5040 1805 5097 ministris
1836 5038 1916 5096 ad

250 5132 567 5189 mulierem
599 5132 763 5198 dixit,
789 5132 953 5204 quod
977 5131 1051 5187 de
1074 5147 1235 5203 aqua
1256 5146 1476 5186 manus
1507 5131 1558 5201 ej
1569 5147 1637 5185 us
1654 5131 1782 5202 jam
1803 5130 1917 5185 vir-

253 5227 408 5279 tutes
437 5221 607 5280 factae
634 5221 901 5278 fuissent.
943 5225 1014 5276 At
1056 5236 1198 5276 vero
1249 5219 1446 5275 senior
1503 5235 1613 5292 pro
1667 5219 1915 5276 muliere

250 5310 557 5367 sollicitior
580 5311 795 5378 factus,
853 5309 1087 5382 quoties
1139 5324 1360 5365 manus
1415 5307 1722 5379 abluisset,
1774 5324 1917 5364 mox

250 5508 289 5564 1,
329 5439 474 5510 (ΗΟ)
507 5440 578 5494 In
602 5439 965 5509 [lusco-nibus
997 5436 1136 5493 Inde
1165 5439 1411 5506 ﬂacons.
1449 5438 1622 5492 Vetus
1644 5451 1760 5492 vox
1791 5437 1916 5493 Gal.

276 5525 389 5564 ica.

276 5525 410 5651 [cat
431 5581 477 5653 l)
497 5581 850 5651 Sepulcrum
872 5581 1233 5636 sanctissimi
1255 5581 1464 5636 damni
1483 5578 1611 5635 Mai
1625 5579 1754 5635 lini.
1785 5581 1914 5634 Frc-

545 5673 790 5726 Puaon.
818 5666 1110 5726 CXXXIII.

2005 1665 2376 1733 necessitate,
2409 1664 2716 1721 subibant.
2763 1665 3018 1734 Contigit
3049 1670 3251 1722 autem
3282 1671 3347 1721 ut
3375 1672 3432 1722 et
3459 1668 3667 1723 vinum

2004 1753 2066 1810 in
2093 1754 2321 1810 utribus
2348 1751 2646 1810 deﬁceret.
2680 1756 2748 1809 Et
2773 1753 2917 1826 quia
2964 1753 3129 1822 regio
3173 1753 3273 1808 illa
3297 1753 3667 1823 jamdudum

2007 1859 2044 1900 a
2077 1843 2414 1900 Sarracenis
2467 1843 2703 1898 deserta
2754 1846 2862 1914 est,
2903 1858 3043 1898 cum
3100 1857 3261 1914 aqua
3318 1841 3518 1896 desset
3559 1856 3668 1896 nec

2005 1931 2216 1988 vinum
2245 1931 2489 2004 reperiri
2528 1935 2782 2004 poterat,
2832 1930 3020 1987 nimia
3079 1931 3174 1986 siti
3204 1934 3514 2004 coeperunt
3562 1946 3670 1986 aes-

2007 2024 2194 2076 tuare.
2245 2021 2562 2077 Certabant
2614 2025 2814 2077 autem
2874 2019 2926 2075 si
2981 2020 3264 2092 possibile
3317 2023 3479 2075 esset
3516 2018 3664 2075 illud

2009 2110 2273 2182 spatium
2303 2109 2527 2165 itineris
2576 2109 2840 2165 velocius
2888 2109 3267 2182 pertransire,
3302 2109 3406 2164 sed
3438 2108 3668 2180 pedites

2006 2205 2186 2272 atque
2216 2199 2498 2269 sagmarii
2525 2199 2901 2254 deficiebant.
2939 2198 3103 2254 Unde
3148 2214 3389 2255 necesse
3422 2199 3534 2254 fuit
3577 2213 3667 2253 se-

2005 2289 2179 2359 niori,
2208 2293 2274 2344 ut
2299 2287 2536 2360 juberet
2558 2303 2660 2344 eos
2681 2287 2997 2360 paululum
3017 2287 3327 2344 remorari.
3359 2287 3542 2344 Maesti
3569 2287 3672 2342 ho-

2005 2378 2195 2434 mines
2227 2394 2407 2450 super
2433 2377 2708 2448 gramina
2733 2377 3036 2448 jacebant,
3069 2377 3349 2446 sagmarii
3374 2381 3666 2447 vagantes

2005 2467 2259 2540 passim,
2289 2471 2538 2536 cogente
2566 2466 2678 2534 siti,
2739 2482 2967 2539 pascua
3014 2465 3476 2539 perlustrabant.
3510 2469 3672 2522 Tunc

2007 2573 2164 2612 unus
2212 2573 2284 2611 ex
2326 2556 2552 2612 clericis
2607 2556 2881 2628 perrexit,
2915 2559 2980 2611 ut
3018 2555 3098 2611 ad
3151 2555 3531 2612 onerandum
3583 2571 3674 2611 sa-

2008 2644 2275 2715 gmarios
2306 2645 2635 2713 reduceret,
2691 2661 2801 2700 nec
2840 2644 3004 2700 illam
3063 2660 3322 2716 pausam
3379 2643 3662 2716 placebat

2006 2734 2374 2806 prolongari.
2439 2735 2695 2792 Clericus
2719 2750 2861 2804 ergo
2889 2734 3106 2806 reperit
3160 2734 3452 2790 fossulam
3481 2733 3672 2806 liquo-

2007 2839 2070 2878 re
2120 2823 2402 2896 plenam:
2463 2824 2714 2879 miratus
2768 2827 2880 2890 est,
2914 2827 2970 2879 et
3030 2823 3321 2895 quidnam
3357 2823 3430 2878 sit
3468 2822 3708 2895 explo-.

2006 2927 2140 2968 rare
2169 2911 2396 2973 volens,
2420 2911 2729 2968 inclinavit
2754 2927 2815 2967 se
2841 2928 2854 2964 ε
2889 2928 3027 2967 cum
3078 2912 3315 2967 interim
3345 2911 3544 2984 liquor
3572 2909 3670 2966 ille

2010 3017 2291 3074 saporem
2320 3001 2443 3057 vini
2464 3002 2714 3058 reﬂavit.
2768 3005 2916 3056 Tum
2954 3017 3098 3057 vero
3150 2999 3533 3056 laetabundus
3590 3000 3670 3056 ad

2011 3090 2311 3147 seniorem
2355 3089 2622 3157 recurrit,
2657 3094 2715 3146 et
2767 3090 2971 3145 nescio
3024 3088 3193 3162 quid,
3223 3088 3404 3144 veluti
3436 3088 3672 3158 vinum,

2011 3195 2074 3234 se
2103 3178 2393 3251 reperisse
2442 3177 2758 3234 nuntiavit.
2809 3177 3050 3234 Atille:
3107 3176 3282 3247 Quid,
3335 3175 3548 3249 inquit,
3580 3177 3672 3232 in-

2011 3267 2174 3324 sanis
2194 3268 2222 3323 ?
2249 3266 2484 3323 Utinam
2531 3282 2758 3339 aquam
2783 3265 3106 3338 reperisses
3133 3265 3145 3322 Ξ
3174 3269 3322 3322 Nam
3351 3265 3484 3321 istic
3511 3263 3675 3321 unde

2013 3356 2224 3412 vinum
2243 3357 2270 3412 '?
2297 3355 2618 3412 Clericulus
2652 3370 2796 3410 vero
2836 3357 3077 3426 sumpto
3105 3353 3378 3421 vasculo,
3430 3353 3504 3410 de
3531 3369 3681 3426 prae-

2011 3445 2172 3501 dicto
2225 3445 2456 3519 liquore
2513 3444 2807 3518 quiddam
2859 3445 3083 3517 hausit,
3114 3448 3172 3500 et
3215 3460 3419 3501 coram
3463 3444 3676 3501 attulit.

2014 3534 2078 3590 Id
2136 3549 2282 3590 sane
2335 3534 2511 3607 quod-
2548 3533 2802 3591 allatum
2878 3537 2985 3602 est,
3045 3537 3168 3590 tam
3223 3533 3484 3590 colorem
3555 3531 3680 3590 vini

2011 3638 2200 3696 quam
2226 3627 2283 3679 et
2338 3639 2617 3696 saporem
2667 3622 3045 3696 praeferebat.
3102 3625 3250 3678 Tum
3310 3621 3508 3678 senior
3554 3622 3683 3693 jus-

2015 3712 2090 3768 sit
2122 3712 2465 3785 capellanis,
2501 3717 2567 3768 ut
2609 3729 2850 3769 crucem
2882 3715 2938 3768 et
2965 3712 3262 3784 capsellas
3291 3711 3682 3785 reliquiarum

2014 3805 2338 3868 sumerent,
2386 3805 2440 3856 et
2503 3817 2684 3872 super
2737 3801 3026 3856 fossulam
3104 3801 3369 3872 praedicti
3428 3800 3680 3873 liquoris

2015 3891 2422 3946 exorcismum
2479 3905 2652 3961 aqua:
2715 3889 3049 3944 benedictae
3099 3888 3380 3944 facerent.
3451 3893 3532 3946 Ac
3583 3890 3682 3946 de-

2017 3979 2157 4034 hinc
2186 3979 2247 4033 in
2305 3977 2514 4034 Christi
2543 3977 2788 4032 nomine
2837 3977 3028 4047 jubet,
3080 3981 3146 4032 ut
3183 3977 3486 4047 gustando
3534 3977 3682 4050 quid

2018 4069 2175 4122 esset
2200 4064 2596 4137 explorarent.
2631 4064 2845 4119 Vinum
2876 4064 3077 4136 itaque
3124 4064 3507 4136 reperientes,
3539 4080 3682 4120 cum

2019 4153 2246 4222 ingenti
2301 4152 2698 4208 admiratione
2750 4156 2807 4208 et
2863 4152 3087 4222 gaudio
3117 4152 3204 4208 vir
3257 4151 3492 4208 Domini
3541 4167 3681 4207 cum

2018 4241 2132 4298 illis
2156 4241 2440 4298 omnibus
2471 4241 2696 4312 gratias
2745 4244 2864 4299 Deo
2895 4242 3033 4313 egit,
3065 4245 3122 4298 et
3172 4241 3529 4315 priusquam
3558 4240 3685 4315 ipse

2019 4332 2268 4400 biberet,
2302 4331 2584 4388 omnibus
2614 4331 2758 4388 dare
2789 4331 3092 4405 praecepit,
3149 4347 3274 4388 non
3301 4335 3504 4387 tamen
3542 4330 3684 4387 inde

2019 4421 2356 4496 quidquam
2410 4422 2559 4493 (HO)
2616 4421 2677 4478 in
2731 4421 3100 4478 ﬂasconibus
3156 4421 3350 4478 efferri
3396 4419 3693 4494 permisit;

2021 4511 2194 4578 Quod
2239 4512 2415 4582 juxta
2444 4510 2627 4567 ﬁdem
2657 4510 2916 4579 illorum,
2949 4510 3054 4584 qui
3113 4510 3226 4566 hoc
3264 4509 3485 4566 vidisse
3524 4505 3688 4567 asSe-

2020 4605 2180 4670 runt,
2215 4601 2442 4657 dictum
2474 4601 2568 4656 sit.
2627 4604 2850 4657 Tamen
2880 4616 2952 4655 ea
3008 4615 3144 4671 quae
3171 4615 3332 4654 nunc
3378 4597 3457 4654 ad
3483 4599 3686 4670 sepul-

2021 4706 2191 4745 crum
2221 4690 2352 4761 ejus
2379 4689 2552 4759 ﬁunt,
2606 4688 2768 4744 credi
2816 4688 2892 4744 de
2924 4703 2994 4743 eo
3053 4703 3186 4758 quae
3217 4685 3686 4754 audiunturfvel

2019 4779 2170 4846 hinc,
2205 4778 2300 4834 vel
2331 4777 2434 4834 111a
2466 4777 2742 4833 suadent.
3499 4779 3508 4790 '

2094 4867 2246 4924 XXII.
2282 4871 2402 4923 Hoc
2433 4870 2634 4923 autem
2665 4866 2772 4922 iter
2798 4867 2888 4922 vir
2929 4868 3173 4922 sanctus
3203 4864 3543 4939 frequenter
3567 4881 3693 4923 car-

2024 4956 2228 5030 pebat.
2248 4960 2377 5013 Non
2407 4955 2567 5012 enim
2585 4956 2714 5027 jam
2739 4956 2832 5012 vel
2862 4955 3086 5029 palatia
3109 4971 3317 5027 regum
3330 4955 3444 5025 ,vel
3471 4959 3689 5029 praeto-

2020 5044 2111 5101 ria
2132 5044 2703 5112 marchionum,non
2723 5048 2878 5100 certe
2906 5044 3322 5101 conventicula
3345 5044 3687 5116 principum

2022 5134 2188 5190 adire
2216 5133 2474 5189 volebat:
2505 5133 2610 5190 sed
2626 5133 2758 5189 coeli
2777 5133 3099 5204 consules,
3122 5136 3361 5190 Petrum
3394 5133 3614 5188 scilicet
3635 5135 3692 5186 et

2023 5222 2296 5290 Paulum,
2341 5223 2730 5295 frequentius,
2760 5227 2825 5278 ut
2855 5223 3267 5295 supradictum
3299 5225 3406 5287 est,
3437 5218 3690 5274 invisere

2025 5311 2332 5384 gestiebat.
2358 5311 2486 5368 Alia
2502 5312 2892 5369 nihilominus
2913 5312 3046 5368 loca
3057 5313 3404 5366 sanctorum
3422 5307 3468 5377 (1
3485 5310 3504 5360 l
3522 5309 3573 5376 1)
3605 5323 3694 5363 se-

2024 5441 2276 5511 quentes
2293 5437 2472 5511 etiam
2485 5443 2753 5511 veterum
2770 5435 2966 5492 omnis
2974 5432 3210 5511 ordinis
3225 5435 3282 5511 et
3301 5423 3612 5511 dignitatis
3622 5430 3702 5511 ad

2024 5503 2381 5565 memoriam
2403 5510 2526 5565 sive
2585 5508 2929 5581 sepulcrum
2968 5508 3023 5560 S.
3053 5503 3279 5581 Martini
3333 5503 3701 5581 Turonensis

2027 5581 2294 5654 episcopi
2311 5596 2640 5638 concursus
2653 5573 2714 5636 et
2732 5575 3100 5634 devotiones.
3113 5579 3333 5632 Auctor
3350 5575 3490 5632 Vitae
3509 5573 3708 5632 Caroli

3334 5665 3404 5718 22
