4096 6138
571 138 676 194 683

567 257 888 330 pulchrum
919 253 1184 310 videlicet
1208 253 1569 310 sanctissimi
1601 253 1767 310 domi
1792 253 2018 312 Martini
2049 253 2215 324 (H2),

566 361 803 402 necnon
823 347 879 400 et
892 343 1051 399 beati
1063 342 1543 411 Martialis,alacri
1561 343 1876 400 devotione
1901 343 2219 416 perlustra-

564 433 688 490 bat.
719 431 906 489 Credo
937 431 1462 504 contemplabatur
1494 432 1557 488 in
1587 431 1816 505 spiritu,
1843 432 2098 505 qualiter
2122 431 2220 487 illa

560 521 877 577 beatorum
907 519 1170 591 agmina,
1186 521 1248 576 in
1275 520 1520 592 superni
1545 520 1815 592 Capitolii
1837 520 2000 577 curia
2018 520 2222 576 ltetan-

561 613 676 666 tur.
711 609 942 676 Quibus
968 609 1168 682 itaque
1189 613 1326 683 post
1353 608 1668 681 paululum
1698 609 2043 680 sociandus,
2071 623 2218 678 gau-

561 697 732 755 dium
757 697 994 754 Domini
1015 699 1106 754 sui
1131 699 1260 770 jam
1291 698 1668 772 aliquatenus
1697 699 2125 770 praegustabat.

468 779 477 787 “
633 789 809 846 XXIII.
833 789 1146 862 Scirposus
1167 804 1312 859 ager
1324 788 1578 844 habetur
1593 789 1748 845 ultra
1769 789 2069 860 Sutriam,j
2079 793 2219 844 uxta

561 879 826 950 burgum
861 877 1138 934 videlicet
1165 879 1269 952 qui
1315 882 1564 935 vocatur
1605 879 1794 934 sancti
1821 879 2068 950 Martini,
2094 895 2218 950 quo

565 968 769 1025 Romei
795 969 1208 1025 castrametari
1229 968 1438 1025 solent.
1454 971 1602 1025 Cum
1628 985 1770 1038 ergo
1795 969 1940 1024 inibi
1967 968 2219 1025 tentoria

563 1057 816 1114 ministri
837 1057 1384 1130 paravissent,tunc
1415 1057 1563 1114 forte
1590 1058 1788 1114 senior
1808 1063 2219 1114 seorsumsta-

561 1146 686 1217 bat,
710 1147 787 1204 ad
817 1163 996 1220 quem
1029 1163 1201 1203 secus
1233 1147 1483 1220 quidam
1511 1163 1572 1203 se
1600 1147 1817 1204 deduci
1844 1147 1996 1203 fecit.
2029 1149 2218 1214 Quem

565 1235 910 1310 suppliciter
938 1252 1214 1300 exorans,
1263 1236 1654 1293 nihilominus
1702 1238 1975 1308 rogabat,
2015 1242 2220 1310 quate-

561 1341 679 1382 nus
706 1342 930 1398 aquam
967 1326 1092 1382 suis
1125 1326 1407 1383 manibus
1436 1330 1659 1382 tactam
1709 1327 1906 1383 eidem
1958 1327 2218 1384 tribuere

563 1413 928 1486 dignaretur.
989 1415 1101 1481 Qui
1125 1415 1306 1487 jussit
1349 1414 1520 1470 illum
1547 1415 1772 1470 ibidem
1820 1419 1994 1482 stare,
2037 1421 2217 1487 atque

561 1506 774 1560 tacere.
803 1505 884 1558 De
911 1503 1052 1560 hinc
1082 1503 1402 1559 tentorium
1424 1504 1730 1573 ingressus
1761 1520 1966 1559 coram
1998 1505 2217 1559 sanctis

557 1591 914 1664 pignoribus
940 1591 1380 1663 aliquantulum
1436 1591 1641 1648 oravit.
1680 1591 2075 1648 Intendebant
2102 1591 2219 1646 sin-

561 1679 682 1749 guli
698 1679 1112 1735 ministrorum
1132 1679 1210 1735 ad
1238 1695 1392 1752 opus
1412 1679 1578 1752 quod
1600 1684 1728 1736 erat
1754 1680 1838 1736 eis
1863 1679 2212 1750 gerendum.

557 1767 675 1822 Illis
702 1782 847 1836 ergo
875 1766 1023 1824 alias
1075 1769 1404 1840 occupatis,
1459 1767 1669 1824 videns
1715 1769 1880 1841 quod
1925 1773 2217 1824 secretum

555 1854 683 1910 ﬁeri
706 1859 932 1928 posset,
963 1855 1294 1928 quemdam
1340 1857 1596 1928 vocavit,
1627 1858 1734 1929 qui
1786 1857 2041 1914 latenter
2074 1873 2215 1914 eum

559 1943 904 2001 adduceret.
935 1948 1096 2002 Tunc
1125 1961 1346 2002 manus
1378 1945 1690 2015 diligenter
1719 1946 1924 2014 abluit,
1959 1951 2024 2003 et'
2041 1947 2104 2003 in
2130 1964 2218 2004 re-

559 2032 710 2089 centi
738 2049 898 2106 aqua
927 2032 1146 2102 digitos
1199 2033 1469 2101 intenxit,
1520 2039 1700 2106 atque
1747 2035 1824 2092 de
1875 2037 2095 2092 sanctis
2125 2035 2215 2109 pi-

557 2121 847 2191 gnoribus
877 2123 1156 2192 signavit.
1178 2125 1254 2178 De
1279 2139 1403 2196 qua
1432 2140 1630 2179 snecus
1657 2128 1724 2180 ut
1751 2125 1963 2181 orbata
1984 2125 2216 2183 lumina

555 2211 906 2283 superfudit,
957 2228 1099 2268 mox
1147 2211 1350 2268 videre
1397 2212 1632 2268 meruit.
1664 2213 1844 2284 Cujus
1871 2230 2082 2270 vocem
2125 2215 2216 2270 vir

553 2299 790 2356 Domini
818 2315 855 2356 a
899 2299 1163 2356 clamore
1205 2302 1580 2374 compressit,
1631 2307 1690 2358 et
1742 2302 1870 2374 ipse
1917 2303 2214 2375 majestati

550 2389 770 2445 divinae
793 2391 1014 2459 gratias
1042 2406 1182 2446 cum
1212 2389 1312 2445 illo
1343 2389 1497 2459 egit;
1529 2407 1714 2463 quem
1735 2395 1792 2446 et
1815 2391 1890 2447 de
1918 2408 2028 2448 suo
2058 2409 2212 2464 quo-

551 2479 698 2535 dam
749 2479 1126 2550 vestimento,
1153 2479 1427 2534 videlicet
1477 2479 2210 2554 curcinbaldojndutum,

547 2567 798 2624 latenter
823 2573 990 2624 extra
1013 2568 1264 2624 tentoria
1289 2567 1504 2623 deduci
1534 2568 1688 2624 fecit.

622 2658 796 2712 XXIV.
828 2657 978 2712 Item
1009 2655 1160 2711 dum
1189 2655 1268 2712 ab
1294 2655 1442 2712 urbe
1469 2655 1704 2724 rediret,
1757 2658 1918 2715 venit
1948 2659 2209 2716 Sabbato

552 2744 633 2800 ad
660 2743 999 2818 quamdam
1026 2743 1371 2811 Ecclesiam,
1399 2745 1572 2816 juxta
1596 2744 1798 2802 locum
1831 2747 2071 2816 scilicet,
2105 2747 2210 2805 ubi

552 2832 859 2906 sulphurei
901 2832 1182 2888 videntur
1210 2832 1428 2890 acervi.
1462 2834 1610 2888 Cum
1667 2839 1868 2891 autem
1898 2835 2073 2893 vellet
2099 2853 2208 2910 po-

549 2921 731 2996 pulus
758 2923 821 2978 in
863 2922 1190 2978 crastinum
1221 2921 1539 2995 proﬁcisci,
1562 2923 1801 2980 retinuit
1845 2941 1970 2990 eos,
2001 2926 2206 2983 dicens

549 3011 718 3085 quod
746 3011 826 3068 ob
847 3011 1242 3068 reverentiam
1281 3012 1570 3068 Dominici
1599 3012 1738 3077 diei,
1773 3013 1986 3070 saltem
2017 3031 2208 3088 usque

549 3100 630 3158 ad
651 3117 880 3158 nonam
909 3100 1386 3158 demorarentur.
1419 3105 1534 3158 Nec
1587 3103 1690 3158 illa
1718 3103 2054 3160 demoratio
2100 3104 2210 3162 fuit

549 3192 730 3248 etiam
759 3191 886 3248 sine
913 3191 1209 3248 beneﬁcio
1226 3191 1562 3265 temporali,
1589 3195 1916 3249 missarum
1940 3210 2207 3268 namque

547 3281 748 3338 ofﬁcio
777 3281 1120 3338 solemniter
1134 3281 1390 3354 expleto,
1405 3298 1543 3338 cum
1563 3283 1693 3353 jam
1720 3288 1857 3354 post
1876 3283 2080 3340 cibum
2101 3285 2208 3340 iter

549 3368 1037 3438 aggrederentur,
1061 3367 1223 3425 venit
1249 3369 1500 3441 quidam
1527 3371 1748 3426 sedens
1770 3371 2208 3446 caballum,qui

544 3456 610 3513 in
638 3457 840 3514 eundo
866 3457 1134 3530 perditus
1166 3457 1376 3526 fuerat,
1407 3474 1592 3531 quem
1618 3459 1882 3516 domnus
1916 3462 2204 3519 Geraldus

546 3546 674 3603 sine
699 3545 950 3603 cessoris
974 3545 1194 3618 injuria
1222 3547 1403 3619 recipi
1447 3547 1650 3618 jussit.
1683 3551 2026 3622 Antequam
2057 3568 2202 3608 vero

547 3634 628 3692 ad
655 3633 995 3690 Abricolam
1047 3634 1475 3708 pervenissent,
1520 3651 1716 3692 caecus
1741 3637 1996 3710 quidam
2033 3639 2207 3710 juxta

546 3723 708 3780 viam
739 3723 974 3794 sedens,
1015 3723 1327 3796 quaerebat
1353 3740 1391 3780 a
1418 3725 1869 3783 transeuntibus
1911 3726 1958 3783 si
1989 3727 2206 3801 aliquis

546 3813 611 3870 in
631 3813 846 3871 eadem
876 3812 1056 3870 turba
1109 3813 1354 3886 veniret,
1409 3813 1514 3887 qui
1543 3813 1830 3872 Geraldus
1868 3821 2201 3874 vocaretur.

548 3905 695 3961 Cum
721 3901 872 3959 forte
895 3901 1148 3976 quidam
1175 3902 1252 3960 de
1279 3903 1497 3960 nostris
1525 3903 1806 3960 fratribus
1834 3908 1977 3962 tunc
2003 3905 2204 3964 adhuc

545 3993 894 4062 canonicus,
925 3992 988 4048 in
1017 3991 1266 4050 collecta
1289 3993 1498 4050 domni
1534 3993 1767 4050 Geraldi
1795 3995 2200 4066 gradiebatur,

543 4082 649 4156 qui
672 4081 1007 4139 devotionis
1049 4097 1232 4140 causa
1258 4081 1534 4156 pedester
1585 4082 1890 4155 incedens,
1922 4083 2002 4141 ad
2054 4100 2205 4158 prte-

541 4169 771 4227 dictum
794 4171 924 4242 jam
942 4185 1170 4226 caecum
1190 4169 1386 4228 lassus
1415 4171 1703 4244 pervenit.
1730 4173 1919 4238 Quem
1942 4188 2080 4229 cum
2104 4172 2202 4229 ille

1604 131 1660 187 S.
1707 130 1966 188 ODONIS
2004 123 2298 186 ABBATIS
2340 127 2840 189 CLUNIACENSIS
2878 131 2944 188 ΙΙ.

3797 145 3874 201 684

2327 251 2446 308 huc
2470 253 2755 322 venirem,
2781 258 2836 310 et
2866 253 3182 310 Geraldum
3209 255 3394 313 sancti
3417 257 3556 314 Petri
3577 263 3877 332 peregrinum

2327 335 2676 413 quaererem,
2705 349 2768 400 ut
2798 361 3016 400 manus
3055 344 3322 402 ablueret
3349 347 3712 419 postularem;
3737 369 3872 410 cieca.

2329 435 2418 486 tos
2448 449 2590 488 vero
2613 433 2820 490 oculos
2867 433 2969 490 illa
3017 451 3178 507 aqua
3223 435 3638 508 perfnnderem.
3689 442 3791 505 Quo
3813 443 3878 498 ille

2328 519 2576 577 clericus
2607 523 2832 594 audito,
2865 523 3140 590 substitit,
3175 541 3311 580 curn
3353 525 3573 582 interim
3599 528 3678 583 vir
3704 531 3878 587 Domini

2329 611 2613 666 Geraldus
2643 619 3004 684 supervenit.
3060 615 3238 669 Porro
3269 631 3398 670 mos
3452 623 3568 672 erat
3597 617 3687 686 illi,
3717 625 3767 674 ut
3789 637 3883 676 coo-

2325 704 2494 769 perto
2525 700 2716 772 rapite
2751 700 2913 756 solus
2943 701 3250 772 equitaret,
3281 719 3400 775 quo
3424 703 3738 776 psalmOdltB
3777 707 3881 762 libe

2326 787 2450 842 rius
2500 792 2760 846 vacaret.
2822 793 2970 848 Cum
3025 807 3168 860 ergo
3220 793 3656 864 supervenisset,
3697 794 3884 851 clericus

2326 892 2485 933 casco
2515 877 2788 934 silenter:
2821 883 2926 947 En,
2979 880 3190 952 inquit,
3221 881 3404 936 adest.
3457 885 3524 937 At
3551 881 3637 937 ille
3675 884 3884 954 rogabat,

2327 968 2390 1020 ut
2421 967 2736 1037 paululum
2767 973 2922 1024 stare
2961 969 3324 1037 dignaretur.
3383 972 3442 1026 Et
3463 969 3738 1042 subjunxit
3780 974 3885 1044 quid

2325 1073 2434 1129 per
2459 1057 2763 1112 somnium
2793 1057 3057 1113 vidisset.
3117 1059 3265 1113 Cum
3293 1059 3533 1130 quidem
3585 1060 3754 1116 senior
3795 1076 3888 1116 eru-

2329 1147 2599 1209 bescens,
2659 1151 2716 1202 et
2766 1148 3094 1202 mutatione
3146 1147 3340 1202 vultus
3395 1147 3454 1203 id
3497 1148 3645 1220 quod
3682 1149 3888 1206 audierat

2327 1252 2664 1303 exsecraris,
2685 1237 2848 1292 abire
2874 1237 3072 1308 coepit.
3090 1241 3292 1295 Caecus
3315 1253 3452 1294 vero
3478 1238 3754 1294 tremenda
3773 1256 3888 1312 que-

2326 1325 2469 1381 dam
2495 1325 2911 1396 adjuramenta
2958 1326 3290 1399 proferens,
3303 1327 3626 1396 rogabatut
3651 1329 3891 1394 staret,mi-

2327 1431 2458 1470 sero
2491 1414 2852 1481 subveniret,
2887 1420 2943 1471 et
2977 1419 3216 1488 sperata
3243 1416 3532 1472 beneficia
3550 1433 3661 1472 non
3686 1423 3886 1486 negaret.

2330 1502 2412 1558 Illi
2435 1508 2635 1560 autem
2665 1505 2767 1577 qui
2800 1504 3070 1570 aderant,
3090 1505 3204 1561 hoc
3225 1505 3384 1560 idem
3403 1505 3719 1578 simpliciter
3741 1520 3888 1561 exora-

2251 1557 2296 1610 Β
2325 1557 3384 1667 δειέὲ.ξιξιέιὲῥεῖιῐέιῖέἷᾶἔιῖιξρὶιὲιῖιξ
3399 1557 3722 1660 magis;
3741 1557 3886 1659 an,

2325 1681 2487 1752 quia,
2512 1681 2686 1752 juxta
2711 1681 3087 1754 Apostolum,
3120 1683 3329 1740 datam
3358 1682 3469 1738 sibi
3513 1683 3738 1753 gratiam
3761 1681 3890 1751 negli-

2327 1784 2464 1838 gere
2493 1785 2616 1826 non
2648 1770 2912 1838 deberet,
2933 1778 3287 1826 consuetum
3315 1771 3426 1828 sibi
3453 1771 3684 1826 verbum
3707 1785 3888 1842 respon-

2325 1857 2431 1929 dit,
2459 1859 2664 1915 dieens
2689 1877 2702 1915 :
2728 1859 3067 1930 Subvenite,
3103 1861 3295 1917 sancti
3327 1861 3444 1930 Dei,
3467 1865 3522 1917 et
3547 1861 3700 1916 stetit.
3715 1863 3768 1915 Et
3789 1858 3889 1931 quia

2285 1976 2291 1985 ~
2322 1947 2480 2006 sicut
2505 1948 2568 2004 in
2595 1949 2710 2004 illis
2741 1949 3028 2005 colliculis
3057 1950 3301 2018 assolet,
3333 1951 3552 2006 rivulus
3595 1947 3884 2023 prasterﬂue—

2321 2036 2446 2093 bat.
2475 2043 2648 2110 Aqua
2671 2037 2944 2110 protinus
2972 2038 3150 2094 allata
3181 2044 3290 2096 est.
3349 2043 3492 2096 Tum
3522 2039 3612 2094 ille
3636 2035 3886 2101 descendit.

2322 2129 2380 2180 et
2402 2125 2542 2182 lavit
2560 2142 2777 2182 manus
2803 2126 3040 2182 dicens:
3077 2127 3199 2182 Fiat
3224 2127 3506 2184 voluntas
3537 2126 3646 2184 Dei.
3674 2129 3731 2182 Et
3750 2124 3887 2181 conci-

2327 2218 2418 2269 tus
2459 2215 2623 2270 abire
2652 2215 2848 2288 coepit.
2880 2218 3082 2272 Caecus
3105 2232 3252 2272 vero
3278 2216 3362 2272 nil
3409 2220 3700 2272 cunctatus
3725 2227 3888 2286 aquam

2322 2304 2437 2359 sibi
2463 2303 2727 2374 ingessit,
2759 2321 2868 2362 nec
2900 2288 3272 2362 fefellit'eum
3308 2306 3530 2362 virtutis
3553 2303 3887 2363 eventus.Tam

2319 2399 2563 2464 repente
2589 2394 2748 2450 enim
2795 2395 2993 2450 visum
3021 2395 3265 2468 recepit,
3325 2401 3390 2452 ut
3414 2397 3603 2452 statim
3653 2399 3768 2468 post
3790 2406 3885 2446 eum

2321 2488 2600 2552 curreret,
2629 2482 2833 2539 dicens
2858 2501 2870 2538 :
2907 2485 2950 2540 Ο
3010 2489 3213 2540 sancte
3244 2484 3510 2552 Geralde,
3556 2500 3591 2540 ο
3618 2487 3788 2539 sancte
3819 2480 3888 2534 Ge-

2317 2568 2503 2636 ralde,
2559 2573 2678 2626 Deo
2709 2571 2954 2642 gratias,
2997 2587 3072 2626 en
3120 2571 3339 2628 video!
3403 2571 3498 2628 Ille
3549 2587 3677 2628 vero
3716 2567 3888 2625 mulum

2320 2657 2652 2714 calcaribus
2669 2659 2940 2729 urgebat,
2963 2676 3036 2716 ne
3061 2675 3244 2716 voces
3269 2660 3616 2717 laudanium
3640 2657 3840 2724 audiret,
3851 2657 3888 2710 et

2319 2745 2662 2802 Abricolam
2691 2748 3196 2820 transivit,neque
3225 2748 3449 2805 dehinc
3475 2745 3732 2820 perendie
3754 2741 3890 2816 potuit

2319 2851 2356 2890 a
2387 2835 2834 2892 conviatoribus
2867 2838 3096 2906 attingi.
3115 2837 3430 2910 Siquidem
3457 2833 3802 2893 animadverti
3821 2845 3891 2904 pe

2243 2907 2284 2963 C
2319 2927 2451 2994 test,
2467 2924 2637 2997 quod
2668 2940 2884 2980 manus
2904 2925 3018 2982 illae
3044 2941 3152 2998 per
3170 2907 3336 2998 quas
3365 2927 3476 2982 ista
3500 2925 3739 2982 sanitatis
3759 2921 3891 2977 virtus

2317 3013 2755 3082 conferebatur,
2789 3013 3085 3070 munditia
3113 3013 3411 3083 fulserint,
3448 3019 3504 3071 et
3531 3015 3588 3071 in
3613 3013 3688 3070 eis
3715 3005 3890 3067 macula

2314 3119 2440 3158 non
2469 3103 2803 3169 adhaeserit,
2834 3103 2940 3160 sed
2963 3119 3067 3160 eas
3097 3103 3176 3160 ab
3207 3105 3384 3161 omni
3433 3120 3665 3162 munere
3687 3111 3891 3158 excusse-

2315 3190 2404 3245 rit.
2435 3192 2564 3261 Quo
2594 3195 2803 3246 contra
2851 3191 3031 3247 nimis
3080 3191 3352 3249 infelices
3413 3198 3548 3248 sunt
3597 3191 3670 3247 illi
3695 3197 3890 3262 quorum

2315 3278 2558 3336 dextera
2585 3281 2809 3354 repleta
2839 3285 2929 3336 est
2957 3279 3340 3338 muneribus.
3396 3281 3694 3348 Quoniam,
3721 3282 3774 3334 ut
3791 3273 3890 3330 scri-

2313 3373 2488 3440 ptum
2512 3373 2618 3438 est,
2650 3370 2805 3440 ignis
2861 3369 3110 3426 devorat
3137 3386 3241 3426 eos
3272 3373 3388 3446 qui
3438 3385 3676 3428 munera
3706 3365 3890 3422 libenter

2315 3458 2634 3532 accipiunt.
3497 3513 3504 3520 ,

2384 3551 2534 3604 XXV.
2565 3548 2678 3605 Sed
2709 3552 2765 3604 et
2794 3547 2911 3604 alia
2937 3547 3230 3606 nonnulla
3256 3549 3488 3608 itineris
3535 3549 3822 3606 referuntur
3836 3538 3888 3594 de

2313 3638 2406 3705 eo,
2433 3653 2569 3710 quas
2593 3652 2706 3693 nos
2734 3637 2816 3694 ob
2842 3637 3243 3710 prolixitatem
3285 3641 3560 3698 studiose
3583 3634 3887 3696 transilimus.

2315 3726 2430 3784 Sed
2459 3741 2652 3782 unum
2680 3741 2792 3800 pro
2822 3742 2895 3782 eo
2919 3728 3085 3800 quod
3109 3729 3296 3786 virtus
3331 3730 3570 3788 alterius
3598 3723 3796 3798 generis
3815 3720 3888 3782 σοι,

2313 3817 2512 3873 adhuc
2528 3815 3133 3874 subnectamus.Cum
3145 3817 3481 3892 aliquando
3493 3823 3722 3876 Romam
3743 3822 3891 3886 Ρθιῖθ·

2309 3905 2547 3977 ret,jam
2571 3905 2633 3960 in
2659 3905 2835 3962 Italia
2863 3905 3112 3979 positus,
3131 3909 3476 3980 quamdam
3503 3909 3562 3964 in
3591 3920 3716 3963 aera
3737 3908 3890 3959 vocem

2312 3994 2536 4051 audivit
2559 3993 2922 4051 clamantem
2948 4011 3030 4064 se,
3049 4000 3231 4069 atque
3245 3995 3588 4054 discessum
3607 4008 3761 4052 suum
3782 3987 3821 4044 ei
3833 3987 3890 4041 in-

2312 4083 2670 4144 sinuantem.
2692 4084 3020 4140 Videbatur
3048 4089 3250 4142 autem
3275 4085 3366 4144 illi
3395 4087 3560 4161 quod
3589 4086 3733 4142 esset
3750 4077 3891 4147 cujus-

2309 4173 2454 4230 dam
2478 4173 2740 4230 hominis
2761 4173 3006 4230 nomine
3027 4174 3505 4250 Girbaldi,quem
3534 4177 3592 4232 in
3617 4170 3784 4248 patria
3795 4161 3892 4222 reli-

544 4259 621 4316 de
649 4259 878 4316 domno
911 4258 1160 4316 Geraldo
1193 4259 1540 4332 inquireret,
1571 4275 1710 4316 eum
1741 4277 1805 4317 se
1833 4262 2082 4332 vestigio
2112 4278 2202 4318 se-
2231 4261 2276 4315 D
2311 4266 2542 4334 querat.
2565 4263 2770 4334 Itaque
2797 4262 3034 4318 vocavit
3061 4262 3370 4336 quosdam
3391 4281 3466 4320 ex
3497 4257 3890 4332 suis,reqnirens

545 4353 826 4405 cuturum
851 4348 1180 4421 respondit.
1238 4348 1348 4406 Sed
1407 4365 1566 4422 quae,
1607 4350 1822 4423 inquit,
1877 4366 2061 4408 causa
2088 4355 2198 4420 est,

547 4436 720 4511 quod
742 4453 883 4493 eum
913 4442 1039 4494 tam
1069 4437 1313 4495 sollicite
1340 4438 1595 4511 requiris
1615 4441 1643 4496 ?
1693 4443 1764 4495 At
1791 4439 1926 4496 ille:
1957 4443 2198 4510 Novem,

541 4527 757 4601 inquit,
797 4527 944 4584 anni
973 4530 1130 4596 sunt,
1164 4543 1238 4584 ex
1265 4543 1388 4601 quo
1441 4527 1718 4585 caecitatis
1743 4529 2021 4600 angustia
2065 4547 2200 4604 pre-

541 4631 710 4686 mor;
740 4615 856 4674 hac
884 4619 1088 4674 autem
1113 4609 1287 4673 nocte
1317 4615 1584 4672 monitus
1611 4615 1674 4673 in
1700 4633 1920 4674 sumno
1949 4633 2108 4688 sum,
2136 4623 2204 4676 ut

541 4795 748 4865 Magni
769 4813 782 4852 :
803 4817 830 4846 «
863 4795 1005 4869 Inde
1032 4811 1140 4869 per
1165 4794 1326 4852 littus
1353 4795 1570 4853 Oceani
1591 4795 2036 4869 Rothomagum
2065 4797 2202 4855 civi-

545 4869 728 4922 tatem
754 4866 1078 4990 (profectus,
1101 4867 1392 4940 Sequanae
1423 4883 1602 4925 amne
1619 4866 1991 4937 transmisso,
2021 4871 2193 4926 Turo-

545 4951 658 4990 nos
715 4951 752 4990 a
849 4941 1124 4990 sanctum
1163 4939 1475 4990 Martinam
1522 4940 1806 4990 orationis
1858 4956 2041 4990 causa
2070 4957 2193 4990 ner-

543 4951 688 5015 nos__
715 4939 1124 5015 ad_sanctum
1163 4939 1496 5015 Martinam;
1519 4940 1806 5015 orationis
1858 4956 2042 5015 causa
2070 4957 2201 5015 per-

542 5005 715 5062 rexit.
739 5023 770 5058 »
799 5006 1180 5064 Frodoardus
1203 5007 1284 5064 ad
1314 5025 1411 5065 an.
1440 5013 1543 5066 938
1569 5027 1582 5064 :
1611 5032 1640 5059 «
1667 5011 1996 5068 Revertitur
2021 5005 2198 5068 Turo-

542 5093 693 5133 num
722 5076 1068 5148 Rodolphus
1095 5077 1174 5132 ad
1225 5085 1501 5136 sanctum
1554 5083 1866 5137 Martinam
1910 5083 2196 5139 orationis

544 5148 755 5220 gratia.
791 5171 820 5198 »
845 5149 1021 5204 Gesta
1051 5149 1368 5221 consulum
1401 5150 1946 5221 ,Andegavensium
1974 5154 2036 5209 in
2068 5154 2198 5210 Ful-

542 5219 694 5297 eone
724 5223 924 5297 Bono:
973 5241 1010 5297 _«
1023 5219 1298 5297 _Contigit
1351 5219 1624 5297 qnodam
1677 5228 1946 5297 tempore
1991 5239 2196 5296 regem

545 5291 801 5364 Francius
824 5290 994 5364 apud
1022 5293 1320 5364 Turonem
1369 5290 1670 5364 civitatem
1701 5290 1838 5350 cum
1873 5290 2198 5353 turma‘no—

542 5361 754 5418 bilium
778 5361 1046 5419 virorum
1071 5361 1135 5417 in
1161 5361 1363 5431 vigilia
1386 5361 1520 5418 festi
1541 5364 1820 5420 aastivalis
1844 5367 2033 5423 sancti
2054 5370 2196 5425 Mar-

543 5432 650 5510 tini
677 5433 904 5490 adfore.
939 5433 1151 5510 Adfuit
1170 5437 1370 5510 autem
1397 5437 1539 5491 tunc
1583 5434 1738 5510 inter
1767 5435 1914 5493 alios
1943 5453 2196 5510 procon-

545 5502 772 5579 sulares
801 5509 1232 5579 etpersonatos
1260 5505 1420 5579 viros
1448 5505 1735 5579 praefatus
1781 5502 2013 5571 consul,
2045 5509 2196 5565 sicut

543 5573 714 5632 stella
739 5573 1005 5646 radians,
1019 5577 1218 5636 forma
1234 5573 1575 5650 praeclarus,
1593 5581 1821 5636 statura
1847 5594 2192 5652 procerus.»

2310 4355 2510 4408 utrum
2539 4351 2616 4408 de
2637 4351 2917 4409 Girbaldo
2941 4351 3169 4426 aliquid
3190 4353 3430 4412 scirent.
3447 4358 3516 4411 At
3535 4353 3612 4410 illi
3630 4342 3892 4422 responde-

2307 4444 2466 4510 runt,
2491 4440 2658 4514 quod
2669 4457 2809 4497 eum
2820 4441 3204 4512 languentem
3219 4441 3592 4502 dimiserant.
3603 4433 3893 4506 Jubctigitur

2309 4533 2548 4604 tempus
2575 4530 2870 4599 adnotari,
2899 4531 3400 4606 psalmorumque
3439 4531 3716 4606 obsequia
3738 4539 3826 4600 pro
3844 4532 3893 4576 00

2309 4618 2616 4677 celebrari.
2646 4619 2898 4676 Rediens
2925 4635 3090 4691 vero,
3112 4625 3170 4676 et
3191 4619 3269 4678 de
3295 4622 3582 4695 predicto
3609 4614 3892 4677 hominem

2309 4797 2705 4874 Et_Hebernns
2725 4797 2958 4874 Maioris
2970 4798 3332 4874 monasterii
3359 4799 3555 4874 abbas
3582 4793 3748 4874 inlih.
3775 4791 3892 4874 lit}:

2308 4854 2580 4942 culorum
2606 4854 2796 4942 sancti
2809 4854 3070 4942 "Martini,
3100 4854 3234 4942 cap.
3263 4854 3330 4942 ll
3360 4854 3474 4928 Emi:
3492 4854 3816 4942 Marchisius.

2307 4939 2736 5012 Monteferrato,
2768 4937 3120 5012 Bonefacius
3144 4937 3410 5012 nomine,
3443 4937 3892 5012 bonerdevotignlt

2307 5001 2805 5084 consuetudinem
2834 5011 3074 5084 fecerat,
3108 5017 3172 5068 ut
3203 5001 3656 5084 annis'singulis
3681 5005 3748 5062 ad
3773 5001 3891 5084 dicit!

2305 5081 2524 5139 festum
2549 5081 2708 5138 beati
2738 5082 2962 5139 Martini
2989 5081 3065 5156 in:
3106 5083 3427 5156 tumulum,
3455 5081 3582 5156 ejns
3611 5081 3892 5156 sacrosant'

2305 5158 2433 5229 tum
2463 5157 2781 5229 expeteret.
2815 5157 2942 5229 Non
2971 5155 3132 5229 enim
3161 5154 3386 5229 itineris
3413 5148 3713 5229 longitudo
3730 5148 3890 5229 estcf

2347 5220 2562 5298 eritas;
2575 5240 2699 5298 non
2727 5225 3207 5298 interjacentium
3228 5225 3498 5282 hostium
3523 5220 3778 5298 finsidiae,
3802 5221 3888 5298 n31}

2347 5241 2543 5294 eruas,
2575 5241 2699 5281 non
2727 5241 3202 5298 interiacentium
3228 5241 3498 5282 noenum
3550 5241 3888 5286 ins1mas,uuu

2301 5241 2620 5373 ΕΘΙΙοῐιιιῃι⁸
2655 5295 2935 5373 frequens
2989 5297 3274 5373 incursio,
3320 5313 3449 5354 non
3487 5294 3750 5373 _denique
3791 5279 3888 5373 3H3

2302 5353 2580 5441 poterant
2605 5353 2896 5441 impe‘dire
2923 5367 3184 5438 negotia,
3216 5353 3402 5440 quam
3431 5367 3510 5424 ad
3536 5353 3710 5422 sancti
3729 5353 3888 5414 suifra-

2303 5437 2403 5512 gia
2428 5437 2830 5512 promere—uda
2852 5437 3209 5512 occurreret.
3234 5437 3259 5440 “
3319 5511 3322 5512 γ
3375 5510 3413 5512 __
3490 5510 3521 5512 ξ
3567 5509 3577 5512 _
3646 5505 3702 5512 __
3833 5489 3868 5512 ἐ

2373 5505 2524 5582 (112)
2549 5512 2795 5582 Necnon
2820 5515 2874 5582 et
2903 5509 3107 5582 beatus
3134 5510 3458 5582 Martialis.
3490 5505 3660 5564 Primi
3684 5507 3889 5560 Lemon-

2301 5579 2571 5638 censium
2597 5580 2886 5654 episcopi,
2915 5580 2992 5637 de
3019 5597 3144 5654 quo
3171 5597 3285 5638 nos
3305 5579 3478 5638 alias.
