4092 6158
191 130 293 185 685

976 111 1066 188 DE
1105 136 1280 188 VlTA~
1304 135 1361 190 s.
1403 134 1707 190 GERALDI
1746 133 2020 191 COMITIS
2059 134 2412 194 AURILlAC.
2451 167 2522 179 -
2560 138 2689 194 LIB.
2731 143 2796 194 ιι.

3507 147 3610 202 686

191 254 461 325 quirens,
486 253 702 325 reperit
733 254 901 326 quod
924 255 1023 311 illa
1071 256 1167 312 die
1199 257 1563 326 migraverit,
1597 272 1720 329 qua
1749 257 1844 312 ille
1877 263 1924 314 A
1958 258 2249 316 niendum
2288 242 2528 335 ‘nepoti.
2587 261 2958 319 Raimundus
3012 269 3212 322 autem
3278 269 3612 340 protelabat

192 358 400 399 vocem
431 342 492 397 in
523 358 663 398 aera
690 343 938 400 audivit.

259 434 432 487 XXVI.
458 431 701 504 Expleto
732 437 931 487 autem
958 438 1178 489 sanctis
1216 451 1342 489 suae
1369 435 1700 490 devotionis
1752 434 1844 488 iti-

191 536 348 588 nere,
412 521 540 592 jam
602 522 916 577 secretiora
966 522 1099 578 loca
1159 524 1540 596 frequentare
1589 524 1845 579 delecta-

193 611 313 680 bat,
372 611 548 684 quasi
604 627 814 666 vocem
871 611 1034 666 illam
1074 593 1396 669 Psalmistai
1424 593 1685 685 secutus,
1723 629 1846 685 qua

192 700 377 756 dicit:
408 702 716 770 Etcmgavi
762 702 1020 771 fugiens,
1075 709 1129 758 et
1180 706 1378 759 mansi
1411 706 1473 759 in
1525 704 1846 760 solitudine

192 789 376 861 (Psal.
411 805 522 845 Liv.
552 791 624 859 8).
657 789 740 844 lbi
771 790 930 845 enim
972 806 1007 846 a
1059 793 1433 847 saecularium
1491 792 1842 864 frequentia,

195 880 282 935 vel
323 894 646 934 causarum
690 881 936 951 strepitu
975 882 1282 953 quiescere
1327 882 1585 947 volebat,
1617 882 1844 937 utlibe-

192 969 310 1024 rius
339 968 558 1024 divinae
591 968 857 1023 servituti
887 976 1142 1025 vacaret.
1177 974 1324 1025 Cum
1363 972 1563 1043 itaque
1593 971 1708 1025 sub
1732 972 1846 1026 hoc

190 1057 432 1112 obtentu
491 1057 657 1128 apud
715 1057 1007 1129 capellam
1066 1075 1200 1130 quas
1249 1058 1464 1113 dicitur
1515 1059 1846 1114 Catuserias

190 1147 619 1211 demereretur,
693 1145 977 1202 festivitas
1015 1148 1259 1202 Joannis
1316 1153 1371 1202 et
1425 1147 1586 1202 Pauli
1640 1163 1846 1220 super-

190 1235 366 1290 venit.
421 1235 712 1300 Quaedam
767 1241 966 1290 autem
1018 1237 1323 1291 rusticana
1378 1236 1590 1291 muller
1639 1237 1844 1292 hortu-

189 1325 311 1380 lum
376 1325 662 1394 ingressa,
714 1325 914 1380 nescio
967 1325 1113 1398 quid
1157 1327 1538 1397 operabatur,
1593 1341 1731 1381 cum
1761 1341 1847 1381 re-

190 1419 362 1486 pente
389 1413 632 1482 grandis
661 1417 826 1481 gutta
858 1413 1169 1482 sanguinis
1201 1429 1380 1485 super
1407 1428 1655 1468 manum
1687 1414 1842 1468 illius

189 1503 485 1575 apparuit,
542 1519 679 1575 quae
729 1518 868 1558 mox
933 1504 1325 1558 intumescere
1369 1504 1564 1575 coepit.
1607 1507 1841 1558 Treme-

189 1592 343 1647 facta
371 1591 585 1646 mulier
614 1592 687 1647 ad
724 1593 822 1647 Dei
853 1593 1155 1647 hominem
1217 1594 1267 1662 ej
1281 1592 1450 1647 ulans
1477 1594 1753 1662 cucurrit,
1786 1598 1843 1648 et
1875 1625 1912 1676 Β

187 1681 505 1736 ostendens
526 1697 800 1743 manuve,
834 1682 1098 1737 misereri
1141 1682 1250 1736 sibi
1298 1682 1569 1751 rogabat.
1626 1687 1696 1737 At
1747 1683 1841 1737 ille

189 1771 457 1842 protinus
486 1771 730 1826 clericos
762 1772 992 1838 adesse,
1021 1771 1387 1842 missamque
1430 1789 1540 1844 pro
1571 1786 1642 1826 ea
1691 1772 1841 1826 cele-

184 1859 345 1915 brari
365 1857 554 1930 jubet,
579 1861 793 1915 dehinc
826 1875 1051 1932 aquam
1080 1858 1416 1925 exorcizari,
1441 1864 1497 1915 et
1527 1860 1600 1914 de
1631 1860 1843 1914 eadem

186 1964 347 2019 aqua
403 1953 632 2017 guttam
682 1949 990 2019 sanguinis
1039 1948 1200 2002 ablui
1246 1965 1257 2013 ;
1319 1964 1456 2003 cum
1487 1954 1686 2003 tamen
1718 1949 1844 2020 ipse

186 2035 532 2092 humilitatis
559 2053 742 2093 causa
775 2053 1044 2092 seorsum
1077 2037 1292 2111 stabat,
1325 2053 1397 2091 ne
1425 2037 1570 2091 forte
1615 2036 1845 2092 virtutis

185 2125 342 2180 illius
374 2126 614 2196 signum
642 2127 693 2182 ei
721 2127 1124 2199 deputaretur.
1159 2128 1226 2182 Ut
1246 2131 1446 2181 autem
1469 2141 1688 2181 manus
1710 2142 1843 2181 mu-

183 2215 340 2271 lieris
369 2216 575 2272 abluta
600 2221 709 2284 est,
734 2216 890 2271 illico
923 2216 1169 2286 san-ruis
1197 2223 1254 2271 et
1283 2221 1480 2271 tumor
1528 2216 1840 2287 disparuit,

186 2311 245 2361 et
272 2304 372 2360 illa
397 2321 546 2361 sana
587 2306 844 2361 recessit.

261 2396 458 2450 XXVII.
516 2397 668 2450 Sane
724 2394 868 2467 quia
919 2393 1088 2449 locus
1139 2394 1253 2460 ille,
1313 2393 1464 2450 sicut
1511 2409 1649 2448 eum
1700 2393 1844 2448 velle

187 2485 546 2551 dixeramus,
576 2485 859 2541 remotior
889 2490 996 2554 est,
1055 2489 1112 2540 et
1168 2488 1446 2553 secretus,
1506 2483 1846 2556 frequenter

186 2575 331 2630 inibi
350 2574 734 2630 mansitabat.
766 2577 911 2629 Cum
934 2575 1110 2643 igitur
1127 2575 1394 2646 quadam
1412 2573 1537 2628 vice
1561 2576 1846 2644 Assump-

187 2663 412 2719 tionem
445 2668 661 2718 sanctis
692 2663 788 2718 Dei
828 2664 1125 2733 genitricis
1159 2663 1348 2718 Mariae
1379 2663 1542 2735 apud
1567 2662 1842 2717 eamdem

186 2752 500 2807 ecclesiam
549 2751 926 2819 celebrasset,
985 2752 1306 2806 missarum
1359 2751 1663 2806 solemniis
1714 2750 1845 2820 jam

185 2841 454 2913 expletis,
479 2841 638 2897 foras
665 2841 743 2897 ad
777 2857 917 2896 suos
946 2841 1104 2896 exiit.
1138 2843 1256 2896 Mos
1285 2840 1511 2912 quippe
1548 2839 1599 2894 ei
1631 2839 1840 2907 fuerat,

189 2937 251 2987 ut
278 2936 414 3004 post
440 2931 652 3002 longas
685 2948 755 2988 ac
780 2932 956 3002 juges
988 2946 1220 3003 preces.
1256 2929 1335 2985 ad
1364 2944 1689 2984 commune
1719 2928 1838 2984 elo-

183 3021 397 3093 quium
456 3035 584 3076 sese
632 3021 976 3092 impertiret,
1032 3023 1093 3074 ut
1123 3018 1396 3090 quisquis
1424 3017 1660 3072 dicendi
1707 3033 1844 3072 eau-
1872 3013 1912 3037 υ

183 3127 315 3166 sam
349 3111 612 3178 haberet,
635 3109 921 3182 loquendi
946 3123 1190 3180 quoque
1221 3106 1678 3179 possibilitatem
1732 3106 1840 3161 ob-

183 3200 412 3256 tineret.
443 3203 590 3256 Cum
631 3215 774 3268 ergo
822 3198 899 3254 ad
944 3213 1085 3252 suos
1142 3197 1374 3258 exisset,
1433 3189 1707 3268 quidam,
1738 3195 1842 3268 qui

182 3289 598 3364 praeparandis
643 3289 791 3345 cibis
845 3292 1118 3361 prazerat,
1169 3286 1246 3342 ad
1299 3301 1438 3341 eum
1467 3285 1646 3340 dixit:
1683 3285 1840 3340 Tris-

181 3383 403 3445 tamur,
439 3379 704 3448 Domine,
732 3378 1024 3450 quoniam
1046 3375 1125 3432 ad
1159 3380 1415 3431 vestram
1457 3374 1839 3430 refectionem

182 3467 442 3540 reperire
480 3467 537 3522 in
595 3469 707 3522 hac
766 3466 1136 3522 solemnitate
1194 3480 1316 3520 nou
1343 3479 1690 3537 possumus,
1727 3463 1842 3518 nisi

185 3572 396 3612 carnes
426 3555 646 3612 salitas.
677 3560 748 3611 At
775 3555 869 3611 ille
916 3571 929 3609 :
976 3558 1055 3610 Ne
1083 3553 1174 3616 sit,
1207 3553 1417 3625 inquit,
1451 3551 1623 3607 vobis
1659 3567 1836 3617 curae,

181 3647 328 3719 quia
361 3646 409 3701 si
441 3645 540 3701 Dei
562 3644 829 3714 genitrici
849 3643 1128 3716 placeret,
1162 3657 1358 3714 neque
1405 3643 1520 3697 hoc
1570 3641 1748 3696 nobis
1779 3640 1841 3695 in

179 3736 312 3807 ejus
341 3736 492 3791 festo
520 3735 770 3788 deesset.
809 3733 1062 3798 Dixerat,
1095 3737 1152 3787 et
1172 3731 1248 3786 de
1277 3747 1446 3804 rupe,
1481 3747 1616 3802 quae
1644 3730 1841 3786 eidem

174 3825 318 3882 loco
349 3822 642 3890 imminet,
669 3837 880 3876 cervus
910 3836 1043 3875 sese
1072 3819 1482 3892 praecipitavit.
1518 3817 1843 3883 Quem‘mi—

176 3911 356 3970 nistri
404 3910 734 3981 gaudentes
777 3909 996 3981 pariter
1046 3916 1105 3963 et
1129 3909 1413 3964 mirantes
1465 3907 1741 3970 tulerunt,
1787 3909 1843 3960 et

173 4001 344 4067 inde,
373 4001 527 4055 sicut
551 4003 691 4055 tunc
717 4013 1031 4053 cervorum
1061 4013 1199 4052 caro
1229 3997 1563 4068 temporina
1609 4000 1714 4062 est,
1743 3994 1843 4049 de-

173 4092 431 4148 licatum
461 4087 729 4144 edulium
751 4085 968 4142 seniori
998 4089 1377 4157 paraverunt.
1430 4088 1628 4156 Neque
1681 4083 1841 4139 enim

174 4178 534 4237 incredibile
566 4178 745 4234 debet
763 4176 973 4244 videri,
1032 4175 1199 4248 quod
1256 4175 1308 4230 ei
1352 4174 1559 4230 divina
1599 4172 1841 4244 largitas

178 4269 390 4326 cibum
428 4284 502 4324 ex
529 4266 862 4340 improvisu
892 4263 1269 4334 concesserit,
1316 4280 1455 4319 cum
1492 4262 1587 4318 ille
1634 4262 1712 4318 ad
1739 4260 1842 4316 Dei

178 4358 464 4430 gloriam,
481 4359 652 4429 juxta
675 4354 1050 4428 Apostolum,
1072 4353 1314 4422 faciens,
1343 4351 1644 4409 bucellam
1666 4367 1840 4407 suam

179 4464 330 4504 cum
359 4446 727 4519 pauperibus
753 4443 1128 4501 comedebat.
1180 4442 1293 4508 Qui
1321 4458 1660 4514 nunquam,
1692 4442 1844 4496 sicut

179 4535 421 4592 alumni
449 4535 579 4606 ejus
604 4538 926 4606 praesentes
955 4535 1332 4594 attestantur,
1364 4546 1574 4587 aurem
1600 4545 1774 4585 suam
1805 4545 1843 4585 a

178 4625 452 4682 clamore
490 4623 770 4697 pauperis
801 4621 1120 4680 avertebat.
1157 4621 1268 4686 Qui
1295 4621 1569 4676 videlicet
1598 4623 1842 4675 sanctus

172 4716 359 4786 juxta
387 4713 535 4768 illud
563 4711 890 4768 Psalmlstae
916 4728 928 4766 :
961 4713 1187 4767 Beatus
1211 4711 1318 4782 qui
1353 4711 1638 4780 intelligit
1665 4724 1845 4778 super

175 4819 438 4873 egenum
469 4809 522 4859 et
550 4817 875 4872 pauperem
909 4803 1093 4866 (Psal.
1122 4817 1217 4870 xL,
1244 4802 1320 4872 2),
1354 4815 1492 4856 cum
1520 4813 1699 4855 voces
1727 4798 1844 4854 cla-

176 4891 487 4948 mantium
517 4889 798 4951 audisset,
824 4888 1193 4961 profundum
1225 4889 1542 4960 suspirare,
1576 4891 1634 4944 et
1659 4887 1846 4944 verba

177 4981 608 5052 compatientis
633 4978 999 5052 respondere
1022 4977 1272 5034 solebat.

254 5070 484 5127 XXVIII.
528 5068 939 5126 Raimundum
960 5067 1265 5123 noveratis
1303 5066 1605 5135 comitem,
1654 5066 1845 5122 ﬁlium

180 5157 465 5215 videlicet
518 5156 762 5214 Odonis.
842 5156 942 5211 Hic
992 5160 1272 5228 nepotem
1357 5155 1566 5210 domui
1615 5153 1847 5210 Geraldi

175 5247 435 5304 nomine
465 5246 874 5315 Benedictum,
933 5244 1158 5300 Tolosae
1210 5243 1481 5299 videlicet
1534 5242 1849 5298 vieeeomi-

177 5341 312 5393 tem
358 5335 501 5392 dolo
555 5339 800 5408 captum
858 5333 1115 5389 tenebat.
1169 5332 1494 5389 Rainaldus
1546 5347 1690 5387 vero
1737 5331 1851 5387 fra-

179 5430 273 5482 ter
331 5426 521 5497 ipsius
560 5439 688 5480 sese
721 5423 998 5480 obsidem
1046 5421 1295 5493 dedens,
1335 5422 1578 5478 fratrem
1607 5421 1848 5493 recepit.

179 5520 258 5572 At
306 5516 574 5572 domnus
606 5513 892 5570 Geraldus
941 5513 1194 5568 audiens
1244 5513 1412 5584 quod
1453 5512 1548 5567 ille
1581 5512 1848 5584 seipsum

181 5621 304 5678 pro
327 5604 510 5662 fratre
539 5604 886 5674 obligasset.
916 5601 1093 5658 valde
1119 5602 1474 5658 movebatur
1523 5601 1604 5657 ad
1642 5601 1851 5657 subve-

1957 364 2203 404 causam
2225 351 2533 419 reddendi,
2569 351 2727 407 elam
2758 355 3037 422 satagens
3097 356 3479 413 Benedictum
3510 358 3610 414 de-

1955 453 2077 492 nuo
2107 454 2338 510 capere,
2367 445 2424 496 et
2451 440 2666 496 ambos
2687 445 2906 495 tenere.
2939 445 3070 498 lam
3102 450 3328 517 septem
3372 461 3611 504 menses

1955 526 2272 598 ﬂuxerant,
2295 535 2352 585 et
2375 529 2465 585 vir
2497 530 2730 585 Domini
2756 529 3047 586 Geraldus
3075 533 3136 588 in
3169 535 3470 608 ereptione
3510 552 3612 593 πιθα

1955 616 2110 687 potis
2165 617 2313 672 nihil
2366 618 2656 689 proﬁcere
2708 622 2961 691 poterat.
3022 621 3298 684 Quadam
3329 639 3469 680 vero
3514 625 3610 682 die

1956 720 2094 759 cum
2127 721 2328 761 sorore
2374 723 2486 763 sua
2507 707 2799 776 Avigerna
2819 708 2894 763 de
2924 709 3039 764 hac
3086 724 3148 765 re
3194 713 3374 783 quasi
3412 713 3609 786 queri-

1956 793 2224 850 moniam
2254 795 2476 850 faciens
2507 813 2520 850 :
2558 796 2707 860 Quid
2740 799 2822 864 tu,
2846 795 3058 868 inquit,
3087 813 3288 854 cessas
3314 800 3610 866 Christum

1955 897 2065 955 pro
2095 883 2216 938 tilio
2248 889 2348 939 tuo
2387 885 2698 957 deprecari
2724 885 2751 939 ?
2797 890 2951 941 certe
2981 891 3085 942 aut
3112 903 3226 943 nos
3256 887 3317 942 in
3361 889 3480 944 ﬁde
3505 890 3613 944 du-

1955 971 2234 1039 bitamus,
2266 978 2386 1044 aut,
2421 975 2586 1046 quod
2614 975 2805 1030 verius
2828 981 2932 1041 est,
2967 976 3236 1032 exaudiri
3266 977 3450 1048 digni,
3488 993 3612 1034 non

1957 1077 2186 1117 sumus.
2218 1065 2281 1118 Et
2333 1064 2459 1119 haec
2488 1064 2712 1132 dicens,
2773 1065 3182 1122 resolvebatur
3209 1067 3270 1122 in
3306 1066 3608 1140 lacrymis.

1957 1153 2085 1216 Quo
2114 1153 2360 1224 quidem
2412 1158 2700 1225 tempore,
2761 1154 3125 1222 medullitus,
3179 1161 3241 1211 ut
3267 1155 3350 1211 ita
3389 1155 3608 1227 dicam,

1956 1256 2083 1294 sese
2110 1242 2362 1296 Douiiiio
2390 1242 2451 1296 in
2482 1243 2762 1314 precibus
2786 1243 3174 1315 maneipavit.
3201 1247 3266 1300 Et
3291 1245 3490 1300 adhuc
3505 1249 3612 1301 Ro-

1954 1328 2187 1384 dulfum
2236 1330 2519 1386 abbatem
2560 1332 2746 1387 semel
2798 1331 2876 1386 ad
2929 1333 3333 1388 Raimundum
3378 1333 3608 1400 direxit,

1953 1417 2056 1488 qui
2096 1419 2355 1475 necdum
2406 1421 2652 1492 quidem
2681 1420 2971 1492 proﬁcere
3001 1422 3338 1493 quidquam
3377 1421 3609 1492 valens,

1953 1506 2118 1562 haud
2140 1507 2316 1577 longe
2346 1508 2426 1563 ad
2481 1514 2748 1564 meatum
2806 1525 3078 1565 reversus
3108 1515 3216 1566 est.
3269 1514 3444 1567 Nocte
3469 1527 3612 1566 vero

1953 1595 2226 1652 insecuta
2263 1597 2545 1668 praedicto
2577 1598 2913 1653 Raimundo
2939 1614 3046 1671 per
3086 1599 3387 1654 somnium
3449 1599 3612 1654 video

1952 1684 2149 1750 batur,
2177 1686 2342 1757 quod
2373 1685 2458 1740 vir
2487 1686 2719 1742 Domini
2749 1687 3036 1742 Geraldus
3067 1692 3203 1742 ante
3235 1689 3364 1757 ejus
3392 1688 3611 1743 lectum

1955 1779 2156 1843 staret,
2186 1791 2444 1846 eumque
2469 1791 2653 1831 manu
2685 1775 3026 1848 pulsaverit.
3083 1775 3257 1842 Quid,
3311 1776 3609 1849 inquiens,

1954 1866 2015 1917 tu
2045 1878 2166 1917 non
2189 1863 2360 1918 audis
2391 1879 2486 1919 me
2519 1868 2688 1919 toties
2717 1864 3140 1936 deprecantem
3164 1865 3191 1919 ‘I
3240 1867 3404 1922 Certe
3431 1865 3605 1933 scias,

1952 1953 2243 2023 quoniam
2275 1953 2324 2006 si
2367 1952 2520 2008 ultra
2551 1953 2810 2008 tenueris
2869 1953 3164 2017 obsidem,
3215 1969 3608 2026 nequaquam

1953 2041 2082 2096 tibit
2106 2041 2275 2096 cedet
2305 2041 2365 2095 in
2387 2057 2766 2113 prosperum.
2802 2044 2936 2096 Post
2965 2042 3094 2096 haec
3120 2043 3303 2098 verba
3329 2044 3612 2098 Raimuno

1953 2129 2068 2184 dus
2097 2129 2546 2202 expergefactus
2595 2134 2701 2199 est,
2751 2134 2808 2185 et
2861 2129 3253 2185 considerans
3294 2131 3612 2202 visionem,

1955 2218 2296 2274 intremuit:
2331 2217 2686 2290 vocavitque
2741 2234 2909 2289 suos,
2943 2223 2997 2274 et
3051 2219 3201 2290 quid
3230 2218 3614 2275 somniaverit

1952 2307 2256 2363 indicavit.
2281 2309 2429 2362 Nam
2454 2311 2510 2362 et
2537 2307 2789 2378 quidam
2813 2323 2886 2362 ex
2907 2306 3052 2379 ipsis
3077 2321 3186 2378 per
3206 2323 3386 2379 quem
3419 2307 3612 2363 maxi-

1953 2411 2050 2451 me
2100 2411 2288 2468 usque
2350 2400 2489 2451 tunc
2544 2395 2892 2451 adversatus
2956 2395 3168 2464 fuerat,
3219 2397 3420 2451 nescio
3488 2411 3614 2468 qua

1953 2502 2137 2541 causa
2167 2485 2432 2540 similiter
2459 2485 2767 2540 exterritus
2808 2484 3232 2556 persuadebat,
3268 2490 3330 2540 ut
3385 2485 3615 2557 petitio-

1953 2590 2088 2630 nem
2145 2574 2355 2630 domni
2417 2573 2650 2630 Geraldi
2701 2573 2972 2628 concitus
3026 2572 3243 2628 faceret
3291 2589 3304 2627 :
3347 2572 3614 2645 alioquin

1954 2664 2329 2719 moriendum
2381 2663 2492 2718 illis
2542 2679 2672 2718 esse
2722 2667 3174 2718 commemorat.
3237 2662 3612 2718 Raimundus

1953 2754 2266 2809 confestim
2288 2753 2362 2808 ad
2388 2752 2714 2824 hospitium
2739 2751 2974 2807 Rodulﬁ
2995 2751 3234 2807 abbatis
3258 2750 3611 2819 transmisit,

1901 2829 1908 2834 ’
1952 2857 2212 2913 eumque
2242 2842 2433 2897 redire
2464 2841 2660 2911 jussit.
2703 2844 2829 2904 Quo
2885 2840 3172 2896 redeunte
3217 2839 3474 2911 qualiter
3522 2839 3613 2896 vir

1955 2931 2184 2988 Domini
2218 2948 2282 2988 se
2313 2947 2418 3003 per
2447 2931 2643 2985 visum
2675 2934 2981 2997 terruerat,
3012 2929 3216 3002 palam
3263 2929 3562 2985 enarravit
3593 2946 3607 2985 :

1951 3021 2225 3076 obsidem
2279 3019 2435 3076 illico
2486 3018 2762 3084 reddidit,
2791 3022 2850 3073 et
2877 3022 2942 3073 ut
2967 3017 3223 3088 gratiam
3249 3016 3460 3072 domni
3493 3019 3602 3072 Θε-

1951 3110 2100 3166 raldi
2122 3109 2234 3165 sibi
2257 3108 2542 3165 Rodulfus
2565 3107 3022 3174 reconciliasset,
3073 3105 3376 3183 humilimr
3403 3110 3610 3178 postu-

1949 3199 2111 3256 lavit.
2148 3204 2230 3256 Ita
2255 3198 2545 3254 Geraldus
2575 3214 2682 3269 per
2701 3197 2970 3252 divinum
3003 3195 3294 3253 auxilium
3327 3195 3612 3267 praevale-

1948 3290 2073 3359 bat,
2101 3295 2170 3346 .et
2199 3288 2533 3345 secundum
2571 3287 2719 3342 illud
2752 3285 3089 3359 Scripturae,
3121 3285 3412 3355 gloriosos
3445 3288 3609 3340 terrae

1949 3378 2326 3436 humiliabat.

2017 3470 2189 3525 XXIX.
2221 3467 2496 3534 Quodam
2541 3465 2747 3521 itidem
2786 3468 3075 3536 tempore,
3128 3478 3268 3520 cum
3317 3461 3396 3519 ad
3425 3462 3608 3519 collo-

1947 3559 2158 3632 quium
2181 3556 2452 3629 ejusdem
2476 3553 2798 3611 Raimundi
2832 3553 3064 3610 comitis
3096 3557 3463 3626 properaret,
3497 3553 3608 3608 ﬂu-

1947 3648 2064 3716 vio,
2088 3647 2193 3720 qui
2217 3645 2553 3702 Avarionus
2567 3643 2801 3713 dicitur,
2826 3641 3348 3715 appropinquans,
3380 3641 3605 3697 mentio

1946 3736 2152 3792 incidit
2182 3733 2350 3806 quod
2379 3732 2479 3788 illa
2509 3732 2603 3787 die
2628 3731 2858 3804 piscem
2887 3731 2966 3786 ad
2993 3746 3164 3786 esum
3187 3744 3312 3785 non
3334 3730 3602 3786 haberet.

1949 3826 2012 3881 Hi
2034 3841 2175 3880 vero
2196 3825 2300 3895 qui
2332 3820 2551 3877 seniori
2581 3819 3230 3884 obambulabant,cum
3248 3818 3323 3873 de
3352 3818 3466 3874 hoc
3490 3834 3608 3874 ser-

1947 3914 2411 3974 mocinarentur,
2439 3910 2716 3964 viderunt
2729 3907 2956 3980 piscem
2982 3909 3086 3979 qui
3112 3907 3310 3978 capite
3331 3909 3600 3984 vocatur.

1948 4008 2154 4059 contra
2184 4015 2245 4055 se
2275 4005 2499 4054 natare.
2535 4000 2696 4053 Unus
2731 3999 2954 4061 autem,
2991 3993 3095 4066 qui
3125 3993 3238 4050 hoc
3267 3995 3472 4067 ipsum
3509 4010 3603 4051 re~

1947 4093 2076 4158 fert,
2105 4088 2365 4145 extendit
2395 4085 2739 4155 dragulum,
2773 4089 2827 4140 et
2854 4082 3190 4139 vulneravit
3218 4083 3463 4156 piscem.
3492 4083 3604 4150 Qui

1949 4184 2194 4252 accepto
2240 4177 2486 4233 vulnere
2532 4173 2848 4248 paululum
2902 4177 3228 4228 retroactus
3283 4173 3481 4245 ripam
3523 4171 3604 4229 ad

1947 4285 2134 4342 quam
2191 4271 2367 4323 antea
2425 4263 2729 4331 tendebat,
2786 4263 3000 4318 iterum
3048 4261 3298 4333 repetiit,
3330 4265 3603 4318 moratus

1947 4372 2268 4433 quousque
2294 4371 2433 4412 eum
2463 4370 2618 4410 unus
2639 4357 2882 4409 extensa
2912 4367 3102 4407 manu
3127 4350 3602 4423 comprehendit.

1948 4450 2085 4503 Erat
2109 4446 2268 4502 enim
2324 4459 2448 4499 non
2504 4457 2705 4514 parvae
2749 4439 3206 4510 magnitudinis.
3258 4440 3463 4511 Itaque
3520 4438 3608 4495 vir

1948 4535 2182 4592 Domini
2211 4533 2431 4603 gratias
2456 4533 2577 4587 Deo
2608 4528 2890 4598 referens,
2922 4533 3189 4593 caeteros,
3222 4527 3329 4599 qui
3380 4527 3496 4582 hoc
3541 4531 3608 4581 ut

1949 4623 2308 4680 miraculum
2387 4619 2767 4685 extollebant,
2841 4631 3222 4688 compescere
3305 4613 3605 4682 studebat,

1949 4711 2123 4785 quasi
2143 4710 2204 4766 id
2224 4708 2468 4766 fortuitu
2498 4706 2860 4775 contigisset.
2891 4706 2955 4759 Et
3002 4703 3152 4758 forte
3195 4701 3409 4774 aliquis
3443 4699 3610 4757 fateri

1950 4805 2163 4874 potest,
2197 4798 2364 4872 quod
2396 4795 2557 4852 istud
2581 4811 2725 4851 casu
2764 4793 3103 4862 contingere
3129 4791 3320 4865 possit
3355 4809 3370 4860 ;
3428 4790 3610 4847 credo

1950 4894 2154 4946 tamen
2183 4903 2308 4944 non
2330 4885 2568 4950 recolet,
2599 4883 2828 4955 piscem
2859 4880 3189 4954 aliquando
3220 4879 3456 4947 Vidisse,
3503 4878 3610 4952 qui

1951 4981 2015 5038 in
2041 4979 2303 5052 spatioso
2332 4975 2602 5043 ﬂumine,
2626 4978 2692 5029 ut
2716 4973 3050 5029 Avarionus
3081 4976 3191 5045 est,
3217 4971 3414 5045 ripam
3431 4985 3613 5042 super

1951 5068 2228 5126 homines
2260 5066 2412 5121 ultro
2441 5063 2768 5135 irrupisset.

2024 5161 2172 5214 XXX.
2203 5155 2509 5228 Siquidem
2527 5168 2636 5226 pro
2667 5149 2957 5207 miraculo
2973 5151 3106 5222 jure
3136 5152 3431 5208 censetur,
3444 5142 3612 5215 quod

1953 5246 2048 5302 vel
2076 5245 2256 5318 piscis
2281 5241 2594 5316 quondam
2625 5240 2701 5296 de
2721 5255 2883 5313 aqua
2913 5238 3146 5304 exsiliit,
3178 5234 3274 5291 vel
3291 5247 3506 5289 cervus
3523 5245 3615 5318 ex

1955 5317 2287 5406 improviso
2315 5331 2390 5386 de
2418 5345 2567 5402 rupe
2596 5328 2806 5385 cecidit
2838 5345 2851 5382 :
2881 5327 2996 5381 hoc
3022 5323 3200 5380 etiam
3227 5318 3476 5391 quodin
3505 5317 3615 5374 ﬂu-

1958 5425 2118 5479 mine
2151 5421 2328 5495 piscis
2359 5420 2437 5477 ad
2463 5417 2826 5492 capiendum
2852 5429 2979 5469 sese
3000 5409 3263 5479 ingessit.
3299 5407 3414 5465 Sed
3437 5407 3616 5464 valde

1959 5511 2095 5585 plus
2127 5511 2346 5566 mirum
2374 5512 2482 5570 est,
2512 5505 2680 5579 quod
2707 5503 2787 5559 ad
2835 5513 3004 5556 esum
3037 5497 3308 5568 ejusdem
3351 5495 3617 5553 hominis

1967 5601 2068 5656 Dei
2097 5600 2326 5656 caelitus
2357 5601 2446 5654 est
2469 5596 2588 5652 alia
2610 5594 2738 5649 vice
2767 5590 3003 5647 allatus.
3041 5591 3168 5644 Non
3195 5587 3372 5657 longe
3405 5585 3618 5641 enima
