4134 6114
500 129 602 182 687

1540 123 1595 178 S.
1639 122 1904 180 ODONIS
1939 121 2238 178 ABBATIS
2263 121 2786 178 'CLUNIACENSIS
2825 125 2890 178 11.

3831 121 3948 176 688

499 249 700 305 Friaco
721 243 1084 300 monasterio
1109 244 1278 300 vicus
1304 247 1396 300 est
1423 243 1486 299 in
1517 243 1745 300 honore
1803 245 1860 300 S.
1893 243 2154 312 Gregorii
2197 279 2244 334 Α
2277 243 2392 299 sita
2422 246 2534 310 est,
2563 243 2842 298 eamdem
2875 241 3252 299 festivitatem
3281 241 3733 298 solemnizabat.
3763 243 3950 296 Porro

501 339 790 404 sacratus,
843 333 940 388 cui
988 333 1206 390 scilicet
1261 332 1576 406 presbyter
1604 332 1856 405 quidam
1915 331 2160 388 nomine

499 423 784 482 Geraldus
831 427 1103 496 praeerat,
1153 423 1258 496 qui
1309 423 1504 479 eidem
1571 423 1698 478 viro
1757 422 1859 478 Dei
1907 421 2159 478 Geraldo

495 513 672 570 valde
703 529 814 586 pro
845 530 956 570 sua
983 513 1291 570 sanctitate
1323 514 1541 568 charus
1572 515 1628 567 et
1673 511 1982 568 familiaris
2013 515 2162 578 erat,

497 603 602 676 qui
631 603 810 659 etiam
842 609 978 658 ante
1005 603 1138 659 vitae
1167 619 1292 658 sure
1307 601 1634 658 terminum
1657 616 1785 656 sese
1815 617 1927 673 pro
1957 615 2164 656 amore

499 691 705 748 divino
727 691 1024 747 reclausit.
1059 692 1146 746 Ad
1173 691 1334 746 hunc
1367 705 1508 758 ergo
1525 689 1654 760 jam
1681 689 1875 744 dictus
1927 688 2016 744 vir
2047 690 2162 742 Do-

499 781 648 838 mini
675 781 960 837 Geraldus
991 779 1318 852 aliquando
1349 779 1604 849 divertit,
1636 794 1820 850 quem
1849 782 1990 850 post
2027 793 2164 834 ora-

501 872 725 927 tionem
790 870 1173 936 deosculans,
1239 869 1387 924 dixit
1445 885 1457 922 :
1501 867 1654 931 Quid
1685 867 1884 934 nobis,
1918 866 2164 924 Geralde

500 961 701 1030 frater,
759 961 836 1016 ad
887 960 1268 1015 refectionem
1327 957 1576 1013 daturus
1631 959 1743 1013 es?
1775 961 1858 1012 En
1913 957 2079 1029 apud
2109 959 2164 1012 te

500 1051 797 1124 prandere
827 1050 1121 1106 venimus.
1151 1047 1393 1104 Dicebat
1423 1048 1584 1103 enim
1611 1048 1727 1104 hoc
1753 1063 1864 1121 pro
1889 1046 2164 1122 familiari

503 1139 917 1204 contubernio,
949 1139 1116 1210 quod
1147 1137 1308 1210 apud
1339 1137 1508 1192 illum
1533 1137 1724 1194 isdem
1753 1127 2032 1194 sacerdos
2060 1137 2166 1192 ha-

501 1229 701 1285 bebat.
735 1233 806 1284 At
861 1228 956 1283 ille
987 1228 1262 1298 gaudens
1293 1247 1306 1283 :
1353 1229 1429 1296 Si,
1467 1227 1678 1300 inquit,
1745 1228 2013 1290 Domine,
2051 1231 2166 1282 tute

502 1317 704 1390 pietati
751 1315 965 1389 placet,
1021 1333 1144 1372 non
1203 1315 1396 1372 abibis
1422 1315 1686 1386 jejunus.
1737 1315 2168 1370 Verumtamen

501 1422 626 1462 non
655 1405 852 1461 habeo
880 1405 1028 1477 quid
1061 1420 1370 1477 apponam
1395 1404 1512 1459 nisi
1561 1419 1784 1478 panem
1827 1407 1883 1459 et
1937 1403 2165 1471 vinum,

505 1496 611 1552 sed
637 1495 943 1567 inquiram
975 1495 1023 1549 si
1049 1495 1195 1550 forte
1221 1511 1490 1560 caseum,
1547 1494 1642 1549 vel
1698 1509 1815 1549 ova
1868 1507 2164 1564 reperero.

2274 331 2566 405 qmedam
2591 348 2664 388 ex
2686 331 2912 388 ancillis
2943 332 3072 404 ejus
3103 331 3358 402 graviter
3387 330 3534 386 inibi
3583 331 3949 397 vexabatur,

2275 423 2430 476 Cum
2459 421 2636 492 igitur
2665 421 2758 478 ille
2785 437 2892 494 per
2921 421 3254 478 orationem
3287 419 3366 476 ad
3385 436 3521 476 eam
3562 419 3952 494 respexisset,

2277 516 2336 568 et
2357 511 2420 566 in
2449 512 2669 580 medio,
2701 517 2764 568 ut
2791 516 2935 580 erat,
2971 511 3178 585 populi
3209 510 3494 568 acerrime
3541 511 3872 574 frenderet,
3897 513 3954 565 et

2275 600 2597 669 vesaniret,
2649 600 2947 670 rogabant
3001 615 3234 666 omnes,
3277 603 3342 654 ut
3397 614 3533 654 eam
3583 599 3676 654 vir
3705 597 3955 654 Domini

2281 689 2524 758 signare
2554 689 2919 760 dignaretur.
2954 689 3126 755 Quod
3152 687 3246 744 ille
3297 703 3404 760 per
3449 693 3810 744 consuetam
3845 685 3960 742 sibi

2277 777 2678 834 humilitatem
2733 778 2954 833 diutius
3001 776 3249 832 distulit.
3289 775 3402 830 Sed
3451 775 3552 832 illa
3579 774 3960 832 debacchari

2279 882 2420 922 cum
2477 883 2600 922 non
2657 871 2940 934 cessaret,
2994 865 3350 934 rogantibus
3405 864 3497 920 his
3543 864 3650 937 qui
3693 864 3962 920 aderant

2278 955 2599 1012 instantius
2655 955 2898 1012 tandem
2935 954 3186 1011 'elevata
3267 969 3476 1026 manu,
3529 954 3705 1024 signo
3757 951 3962 1009 crucis

2281 1060 2416 1100 eam
2497 1044 2770 1114 signavit.
2829 1047 2902 1100 At
2965 1043 3064 1100 illa
3133 1043 3518 1117 purulentum
3577 1041 3962 1113 sanguinem

2281 1149 2593 1202 evomens,
2655 1133 2938 1190 continuo
2987 1137 3198 1188 sanata
3249 1137 3356 1188 est.
3412 1133 3556 1187 Cum
3615 1148 3844 1188 omnes
3899 1131 3960 1186 in

2281 1223 2382 1278 Dei
2456 1223 2738 1279 laudibus
2789 1226 3203 1295 personarent,
3269 1237 3530 1294 eumque
3551 1221 3964 1300 (magnifica-

2277 1317 2430 1382 rent,
2514 1311 2610 1376 ille
2685 1326 2912 1382 magna
3001 1309 3524 1366 animadversione
3607 1325 3715 1366 eos
3789 1326 3960 1366 com-

2279 1401 2512 1473 pescuit
2569 1401 2795 1466 dicens,
2853 1400 3021 1474 quod
3075 1400 3172 1456 Dei
3233 1399 3613 1456 solummodo
3687 1399 3960 1456 clemen-

2281 1491 2448 1562 tiam,
2537 1495 2718 1562 atque
2775 1490 2966 1546 sancti
3035 1489 3205 1556 Petri,
3271 1489 3444 1560 cujus
3505 1488 3763 1545 ecclesia
3849 1494 3956 1554 est,

505 1588 656 1640 Tum
683 1583 881 1640 senior
913 1600 926 1637 :
961 1587 1038 1638 Ne
1069 1587 1144 1650 te,
1173 1582 1384 1654 inquit,
1413 1582 1646 1652 fatiges,
1675 1582 1968 1656 quoniam
1990 1580 2171 1637 absti—
2198 1625 2242 1678 Β
2281 1579 2761 1650 magniﬁcarent.
2811 1581 2948 1652 Ipsa
3003 1583 3091 1635 est
3134 1585 3336 1636 autem
3380 1578 3480 1635 illa
3527 1578 3786 1635 ecclesia
3833 1595 3960 1652 qua

506 1672 722 1728 nentiae
746 1671 875 1726 dies
905 1675 1013 1736 est,
1039 1675 1094 1726 et
1117 1671 1350 1726 bonum
1383 1671 1510 1740 erit,
1542 1671 1590 1726 si
1633 1671 1747 1740 vel,
1780 1671 1926 1743 quia
1947 1669 2168 1725 desunt
2198 1669 2239 1678 ”
2281 1673 2424 1726 tunc
2477 1669 2848 1736 1..orabatur,
2906 1669 3156 1742 quando
3198 1669 3412 1724 mulier
3469 1685 3628 1724 cieca
3671 1669 3960 1742 superius

507 1760 720 1832 epulae,
773 1759 1014 1832 parcius
1044 1759 1156 1814 sub
1183 1759 1298 1814 hac
1335 1759 1652 1816 occasione
1708 1759 2166 1814 comederimus.

507 1850 656 1905 Cum
683 1865 826 1919 ergo
855 1848 1167 1922 presbyter
1225 1847 1304 1904 ad
1360 1849 1830 1921 praeparandum
1874 1847 2170 1904 discurre-

507 1943 613 2010 ret,
643 1937 997 1994 conclavum
1017 1937 1343 2007 ingressus,
1371 1937 1520 1994 vidit
1547 1939 1775 2010 piscem
1823 1937 1884 1992 in
1923 1935 2168 1992 ferculo.

507 2031 669 2084 Tunc
723 2026 1090 2099 stupefactus
1142 2026 1296 2082 clam
1371 2026 1757 2097 interrogavit
1805 2025 2169 2094 ministrum,

507 2117 792 2189 quisnam
823 2116 1054 2188 piscem
1085 2116 1254 2171 illum
1298 2115 1574 2172 attulerit.
1605 2119 1676 2172 At
1725 2115 1822 2172 ille
1851 2115 2084 2172 nescire
2111 2130 2172 2170 se

507 2204 674 2274 dixit,
705 2219 978 2260 asserens
1004 2203 1170 2276 quod
1199 2203 1400 2259 nullus
1443 2203 1526 2259 ibi
1574 2203 1772 2276 fuerit,
1805 2204 1910 2276 qui
1941 2203 2172 2276 piscem

503 2293 674 2350 illum
703 2293 958 2349 afferret.
991 2293 1304 2365 Presbyter
1333 2309 1475 2364 ergo
1507 2293 1710 2348 exiens
1739 2293 1818 2348 ad
1877 2293 2168 2348 seniorem

508 2383 808 2455 supplicat
839 2386 904 2438 ut
961 2382 1022 2437 in
1077 2381 1347 2438 conclavi
1393 2382 1612 2438 intrare
1642 2382 2007 2452 dignaretur.
2044 2383 2172 2447 Quo

509 2477 816 2545 sequente,
849 2472 1080 2544 piscem
1109 2471 1408 2527 ostendit:
1443 2472 1540 2526 Ille
1579 2473 1863 2528 attonitus
1893 2475 1950 2528 et
1977 2472 2172 2527 admi-

507 2565 694 2630 ratus,
724 2561 944 2630 gratias
977 2563 1094 2614 Deo
1121 2575 1262 2614 cum
1292 2559 1603 2616 sacerdote
1633 2559 1947 2616 referebat.
1981 2561 2172 2626 Quem

509 2653 736 2712 tamen,
767 2652 824 2704 et
849 2647 1038 2721 ipsius
1065 2647 1406 2704 ministrum
1423 2649 1772 2719 juramento
1801 2649 2169 2718 constrinxit,

509 2752 584 2793 ne
603 2737 688 2804 id,
721 2735 869 2791 dum
896 2735 990 2792 ille
1017 2736 1256 2804 viveret,
1283 2735 1458 2792 alicui
1489 2737 1916 2809 prodidissent.
1941 2738 2056 2794 Sed
2076 2755 2172 2795 ea-

509 2826 648 2883 dem
678 2841 772 2882 res
797 2825 1072 2898 pluribus
1101 2817 1392 2898 paulatim
1431 2826 1708 2894 innotuit,
1761 2828 2050 2900 quoniam
2082 2828 2172 2883 di-

509 2915 650 2972 vina
675 2915 1066 2988 dispensatio,
1091 2931 1227 2988 quae
1259 2919 1499 2972 sanctos
1529 2933 1808 2989 quosque
1856 2917 2168 2988 gloriﬁcat,

507 3022 610 3062 eos
637 3006 818 3062 etiam
845 3009 1054 3062 contra
1083 3021 1262 3062 suum
1291 3006 1442 3063 velle
1487 3023 1933 3081 nonnunquam
1975 3010 2170 3066 mani—

506 3093 698 3152 festat.
743 3097 888 3150 Vere
919 3094 1208 3150 Dominus
1237 3095 1438 3151 adhuc
1473 3113 1596 3151 sure
1628 3097 2046 3169 promissionis
2085 3103 2174 3155 est

507 3199 760 3252 memor,
808 3187 866 3239 et
911 3183 1276 3256 inquirentes
1325 3200 1466 3240 eum
1513 3200 1636 3240 non
1690 3185 1969 3242 deﬁcient
2005 3187 2171 3243 omni

506 3271 692 3328 bono.
727 3274 1017 3328 Caeterum
1047 3271 1393 3329 incredibile
1435 3289 1560 3329 non
1603 3273 1782 3330 debet
1819 3276 1935 3332 hoc
1962 3276 2168 3348 videri,

507 3357 656 3416 dum
679 3359 1019 3432 frequenter
1047 3359 1343 3431 legamus,
1395 3361 1562 3434 quod
1613 3363 1766 3418 Deus
1813 3363 1892 3419 ad
1937 3364 2172 3437 supple-

509 3452 785 3504 mentum
817 3447 1004 3504 servis
1031 3447 1156 3503 suis
1184 3453 1288 3504 aut
1314 3453 1550 3522 potum,
1583 3453 1686 3506 aut
1711 3451 1914 3507 cibum
1964 3452 2172 3508 divini-

507 3539 601 3591 tus
631 3536 970 3592 ministrare
1001 3535 1285 3606 dignatus
1312 3537 1408 3592 sit.

577 3627 748 3680 XXXI.
809 3627 1004 3694 Pagus
1055 3639 1180 3680 non
1237 3624 1416 3696 longe
1474 3625 1552 3682 ab
1601 3627 1909 3684 Aureliaco
1953 3630 2172 3686 Marcu-

504 3711 686 3768 liscus
713 3715 981 3782 vocatur,
1007 3712 1181 3783 juxta
1204 3729 1386 3786 quem
1415 3713 1572 3787 lapis
1601 3715 1854 3787 quidam
1881 3717 2168 3774 naturali-

505 3807 594 3860 ter
613 3803 910 3860 rotundus
944 3803 1180 3860 insidet.
1217 3807 1368 3862 Cum
1395 3805 1724 3878 aliquando
1775 3807 2037 3864 domnus
2067 3811 2172 3864 Ge-

504 3892 712 3949 raldus
779 3909 810 3948 e
869 3892 1114 3962 regione
1165 3895 1502 3950 transitaret
1529 3937 1542 3962 ,
1605 3896 1856 3968 quidam
1909 3896 1984 3953 de
2037 3899 2169 3970 ejus

506 3982 793 4038 comitatu
823 3981 1120 4038 Adraldus
1151 3982 1415 4050 nomine,
1453 3985 1900 4041 conviatoribus
1937 4002 2168 4043 assere-

503 4071 630 4138 bat,
657 4073 822 4143 quod
853 4086 1031 4143 super
1059 4071 1326 4144 lapidem
1363 4071 1534 4128 illum
1565 4074 1720 4130 saltu
1769 4077 2168 4133 conscendere

504 4165 729 4233 posset.
784 4161 956 4225 Quod
989 4163 1284 4232 "protinus
1341 4163 1570 4218 cunctis
1627 4164 1983 4221 mirantibus
2009 4165 2163 4223 fecit.

507 4249 826 4305 Ferebatur
845 4251 1047 4304 autem
1077 4251 1246 4321 quod
1269 4250 1468 4306 isdem
1491 4252 1714 4308 Adrald
1725 4271 1791 4308 us
1819 4253 2170 4312 incantatio-

505 4353 614 4392 nes
663 4353 734 4392 ac
789 4337 1087 4393 maleﬁcia
1133 4343 1358 4395 nosset.
1409 4339 1819 4414 Subsequente
1851 4347 2051 4401 autem
2082 4363 2168 4402 se-

505 4425 695 4496 niore,
730 4426 970 4482 stabant
998 4425 1080 4482 illi
1119 4428 1224 4500 qui
1251 4427 1566 4500 prmibant,
1595 4435 1653 4487 et
1681 4431 1733 4488 ei
1763 4432 1982 4489 saltum
2011 4434 2168 4492 illius

503 4515 872 4594 indicabant.
918 4515 1016 4570 Ille
1065 4532 1208 4572 vero
1257 4517 1648 4576 considerans
1700 4522 1868 4592 quod
1905 4523 2018 4580 hoc
2061 4541 2168 4597 per

506 4621 679 4662 suam
706 4605 1033 4676 agilitatem
1063 4607 1407 4664 nullatenus
1432 4607 1628 4666 facere
1662 4617 1884 4684 posset,
1935 4613 2168 4674 elevata

503 4711 690 4750 manu
749 4695 989 4765 signum
1048 4695 1240 4752 erucis
1269 4695 1473 4754 edidit.
1533 4700 1755 4756 Dehinc
1809 4702 1904 4759 ille
1943 4720 2082 4762 cum
2103 4706 2166 4762 id

502 4783 704 4839 multis
725 4783 958 4839 vicibus
983 4786 1346 4858 tentavisset,
1371 4787 1712 4846 nullatenus
1728 4793 1962 4850 exsilire
1985 4811 2167 4868 super

501 4871 858 4943 praedictum
902 4871 1166 4944 lapidem
1221 4875 1433 4946 potuit.
1487 4879 1553 4932 Et
1599 4878 1680 4934 ita
1729 4882 2034 4952 cognitum
2077 4889 2166 4941 est

500 4959 666 5032 quod
697 4959 802 5014 illa
827 4959 1108 5017 velocitas
1131 4962 1261 5032 ejus
1293 4979 1400 5036 per
1436 4963 1904 5026 incantationem
1959 4973 2161 5043 fiebat,

499 5065 637 5122 quze
660 5049 713 5105 ei
743 5052 879 5121 post
901 5050 1280 5120 signaculum
1308 5054 1520 5112 adesse
1546 5073 1670 5114 non
1713 5063 1924 5132 potuit,
1955 5067 2012 5117 et
2039 5078 2164 5120 ma-

499 5153 619 5209 gna
647 5139 834 5196 virtus
865 5145 1018 5196 esset
1038 5141 1248 5197 domni
1275 5143 1530 5216 Geraldi,
1597 5151 1734 5218 post
1761 5151 1934 5221 cujus
1962 5150 2159 5220 signa-

497 5229 702 5284 culum
727 5227 818 5284 vis
847 5227 1092 5286 inimica
1119 5230 1268 5286 nihil
1309 5233 1513 5290 valuit.

567 5319 763 5372 XXXII.
801 5318 948 5382 Quia
971 5334 1114 5375 vero
1141 5319 1216 5376 de
1246 5321 1376 5392 ejus
1407 5323 1716 5394 signaculo
1745 5325 1806 5380 id
1823 5326 2155 5397 retulimus,

495 5404 643 5475 quid
665 5404 870 5462 itidem
893 5407 1191 5476 signando
1215 5408 1418 5466 fecerit
1439 5411 1901 5481 subjungamus.
1937 5415 2160 5473 Solem-

491 5490 650 5548 nitas
681 5495 866 5549 sancti
889 5497 1184 5553 Laurentii
1209 5501 1470 5566 venerat,
1502 5502 1558 5553 et
1585 5498 1682 5554 ille
1703 5499 1764 5554 in
1821 5503 2156 5574 quamdam

489 5595 666 5639 suam
697 5583 990 5652 capellam
1017 5599 1153 5653 quae
1205 5598 1334 5642 non
1358 5585 1536 5658 longe
1584 5603 1620 5645 a
1655 5589 1790 5646 vico
1813 5594 2154 5662 Argentado

2281 1758 2600 1815 nominata
2629 1758 2703 1814 de
2733 1775 2894 1831 aqua
2921 1775 3142 1815 manus
3169 1759 3300 1830 ejus
3341 1758 3546 1814 lumen
3585 1759 3840 1830 recepit.

2351 1849 2577 1903 XXXIII.
2607 1846 2864 1912 Quidam
2887 1847 2971 1902 vir
2999 1847 3244 1902 nomine
3275 1846 3632 1902 Herloardus
3661 1845 3741 1903 de
3795 1863 3958 1919 equo

2279 1935 2513 2008 lapsus,
2545 1952 2734 1992 unum
2789 1951 2949 2006 genu
3011 1935 3126 1992 sibi
3183 1935 3377 1992 valide
3418 1935 3651 1992 collisit.
3707 1935 3804 1992 0b
3861 1952 3959 1990 cu-

2275 2025 2376 2098 jus
2434 2025 2704 2082 dolorem
2744 2042 2851 2099 per
2877 2042 2980 2081 sex
3007 2025 3138 2082 dies
3174 2027 3302 2098 jam
3335 2025 3460 2082 sine
3491 2025 3628 2082 cibo
3661 2025 3952 2096 degebat.

2284 2117 2516 2172 Etcum
2546 2115 2692 2170 nihil
2743 2115 2856 2171 sibi
2886 2115 2964 2172 ad
3021 2115 3354 2171 remedium
3401 2115 3663 2187 reperire
3719 2121 3954 2188 posset,

2281 2205 2360 2261 ad
2391 2207 2840 2277 Captennacum
2871 2205 3298 2272 transmittens,
3367 2219 3594 2278 aquam
3649 2205 3728 2260 de
3759 2207 3956 2261 mani-

2285 2293 2402 2350 bus
2431 2293 2638 2350 domni
2667 2293 2900 2350 Geraldi
2951 2294 3110 2350 clam
3141 2294 3252 2350 sibi
3281 2293 3495 2350 deferri
3543 2295 3700 2350 fecit.
3743 2296 3956 2352 Mirum

2283 2382 2476 2450 dictu,
2525 2399 2670 2438 mox
2727 2387 2794 2438 ut
2855 2383 3209 2456 praedictam
3265 2399 3486 2456 aquam
3545 2401 3730 2458 super
3795 2401 3958 2456 genu

2283 2471 2521 2544 sparsit,
2553 2471 2720 2526 omni
2749 2471 2956 2526 dolore
2979 2470 3267 2527 liberatus
3287 2471 3612 2528 incolumis
3671 2475 3956 2530 surrexit.

2279 2559 2409 2614 Alia
2457 2558 2750 2614 nonnulla
2803 2558 3140 2615 referuntur
3185 2559 3260 2615 de
3309 2575 3381 2616 eo
3423 2576 3562 2632 qua:
3589 2559 3686 2616 vel
3739 2561 3958 2629 relatu,

2283 2649 2378 2704 vel
2409 2648 2806 2705 admiratione
2861 2649 3048 2718 digna
3075 2653 3232 2706 sunt.
3290 2649 3402 2707 Sed
3427 2650 3612 2714 enim,
3645 2651 3800 2723 quia
3823 2652 3961 2708 vul-

2282 2739 2518 2810 gariter,
2565 2743 2622 2794 et
2649 2753 2775 2794 non
2806 2754 2842 2795 a
2887 2738 3151 2810 praefatis
3203 2743 3461 2811 quatuor
3507 2739 3768 2796 testibus
3800 2758 3963 2798 asse-

2279 2832 2513 2900 runtur,
2557 2843 2631 2883 ea
2683 2827 2927 2884 reticere
2989 2827 3316 2896 malumus,
3369 2844 3512 2884 cum
3571 2833 3780 2885 tamen
3833 2846 3962 2888 non

2281 2916 2632 2988 ignoremus
2665 2917 2808 2990 quia
2829 2916 3020 2972 multa
3047 2918 3247 2987 gessit,
3291 2933 3426 2990 quae
3477 2918 3570 2974 vel
3599 2919 3832 2988 nullus,
3863 2921 3961 2978 vel

2283 3006 2464 3079 pauci
2535 3006 2944 3078 cognoverint.
2994 3005 3301 3080 Siquidem
3379 3007 3455 3062 de
3511 3009 3962 3066 consuetudine

2280 3096 2522 3168 piorum
2577 3099 2634 3152 et
2687 3095 2990 3152 bonorum
3043 3096 3380 3162 hominum,
3441 3112 3686 3170 semper
3717 3098 3963 3154 humili-

2281 3188 2464 3241 tatem
2511 3184 2675 3241 velut
2717 3185 2914 3241 cordis
2961 3184 3207 3241 oculum
3262 3201 3498 3242 servare
3549 3187 3860 3245 studebat.
3891 3192 3966 3245 Et

2277 3273 2416 3330 ideo
2443 3277 2740 3348 quantum
2777 3279 3032 3347 poterat,
3065 3290 3250 3348 opera
3297 3291 3406 3331 sua
3433 3275 3694 3334 celabat.
3749 3279 3834 3334 De
3863 3277 3962 3334 his

2279 3379 2422 3420 vero
2453 3379 2588 3436 quas
2625 3364 2760 3436 ipso
2785 3363 3023 3420 nolente
3042 3363 3350 3437 patebant,
3372 3364 3584 3422 laudes
3609 3383 3740 3424 non
3771 3367 3964 3440 patie-

2278 3451 2461 3508 batur
2481 3451 2708 3509 audire.
2767 3519 2776 3529 .

2352 3541 2580 3598 XXXIV.
2627 3545 2747 3598 Hoc
2790 3541 2990 3616 itaque
3037 3543 3114 3598 de
3171 3543 3474 3600 miraculis
3511 3545 3644 3616 ejus
3667 3545 3960 3618 sufﬁciat,

2278 3647 2415 3704 quae
2442 3631 2808 3687 satisfaciant
2863 3631 2948 3688 eis
3009 3633 3114 3705 qui
3145 3633 3397 3703 gloriam
3425 3634 3755 3706 cujuslibet
3815 3653 3962 3694 san-

2280 3721 2377 3792 cti,
2411 3737 2535 3777 non
2564 3737 2637 3776 ex
2689 3721 3022 3794 quantitate
3067 3722 3370 3780 bonorum
3425 3740 3708 3798 operum,
3743 3727 3852 3783 sed
3879 3745 3962 3784 ex

2279 3811 2707 3867 numerositate
2783 3811 3111 3868 metiuntur
3162 3813 3492 3884 signorum.
3549 3816 3734 3889 Apud
3799 3833 3962 3890 quos

2281 3900 2430 3957 forte
2484 3901 2768 3958 sanctitas
2826 3902 2957 3972 ejus
2999 3902 3171 3959 vilior
3200 3903 3542 3972 haberetur,
3577 3907 3627 3962 si
3652 3905 3734 3962 de
3765 3908 3958 3965 mira-

2281 3990 2429 4046 culis
2481 4008 2618 4064 quae
2669 3992 2874 4061 vigens
2930 3997 3194 4062 gesserat
3243 3994 3392 4050 nihil
3449 3995 3790 4054 audissent.
3841 3999 3958 4054 Illis

2280 4095 2424 4136 sane
2453 4081 2560 4151 qui
2590 4096 2794 4136 amore
2817 4081 2946 4152 ejus
2963 4081 3059 4154 pie
3081 4087 3374 4154 tenentur,
3401 4100 3670 4158 eumque
3689 4086 3960 4146 discreta

2280 4169 2593 4226 dilectione
2639 4175 3021 4240 venerantur,
3073 4187 3258 4244 opera
3303 4173 3548 4243 justitia;
3593 4192 3736 4248 quae
3793 4195 3959 4234 exer-

2281 4259 2421 4330 cuit,
2445 4259 2640 4330 magis
2665 4259 2921 4333 placent,
2980 4265 3052 4317 At
3071 4278 3212 4318 vero
3243 4278 3382 4318 cum
3407 4268 3737 4338 utrumque
3771 4267 3960 4324 simul

2279 4347 2342 4404 in
2373 4365 2444 4405 eo
2465 4349 2784 4420 concurrit,
2816 4353 2874 4406 et
2913 4350 3143 4421 justitia
3199 4351 3494 4422 videlicet,
3527 4359 3586 4410 et
3611 4357 3958 4413 sanctiﬁca-

2278 4437 2381 4508 tio,
2406 4443 2463 4494 et
2484 4438 2796 4508 signorum
2818 4437 3190 4510 glorificatio,
3225 4441 3490 4498 securius
3521 4443 3712 4514 hunc,
3743 4451 3808 4502 et.
3837 4445 3958 4502 ala-

2278 4527 2452 4586 criori
2481 4528 2796 4585 devotione
2827 4528 3048 4586 colunt.
3083 4534 3232 4588 Nam
3263 4531 3314 4586 si
3343 4531 3594 4589 fortasse
3611 4535 3954 4608 prophetia

2277 4618 2550 4691 spiritum
2578 4617 2905 4688 habuisset,
2934 4619 3134 4676 nullus
3165 4637 3324 4692 eum,
3356 4625 3420 4678 ut
3459 4627 3630 4695 puto,
3664 4631 3956 4682 sanctum

2275 4723 2405 4763 esse
2437 4711 2700 4778 negaret.
2739 4708 2852 4766 Sed
2879 4709 3083 4782 utique
3107 4710 3244 4783 plus
3272 4711 3427 4780 fecit,
3449 4711 3596 4784 quia
3625 4713 3950 4770 avaritiam

2273 4795 2431 4852 vicit.
2453 4799 2600 4852 Nam
2611 4797 2760 4868 quid
2785 4799 3008 4870 profuit
3027 4799 3289 4868 Balaam,
3313 4800 3484 4872 quod
3499 4805 3622 4857 tam
3637 4801 3954 4874 profundo

2274 4885 2559 4956 mysterio
2609 4887 3008 4959 prophetavit,
3055 4890 3308 4962 quando
3347 4895 3595 4962 propter
3621 4892 3950 4948 avaritiam

2273 4973 2630 5045 reprobatus
2655 4981 2745 5032 est
2771 4978 2799 5032 ?
2843 4977 2995 5034 Nihil
3023 4978 3202 5048 igitur
3247 4979 3306 5035 in
3345 4979 3599 5036 Geraldo
3645 4981 3950 5050 grandius

2273 5063 2636 5121 miraculum
2691 5083 2948 5138 quaeras,
3003 5069 3296 5141 quoniam
3341 5071 3456 5126 hoc
3501 5075 3592 5128 est
3617 5071 3790 5143 quod
3822 5084 3946 5126 non

2273 5153 2539 5225 speravit
2565 5154 2626 5210 in
2657 5157 2933 5228 pecunia,
2961 5157 3056 5214 vel
3087 5159 3401 5215 thesauris.
3433 5161 3557 5216 Hoc
3588 5161 3824 5234 quippe
3856 5163 3948 5216 est

2272 5241 2426 5299 sicut
2475 5244 2606 5314 jam
2654 5245 2940 5318 diximus,
2999 5247 3297 5305 mirabilia
3347 5249 3578 5306 fecisse.
3613 5253 3764 5306 Tam
3803 5263 3946 5305 raro

2268 5332 2494 5406 quippe
2519 5335 2800 5407 reperies,
2832 5337 2938 5411 qui
2963 5353 3087 5394 non
3117 5343 3314 5411 speret
3341 5355 3470 5395 esse
3497 5339 3850 5397 felicitatem
3881 5339 3946 5394 in

2267 5421 2558 5492 pecuniis,
2595 5426 2660 5478 ut
2681 5439 2792 5496 pro
2820 5425 2954 5498 ipsa
2977 5427 3216 5484 raritate
3241 5443 3440 5484 sermo
3469 5427 3714 5484 divinus
3759 5427 3947 5486 inter-

2267 5511 2550 5581 posuerit.
2601 5511 2743 5577 Quis
2785 5519 2877 5570 est
2927 5515 3022 5572 hic
3053 5517 3081 5572 ?
3125 5519 3273 5574 Cum
3299 5533 3437 5573 vero
3459 5517 3596 5574 talis
3619 5523 3944 5589 utcunque

2269 5601 2578 5673 reperitur,
2593 5601 2812 5672 dignus
2828 5609 2920 5661 est
2943 5603 3146 5672 laude,
3167 5606 3318 5663 sicut
3347 5605 3462 5662 illic
3493 5605 3894 5678 subjungitur
3925 5623 3939 5660 :
