4092 6158
199 152 306 206 689

990 149 1080 205 DE
1117 152 1278 207 VITA
1318 151 1375 208 s.
1415 151 1721 208 GERALDI
1759 153 2033 211 COMITIS
2067 157 2418 214 AURILIAC.
2457 112 2526 198 ;
2566 160 2694 214 LIB.
2738 163 2829 215 ιιι.

3529 166 3633 221 690

135 311 138 314 -
201 270 615 330 Laudabimus
636 271 948 360 eum,fecit
977 274 1137 330 enim
1163 275 1462 331 mirabilia
1487 277 1549 331 in
1578 277 1700 333 vita
1731 294 1860 334 sua.
1892 283 1938 335 A
1973 280 2319 352 parabiliter
2342 281 2404 336 in
2434 282 2563 352 ejus
2593 282 2764 338 factis
2788 284 3116 354 immineat,
3160 287 3326 360 quod
3350 304 3540 360 usque
3572 289 3631 344 in

200 361 377 429 Quod
404 361 563 416 enim
595 359 881 416 Geraldus
912 363 1264 434 hujusmodi
1308 365 1606 422 mirabilia
1645 366 1864 435 fecerit,

199 449 394 506 multa
449 448 817 504 documenta
871 454 1030 506 sunt.
1075 451 1382 524 Siquidem
1439 457 1676 510 constat
1727 471 1867 511 eum

198 554 339 612 quae
369 553 406 594 a
433 536 786 610 parentibus
817 537 907 592 vel
936 539 1180 609 regibus
1227 541 1280 596 ei
1329 541 1546 597 collata
1602 546 1740 598 sunt
1783 543 1866 598 sic

200 629 483 696 tenuisse,
537 629 603 681 ut
649 640 722 682 ea
767 641 892 681 non
938 630 1000 683 ut
1027 627 1233 700 servis,
1267 628 1374 684 sed
1402 629 1577 702 quasi
1605 629 1868 686 dominis

199 715 611 788 dispensasset
638 732 650 770 :
683 714 863 771 rebus
891 715 953 772 in
976 720 1134 773 terra
1173 718 1298 774 sine
1336 719 1589 790 alicujus
1615 711 1859 776 laesione

199 805 558 873 excrevisse,
589 803 651 860 in
680 804 844 860 caelis
875 809 1078 862 tamen
1094 807 1545 865 'thesaurisasse
1567 827 1579 877 ;
1603 810 1868 881 potentia

200 893 526 951 sublimem
580 892 780 957 fuisse,
838 898 1042 952 tamen
1099 896 1311 970 spiritu
1359 913 1688 971 pauperem
1739 915 1868 970 per-

198 983 524 1040 mansisse.
556 984 950 1057 Quapropter,
980 989 1046 1041 ut
1073 985 1168 1042 ille
1199 987 1487 1060 sequitur,
1525 1003 1723 1060 neque
1753 988 1866 1043 mi-

199 1089 360 1141 rum,
387 1087 585 1145 neque
624 1071 970 1130 incredibile
1018 1074 1196 1131 debet
1238 1075 1444 1144 videri,
1505 1075 1554 1131 si
1608 1075 1868 1134 stabilita

201 1165 344 1219 sunt
371 1161 536 1218 bona
557 1160 714 1218 illius
738 1161 801 1218 in
831 1163 1104 1220 Domino.
1139 1165 1426 1231 Quamvis
1455 1164 1604 1221 illud
1631 1165 1865 1222 incom-

1976 374 2341 425 senectutem
2367 375 2566 426 castus
2593 365 3008 442 perseveravit.
3042 375 3292 431 Castitas
3313 376 3474 432 enim
3505 377 3633 433 sola

1975 463 2226 532 estquae
2257 460 2522 516 imitatur
2567 461 2901 531 angelicam
2938 464 3278 534 puritatem.
3337 470 3483 523 Cum
3521 467 3631 523 ita-

1975 563 2093 620 que
2123 547 2218 604 hic
2256 548 2395 605 vicit
2432 549 2764 618 libidinem,
2823 567 2960 623 quas
3005 553 3271 610 maxima
3317 555 3503 611 virtus
3546 561 3633 612 est

1977 636 2232 708 Satanaa,
2262 637 2484 692 mirum
2514 653 2638 692 non
2668 642 2756 694 est
2780 638 2828 698 si
2857 654 2968 694 nec
3007 639 3200 695 eidem
3254 643 3485 698 Satanae
3526 644 3632 698 im-

1973 727 2160 794 perat,
2188 739 2373 796 quem
2396 725 2689 780 servando
2720 725 3054 782 castitatem
3092 726 3327 784 devicit.
3379 731 3632 786 Incredi-
3713 717 3718 719 ’

1972 809 2090 866 bile
2136 825 2260 866 non
2316 815 2404 867 est
2449 813 2615 884 quod
2662 829 2824 869 nunc
2866 814 3148 870 obsessos
3180 832 3216 871 a
3255 816 3632 875 dtemonibus

1971 899 2185 956 liberat
2212 899 2316 972 qui
2347 917 2714 958 mammona:
2742 903 3075 976 principem
3105 921 3141 961 a
3168 921 3278 961 suo
3299 906 3496 973 corde,
3513 907 3634 961 vin-

1973 988 2166 1044 cendo
2197 989 2529 1058 avaritiam,
2561 991 2781 1062 rejecit.
2817 994 2956 1047 Jure
2988 993 3148 1049 enim
3199 993 3476 1066 spiritum
3529 1011 3632 1049 su-

1971 1077 2195 1149 perbiae
2221 1092 2381 1133 nunc
2412 1079 2751 1150 subjectum
2781 1079 2980 1148 habet,
3023 1081 3124 1154 qui
3146 1081 3207 1136 in
3232 1081 3364 1154 ipso
3387 1086 3631 1139 terrenae

1972 1167 2280 1239 potestatis
2307 1167 2566 1224 culmine
2592 1169 2800 1225 mitem
2831 1186 2893 1226 se
2919 1170 3203 1226 exhibuit.

1453 1526 1797 1615 LIBER
1879 1529 2380 1617 TERTIUS.

1717 1744 2122 1756 *Ἀ

271 1904 569 1971 Quoniam
621 1902 930 1972 signorum
976 1901 1293 1958 virtutibus
1340 1901 1644 1973 insignem
1684 1904 1865 1961 fuisse

194 1992 604 2050 venerabilem
643 1992 842 2047 virum
891 1990 1212 2047 Geraldum
1269 1991 1618 2063 praelibatus
1668 2010 1865 2050 sermo

195 2081 570 2139 enucleatius
629 2080 928 2147 disseruit,
990 2084 1174 2136 restat
1226 2095 1389 2135 nunc
1426 2085 1490 2135 ut
1526 2081 1783 2152 qualiter
1830 2098 1867 2138 a

194 2186 488 2244 corporeo
547 2169 806 2240 tegmine
858 2167 1185 2240 spiritalem
1233 2169 1554 2224 essentiam
1582 2170 1862 2239 emiserit,

194 2261 355 2334 stylo
384 2260 652 2318 titulante
683 2260 1114 2332 exprimamus.
1150 2262 1388 2316 Certum
1418 2259 1578 2315 enim
1610 2265 1861 2331 constat,

193 2351 342 2424 quia
381 2349 572 2405 isdem
615 2349 722 2418 vir,
772 2364 1127 2420 quanquam
1179 2349 1468 2421 parcitate
1511 2348 1863 2420 frugalitatis

195 2439 572 2512 corporalem
594 2438 924 2512 appetitum
965 2437 1283 2505 domuerit,
1325 2437 1515 2508 viguit
1554 2441 1753 2494 tamen
1779 2437 1864 2494 vi-

192 2530 382 2586 ribus.
416 2533 531 2585 Nec
560 2528 858 2600 impotens
887 2528 1104 2583 robore
1133 2527 1321 2583 caruit
1370 2527 1429 2583 vi
1478 2527 1857 2584 fortitudinis.

197 2619 316 2676 Sed
343 2635 483 2674 cum
507 2618 635 2688 jam
667 2616 1018 2685 contiguum
1049 2620 1225 2683 esset,
1258 2621 1322 2672 ut
1350 2631 1386 2672 a
1417 2617 1714 2689 completa
1753 2616 1861 2672 mi-

195 2707 346 2774 litia,
380 2709 582 2778 utpote
608 2719 896 2773 annosus,
923 2703 1100 2759 eximi
1130 2703 1469 2771 deberetur,
1501 2704 1680 2777 coapit
1709 2721 1745 2761 a
1772 2722 1863 2761 so-

192 2796 301 2852 lito
358 2795 559 2864 vigore
617 2797 960 2850 attenuatus
1019 2793 1195 2849 elabi.
1244 2794 1466 2848 Verum
1508 2809 1619 2850 nec
1657 2797 1860 2866 ipsum

193 2883 388 2952 latuit,
419 2882 566 2954 quin
606 2881 807 2954 potius
847 2881 1116 2954 ipsarum
1154 2881 1372 2936 virium
1418 2881 1728 2938 evacuatio
1781 2883 1859 2939 ad

193 2973 542 3029 defectionis
600 2974 730 3044 ejus
778 2972 1077 3044 judicium
1133 2972 1518 3044 panderetur.
1589 2975 1858 3046 Cumque

193 3067 518 3137 praesentes
566 3062 885 3136 plerosque
933 3065 1216 3128 cerneret,
1264 3061 1367 3133 qui
1419 3061 1472 3117 ei
1517 3061 1857 3132 diligentius

194 3153 499 3210 adhaerere
531 3156 989 3217 consueverant,
1033 3151 1208 3224 quasi
1240 3151 1614 3223 profundiori
1644 3155 1700 3207 et
1727 3150 1859 3206 inti-

193 3258 299 3298 mo
331 3241 593 3311 singultu
617 3257 688 3297 ac
719 3239 1006 3296 defectivo
1053 3221 1260 3295 affatu?
1282 3255 1528 3295 exorsus
1573 3244 1662 3296 est
1701 3257 1860 3296 com—
1889 3221 1930 3277 (ἶ

192 3330 438 3404 pellare.
467 3331 588 3398 Eia,
612 3329 892 3399 clientuli,
907 3334 964 3385 et
992 3329 1238 3385 comites
1261 3329 1634 3392 amabillimi,
1657 3346 1858 3386 nonne

193 3419 460 3492 aspicitis
485 3435 521 3475 a
545 3419 795 3493 pristino
821 3434 918 3474 me
938 3417 1286 3474 destitutum
1304 3418 1520 3474 robore
1537 3422 1565 3474 ?
1578 3418 1859 3474 Animad-

190 3509 396 3566 vertite
449 3510 798 3566 viciniorem
846 3525 979 3564 esse
1005 3508 1398 3582 depositionis
1430 3525 1580 3564 meae
1612 3513 1857 3581 sortem,

194 3615 320 3672 quo
344 3599 602 3671 spiritus,
636 3599 890 3654 ducente
922 3614 1031 3654 suo
1057 3602 1320 3670 auctore,
1361 3598 1750 3654 transferatur
1779 3598 1858 3654 ad

193 3688 562 3743 destinatum
584 3687 974 3743 habitationis
1004 3687 1469 3759 receptaculum,
1501 3691 1718 3743 natura
1749 3687 1861 3743 fra-

129 3794 132 3796 ·
193 3776 424 3848 gillima
448 3775 751 3843 redigatur
780 3775 841 3830 in
871 3775 1202 3846 pulverem.
1231 3779 1356 3831 Non
1372 3775 1541 3831 illum
1564 3775 1861 3830 cruciatus

189 3864 464 3933 langoris
496 3863 573 3918 ab
600 3863 961 3918 abstinentia
1000 3863 1171 3919 solita
1219 3864 1478 3920 arcebat.
1541 3864 1680 3920 Mira
1725 3880 1859 3919 res:

191 3968 323 4012 non
375 3951 476 4008 illa
525 3951 756 4018 saltem,
803 3967 938 4024 quae
978 3956 1289 4008 veteranos
1330 3952 1686 4026 compellere
1717 3952 1866 4008 solet

193 4040 596 4110 imbecillitas,
618 4044 833 4114 praeter
864 4044 1220 4095 consuetum
1265 4057 1517 4108 morem,
1550 4041 1864 4097 adhaesum

195 4133 473 4190 animum
500 4130 654 4185 illius
680 4129 1046 4202 persuadere
1073 4133 1325 4201 poterat.
1378 4129 1666 4185 Nimirum
1720 4130 1863 4202 quia

193 4222 409 4278 lenitas
425 4219 681 4276 carnalis
697 4219 1046 4292 nequiverat
1066 4218 1330 4275 emollire
1348 4219 1606 4290 rigorem
1623 4219 1861 4275 mentis.

197 4313 348 4369 Cum
379 4325 522 4380 ergo
547 4309 640 4366 his
664 4313 723 4365 et
745 4309 1098 4380 hujusmodi
1128 4308 1444 4364 virtutibus
1475 4311 1681 4365 anima
1713 4308 1866 4379 sagi-

195 4404 463 4463 naretur,
491 4397 758 4470 corporis
788 4397 1123 4453 efﬁcaciam
1168 4397 1499 4452 amittebat.
1558 4397 1671 4454 Sed
1719 4397 1864 4469 quia

199 4502 262 4543 se
291 4486 355 4542 in
394 4487 517 4542 suis
562 4486 751 4542 oculis
794 4485 1129 4558 despiciens
1180 4485 1496 4542 virtutibus
1551 4486 1860 4542 hominem

1973 1905 2283 1962 Aureliaco
2312 1904 2604 1970 imminet,
2622 1904 2950 1977 respiciens
2977 1906 3056 1962 ad
3081 1906 3374 1964 fabricam
3394 1907 3634 1973 domus,

1973 1995 2230 2052 ubertim
2259 1994 2459 2050 ﬂebat.
2496 1997 2644 2051 Cum
2670 2011 2828 2050 unus
2850 2012 2922 2050 ex
2948 1995 3342 2053 familiaribus
3362 1997 3639 2069 inquisis-

1975 2088 2062 2139 set
2088 2099 2340 2139 curnam
2372 2084 2576 2140 fleret?
2605 2085 2981 2157 respondens
3012 2086 3092 2141 ait
3147 2105 3159 2141 :
3218 2087 3368 2152 Quia
3409 2087 3638 2142 deside-

1971 2171 2129 2226 rium
2153 2171 2365 2245 inquit,
2398 2188 2600 2227 meum
2631 2173 2798 2244 quod
2827 2173 2900 2227 de
2940 2173 3072 2228 loco
3119 2173 3232 2229 isto
3268 2174 3636 2244 jamdudum

1973 2261 2242 2332 concepi,
2273 2261 2351 2316 ad
2388 2260 2668 2316 effectum
2711 2260 2879 2317 nullo
2922 2266 3099 2334 pacto
3147 2262 3474 2335 perducere
3503 2278 3639 2334 pos-

1973 2366 2127 2404 sum.
2162 2353 2310 2405 Nam
2338 2350 2467 2405 haec
2495 2351 2732 2423 requies
2762 2366 2918 2418 mea,
2952 2351 3048 2406 hic
3077 2351 3382 2408 habitabo.
3416 2351 3473 2406 Si
3502 2351 3635 2424 qui-

1971 2438 2113 2494 dem
2141 2444 2352 2494 caatera
2382 2455 2518 2511 quae
2548 2439 2990 2494 monachorum
3021 2439 3230 2494 usibus
3255 2445 3397 2512 apta
3426 2439 3634 2495 viden-

1975 2533 2086 2596 tur,
2128 2527 2360 2583 favente
2394 2530 2534 2596 Dco,
2563 2527 2734 2584 facile
2765 2528 3136 2600 praeparavi;
3197 2528 3306 2584 soli
3354 2528 3636 2583 monachi

1971 2616 2207 2684 desunt,
2241 2615 2350 2671 soli
2375 2616 2628 2672 inveniri
2656 2632 2780 2672 non
2807 2622 3084 2688 possunt.
3118 2620 3183 2672 Et
3210 2617 3432 2672 idcirco
3458 2616 3637 2672 veluti

1972 2705 2137 2760 solus
2169 2709 2226 2760 et
2255 2705 2522 2772 orbatus,
2556 2722 2812 2761 maerore
2844 2705 3128 2761 conficior
3158 2724 3171 2771 ;
3229 2721 3404 2778 spero
3435 2710 3636 2760 tamen

1969 2794 2136 2867 quod
2167 2795 2551 2866 omnipotens
2580 2797 2752 2861 Deus,
2787 2795 3034 2867 quando
3062 2795 3114 2852 ei
3134 2795 3442 2868 placuerit,
3475 2795 3632 2850 desi-

1969 2882 2205 2938 derium
2235 2898 2438 2937 meum
2487 2883 2736 2955 implere
2785 2883 3080 2953 dignetur.
3135 2887 3249 2938 Nec
3288 2883 3530 2950 mirum,
3587 2883 3636 2938 si

1970 2987 2080 3041 ego
2128 2976 2408 3044 peccator
2457 2971 2519 3026 in
2569 2973 2683 3027 hoc
2728 2989 2864 3028 meo
2921 2971 3218 3028 desiderio
3270 2973 3631 3045 prolongor;

1968 3059 2468 3133 quandoquidem
2494 3076 2597 3116 rex
2631 3061 2812 3116 David
2854 3061 3190 3133 prohibitus
3235 3065 3323 3116 est
3370 3077 3444 3116 ne
3493 3066 3636 3116 tem-

1966 3150 2138 3223 plum
2189 3149 2442 3205 Domino
2499 3148 2838 3217 aedificaret,
2899 3167 3037 3204 cum
3082 3154 3282 3205 tamen
3314 3149 3439 3222 ipse
3463 3143 3636 3205 dedit

1968 3239 2070 3312 qui
2096 3255 2250 3312 opus
2275 3238 2421 3293 illud
2451 3242 2590 3311 post
2615 3254 2756 3294 eum
2785 3239 3065 3311 expleret.
3116 3242 3180 3295 Et
3211 3255 3322 3308 ego
3353 3239 3487 3294 licet
3517 3239 3632 3293 hoc

1968 3329 2030 3384 in
2059 3330 2173 3385 hac
2199 3329 2321 3384 vita
2346 3344 2467 3384 non
2497 3328 2760 3396 videam,
2807 3329 3114 3402 praestabit
3166 3333 3368 3385 tamen
3418 3326 3629 3385 Christi

1967 3416 2375 3473 misericordia
2416 3417 2582 3490 quod
2626 3423 2866 3490 exopto,
2917 3418 3163 3490 quando
3213 3419 3266 3473 ei
3322 3418 3628 3490 placuerit.

1968 3507 2152 3564 Velim
2178 3523 2322 3563 sane
2349 3507 2631 3576 noscatis,
2663 3507 2807 3580 quia
2848 3509 3122 3563 maceriae
3179 3507 3362 3579 hujus
3411 3507 3631 3562 domus

1967 3597 2306 3670 frequenter
2353 3602 2622 3668 angustae
2680 3602 2853 3653 erunt
2908 3597 3172 3670 populis,
3229 3598 3329 3670 qui
3379 3597 3459 3652 ad
3497 3612 3632 3652 eam

1968 3687 2319 3744 conventuri
2350 3692 2506 3743 sunt.
2542 3687 2804 3753 Qualiter
2831 3691 3032 3743 autem
3057 3689 3173 3743 hoc
3203 3687 3492 3754 didicerit,
3526 3685 3634 3741 mi-

1969 3777 2130 3832 nime
2175 3777 2480 3832 indicavit.
2546 3778 2644 3831 His
2693 3781 2893 3832 autem
2942 3777 3047 3848 qui
3073 3777 3186 3831 hoc
3213 3775 3381 3832 illum
3412 3776 3631 3832 dixisse

1969 3869 2208 3931 norunt,
2271 3881 2409 3920 cum
2460 3864 2859 3936 frequentiam
2913 3865 3301 3936 populorum,
3349 3865 3499 3920 sicut
3535 3865 3630 3920 ille

1971 3952 2264 4026 praedixit,
2289 3952 2348 4006 in
2377 3952 2591 4006 eodem
2638 3952 2772 4006 loco
2803 3951 2931 4006 fieri
2973 3951 3196 4015 vident,
3245 3952 3372 4006 haec
3427 3952 3630 4022 opinio

1973 4041 2223 4096 suborta
2247 4043 2353 4106 est,
2382 4039 2546 4111 quod
2580 4055 2650 4094 ea
2679 4055 2816 4111 quae
2843 4038 3008 4105 dixit,
3042 4038 3326 4094 divinitus
3354 4039 3630 4108 agnovis-

1972 4133 2077 4185 set.
2109 4130 2240 4184 Jam
2269 4143 2408 4183 vero
2439 4144 2508 4183 os
2537 4127 2666 4198 ejus
2698 4127 2780 4182 sic
2807 4143 2880 4182 ex
2907 4126 3283 4182 abundantia
3311 4126 3506 4182 cordis
3546 4142 3632 4182 re-

1971 4216 2266 4291 plebatur,
2299 4220 2364 4272 ut
2386 4216 2481 4272 lex
2511 4215 2746 4272 Domini
2771 4231 3009 4288 semper
3033 4216 3206 4289 plene
3250 4216 3310 4271 in
3353 4232 3424 4272 eo
3475 4231 3632 4272 reso-

1972 4311 2160 4363 naret.
2195 4309 2505 4369 Caeterum,
2534 4307 2706 4377 juxta
2749 4305 3086 4378 exemplum
3135 4305 3366 4378 praefati
3421 4305 3629 4373 David,

1971 4411 2350 4468 quaacunque
2379 4395 2720 4451 necessaria
2745 4394 2958 4450 futuris
2994 4394 3432 4451 habitatoribus
3482 4411 3631 4467 prae-

1971 4484 2232 4549 videbat,
2265 4485 2402 4540 etin
2426 4484 2779 4558 pignoribus
2829 4489 3195 4553 sanctorum,
3239 4490 3295 4541 et
3341 4485 3401 4540 in
3451 4485 3632 4540 eccle-

194 4576 508 4632 nesciebat
540 4594 553 4632 :
587 4591 710 4631 non
755 4575 897 4630 satis
928 4574 1292 4644 intelligebat
1317 4575 1476 4630 unde
1508 4575 1620 4630 sibi
1651 4575 1859 4631 debili-
1895 4571 1934 4624 D
1975 4574 2227 4630 siasticis
2276 4574 2628 4630 utensilibus
2671 4578 2728 4630 et
2758 4574 3144 4644 indumentis,
3200 4591 3304 4630 seu
3362 4578 3515 4630 certe
3568 4574 3630 4628 in

196 4671 292 4722 tas
320 4665 537 4720 virium
567 4664 917 4736 irrepsisset.
969 4666 1102 4719 Jam
1149 4679 1291 4719 vero
1339 4663 1616 4736 spiritalis
1655 4663 1859 4732 virtus,

190 4771 337 4828 quae
396 4754 645 4826 pleniter
690 4753 749 4808 in
801 4769 872 4809 eo
924 4758 1315 4824 succreverat,
1348 4769 1666 4826 corporeas
1709 4753 1862 4808 vires

192 4858 354 4916 pene
381 4841 795 4898 trucidaverat.
818 4840 1047 4913 Quippe
1064 4857 1202 4896 cum
1226 4841 1332 4896 iste
1364 4858 1496 4898 mos
1517 4846 1862 4898 sanctorum

195 4931 296 4998 sit,
328 4930 471 5002 quia
504 4931 690 4985 virtus
719 4929 920 4984 divina
949 4928 1149 4983 minus
1177 4929 1238 4984 in
1270 4929 1355 4984 eis
1395 4929 1593 4985 valida
1633 4929 1860 4998 fuisset,

197 5020 249 5075 si
278 5033 637 5090 corporeum
667 5018 850 5073 robur
873 5033 996 5072 non
1028 5021 1411 5072 attenuasset.
1466 5019 1607 5074 Hinc
1661 5017 1863 5075 Daniel

198 5108 477 5178 angelica
501 5107 792 5163 divisione
809 5123 918 5162 con
929 5111 1153 5178 specta,
1178 5121 1284 5177 per
1311 5106 1437 5161 dies
1460 5108 1680 5164 multos
1705 5108 1864 5164 elan-

199 5197 350 5268 guit.
386 5197 531 5252 Hinc
579 5196 767 5252 Jacob
811 5195 1094 5266 angelum
1149 5194 1466 5263 stringens,
1526 5196 1863 5252 claudicare

201 5285 406 5358 caapit.
437 5285 733 5351 Quoniam
762 5284 866 5356 qui
899 5283 1144 5355 spiritali
1190 5285 1380 5353 gratia
1422 5285 1774 5357 completur,
1828 5301 1864 5340 a

202 5389 496 5447 corporea
524 5373 736 5429 virtute
766 5375 1100 5428 enervatur.
1149 5376 1349 5444 itaque
1399 5373 1650 5429 exterior
1677 5373 1863 5429 homo

203 5452 729 5534 corrumpebatur,
752 5477 892 5518 cum
921 5460 1164 5516 interior
1189 5461 1264 5518 de
1285 5462 1380 5519 die
1417 5463 1478 5518 in
1504 5462 1666 5518 diem
1693 5478 1865 5519 reno-

201 5555 468 5610 varetur.

280 5646 323 5699 l.
367 5641 643 5710 Quadam
671 5644 873 5700 autem
898 5639 994 5698 die
1020 5656 1160 5698 cum
1177 5641 1240 5698 in
1261 5642 1486 5717 oppido
1508 5647 1681 5714 esset,
1699 5642 1867 5717 quod

1973 4680 2257 4734 agrorum
2288 4663 2618 4720 redditibus
2648 4679 2989 4735 prmparare
3025 4663 3272 4719 curavit.

2043 4754 2109 4807 Il.
2153 4755 2226 4808 At
2254 4769 2411 4820 vero,
2439 4753 2592 4808 sicut
2619 4752 2919 4824 Scriptura
2948 4752 3108 4819 dicit,
3146 4756 3209 4807 ut
3238 4752 3341 4824 qui
3389 4756 3630 4808 sanctus

1972 4847 2078 4908 est,
2113 4841 2513 4897 sanctificetur
2543 4840 2763 4905 adhuc,
2811 4841 3128 4913 oportebat
3172 4841 3333 4897 hunc
3383 4841 3483 4897 Dei
3529 4842 3634 4897 ho-

1971 4930 2197 4986 minem
2227 4935 2363 4987 ante
2410 4931 2642 4986 obitum
2681 4945 2787 5002 per
2817 4930 3122 5000 flagellum
3149 4931 3447 5003 exspoliri.
3481 4933 3549 4987 Et
3578 4932 3632 4988 ei

1972 5021 2123 5077 sicut
2149 5021 2326 5077 beato
2352 5021 2462 5076 Job
2493 5020 2757 5090 contigit,
2793 5024 2849 5076 et
2878 5021 3092 5089 Tobize,
3135 5022 3426 5094 quoniam
3469 5039 3632 5078 acce-

1970 5116 2108 5185 ptus
2133 5115 2258 5166 erat
2291 5110 2608 5166 lentatione
2639 5109 2901 5182 probari.
2937 5110 3138 5183 Itaque
3162 5128 3268 5184 per
3299 5115 3549 5182 septem,
3575 5114 3632 5166 et

1971 5217 2042 5256 eo
2069 5200 2329 5272 amplius
2353 5216 2565 5266 annos,
2597 5200 2804 5256 lumen
2835 5200 3148 5256 oculorum
3193 5199 3410 5255 amisit.
3469 5201 3629 5262 Quos

1972 5294 2176 5346 tamen
2204 5289 2285 5345 ita
2314 5289 2689 5363 perspicaces
2718 5289 3000 5355 habebat,
3034 5293 3098 5344 ut
3147 5286 3292 5341 nihil
3341 5285 3630 5341 czecicatis

1970 5379 2097 5453 pati
2119 5377 2475 5435 crederetur.
2507 5381 2635 5444 Qua
2660 5377 3048 5450 percussione
3080 5389 3202 5429 non
3255 5372 3453 5428 solum
3504 5390 3630 5431 non

1972 5468 2180 5535 doluit,
2200 5468 2306 5524 sed
2324 5468 2502 5525 etiam
2527 5467 2858 5540 plurimum
2883 5469 2970 5520 est
2999 5462 3239 5531 gavisus
3260 5463 3322 5518 in
3349 5464 3626 5535 Domino,

1973 5557 2139 5630 quod
2167 5574 2307 5614 eum
2336 5557 2635 5627 ﬂagellare
2666 5555 2946 5624 dignatus
2977 5551 3070 5606 sit.
3117 5551 3346 5626 Quippe
3377 5569 3498 5608 non
3528 5569 3630 5608 ne-

1976 5644 2157 5718 scius,
2211 5645 2356 5718 quia
2401 5661 2523 5702 non
2572 5642 2769 5700 omnis
2803 5639 2907 5713 qui
2950 5639 3282 5711 flagellatur
3324 5641 3482 5697 ﬁlius
3531 5641 3625 5710 sit,
