4096 6138
540 188 637 244 691

1612 179 1669 234 S.
1712 178 1972 236 ODONIS
2008 173 2302 234 ABBATIS
2338 172 2837 231 CLUNIACENSIS
2876 175 2922 227 ll
3782 180 3856 236 ηε

539 307 743 363 nullus
774 310 971 360 tamen
1000 306 1088 360 est
1114 302 1273 359 ﬁlius
1308 302 1414 374 qui
1444 317 1569 358 non
1607 292 1957 373 ﬂagellatur.
1992 302 2059 356 Et
2083 299 2197 355 hoc
2230 300 2278 353 Α
2307 312 2404 353 res
2431 299 2632 353 autem
2657 310 2729 352 ex
2754 295 2899 366 ipsis
2930 309 3137 350 amore
3167 293 3297 364 ejus
3324 292 3595 365 perstricti
3609 293 3860 356 libertatem

540 400 667 453 erat
693 394 745 450 ei
774 392 1122 458 consolatio,
1154 391 1322 464 quod
1367 406 1669 464 supernus
1711 390 1898 461 judex
1945 403 2200 446 manum

543 497 720 539 suam
749 481 830 538 ad
859 479 1192 536 feriendum
1220 480 1384 537 hunc
1415 478 1670 549 solverit,
1701 482 1759 534 et
1783 481 2034 550 peccata
2072 475 2201 533 sine

539 569 763 644 quibus
784 569 880 626 hic
910 585 1033 627 non
1061 568 1297 632 vivitur,
1342 568 1405 624 in
1451 567 1727 640 praesenti
1771 566 2026 638 puniret.
2067 565 2199 622 Jam

538 660 742 731 itaque
768 659 844 716 de
873 657 1283 715 misericordia
1311 656 1548 713 Domini
1570 673 1836 726 securus,
1859 654 2203 712 conﬁdebat

540 747 708 821 quod
736 764 879 805 eum
906 746 985 804 ab
1014 752 1236 803 aeterno
1260 745 1506 804 verbere
1535 744 1786 801 liberare
1833 744 2198 815 dignaretur,

542 852 727 910 quem
751 836 814 892 in
842 835 1124 908 praesenti
1154 834 1270 891 sub
1309 833 1546 903 ﬂagello
1596 849 1865 905 premere
1921 832 2202 902 dignatus

546 925 640 981 sit.
666 925 724 980 Si
752 923 999 996 quidem
1030 928 1229 981 autem
1260 922 1471 980 studiis
1506 921 1812 979 retroactis
1843 921 2065 979 addere
2093 936 2203 993 po-

545 1014 772 1080 tuisset,
799 1017 1026 1085 quanto
1058 1012 1137 1068 ab
1162 1011 1435 1069 exteriori
1471 1011 1875 1085 implicatione
1922 1010 2203 1067 caecitatis

547 1118 736 1160 causa
764 1105 1118 1169 cessaverat,
1153 1104 1316 1158 tanto
1345 1100 1627 1159 attentius
1674 1099 1929 1157 orationi
1969 1099 2202 1155 incum-

548 1191 748 1247 bebat.
781 1195 845 1246 Et
871 1207 992 1263 quo
1019 1189 1234 1246 mundi
1260 1188 1522 1259 ﬁguram
1551 1189 1766 1246 intueri
1795 1189 2106 1262 nequibat,
2133 1204 2205 1246 eo

551 1280 753 1337 cordis,
776 1280 855 1334 ad
895 1295 1102 1335 verum
1143 1278 1351 1333 lumen
1404 1278 1936 1350 contemplandum
1990 1277 2206 1333 clarius

549 1369 911 1426 intendebat.
959 1370 1152 1425 Causa
1180 1368 1260 1424 ab
1284 1368 1674 1424 exterioribus
1706 1366 1877 1423 factis
1906 1366 2202 1429 cessabat,

547 1462 740 1515 totum
773 1474 835 1513 se
866 1458 946 1514 ad
977 1457 1244 1514 studium
1289 1456 1600 1522 orationis,
1654 1456 1747 1511 vel
1795 1456 2207 1512 assiduitatem

548 1546 818 1603 lectionis
846 1546 1211 1619 applicabat.

2306 389 2676 447 recusantes,
2729 399 3085 456 permanere
3140 382 3336 451 magis
3397 381 3457 437 in
3501 383 3734 440 servitute
3773 388 3863 457 ejus

2307 473 2669 531 maluerunt.
2723 474 2851 538 Quo
2914 472 3073 528 facto
3139 470 3431 544 pervideri
3490 476 3683 542 potest,
3733 490 3865 546 quam

2308 563 2480 620 dulce
2508 563 2845 619 dominium
2884 563 2945 619 in
2977 578 3082 619 eos
3112 561 3452 627 exercuerit,
3465 561 3865 635 quandoquidem

2309 669 2433 708 sua:
2460 651 2717 708 libertati
2739 652 3080 707 servitutem
3107 650 3267 706 illius
3297 649 3562 722 praeferre
3589 652 3865 709 maluerunt

2309 741 2665 798 Monebatur
2694 745 2896 797 autem
2924 757 2962 796 a
2990 740 3357 813 quibusdam
3387 740 3525 809 suis,
3553 744 3802 812 quatenus
3820 742 3871 799 de

2310 832 2563 902 familia,
2628 848 2765 904 quas
2841 830 3081 887 sibimet
3134 830 3361 886 aifatim
3412 829 3870 902 superabundant,

2311 921 2605 992 majorem
2644 919 3087 977 multitudinem
3114 919 3265 990 jugo
3293 917 3576 974 servitutis
3599 918 3873 975 absolveret

2313 1009 2543 1076 Quibus
2568 1009 2648 1066 ait
2680 1026 2694 1065 :
2725 1012 2979 1075 Justum,
3008 1008 3218 1081 inquit,
3251 1011 3359 1078 est,
3412 1012 3477 1064 ut
3499 1007 3590 1065 lex
3625 1008 3874 1064 mundialis

2312 1099 2374 1157 in
2401 1100 2517 1155 hoc
2542 1098 3134 1165 observetur,etideo
3157 1113 3479 1153 numerum
3504 1096 3561 1151 in
3586 1096 3765 1152 eadem
3785 1096 3875 1166 legs

2312 1189 2708 1263 praestitutum
2739 1186 3124 1259 praetergredi
3151 1202 3273 1242 non
3299 1185 3531 1242 debere.
3555 1185 3705 1250 Quod
3721 1185 3782 1240 ad
3802 1188 3877 1240 hoc

2316 1278 2388 1333 sit
2430 1280 2994 1336 commemoratum.
3054 1279 3118 1331 ut
3167 1275 3310 1331 hinc
3362 1279 3554 1347 pateat
3593 1278 3877 1345 quantopere

2315 1360 2535 1417 divinis
2566 1361 2878 1434 przeceptis
2908 1360 3241 1416 adhaeserat
3273 1377 3285 1414 :
3329 1357 3569 1432 quando
3590 1358 3744 1414 etiam
3765 1357 3877 1426 lega-
3916 1422 3923 1431 ,

2315 1451 2473 1507 libus
2492 1450 2573 1505 ita
2604 1466 2665 1505 se
2690 1449 3051 1517 submiserit,
3075 1454 3131 1504 et
3156 1448 3455 1503 humanis.

2389 1542 2452 1595 V.
2497 1543 2754 1595 latrante
2785 1554 2927 1593 vero
2967 1538 3096 1609 jam
3124 1554 3249 1592 suae
3280 1535 3634 1605 migrationis
3667 1538 3877 1607 tempore,

623 1637 715 1690 Ill.
768 1634 1007 1690 Biennio
1064 1634 1418 1706 priusquam
1467 1632 1675 1699 obiret,
1727 1632 2037 1688 ecclesiam
2078 1632 2212 1688 fecit
2243 1649 2281 1703 Β
2319 1628 2670 1685 morabatur
2700 1628 2864 1700 apud
2892 1628 3306 1685 Cezerviacum
3341 1627 3481 1697 (114)
3518 1623 3800 1697 quamdam
3820 1624 3880 1677 sui

555 1722 899 1778 solemniter
955 1722 1240 1777 dedicari.
1307 1726 1367 1777 In
1412 1722 1699 1777 altaribus
1749 1738 1888 1776 vero
1932 1725 2092 1777 tanta
2120 1721 2210 1793 pi-

557 1826 744 1881 gnera
774 1813 1119 1865 sanctorum
1159 1811 1308 1880 (113)
1354 1808 1531 1865 insita
1567 1813 1723 1877 sunt,
1778 1814 1840 1865 ut
1893 1809 2213 1864 scientibus

558 1900 779 1956 mirum
828 1899 918 1954 sit.
974 1898 1071 1954 His
1116 1903 1315 1955 autem
1364 1898 1471 1971 qui
1498 1898 1648 1954 forte
1674 1899 2061 1955 ascientibus
2107 1915 2213 1955 au-

558 1987 749 2054 diunt,
780 2002 934 2059 pene
959 1985 1302 2042 incredibile
1330 1986 1621 2043 videatur.
1644 1990 1790 2044 Nam
1817 1987 1878 2044 in
1906 1988 1998 2043 his
2026 1987 2214 2044 unde-

561 2091 798 2150 cunque
828 2074 1177 2144 colligendis
1208 2080 1378 2148 pater
1404 2074 1498 2131 ille
1529 2081 1791 2144 sanctus,
1823 2077 2055 2149 quoties
2086 2093 2216 2133 sese

560 2164 976 2239 opportunitas
998 2164 1370 2236 praebuisset,
1402 2165 1786 2229 omnimodis.
1838 2166 2003 2239 quad
2052 2166 2214 2229 vixit,

560 2269 810 2328 operam
865 2251 1048 2308 dedit.
1104 2254 1247 2318 Quae
1295 2252 1514 2309 scilicet
1561 2259 1619 2309 et
1648 2254 1811 2327 apud
1852 2256 2129 2322 Roma'n,
2162 2259 2219 2312 et

562 2342 786 2414 ubique
811 2341 1083 2397 locorum
1114 2340 1199 2398 sic
1235 2341 1598 2415 impetrabat
1658 2361 1670 2399 :
1731 2343 1884 2399 sicut
1933 2344 2216 2400 nimirum

560 2430 679 2497 ille,
709 2430 814 2504 qui
844 2435 900 2486 et
928 2430 987 2485 in
1019 2446 1316 2501 sermone,
1348 2435 1406 2488 et
1432 2434 1598 2488 vultu
1629 2436 1756 2489 erat
1791 2428 2084 2502 gratiosus
2119 2450 2131 2487 :
2162 2436 2217 2487 et

561 2518 625 2576 in
649 2518 868 2575 dandis
892 2518 1094 2592 pretiis
1118 2518 1464 2587 muniﬁcus,
1495 2523 1551 2575 et
1575 2519 1743 2593 quod
1772 2519 1969 2590 majus
1999 2524 2105 2587 est,
2154 2519 2215 2574 in

561 2609 624 2666 id
652 2608 819 2682 quod
847 2607 1152 2679 agendum
1182 2612 1325 2676 erat,
1358 2608 1566 2666 divina
1595 2608 1784 2679 gratia
1831 2608 2033 2665 fretus.
2085 2612 2215 2665 Fre-

561 2702 813 2773 quenter
841 2697 1002 2753 enim
1031 2713 1142 2770 pro
1172 2697 1399 2753 eisdem
1429 2697 1781 2770 pignoribus
1802 2697 2214 2772 impetrandis,

562 2794 618 2845 et
644 2787 909 2863 pretiosa
936 2786 1210 2857 tentoria,
1243 2802 1479 2843 necnon
1510 2786 1890 2859 corpulentos
1921 2803 2129 2861 equos,
2162 2791 2219 2843 et

560 2876 749 2934 multa
777 2875 1172 2949 pecuniarum
1201 2875 1473 2948 pondera
1509 2879 1742 2932 constat
1789 2893 1928 2932 eum
1958 2876 2213 2933 dedisse.

560 2966 805 3022 Dentem
835 2980 1100 3037 namque
1123 2964 1312 3021 sancti
1341 2964 1617 3022 Martialis
1654 2965 1715 3021 in
1763 2965 1971 3022 dextro
2025 2965 2216 3036 altari,

557 3070 697 3111 cum
726 3053 989 3126 reliquiis
1013 3052 1346 3110 beatissimi
1375 3053 1585 3111 domui
1613 3054 1861 3123 Martini,
1893 3070 2128 3111 necnon
2161 3058 2219 3112 et

557 3144 749 3202 sancti
779 3142 977 3200 Hilarii
1007 3141 1358 3211 collocavit;
1414 3159 1598 3216 quem
1641 3158 1677 3199 a
1728 3148 1937 3200 sancto
1966 3160 2216 3216 corpore

554 3232 757 3289 nullus
786 3247 859 3286 ex
884 3230 1286 3300 largitoribus,
1321 3247 1357 3287 a
1388 3236 1597 3287 sancta
1628 3231 1891 3299 maxilla,
1942 3249 2081 3288 cum
2111 3232 2217 3289 diu

554 3325 932 3388 conarentur,
966 3335 1172 3375 eruere
1199 3324 1420 3392 posset,
1451 3310 1904 3392 ille’preemissa
1946 3321 2215 3378 oratione

552 3407 826 3483 protinus
880 3424 1018 3463 eum
1066 3407 1302 3463 avulsit.
1363 3409 1442 3465 De
1483 3408 1698 3464 eodem
1737 3409 2002 3482 profecto
2030 3410 2215 3467 altare

553 3497 775 3553 mirum
805 3494 1033 3566 aliquid
1057 3494 1189 3566 ipso
1218 3494 1612 3551 dedicationis
1638 3494 1734 3551 die
1765 3497 2011 3568 contigit
2057 3499 2214 3555 acci-

551 3584 729 3641 disse.
762 3583 1020 3649 Quidam
1051 3582 1211 3638 enim
1236 3583 1616 3655 juvenuulus,
1651 3601 1789 3641 cum
1818 3585 2005 3642 turbas
2028 3589 2216 3644 semet

550 3672 981 3746 imprimerent,
1012 3669 1263 3745 pallium
1291 3671 1554 3744 desuper
1583 3671 1732 3739 tulit,
1782 3677 1846 3729 ut
1887 3673 2056 3729 illurn
2102 3675 2213 3731 mi-

551 3761 738 3818 nistro
767 3760 1058 3829 redderet,
1088 3776 1228 3816 cum
1257 3760 1507 3833 quidam
1555 3760 1608 3817 ei
1659 3760 1923 3818 dicerent
1959 3761 2213 3819 circum-

551 3853 798 3928 stantes,
829 3866 905 3906 ne
934 3848 995 3905 id
1020 3852 1428 3924 praesumeret.
1488 3849 1602 3906 Sed
1648 3849 1939 3924 quoniam
1978 3851 2073 3908 ille
2104 3851 2213 3908 tol-

547 3938 668 3996 lere
723 3954 846 3995 non
901 3938 1104 4003 misit,
1184 3938 1458 4011 protinus
1530 3938 1867 3995 vehementi
1935 3939 2215 4010 angustia

549 4029 1020 4101 comprehensus
1041 4030 1150 4097 est,
1173 4042 1244 4083 ac
1270 4027 1467 4099 primo
1496 4044 1713 4083 manus
1745 4029 1873 4100 ejus
1900 4029 2213 4085 excoriataa

550 4123 710 4174 sunt.
743 4120 904 4174 Tunc
934 4115 1225 4189 paulatim
1255 4132 1434 4173 omne
1467 4132 1686 4190 corpus
1712 4117 1865 4190 pelle
1893 4117 2209 4184 nudatum,

548 4211 615 4261 ut
642 4205 742 4261 vix
770 4210 907 4278 post
933 4221 1037 4260 sex
1075 4204 1493 4260 hebdomadas
1533 4205 1950 4260 convalescere
1989 4209 2210 4278 posset.

551 4295 795 4360 Locum,
814 4293 964 4347 sicut
978 4291 1121 4347 olim
1137 4291 1500 4359 decreverat,
1532 4293 1976 4349 monachorum
2001 4293 2210 4350 ditioni

549 4380 861 4450 delegavit,
894 4379 1000 4435 ubi
1032 4383 1230 4435 tamen
1254 4378 1471 4435 dehinc
1509 4396 1728 4453 parum
1762 4380 2208 4439 demorabatur.

622 4469 708 4523 IV.
744 4467 946 4540 Spatio
975 4484 1099 4540 quo
1131 4467 1475 4542 supervixit,
1506 4484 1890 4541 summopere
1930 4485 2213 4541 procura-

550 4558 654 4626 vit,
689 4561 753 4614 ut
781 4573 992 4613 omnes
1021 4556 1100 4612 ad
1127 4572 1188 4612 se
1218 4556 1578 4630 pertinentes
1609 4557 1669 4613 in
1700 4573 1846 4630 pace
1868 4558 2211 4628 dimitteret,

551 4665 627 4707 ne
657 4649 804 4705 forte
827 4647 943 4704 litis
973 4647 1214 4704 occasio
1243 4651 1445 4721 posset
1466 4647 1618 4703 inter
1647 4664 1751 4703 eos
1796 4648 1954 4704 oriri.
1985 4648 2215 4705 Praedia

550 4737 645 4794 vel
669 4738 992 4813 mancipia,
1024 4755 1158 4811 quae
1204 4738 1381 4795 beato
1429 4741 1596 4795 Petro
1641 4754 1763 4794 non
1811 4738 2211 4808 delegaverat,

552 4826 703 4882 inter
758 4827 1058 4899 quosdam
1111 4827 1486 4901 propinquos
1536 4843 1605 4885 ac
1656 4826 1889 4891 milites,
1935 4825 2026 4883 vel
2060 4831 2215 4884 certe

440 4964 447 4965 κ
554 4915 933 4973 servitoribus
965 4916 1208 4972 dimisit.
1262 4916 1570 4972 Nonnullis
1621 4920 1823 4972 tamen
1868 4932 1940 4973 eo
1990 4920 2214 4987 tenore,

554 5020 676 5077 quo
723 5009 1047 5078 postquam
1083 5006 1372 5075 obissent,
1423 5005 1500 5061 ad
1546 5005 1923 5062 Aureliacum
1971 5008 2217 5078 accepta

551 5091 863 5149 redissent.
899 5095 1147 5150 Centum
1178 5110 1247 5148 ex
1298 5092 1615 5166 mancipiis
1660 5098 1892 5150 tantum
1945 5093 2216 5149 libertate

554 5185 695 5238 tunc
725 5180 990 5238 donavit.
1022 5184 1172 5238 Nam
1201 5180 1350 5238 alias
1393 5180 1644 5238 diversis
1683 5182 1830 5239 locis
1869 5198 1938 5238 ac
1992 5186 2219 5253 tempo-

553 5270 722 5329 ribus
748 5272 1069 5329 innumera
1097 5275 1255 5339 sunt,
1281 5288 1417 5346 quae
1447 5271 1867 5345 emancipavit.
1885 5269 2215 5344 Quamplu-

628 5414 796 5486 (us),
815 5415 1009 5471 Tanta
1033 5416 1295 5486 pignora
1323 5420 1688 5486 sanctarum.
1723 5413 1785 5486 ld_
1815 5416 1904 5469 est
1926 5411 2214 5486 reliquiw,

559 5482 860 5556 chymilia.
893 5482 1207 5555 Gregorius
1236 5484 1875 5556 Turonensispassim.
1927 5482 2215 5555 Cdo—ipse

557 5552 865 5628 infra,qlib.
897 5572 974 5622 IV,
991 5552 1139 5628 cap.
1173 5560 1205 5613 8
1232 5561 1290 5613 et
1318 5561 1403 5626 l2,
1436 5560 1494 5611 et
1518 5552 1633 5628 alii.

632 5622 779 5703 (114)
818 5624 1003 5704 Apud
1031 5622 1472 5687 Cézerniacum.
1501 5624 1737 5701 Gallice,
1766 5622 2068 5683 Cézez'nac.

2316 1717 2467 1789 juris
2500 1717 2832 1784 ecclesiam,
2856 1734 2991 1788 quas
3013 1717 3071 1771 in
3104 1717 3399 1772 honorem
3426 1713 3600 1770 sancti
3629 1712 3763 1770 Cirici
3787 1727 3880 1767 con-

2323 1810 2549 1862 secrata
2575 1810 2679 1861 est.
2712 1808 2858 1862 Cum
2897 1805 3143 1877 quidem
3191 1804 3332 1876 plus
3383 1803 3548 1859 solito
3577 1806 3881 1874 compunctus

2322 1895 2681 1969 profundius
2732 1894 3094 1967 suspirabat,
3132 1894 3213 1952 ita
3261 1898 3330 1951 ut
3379 1893 3516 1951 satis
3555 1896 3751 1964 pateret
3769 1889 3880 1965 quod

2324 1985 2689 2042 desiderium
2717 1985 2912 2041 cordis
2942 1985 3071 2055 ejus
3122 1984 3241 2042 alio
3290 1983 3569 2051 tenderet,
3615 1979 3880 2039 consolatio-

2325 2089 2585 2146 nemque
2607 2072 2665 2129 in
2688 2072 2964 2146 praesenti
2996 2088 3389 2145 nequaquam
3414 2071 3660 2129 haberet.
3683 2073 3800 2127 Inter
3821 2082 3881 2122 su-

2327 2163 2510 2237 spiria
2557 2180 2698 2219 vero
2750 2162 3036 2236 lacrymis
3083 2161 3560 2231 sutfundebatur,
3587 2164 3637 2218 et
3662 2156 3882 2218 erectisin

2326 2253 2544 2309 caelum
2567 2252 2822 2309 subinde
2851 2252 3080 2308 visibus
3112 2251 3350 2322 orabat,
3380 2256 3446 2308 ut
3488 2251 3562 2308 ab
3602 2250 3700 2308 hoc
3732 2243 3881 2305 saeculo

2323 2342 2693 2412 liberaretur,
2718 2341 2935 2415 saepius
2956 2346 3235 2421 repetens
3264 2348 3442 2415 atque
3470 2341 3657 2397 dicens
3684 2355 3696 2394 :
3727 2336 3880 2421 Subvej
3980 2410 3981 2421 χ

2327 2432 2468 2500 nite,
2497 2432 2695 2487 sancti
2720 2414 2843 2487 Dei.
2873 2414 2998 2486 Iloc'
3017 2445 3286 2503 namque
3316 2414 3563 2487 verbum
3605 2440 3795 2499 semper
3826 2420 3882 2478 ori

2326 2519 2457 2590 ejus
2485 2517 2775 2575 familiare
2807 2518 2998 2575 fuerat
3049 2535 3061 2572 :
3116 2518 3233 2574 hoc
3260 2518 3339 2575 ad
3362 2522 3627 2575 eventum
3653 2510 3884 2584 cujuslibet
3980 2510 3981 2590 ξ

2327 2607 2504 2664 subiti
2534 2622 2713 2663 casus
2739 2606 3063 2664 inclamare
3090 2607 3343 2664 solebat.
3396 2610 3517 2664 Non
3557 2603 3773 2661 multum
3789 2612 3883 2654 vero
3980 2616 3981 2664 Τ

2325 2701 2465 2771 post
2511 2696 2699 2753 vitalis
2756 2696 2925 2767 vigor
2973 2696 3157 2768 coepit
3184 2713 3434 2771 spasmo
3461 2688 3885 2769 quodamintabe—

2327 2801 2509 2854 scere,
2542 2790 2904 2858 artuumque
2934 2785 3089 2841 vires
3119 2802 3189 2841 ac
3232 2785 3415 2842 totius
3453 2782 3693 2859 corporis
3714 2780 3887 2837 harmo-

2325 2873 2427 2929 nia
2457 2872 2747 2946 paulatim
2776 2873 3044 2931 dissolvi.
3069 2874 3529 2931 Dissolutionem
3554 2870 3709 2941 igitur
3721 2865 3790 2923 sui
3802 2864 3887 2933 iam

2325 2961 2549 3019 instare
2577 2978 2950 3033 cognoscens
2993 2963 3397 3021 Amblardum
3451 2961 3759 3037 episcopum
3789 2949 3886 3024 (115)
3980 2960 3981 3025 (

2319 3051 2493 3123 jubet
2540 3051 2796 3121 evocari,
2856 3055 2920 3108 ut
2948 3052 3077 3123 ejus
3117 3053 3446 3111 transitum
3475 3052 3588 3107 suis
3610 3040 3886 3103 orationibus
3980 3056 3981 3067 ‘

2324 3140 2603 3211 muniret,
2663 3157 2959 3215 ovemque
3017 3141 3290 3214 paradisi
3333 3156 3555 3216 pascua
3593 3134 3885 3209 repeteniw.

2324 3228 2547 3303 pastori
2577 3229 2850 3286 omnium
2882 3230 3108 3287 Christo
3137 3234 3350 3303 pastor
3395 3228 3754 3298 consignaret.
3790 3221 3884 3274 lntv

2321 3319 2437 3375 rim
2466 3336 2608 3376 vero
2637 3325 2852 3376 cuncta
2881 3336 3019 3395 quae
3050 3320 3135 3376 vel
3162 3320 3393 3379 funeris
3423 3336 3617 3385 causa,
3652 3313 3729 3371 vel
3751 3321 3883 3369 rema-

2324 3410 2594 3466 nentium
2620 3410 2940 3466 necessitas
2964 3411 3364 3483 poposcisset,
3385 3427 3526 3469 sano
3547 3422 3703 3467 sensu
3727 3406 3772 3459 et
3790 3400 3885 3457 inte-

2324 3512 2431 3568 gra
2453 3497 2745 3554 memoria
2773 3497 3056 3572 disponit.
3090 3501 3237 3556 Cum
3272 3500 3476 3557 subito
3507 3497 3661 3554 velox
3678 3493 3883 3549 famam-

2324 3602 2555 3642 morem
2599 3586 3073 3661 circumquaque
3122 3586 3508 3661 disparserat,
3550 3582 3696 3658 quod
3728 3576 3883 3635 virm

2322 3674 2469 3730 mini
2512 3674 2797 3731 Geraldus
2854 3675 2933 3731 ad
2980 3676 3303 3734 transitum
3332 3674 3747 3751 propinquaret,
3769 3676 3883 3722 sectr

2323 3767 2637 3818 currerunt
2690 3778 2902 3819 omnes
2960 3763 3137 3821 veluti
3201 3780 3526 3822 commune
3594 3751 3885 3834 dispendium

2322 3851 2613 3922 lugentes,
2638 3849 2990 3908 clericorum
3022 3869 3092 3909 ac
3121 3855 3561 3912 monachorum
3586 3848 3747 3906 turbae
3766 3835 3884 3898 nobi-

2320 3938 2478 3995 libus
2509 3938 2648 3994 viris
2669 3938 2961 4006 admistze,
2992 3944 3244 3996 catervae
3278 3954 3629 4014 pauperum,
3654 3937 3703 3991 et
3725 3938 3881 4019 ρεςεξ-

2323 4028 2479 4083 sium
2512 4027 2738 4101 plebes,
2770 4027 3114 4099 lugentibus
3152 4028 3278 4087 istis
3325 4029 3574 4086 aliorum
3615 4025 3759 4081 ﬂetus
3794 4016 3885 4072 inci-

2322 4117 2624 4174 tabantur.
2658 4120 2811 4174 Inter
2839 4117 3132 4186 singultus
3164 4134 3309 4174 vero
3354 4122 3411 4176 et
3455 4118 3725 4189 lacrymas
3748 4116 3883 4164 erum-

2322 4209 2553 4278 pentes,
2584 4205 2756 4278 quasi
2786 4205 3227 4278 querimoniam
3257 4206 3536 4264 facientes
3564 4194 3886 4271 unusquiStlue

2325 4293 2399 4349 de
2429 4294 2559 4364 ejus
2590 4293 2825 4366 pietate,
2873 4294 2947 4349 de
2989 4294 3298 4364 charitate,
3346 4295 3421 4352 de
3450 4310 3587 4351 cura
3612 4290 3885 4371 paupertini:

2324 4382 2399 4438 de
2428 4382 2672 4438 tuitione
2710 4382 3151 4456 impotentium,
3183 4382 3491 4456 plangoris
3516 4396 3674 4439 voces
3705 4376 3885 4456 iugem"

2322 4471 2569 4527 nabant.
2605 4453 2829 4529 Flentes
2854 4471 3032 4541 igitur
3060 4471 3154 4528 isti
3182 4453 3502 4531 dicebant:
3540 4473 3579 4528 Ο
3609 4463 3757 4542 quale
3781 4453 3883 4544 5013:

2322 4558 2473 4615 tium
2516 4559 2783 4616 mundus
2831 4559 3045 4616 amittit
3077 4559 3088 4615 !
3152 4559 3235 4617 Illi
3272 4577 3416 4618 vero
3450 4578 3463 4616 :
3492 4562 3533 4618 Ο
3565 4550 3791 4617 Geralde,
3817 4553 3886 4614 qui

2321 4648 2533 4704 merito
2590 4648 2785 4704 bonus
2840 4647 3096 4717 vocaris,
3137 4650 3272 4724 quis
3324 4650 3455 4723 jam
3508 4647 3629 4712 erit,
3677 4634 3885 4724 sicuti“:

2323 4741 2685 4793 sustentator
2734 4718 3178 4807 indigentium‘}
3237 4718 3379 4805 Quis
3435 4735 3669 4794 nutritor
3699 4718 3885 4804 pupillo'

2322 4842 2478 4893 rum,
2527 4825 2621 4881 vel
2678 4824 2960 4882 defensor
3012 4826 3333 4885 viduarum
3364 4827 3392 4882 ?
3461 4826 3587 4900 quis
3637 4810 3886 4876 dolentium

2323 4912 2663 4969 consolator
2690 4913 2718 4969 ?
2802 4915 2965 4970 Certe
3031 4915 3165 4989 quis
3234 4899 3509 4989 potentiae
3565 4918 3668 4969 tuae
3716 4899 3885 4960 0111111cn

2322 5003 2404 5060 ita
2459 5003 2828 5076 pauperibus
2874 5005 3231 5063 inclinabit?
3304 5006 3403 5062 Vel
3449 5003 3610 5077 quis,
3669 4989 3884 5082 sicuti":

2325 5065 2701 5159 Singulorum
2741 5094 3119 5150 necessitates
3150 5065 3493 5167 perpendat:
3521 5065 3617 5146 aut
3639 5065 3883 5154 expediet?

2325 5177 2840 5249 Indulgentissime
2890 5185 3060 5254 pater
3085 5225 3098 5251 ,
3174 5198 3360 5255 quam
3416 5176 3697 5241 blandust,
3754 5168 3883 5255 quam

2326 5266 2526 5322 suavis
2579 5283 2815 5341 semper
2858 5249 3053 5324 fuisti!
3085 5249 3471 5328 Cunctorum
3526 5259 3749 5337 gratiam
3780 5249 3882 5307 δεῖν

2394 5412 2544 5484 (115)
2584 5410 2987 5484 Αωριανάατη
3017 5415 3371 5484 episcopum.
3403 5399 3880 5484 Claromontqttfglff

2324 5457 3507 5557 ordine'guadragesimuvsvtvert‘i'us,"qu‘em
3530 5473 3712 5557 tabula

2322 5553 2502 5610 tionis
2533 5526 2935 5627 Cluniacelbsis
2967 5526 3592 5627 monasterii’ifquibus
3608 5526 3880 5627 subsctiyg‘

2323 5598 3337 5697 ἔίἱῖὅῖοζὲῑὶὲ“εῖῶἷῗὲἵοῐὲἷεῖ’δ1’ἕὲἵιὶὶἶ
3350 5598 3873 5685 fami-auinth-
