4096 6138
217 176 320 230 693
375 245 396 257 .

215 294 787 363 riebas.ignotorum
821 292 998 348 etiam
1030 292 1277 348 atfectus
1306 292 1465 347 fama
1494 294 1670 346 tantae
1696 287 1868 343 boni-

215 386 346 441 tatis
381 384 460 439 ad
486 388 538 438 te
580 388 859 438 traxeras.
892 382 1024 436 Haec
1055 386 1111 436 et
1140 381 1510 451 hujusmodi,
1544 396 1678 452 quze
1707 377 1870 432 dolo-

213 489 350 528 rum
378 472 464 526 vis
495 471 644 526 inter
674 470 964 540 singultus
1004 485 1365 540 exaggerare
1398 469 1565 538 solet,
1595 474 1716 523 tam
1748 467 1868 520 luc-

215 562 401 618 tuosis
427 558 764 634 planctibus
793 558 1190 627 inundabant,
1228 563 1292 614 ut
1323 564 1561 631 putares
1597 555 1763 628 quod
1807 553 1870 609 il-

213 651 285 706 lae
309 651 595 722 lacrymae
621 664 936 720 nunquam
958 654 1202 721 possent
1227 664 1476 704 cessare.
1509 652 1591 701 tta
1618 661 1722 717 per
1753 644 1868 708 sin-

216 741 389 811 gulos
430 739 556 794 dies
606 737 915 807 agebatur,
949 738 1141 794 donec
1185 739 1262 794 ad
1311 739 1510 810 ipsum
1541 732 1867 790 vocationis

216 830 266 901 ej
276 846 346 884 us
378 828 695 884 terminum
721 826 1037 881 veniretur.
1056 829 1127 882 At
1148 843 1286 882 vero
1303 825 1395 881 ille
1418 840 1648 880 morem
1666 839 1864 890 suum,

215 935 323 974 nec
351 918 410 972 in
438 917 556 971 ﬁne
580 920 810 988 poterat
830 915 1120 982 deserere,
1145 916 1291 988 quin
1323 913 1571 983 singulis
1600 913 1867 983 accipere

215 1006 551 1064 volentibus
574 1021 752 1061 omne
781 1005 1143 1077 stipendium
1173 1005 1303 1060 dari
1327 1004 1580 1076 juberet.

285 1150 384 1206 Vl.
417 1149 567 1204 Vere
610 1148 854 1203 beatum
909 1151 966 1202 et
1012 1147 1242 1203 felicem
1277 1147 1546 1213 dixerim,
1580 1144 1683 1217 qui
1735 1142 1866 1198 talis

213 1238 342 1307 fuit,
376 1243 440 1293 ut
469 1237 816 1292 charitatem
848 1237 974 1291 suis
1019 1237 1302 1308 operibus
1332 1234 1595 1290 debitam
1627 1248 1748 1288 non
1780 1248 1866 1286 re-

213 1327 449 1399 liquerit
485 1327 545 1381 in
576 1326 766 1394 terris,
797 1331 851 1380 et
894 1326 955 1380 in
980 1325 1264 1381 charitate
1293 1328 1638 1380 sanctorum
1667 1337 1866 1392 reccp-

213 1420 309 1471 tus
341 1416 412 1471 sit
440 1416 501 1470 in
532 1414 704 1470 caelis.
741 1417 880 1469 Vere
911 1414 1068 1478 felix,
1093 1413 1196 1486 qui
1224 1414 1358 1468 licet
1387 1411 1651 1484 potentia
1683 1426 1866 1464 saecu-

211 1504 320 1560 lari
367 1504 640 1559 sublimis
687 1508 860 1571 esset,
905 1502 1140 1558 nullum
1185 1509 1384 1558 tamen
1434 1500 1602 1565 laesit,
1631 1498 1866 1553 nullum

997 172 1086 224 DE
1125 173 1283 225 νιτΑ
1331 170 1388 225 S.
1433 167 1738 224 GERALDI
1777 164 2050 221 COMlTlS
2088 166 2438 222 AURILIAC.
2479 196 2548 206 —-
2590 170 2716 222 LIB.
2759 167 2852 221 ΙΙῙ.

3529 165 3634 218 69L

1981 303 2190 342 omnes
2216 289 2394 344 etiam
2422 289 2600 343 horas
2631 289 2746 343 diei
2777 289 3119 360 compleret.
3140 290 3286 343 Tum
3312 302 3452 341 vero
3475 302 3637 342 com-

1979 374 2295 446 pletorium
2330 377 2563 445 ﬁniens,
2595 376 2766 443 signo
2790 393 2851 430 se
2887 382 3107 432 sanctae
3140 375 3327 430 crucis
3357 375 3632 446 armavit,

1979 467 2036 517 et
2061 463 2371 533 subjunxit
2397 464 2542 519 illud
2569 464 2816 518 verbum
2844 463 3009 534 quod
3035 464 3088 519 ei
3115 479 3352 535 semper
3375 462 3633 518 familia-

1979 569 2040 608 re
2069 553 2196 624 tuit,
2229 553 2468 608 dicens:
2503 553 2844 618 Subvenite,
2876 554 3073 608 sancti
3101 554 3226 608 Dei.
3264 555 3380 607 Hoc
3406 553 3468 607 in
3498 552 3633 608 ulti-

1979 659 2080 697 mo
2123 643 2380 710 locutus,
2413 643 2618 699 oculos
2669 648 2870 698 tacens
2905 641 3136 697 clausit.
3176 642 3454 698 Videntes
3497 659 3634 698 vero

1977 733 2082 803 qui
2111 733 2379 799 aderant,
2407 733 2574 805 quod
2588 732 2754 804 loqui
2775 730 3428 803 cessaret,episcopum
3453 731 3635 787 advo-

1978 826 2206 876 carunt.
2241 821 2387 892 (H6)
2419 823 2636 877 Sancta
2661 836 2905 894 quoque
2935 818 3210 875 membra
3239 818 3396 874 illius
3427 820 3486 874 in
3519 819 3634 874 cili-

1978 910 2068 965 cio
2097 915 2451 982 posuerunt,
2483 911 2830 982 ueterisque
2878 925 2988 982 pro
3037 908 3195 964 exitu
3241 907 3634 981 psallentibus

1977 999 2225 1071 quidam
2253 999 2326 1053 de
2355 1000 2768 1055 sacerdotibus
2798 999 3046 1054 missam
3075 997 3345 1053 concitus
3378 996 3637 1052 celebra-

1977 1090 2077 1154 vit,
2092 1095 2270 1162 atque
2297 1095 2749 1145 sacrosanctum
2770 1087 3122 1161 mysterium
3148 1086 3355 1142 attulit.
3376 1089 3522 1143 Cum
3539 1101 3638 1140 ve-

1975 1194 2042 1233 ro
2067 1178 2317 1250 quidam
2345 1178 2607 1233 dicerent
2629 1177 2795 1249 quod
2811 1177 2938 1247 jam
2970 1176 3364 1243 discessisset,
3387 1175 3481 1230 ille
3506 1189 3638 1229 sen-

1977 1285 2112 1323 sum
2143 1269 2341 1323 adhuc
2363 1269 2640 1334 retinens,
2678 1267 2885 1322 oculos
2916 1266 3167 1339 aperuit,
3187 1269 3244 1320 et
3272 1266 3386 1321 hoc
3406 1264 3634 1336 judicio

1976 1357 2249 1411 nondum
2289 1373 2351 1411 se
2383 1357 2747 1418 discessisse,
2779 1354 3152 1411 monstravit.
3182 1357 3331 1410 Tum
3360 1369 3500 1408 vero
3535 1355 3638 1408 Do-

1974 1445 2264 1500 minicum
2283 1462 2501 1518 corpus
2521 1445 2684 1517 quod
2717 1444 3120 1516 exspectabat,
3145 1459 3286 1497 suas
3308 1447 3488 1514 ponte
3512 1458 3638 1496 sus-

1977 1534 2151 1604 cepit,
2181 1538 2237 1589 et
2267 1534 2347 1588 ita
2376 1533 2513 1588 felix
2542 1533 2642 1588 illa
2668 1533 2872 1588 anima
2920 1532 2998 1587 ad
3029 1531 3211 1586 ccelos
3243 1530 3536 1599 migravit.
3574 1532 3639 1585 Et

211 1598 531 1666 oppressu,
559 1609 667 1647 nec
718 1593 1069 1690 flhqu13__"f3_l
1118 1589 1725 1690 Parf'i}Fn_‘q"teel*m
1763 1587 1866 1690 δέ·
1897 1626 1939 1678 Β
1977 1587 2135 1672 velut
2156 1618 2290 1690 ipso
2322 1617 2600 1672 feriarum
2630 1632 2883 1671 numero
2909 1615 3000 1670 sui
3023 1631 3268 1671 causam
3294 1614 3633 1681 insinuans,

211 1700 416 1738 versus
441 1699 580 1738 eum
619 1681 983 1737 reclamavit.
1017 1684 1163 1736 Nam
1197 1681 1248 1734 si
1278 1678 1567 1736 Nathanel
1609 1693 1747 1732 vere
1792 1677 1869 1731 Is-

209 1771 418 1826 raelita
445 1775 713 1835 vocatur,
747 1785 818 1824 eo
847 1769 1014 1841 quod
1067 1769 1241 1824 dolus
1289 1769 1352 1823 in
1396 1784 1465 1823 eo
1505 1783 1628 1822 non
1674 1764 1865 1834 fuerit,

203 1861 340 1931 jure
385 1866 441 1916 et
487 1862 647 1914 hunc
695 1858 1019 1914 Israelitam
1061 1857 1335 1928 dixerim,
1364 1873 1547 1928 quem
1578 1856 1738 1912 auris
1767 1871 1870 1910 au-

208 1950 380 2004 diens
429 1947 749 2013 beatiﬁcat,
784 1951 840 2001 et
889 1947 1004 2013 cui,
1037 1947 1115 2002 ad
1169 1945 1513 2017 exemplum
1551 1945 1709 2000 beati
1737 1943 1868 2012 Job,

207 2041 422 2094 oculus
478 2039 688 2093 videns
742 2038 1148 2092 testimonium
1216 2036 1426 2092 reddit.
1501 2038 1645 2090 Cum
1695 2035 1873 2103 igitur

210 2143 427 2183 omnes
455 2143 576 2182 una
599 2127 889 2196 lugerent,
923 2125 1087 2180 solus
1121 2126 1213 2180 ille
1248 2124 1555 2197 perstabat
1581 2124 1872 2178 laetabun-

206 2218 346 2272 dus.
401 2217 640 2288 Quippe
685 2215 787 2288 qui
845 2221 1114 2285 noverat,
1170 2215 1335 2287 quod
1384 2213 1763 2286 sperantibus
1812 2213 1874 2268 in

208 2306 469 2361 Domino
513 2305 878 2360 meridianus
921 2304 1115 2374 fulgor
1154 2305 1214 2360 in
1249 2319 1566 2376 vesperum
1627 2318 1873 2358 consur-

206 2397 330 2463 get,
362 2398 419 2448 et
442 2393 591 2448 dum
621 2393 846 2448 dederit
877 2395 960 2448 eis
1004 2409 1310 2462 somnum,
1343 2393 1469 2447 haec
1518 2395 1604 2446 est
1633 2392 1876 2447 haeredi-

209 2488 332 2538 tas.
383 2483 670 2548 Quamvis
718 2498 862 2551 ergo
913 2498 1022 2555 pro
1071 2482 1306 2537 mortali
1355 2481 1692 2537 conditione
1736 2497 1875 2537 caro

207 2571 365 2627 forte
395 2572 644 2637 timeret,
679 2576 879 2626 tamen
911 2571 1151 2642 spiritus
1183 2571 1243 2625 in
1275 2576 1517 2643 aspectu
1551 2571 1750 2640 gloriae
1776 2571 1876 2626 de-

205 2659 371 2717 fixus
401 2661 727 2726 exultabat,
762 2665 966 2732 utpote
997 2660 1100 2732 qui
1137 2677 1308 2732 spem
1338 2660 1440 2715 diu
1471 2661 1876 2716 desideratam

209 2767 282 2806 se
309 2753 436 2821 jam
481 2751 542 2805 in
589 2766 650 2805 re
709 2751 1014 2822 percipere
1046 2748 1407 2805 conﬁdebat.
1442 2753 1610 2819 Nam,
1643 2754 1708 2805 ut
1735 2750 1876 2805 scri-

202 2845 386 2914 ptum
422 2844 527 2899 est,
562 2839 704 2911 quia
727 2839 929 2909 justus
961 2839 1021 2893 in
1053 2843 1242 2893 morte
1274 2853 1383 2893 sua
1409 2838 1674 2903 confidit,
1707 2843 1878 2910 puta-

1981 1706 2211 1762 bonum
2270 1722 2444 1778 opus,
2478 1707 2645 1778 quod
2691 1705 2770 1761 ad
2819 1704 3121 1760 senarium
3163 1703 3434 1776 pertinet,
3486 1703 3638 1758 bene

1977 1812 2455 1856 consummasse.
2485 1802 2542 1851 et
2579 1795 2656 1851 ad
2707 1810 2917 1850 verum
2970 1793 3324 1856 Sabbatum,
3356 1791 3523 1864 quod
3553 1794 3641 1846 est

1977 1885 2236 1956 requies,
2269 1901 2330 1940 se
2380 1885 2838 1954 transmigrasse
2870 1882 3241 1942 monstravit.
3274 1885 3339 1936 Et
3376 1880 3472 1936 ille
3503 1879 3638 1953 qui-

1980 1973 2120 2028 dem
2143 1975 2306 2044 quod
2333 1973 2632 2044 cupiebat,
2658 1979 2720 2028 ut
2745 1973 3064 2039 credimus,
3091 1973 3220 2042 jam
3247 1970 3406 2026 videt
3430 1988 3444 2038 ',
3473 1969 3641 2041 quod

1983 2062 2242 2134 speravit
2266 2062 2395 2132 jam
2416 2061 2794 2118 tenet.Multis
2826 2065 3026 2117 tamen
3055 2076 3177 2116 non
3208 2059 3516 2115 modicum
3537 2059 3642 2114 do-

1982 2150 2167 2206 lorem
2201 2150 2534 2222 dereliquit.
2565 2154 2711 2205 Nam
2758 2149 2893 2205 licet
2940 2149 3066 2222 ipse
3117 2164 3340 2204 mceror
3369 2148 3641 2220 quadam

1983 2238 2300 2295 dulcedine
2325 2255 2632 2310 respersus
2651 2243 2822 2305 esset,
2838 2254 2947 2310 pro
2970 2254 3040 2294 co
3061 2237 3227 2309 quod
3249 2236 3484 2306 scirent,
3499 2235 3643 2308 quia

1983 2326 2115 2383 talis
2145 2327 2271 2395 fuit,
2309 2333 2370 2383 ut
2393 2328 2467 2383 de
2516 2328 2614 2383 illo
2649 2328 2840 2396 magis
2890 2327 3301 2396 gaudendum,
3333 2341 3522 2398 quam
3558 2324 3645 2380 lu-

1985 2415 2248 2485 gendum
2271 2434 2283 2482 ;
2309 2415 2570 2471 clamore
2593 2423 2796 2472 tamen
2817 2415 3043 2486 ingenti
3063 2414 3453 2486 plangebant,
3478 2411 3646 2486 quod

1984 2505 2113 2575 ejus
2135 2505 2528 2560 contubernio
2551 2505 3045 2577 privarentur,cuj
3055 2521 3126 2559 us
3142 2503 3398 2558 similem
3414 2503 3646 2558 vultum

1983 2610 2107 2649 non
2137 2610 2199 2649 se
2229 2594 2431 2650 videre
2456 2601 2782 2666 sperarent.
2809 2594 2896 2650 Illi
2924 2593 3315 2650 humanitatis
3345 2608 3528 2650 causa
3551 2591 3648 2647 tri-

1987 2683 2320 2750 stabantur,
2373 2684 2476 2739 sed
2519 2684 2737 2753 angeli,
2783 2688 2848 2740 ut
2895 2683 3218 2753 credimus,
3266 2682 3643 2738 laetabantur.

1992 2775 2141 2828 Nam
2171 2773 2220 2826 si
2265 2789 2470 2828 coram
2510 2773 2736 2828 eisdem
2772 2773 3001 2842 angelis
3033 2772 3325 2843 gaudium
3355 2775 3442 2827 est
3468 2787 3650 2843 super

1989 2876 2111 2915 uno
2143 2866 2458 2932 peccatore
2487 2863 2591 2934 qui
2613 2861 3026 2934 paenitentiam
3041 2860 3183 2930 agit,
3203 2865 3432 2932 quanto
3454 2859 3650 2928 magis

203 2945 311 2985 res
355 2929 521 2984 illum
564 2929 630 3026 in
684 2929 897 3026 eadefn
923 2944 1049 3026 _Sl_)e
1094 2927 1420 3026 cfmﬁfumi
1455 2933 1510 2983 et
1538 2927 1878 3026 Πξιμδξίθξυιδ
1910 2973 1950 3026 C
1991 2927 2172 3022 super
2202 2950 2316 3005 hoc
2346 2927 2589 3006 homine
2614 2927 2803 3022 justo,
2831 2950 2936 3021 qui
2964 2927 3117 3004 inter
3148 2927 3331 3021 opera
3362 2927 3650 3004 virtutum

205 3025 472 3075 mortem
541 3018 764 3072 timere.
823 3015 1225 3072 Laztahundus
1274 3017 1474 3089 itaque
1541 3017 1876 3083 videbatur,

209 3124 358 3164 cum
387 3123 496 3163 nec
525 3107 774 3180 quidem
821 3122 1037 3178 parum
1081 3106 1310 3178 aliquid
1336 3106 1634 3174 fateretur,
1663 3105 1724 3162 in
1756 3122 1878 3179 quo

210 3213 439 3271 pavere
471 3212 532 3252 se
561 3196 654 3250 vel
684 3196 935 3250 tenuiter
955 3195 1411 3251 demonstraret.
1444 3199 1548 3250 Per
1577 3212 1754 3254 omne
1786 3212 1880 3252 ve-

210 3304 284 3344 ro
315 3286 406 3341 sui
430 3285 696 3354 langoris
731 3289 989 3356 tempus,
1024 3285 1104 3340 ita
1130 3285 1468 3340 fatiscentes
1502 3285 1580 3341 ad
1608 3285 1880 3342 divinum

213 3376 583 3447 obsequium
607 3373 954 3446 impellebat
984 3378 1172 3438 artus,
1193 3377 1256 3429 ut
1278 3389 1388 3428 nec
1412 3390 1601 3429 unum
1631 3374 1878 3447 quidem

212 3463 570 3520 nocturnale
600 3461 886 3526 ofﬁcium,
913 3461 1027 3515 nisi
1057 3460 1117 3515 in
1159 3461 1408 3517 ecclesia
1447 3467 1748 3532 pateretur
1791 3477 1881 3517 ce-

214 3554 480 3618 lebrare;
515 3552 762 3606 missam
795 3566 934 3605 vero
963 3566 1148 3606 unam
1177 3550 1293 3606 diei
1333 3555 1790 3623 competentem,
1825 3555 1882 3607 et

216 3643 474 3699 alteram
501 3656 608 3712 pro
630 3640 924 3696 defunctis
946 3655 1150 3695 coram
1174 3640 1344 3696 altari
1370 3640 1600 3713 positus
1627 3641 1876 3696 audiret.

217 3735 380 3789 Sane
435 3747 573 3786 cum
642 3729 930 3785 membris
1003 3721 1131 3800 jam
1188 3730 1368 3784 nimis
1425 3731 1877 3800 rigescentibus,

216 3837 496 3894 gressum
534 3836 640 3893 per
686 3836 747 3875 se
779 3820 897 3875 ned
929 3825 1296 3876 sustentatus
1326 3821 1570 3892 quidem
1603 3821 1882 3892 progredi

213 3910 531 3984 potuisset,
557 3909 754 3964 adhuc
776 3913 978 3964 tamen
1011 3909 1250 3980 spiritus
1279 3909 1340 3963 in
1372 3909 1463 3962 sui
1494 3907 1724 3963 fervore
1753 3925 1883 3981 per-

216 4001 454 4056 durans
487 3999 761 4068 cogebat,
797 4003 858 4053 ut
886 3997 1310 4069 corpusculum
1342 3996 1624 4051 manibus
1654 3997 1884 4067 bajulo-

214 4104 361 4144 rum
404 4091 741 4158 portaretur
770 4087 829 4141 in
863 4086 1229 4142 oratorium:
1286 4085 1588 4150 nimirum,
1626 4088 1690 4140 ut
1736 4085 1885 4140 boni

215 4176 422 4250 Operis
453 4176 718 4231 tunicam
769 4192 964 4247 usque
995 4174 1072 4230 ad
1105 4175 1290 4231 talum
1330 4174 1680 4245 extendens,
1708 4173 1884 4230 virtu-

217 4268 295 4323 tis
326 4282 450 4321 suae
473 4266 717 4322 laudem
746 4265 807 4321 in
837 4265 956 4320 ﬁne
986 4265 1314 4320 cecinisset.

293 4393 412 4447 VII.
450 4393 623 4448 Sexta
652 4408 917 4464 namque
948 4391 1094 4446 feria
1124 4389 1520 4445 dilucescente
1551 4388 1666 4456 die,
1692 4389 1886 4459 ingra-

217 4496 464 4536 vescere
497 4496 556 4534 se
590 4479 866 4546 sentiens,
895 4479 1073 4551 jussit
1095 4482 1156 4534 ut
1194 4477 1542 4533 nocturnale
1583 4494 1788 4534 coram
1825 4495 1886 4534 se

219 4567 519 4641 capellani
547 4568 937 4640 peregissent,
965 4568 1247 4640 episcopo
1278 4583 1414 4621 cum
1449 4566 1570 4620 suis
1603 4565 1664 4620 in
1705 4565 1885 4622 eccle-

221 4658 316 4712 sia
345 4657 490 4712 illud
539 4657 911 4723 celebrante;
960 4673 1097 4712 cum
1148 4655 1544 4728 psallentibus
1600 4661 1801 4710 autem
1831 4660 1887 4710 et

219 4748 355 4820 ipse
405 4745 717 4819 psallebat,
772 4744 962 4801 donec
1016 4749 1152 4816 post
1204 4741 1549 4800 matutinale
1594 4741 1882 4812 ofﬁcium,

299 4908 446 4980 (116)
477 4909 704 4980 Sancta
735 4922 966 4980 quoque
1011 4905 1273 4961 membra
1324 4907 1390 4980 in
1439 4906 1884 4980 cilicioposuee

223 4984 396 5035 runt.
423 4977 599 5034 Vetus
628 4978 1115 5042 Christianorum,
1149 4982 1205 5031 et
1234 4979 1494 5031 maxime
1530 4977 1883 5032 clericorum

222 5066 299 5105 ac
325 5050 760 5104 monachorum
792 5064 942 5110 mos,
976 5048 1036 5102 in
1068 5047 1255 5102 cilicio
1285 5052 1341 5102 et
1371 5047 1564 5102 cinere
1597 5049 1766 5103 mori.
1804 5049 1884 5103 Vi-

223 5127 289 5176 ta
342 5121 526 5187 sancti
577 5120 753 5189 Arigii
801 5119 1205 5191 Wapincensis
1245 5118 1550 5191 episcopi:
1599 5119 1883 5191 «Nudato

222 5207 478 5262 corpore
507 5197 642 5246 ante
675 5188 858 5246 altare
891 5188 1081 5245 sancti
1109 5188 1342 5243 Eusebii
1367 5189 1426 5242 in
1460 5189 1653 5262 cinere
1681 5194 1736 5262 et
1767 5190 1884 5262 cilig

223 5259 555 5332 cio—jacens
595 5263 877 5317 viaticum
909 5262 1174 5332 corporis
1220 5264 1276 5315 et
1305 5259 1628 5332 sanguinis
1677 5260 1884 5332 Christi

222 5333 307 5389 de
354 5331 549 5390 manu
605 5334 773 5388 Ysicii
832 5331 1098 5404 episcopi
1142 5337 1198 5386 et
1229 5331 1498 5404 Dicontii
1551 5331 1880 5404 presbyteri

224 5421 371 5460 cum
402 5406 749 5477 accepisset,
792 5403 907 5459 ait:
943 5403 1171 5477 Gratias
1206 5403 1305 5457 tibi
1346 5417 1480 5470 ago,
1518 5403 1764 5477 Domine
1792 5405 1881 5477 Je-

226 5492 306 5530 su
356 5473 601 5544 Christe,
643 5476 784 5547 quia
831 5477 960 5546 jam
1003 5474 1466 5547 video__tempus
1510 5473 1884 5547 resolutionis

224 5562 441 5602 mete.»
465 5551 528 5602 Et
557 5543 754 5602 Petrus
775 5543 1136 5601 Venerabilis
1165 5544 1264 5599 lib.
1297 5561 1312 5596 I
1343 5543 1621 5609 Miracul.,
1657 5560 1790 5615 cap,
1814 5547 1878 5598 4:

227 5640 256 5665 «ι
285 5619 530 5691 Cunque
563 5619 712 5673 sicut
739 5634 871 5674 mos
904 5616 1377 5691 Christianorum
1388 5620 1508 5691 gest,
1531 5619 1588 5670 et
1620 5616 1882 5691 maxime

226 5686 694 5760 monachorum,
770 5694 833 5747 in
897 5688 1200 5748 substrata
1251 5686 1442 5749 ciuilio
1496 5690 1555 5748 et
1595 5687 1790 5746 cinere
1844 5703 1883 5744 a

1990 3038 2340 3094 consenuit?
2389 3039 2502 3095 Sed
2531 3039 2822 3108 gaudium
2854 3037 3089 3093 Domini
3135 3036 3244 3103 sui,
3277 3052 3399 3108 quo
3430 3035 3507 3090 ab
3537 3036 3650 3090 eis-

1988 3127 2128 3182 dem
2151 3126 2379 3197 angelis
2402 3133 2685 3200 exceptus
2709 3131 2816 3197 est,
2841 3127 2991 3182 ﬁdes
3018 3125 3454 3197 contemplatur
3478 3142 3491 3193 ;
3515 3140 3654 3180 ocu-

1986 3214 2059 3270 lis
2091 3232 2236 3270 vero
2269 3217 2572 3288 corporeis
2614 3215 2850 3272 interim
2875 3215 3036 3286 latet,
3070 3214 3174 3286 qui
3208 3213 3497 3270 videbant
3525 3213 3654 3286 qui-

1990 3302 2130 3359 dem
2185 3303 2460 3374 cadaver,
2507 3305 2673 3378 quod
2722 3304 3054 3360 exsolverat
3099 3301 3372 3358 debitum
3418 3301 3651 3367 mortis,

1989 3397 2046 3448 et
2087 3391 2362 3448 nondum
2411 3394 2744 3466 apparebat
2773 3398 3070 3466 quantum
3114 3392 3322 3455 anima
3364 3391 3654 3462 gloriﬁca-

1987 3487 2149 3537 retur
2191 3481 2252 3537 in
2300 3481 2484 3538 caelis.
2520 3484 2664 3554 (H7)
2704 3483 2941 3539 Moritur
2994 3498 3135 3553 ergo
3181 3481 3489 3552 Geraldus,
3545 3481 3654 3537 sed

1984 3573 2158 3643 juxta
2199 3571 2346 3627 illud
2391 3571 2763 3641 Davidicum,
2797 3589 3189 3646 nequaquam
3238 3577 3303 3628 ut
3329 3571 3534 3642 ignavi
3562 3587 3656 3627 so-

1988 3659 2128 3727 lent,
2167 3659 2457 3732 quoniam
2507 3661 2660 3717 inter
2704 3666 2943 3718 sanctos
2990 3679 3120 3718 sors
3170 3661 3327 3717 illius
3365 3664 3475 3716 est.
3509 3663 3578 3714 Et
3601 3659 3656 3714 si

1990 3749 2274 3822 persolvit
2301 3747 2448 3804 illud
2493 3751 2816 3806 Psalmistaa
2846 3769 2858 3806 :
2913 3753 3021 3806 Vos
3051 3760 3249 3807 autem
3279 3752 3430 3806 sicut
3471 3749 3655 3805 homi-

1990 3856 2092 3895 nes
2118 3841 2362 3895 mariem
2374 3841 2460 3894 ini
2481 3841 2672 3909 (Psal.
2706 3857 2893 3907 LXXXI,
2923 3841 3000 3910 7),
3029 3845 3232 3895 tamen
3261 3840 3341 3895 ad
3360 3855 3499 3894 eum
3523 3854 3655 3910 per-

1993 3926 2135 3981 tinet
2177 3927 2292 3981 hoc
2344 3926 2509 3997 quod
2555 3927 2637 3981 ibi
2703 3927 3116 3999 praemittitur:
3161 3928 3290 3996 Ego
3333 3927 3504 3981 dixi:
3550 3927 3652 3980 Dii

1993 4017 2149 4081 estis,
2182 4021 2236 4070 et
2261 4015 2379 4083 ﬁlii
2414 4016 2662 4070 Excetsi
2687 4031 2884 4071 omnes
2911 4015 3098 4086 (Psal.
3129 4031 3323 4080 LXXXI,
3353 4015 3424 4084 6).
3459 4015 3649 4068 Testa-

1997 4105 2089 4158 tur
2141 4101 2546 4172 evangelista:
2587 4104 2734 4158 Fitii
2794 4105 2904 4159 Dei
2952 4119 3176 4172 sumus,
3226 4103 3329 4159 sed
3382 4101 3650 4158 nondum

1997 4199 2249 4262 apparet
2289 4194 2434 4263 quid
2486 4194 2704 4249 erimus
2739 4193 2928 4264 (Joan.
2973 4209 3055 4260 ix,
3111 4193 3184 4264 '2).
3246 4191 3401 4248 Felix
3447 4191 3650 4262 itaque

1914 4319 1959 4373 Β
1999 4282 2284 4338 Geraldus
2325 4282 2444 4373 Aqui
2501 4283 2800 4355 separavit
2850 4283 3178 4354 pretiosum
3231 4298 3269 4338 a
3480 4281 3649 4335 Post-

1997 4388 2184 4445 quam
2242 4371 2400 4426 enim
2458 4372 2716 4441 gustavit
2785 4388 2973 4444 quam
3029 4371 3221 4428 dulcis
3289 4375 3382 4426 est
3454 4369 3650 4426 Domi-

1994 4477 2128 4527 nus,
2149 4476 2531 4532 nequaquam:
2558 4462 2740 4532 hujus
2759 4462 2892 4517 vitae
2913 4460 3382 4530 delectamentis,
3400 4459 3479 4516 ad
3495 4461 3544 4529 ej
3554 4476 3649 4514 us-

1994 4549 2134 4605 dem
2183 4549 2417 4606 Domini
2454 4555 2864 4622 contemptum
2896 4567 2956 4606 se
3006 4549 3300 4605 submisit.
3336 4547 3450 4604 Sed
3493 4547 3650 4601 hanc

1994 4640 2200 4707 vitam,
2232 4656 2366 4711 qua:
2395 4639 2665 4712 reprobis
2695 4640 2953 4710 pretiosa
2979 4644 3085 4707 est,
3118 4638 3296 4693 vilem
3325 4635 3437 4691 sibi
3463 4634 3651 4706 depu-

1993 4730 2158 4798 tavit,
2186 4733 2243 4784 et
2282 4733 2556 4796 mortem,
2587 4744 2723 4799 quae
2755 4728 2866 4783 illis
2894 4727 3156 4800 pessima
3185 4731 3291 4792 est,
3323 4725 3647 4798 pretiosam

1993 4903 2274 4976 fratribus
2323 4905 2691 4976 compositus
2740 4905 2982 4975 jaceret,
3014 4908 3193 4976 atque
3235 4904 3450 4960 horam
3477 4921 3649 4962 voca-

1992 4975 2168 5031 tionis
2202 4992 2326 5048 sute
2356 4975 2743 5048 exspectaret.
2768 4995 2798 5029 »

2065 5051 2110 5116 (1
2128 5050 2213 5111 17)
2243 5047 2505 5101 Moritur
2533 5063 2672 5117 ergo
2704 5048 3019 5105 Geraldus.
3044 5052 3215 5104 Anno
3245 5047 3467 5103 scilicet
3487 5047 3648 5117 Chri-

1993 5117 2351 5207 #3974191
2385 5118 2518 5207 fit“,
2563 5116 2911 5207 revertar
2953 5119 3192 5207 abeatis
3233 5116 3645 5207 .WPPX‘P'X‘

1993 5193 2213 5243 sextus.
2249 5185 2340 5245 Sic
2371 5189 2531 5252 enim
2556 5195 2762 5246 auctor
2793 5191 3203 5259 Chronologite
3233 5187 3522 5250 Lemovic,
3541 5185 3648 5259 ab-

1991 5260 2240 5334 batum:
2292 5263 2564 5334 «Sextus,
2595 5262 2808 5334 inquit,
2838 5261 3028 5318 abbas
3061 5254 3378 5334 F'ulbertus
3412 5254 3649 5334 praefuit

1993 5331 2165 5403 annis
2195 5348 2293 5385 xx.
2320 5333 2507 5403 Hujus
2531 5327 2700 5388 sexto
2720 5327 2880 5388 anno
2903 5336 3144 5403 sanctus
3171 5327 3459 5403 Geraldus
3478 5327 3646 5403 apud

1991 5402 2368 5458 Aureliacum
2399 5400 2545 5458 obiit
2570 5421 2630 5458 Ill
2664 5403 2800 5458 Idus
2833 5401 3100 5460 Octobris
3128 5424 3158 5450 ››
3191 5404 3303 5455 Nec
3323 5400 3535 5468 ignoro
3559 5402 3645 5455 ta-

1991 5489 2128 5528 men
2162 5477 2276 5529 hoc
2297 5491 2418 5530 non
2449 5476 2762 5529 convenire
2780 5489 2917 5528 cum
2950 5471 3241 5528 Chronico
3268 5469 3646 5528 Lemovicen-

1993 5545 2061 5612 si,
2093 5547 2257 5612 quod
2291 5547 2374 5601 sic
2405 5547 2517 5601 ait:
2566 5568 2594 5594 «
2619 5551 2788 5599 Anno
2841 5542 3072 5598 Domini
3118 5545 3219 5597 917
3261 5547 3503 5599 sanctus
3533 5543 3644 5596 Ge-

1993 5638 2020 5664 ‹‹
2051 5611 2257 5672 raldus
2299 5633 2532 5686 genere,
2568 5617 2686 5672 vita
2715 5622 2771 5672 et
2798 5613 3100 5686 miraculis
3126 5613 3394 5682 celebris,
3421 5611 3584 5672 obiit.
3606 5633 3639 5663 ι

1993 5687 2109 5745 Sed
2127 5684 2489 5748 discordiam
2519 5684 2839 5748 adnotasse
2869 5684 3104 5750 sufﬁcit.
3121 5703 3158 5765 ξ
