4134 6114
406 213 510 265 695

1425 197 1482 252 8.
1524 193 1782 251 ODONIS
1820 185 2112 245 ABBATIS
2151 181 2661 241 CLUNIACENSIS
2715 183 2778 234 ll.

3729 177 3836 231 696

403 330 646 388 invenit.
681 329 819 382 Vere
849 323 1061 379 beatus
1111 321 1284 392 cujus
1323 319 1450 375 dies
1479 319 1538 375 in
1578 316 1804 384 dolore,
1838 317 1894 370 et
1923 309 2064 368 anni
2097 313 2140 366 Α
2175 313 2337 364 ctum
2396 304 2666 361 Ecclesiae
2709 302 2910 358 vident
2961 300 3119 358 oculi
3149 299 3252 371 tui,
3283 305 3341 357 et
3383 299 3617 372 lapides
3665 301 3842 354 teme

403 421 464 475 in
521 415 745 488 gemitu
797 411 1196 468 transierunt:
1261 408 1406 481 quia
1457 409 1586 479 jam
1641 407 1920 476 expertus
1977 403 2068 454 est

401 522 588 581 quam
644 518 869 574 magna
919 499 1240 556 multitudo
1286 495 1640 565 dulcedinis,
1674 509 1861 567 quam
1915 494 2068 546 Deus

403 592 719 652 abscondit
767 589 1114 647 timentibus
1164 603 1244 643 se.
1280 587 1390 652 Qui
1431 585 1612 641 etiam
1655 584 1714 639 in
1743 583 2070 652 conspectu

407 685 675 740 ﬁliorum
704 681 1042 746 hominum,
1068 678 1226 734 hanc
1275 676 1652 748 aliquatenus
1699 687 1805 745 per
1835 667 2072 740 singula

406 774 580 844 signa
606 771 1000 828 demonstrat.
1035 770 1077 824 Ο
1108 770 1336 840 quanta
1365 764 1677 821 diversitas
1717 765 1804 818 est
1831 760 1983 816 inter
2011 757 2074 813 il-

404 863 555 933 lum,
588 865 645 918 et
671 858 896 924 vedios,
927 856 991 912 id
1022 859 1110 912 est
1139 854 1296 910 male
1327 852 1574 909 divites!
1629 850 1771 908 Huic
1801 848 1962 906 enim
1991 847 2074 902 la-

411 965 632 1022 crymte
688 963 810 1002 suae
858 945 1097 1000 fuerunt
1126 958 1335 1016 panes,
1369 945 1425 997 et
1472 945 1686 1013 potum
1739 936 1967 1010 accepit
2014 935 2076 990 in

411 1037 697 1111 lacrymis
727 1041 784 1092 et
803 1049 1108 1090 mensura.
1129 1032 1214 1087 Illi
1233 1047 1376 1087 vero
1408 1030 1638 1086 ducunt
1665 1029 1727 1084 in
1755 1027 1931 1084 bonis
1947 1025 2076 1081 dies

413 1144 574 1194 suos,
630 1130 686 1182 et
737 1123 961 1180 habent
1017 1121 1492 1177 consolationem
1547 1135 1746 1189 suam,
1783 1117 1955 1189 juxta
2009 1114 2077 1170 il-

412 1216 520 1273 lud
558 1213 992 1283 evangelicum,
1015 1211 1076 1266 in
1105 1210 1405 1283 praesenti.
1441 1209 1554 1266 Sed
1603 1208 1764 1264 enim
1803 1206 1910 1262 iste
1951 1205 2082 1276 jam

414 1307 478 1361 in
507 1320 652 1360 voce
678 1302 1076 1365 exultationis,
1111 1299 1342 1356 transiit
1389 1299 1449 1354 in
1479 1300 1682 1354 locum
1715 1294 2083 1354 tabernaculi

419 1393 537 1449 Dei.
601 1395 678 1447 De
733 1391 848 1446 illis
925 1390 1162 1460 dicitur,
1215 1389 1382 1460 quod
1453 1389 1514 1443 in
1582 1391 1807 1460 puncto
1863 1385 1942 1440 ad
1997 1383 2084 1438 in-

417 1481 589 1537 ferna
627 1480 1021 1535 descendunt.
1082 1479 1373 1533 Caeterum
1425 1477 1472 1532 si
1515 1477 1589 1532 de
1641 1477 1769 1546 ejus
1815 1472 2086 1532 exteriori

421 1569 874 1625 conversatione
930 1567 1254 1639 quisquam
1318 1567 1571 1635 dignum
1631 1563 1858 1636 aliquid
1914 1561 2089 1617 refer-

2175 400 2304 470 ejus
2337 396 2796 464 miserebuntur,
2829 408 3148 467 precamur
3177 397 3238 447 ut
3263 392 3344 460 hi,
3378 391 3481 464 qui
3501 407 3614 464 pro
3637 389 3846 445 solidi-

2176 491 2292 544 tate
2337 502 2576 542 morum
2625 483 2856 558 lapides
2896 485 3209 554 vocantur,
3241 480 3434 548 nobis,
3473 479 3578 554 qui
3627 477 3848 535 merito

2177 581 2394 634 nostrae
2423 575 2729 649 pravitatis
2759 579 2912 630 terra
2959 589 3194 644 sumus,
3225 570 3540 627 subvenire
3584 569 3850 640 dignen-

2179 671 2311 722 tur:
2343 669 2407 720 ut
2434 680 2546 720 nos
2574 664 2677 736 qui
2725 679 2848 718 non
2884 661 3182 718 habemus
3219 659 3639 716 indumentum
3667 655 3854 729 justi-

2181 756 2297 826 tiae,
2328 753 2559 827 lapides
2608 752 3062 826 amplectamur,
3095 754 3160 807 ut
3202 765 3410 806 eorum
3454 748 3680 804 meritis
3711 762 3861 802 nos-

2183 850 2338 902 tram
2379 843 2712 900 nuditatem
2744 847 3057 913 contegere
3095 839 3417 913 possimus.
3451 837 3548 894 Hic
3577 852 3726 907 ergo
3761 835 3860 891 fa-

2186 933 2386 990 mulus
2417 937 2555 990 tuus
2587 932 2867 989 affectum
2899 929 3238 996 miserendi,
3272 944 3452 1001 quem
3481 926 3680 983 eidem
3708 926 3862 982 cha-

2184 1023 2329 1080 ritas
2383 1027 2485 1078 tua
2533 1021 2928 1092 invisceravit,
2977 1021 3039 1076 in
3093 1035 3204 1075 nos
3257 1017 3489 1088 dirigat,
3533 1019 3592 1072 et
3627 1015 3708 1071 de
3753 1013 3868 1070 illa

2189 1110 2553 1182 sempiterna
2583 1109 2854 1182 Capitolii
2883 1109 3068 1176 curia,
3095 1122 3217 1180 qua
3241 1107 3368 1178 jam
3395 1105 3542 1161 inter
3568 1101 3867 1160 consules

2191 1199 2323 1256 coeli
2364 1199 2601 1267 residet,
2632 1199 2694 1254 in
2743 1199 2858 1255 hac
2903 1197 3169 1254 convalle
3214 1195 3620 1268 lacrymarum
3660 1207 3864 1266 quam

2191 1287 2378 1345 evasit
2405 1289 2500 1360 pie
2529 1288 2844 1361 respiciat;
2883 1286 3258 1358 singulorum
3299 1300 3502 1359 preces
3543 1281 3868 1350 exaudiat,

2193 1377 2588 1450 omniumque
2633 1378 3012 1434 necessitates
3063 1375 3227 1450 apud
3270 1380 3324 1431 te
3367 1373 3666 1446 expediat,
3701 1387 3868 1444 prae-

2196 1473 2386 1540 stante
2419 1469 2672 1525 Domino
2719 1473 2920 1525 nostro
2967 1470 3106 1523 Jesu
3155 1465 3383 1523 Christo
3427 1463 3562 1520 Filio
3591 1467 3722 1534 tuo,
3757 1461 3872 1535 qui

2196 1563 2414 1628 tecum,
2443 1575 2582 1614 cum
2607 1557 2824 1630 Spiritu
2853 1562 3082 1626 sancto,
3114 1555 3254 1611 vivit
3278 1559 3336 1609 et
3361 1553 3642 1624 gloriatur
3679 1553 3870 1621 Deus,

419 1676 484 1717 re
541 1663 766 1730 posset,
807 1656 1230 1712 delectationes
1273 1659 1495 1722 tamen,
1543 1669 1679 1727 quae
1731 1654 1792 1708 in
1847 1652 2090 1708 dextera
2119 1681 2160 1721 ιι
2197 1663 2303 1720 per
2331 1647 2564 1702 infinita
2591 1645 2810 1702 saecula
2842 1645 3218 1701 saeculorum.
3253 1647 3461 1698 Amen.

422 1747 659 1803 Domini
701 1745 1082 1818 repleverunt
1137 1760 1276 1799 eum
1333 1760 1528 1816 usque
1585 1743 1648 1798 in
1705 1741 1909 1812 ﬁnem,
1960 1739 2090 1796 nul-

422 1829 520 1894 l'us
571 1841 844 1892 nostrum
899 1851 1022 1890 non
1077 1834 1212 1889 dico
1261 1834 1460 1890 verbis
1495 1833 1814 1906 explicare,
1847 1831 1952 1887 sed
1979 1846 2092 1886 nec

426 1943 608 1984 sensu
676 1924 928 1997 quidem
1000 1924 1286 1993 attingere
1358 1923 1534 1993 valet,
1586 1923 1700 1978 nisi
1755 1921 1903 1977 forte
1959 1919 2091 1993 qui-

425 2016 568 2072 libet
611 2015 670 2070 in
733 2013 933 2086 seipso
1004 2011 1286 2084 sentiscit,
1342 2013 1489 2085 quid
1544 2017 1634 2068 est
1689 2011 1980 2067 delectare
2031 2009 2094 2064 in

429 2104 689 2161 salutare
731 2101 851 2158 Dei.

499 2193 640 2249 VIII.
673 2194 852 2247 Porro
906 2193 1108 2246 autem
1156 2189 1302 2263 quia
1356 2192 1510 2244 Deus
1552 2188 1844 2244 mirabilis
1896 2193 1983 2244 est
2034 2187 2096 2243 in

430 2281 650 2338 sanctis
691 2283 844 2348 suis,
876 2279 939 2335 in
969 2279 1191 2352 quibus
1222 2296 1362 2336 eum
1392 2279 1643 2336 laudare
1669 2279 1975 2351 jubemur,
2005 2277 2097 2334 di-

429 2375 600 2429 cente
635 2371 938 2443 Scriptura
963 2385 976 2424 :
1013 2369 1279 2426 Laudate
1307 2371 1626 2425 Dominum
1647 2371 1950 2426 iri-sanctis
1971 2371 2098 2438 ejus

432 2460 619 2533 (Psal.
677 2475 761 2526 CL,
828 2459 902 2528 1),
955 2457 1197 2524 idcirco,
1247 2473 1283 2512 o
1340 2457 1514 2513 beate
1573 2455 1843 2524 Geralde,
1887 2457 2097 2530 quales

429 2563 760 2622 possumus
807 2544 1122 2602 referimus
1175 2545 1258 2600 illi
1301 2562 1412 2618 pro
1459 2551 1534 2601 te.
1587 2545 1922 2602 Laudantes
1960 2561 2100 2600 eum

434 2637 604 2710 quod
655 2635 834 2705 elegit
885 2639 961 2704 te,
1017 2639 1075 2690 et
1125 2634 1293 2706 quod
1361 2633 1708 2706 justiﬁcavit
1781 2639 1875 2704 te;
1935 2633 2102 2708 quod

437 2723 913 2781 misericordiam
965 2738 1140 2779 suam
1187 2721 1528 2780 miriﬁcavit
1575 2724 1639 2779 in
1697 2727 1770 2794 te,
1802 2724 1967 2797 quod
1996 2739 2104 2798 per

437 2813 566 2870 vias
609 2817 801 2869 rectas
849 2809 1098 2868 deduxit
1143 2815 1219 2884 te,
1252 2811 1419 2886 quod
1467 2811 1727 2870 fructum
1775 2813 1860 2870 tui
1907 2813 2104 2886 operis

437 2901 688 2958 inveniri
716 2901 852 2958 fecit
879 2901 1026 2972 ipse,
1056 2905 1114 2956 et
1142 2905 1469 2974 postremo,
1501 2902 1666 2976 quod
1697 2919 1890 2976 usque
1919 2903 1978 2959 in
2011 2919 2103 2959 se-

2272 1739 2354 1792 IX.
2389 1734 2680 1790 Velociter
2722 1750 2889 1806 sane,
2923 1735 3078 1790 sicut
3122 1731 3197 1788 de
3246 1727 3550 1786 excellenti
3597 1739 3876 1800 persona

2199 1823 2328 1880 fieri
2352 1824 2516 1890 solet,
2548 1824 2828 1880 transitus
2873 1823 3002 1894 ejus
3030 1822 3498 1894 circumquaque
3525 1813 3870 1890 personuit.

2203 1917 2352 1972 Cum
2383 1915 2628 1988 quidem
2657 1913 3017 1970 incredibilis
3035 1913 3350 1969 hominum
3377 1907 3702 1966 multitudo
3719 1920 3875 1961 mox

2207 2005 2471 2078 undique
2525 2021 2694 2060 secus
2737 2004 2960 2060 irruere
3010 2003 3208 2077 ccepit,
3239 2001 3518 2058 examina
3565 1996 3876 2054 nobilium

2202 2095 2488 2164 virorum,
2515 2094 2846 2150 innumerae
2874 2099 3125 2150 catervae
3147 2091 3504 2166 pagensium
3530 2093 3714 2161 atque
3737 2100 3878 2156 ege—

2203 2201 2443 2255 norum,
2475 2183 2676 2258 plures
2720 2183 3024 2252 monachi,
3063 2186 3120 2239 et
3165 2181 3409 2254 agmina
3458 2177 3874 2237 sacerdotum.

2208 2277 2396 2341 Quem
2409 2274 2670 2330 universi
2681 2291 2970 2346 germano
2995 2272 3266 2347 quodam
3287 2277 3344 2329 et
3362 2271 3398 2326 d
3409 2268 3716 2327 ulcissimo
3731 2265 3880 2324 affe-

2208 2369 2308 2420 ctu
2331 2364 2719 2437 plangebant,
2733 2368 2790 2421 et
2817 2364 3022 2420 nescio
3043 2380 3164 2436 quo
3185 2362 3384 2418 divino
3405 2361 3692 2417 instinctu
3707 2373 3878 2414 com-

2207 2455 2487 2528 punctius
2519 2460 2699 2528 atque
2731 2454 2980 2510 suavius
3012 2470 3152 2510 eum
3181 2452 3504 2522 lugebant:
3539 2449 3619 2506 ob
3647 2449 3766 2504 hoc
3789 2446 3880 2504 vi-

2208 2543 2421 2600 delicet
2449 2543 2614 2616 quod
2643 2543 2812 2600 illum
2851 2547 2968 2600 Deo
2999 2542 3296 2616 placuisse
3325 2556 3449 2596 non
3477 2536 3876 2610 ignorabant.

2282 2635 2430 2705 (118)
2464 2636 2523 2690 Χ.
2569 2636 2718 2690 Cum
2753 2633 2932 2705 igitur
2959 2637 3116 2690 esset
3163 2649 3236 2688 ex
3283 2647 3450 2688 more
3495 2629 3768 2686 nudatus
3797 2623 3884 2683 ad

2209 2722 2560 2794 lavandum,
2615 2722 3070 2794 Ragambertus,
3102 2727 3161 2779 et
3205 2721 3302 2779 alii
3353 2719 3612 2778 ministri
3658 2717 3768 2792 qui
3813 2715 3882 2772 id

2211 2812 2492 2883 agebant,
2525 2829 2742 2870 manus
2795 2817 3079 2886 utrasque
3129 2811 3352 2886 pectori
3403 2811 3533 2882 ejus
3563 2808 3882 2883 applicue-

2211 2907 2369 2970 runt,
2397 2919 2537 2959 cum
2568 2903 2763 2960 subito
2801 2904 3080 2959 dextrum
3103 2902 3416 2960 brachium
3450 2899 3646 2974 ipsius
3679 2903 3883 2956 exten-

367 3055 370 3060 _
437 2993 677 3048 nectam
706 2993 763 3046 et
792 2989 1028 3045 senium
1055 3004 1180 3078 non
1218 2989 1534 3062 dereliquit
1585 2995 1661 3060 te,
1693 2995 1747 3048 et
1777 2991 1944 3064 quod
1981 3007 2106 3048 ma-
2137 3023 2177 3078 ρ
2215 3009 2354 3048 sum
2399 2997 2509 3064 est,
2538 2997 2594 3048 et
2641 2995 2723 3050 ita
2754 2991 3113 3064 genitalibus
3155 2991 3442 3048 membris
3491 3006 3717 3046 manus
3747 2989 3882 3060 ejus

434 3082 534 3152 jus
561 3085 668 3150 est,
700 3079 846 3151 quia
873 3079 1026 3134 inter
1054 3077 1210 3134 ﬁlios
1243 3079 1346 3134 Dei
1376 3082 1748 3152 computavit
1771 3085 1844 3148 te,
1865 3085 1921 3137 et
1947 3082 2108 3137 insu-

435 3185 546 3244 per
577 3169 638 3224 in
680 3167 871 3224 oculis
916 3168 1192 3223 omnium
1233 3168 1526 3238 glorificat
1570 3174 1644 3225 te.
1676 3175 1750 3226 At
1790 3187 1932 3226 vero
1965 3171 2110 3243 quia

441 3262 684 3315 sanctos
712 3257 882 3312 decet
905 3255 1196 3324 laudatio,
1231 3257 1310 3312 ad
1335 3257 1581 3314 laudem
1605 3259 1761 3314 illius
1785 3259 2108 3315 laudamus

441 3347 622 3403 etiam
639 3351 712 3414 te,
726 3346 872 3419 quia
899 3346 1117 3403 scilicet
1126 3347 1146 3417 j
1159 3350 1300 3402 uxta
1320 3347 1664 3412 Jeremiam,
1677 3349 1896 3420 jugum
1914 3348 2108 3405 Chris-

443 3435 488 3492 ti
519 3435 598 3492 ab
647 3435 1053 3492 adolescentia
1082 3435 1356 3507 portasti,
1385 3436 1531 3508 quia
1560 3438 1817 3506 gratiam
1851 3437 2108 3494 vocatio—

443 3524 537 3581 nis
570 3526 700 3597 ejus
729 3541 854 3582 non
896 3523 1170 3596 recepisti
1214 3525 1285 3595 [f,
1321 3525 1628 3597 sprevisti],
1661 3527 1806 3600 quia
1837 3543 2112 3583 commu-

442 3615 728 3673 tationem
758 3630 869 3688 pro
896 3613 1103 3670 anima
1135 3619 1234 3670 tua
1263 3629 1386 3669 non
1417 3615 1652 3684 dedisti,
1682 3615 1825 3688 quia
1855 3617 2112 3673 salutem

443 3703 571 3776 ejus
600 3704 665 3759 in
705 3719 970 3759 vacuum
1017 3717 1143 3757 non
1189 3702 1490 3775 accepisti,
1539 3703 1683 3776 quia
1727 3703 1939 3762 intima
1987 3711 2110 3774 tua,

442 3809 580 3866 quae
609 3792 686 3848 de
723 3807 929 3848 amore
969 3791 1182 3846 Christi
1211 3807 1596 3866 conceperas,
1625 3809 1748 3849 non
1792 3795 2110 3867 projecisti,

443 3883 588 3956 quia
635 3881 974 3939 tentationis
1023 3885 1290 3954 tempore
1341 3899 1464 3939 non
1517 3885 1830 3956 recessisti,
1862 3887 2006 3958 quia
2053 3887 2116 3941 in

445 3976 692 4028 externa
712 3969 1022 4044 praesentis
1051 3972 1181 4026 vitae
1206 3971 1432 4042 gaudia
1457 3975 1510 4028 te
1527 3988 1651 4028 non
1676 3973 1956 4044 eil‘udisti,
1973 3973 2118 4047 quia

445 4061 678 4118 bonum
729 4060 1006 4117 faciendo
1055 4075 1180 4116 non
1225 4059 1508 4117 defecisti.
1540 4065 1754 4119 Verum
1797 4069 2000 4120 tamen
2031 4069 2114 4128 tu,

449 4150 698 4206 Domine
731 4152 904 4217 Deus,
941 4153 1004 4205 tu
1030 4166 1139 4222 per
1165 4149 1368 4223 ipsum
1396 4155 1620 4207 nostrae
1659 4155 2118 4227 praesumptioni

448 4239 715 4308 ignosce.
749 4241 898 4294 Nam
929 4238 990 4293 in
1035 4239 1148 4293 hac
1175 4239 1460 4294 relatione
1491 4256 1803 4298 excessum
1833 4243 2116 4302 formida-

2217 3081 2535 3154 applicata,
2568 3087 2634 3138 ut
2679 3083 2892 3140 eadem
2941 3082 3216 3139 membra
3244 3082 3357 3138 sub
3388 3079 3588 3138 volam
3642 3078 3886 3136 conclu-

2217 3171 2398 3228 deret.
2433 3172 2604 3238 Quod
2635 3171 2718 3228 illi
2751 3173 2998 3246 quidem
3043 3188 3190 3228 casu
3220 3171 3541 3240 contigisse
3571 3173 3882 3243 putantes,

2217 3278 2470 3318 manum
2517 3261 2713 3334 ipsam
2767 3261 2846 3318 ad
2889 3265 3097 3335 pectus
3135 3261 3336 3317 denuo
3367 3259 3732 3316 inﬂixerunt.
3769 3256 3886 3316 Sed

2218 3350 2458 3420 iterum,
2494 3350 2647 3406 sicut
2678 3351 2867 3424 prius,
2902 3355 3146 3407 extensa
3175 3353 3280 3418 est,
3315 3353 3372 3405 et
3389 3348 3468 3404 ad
3497 3364 3715 3404 sexum
3745 3361 3890 3403 con-

2219 3440 2544 3512 tegendum
2575 3456 2702 3496 sese
2749 3441 2993 3514 aptavit.
3028 3444 3099 3496 At
3135 3440 3218 3496 illi
3249 3443 3486 3512 stupere
3525 3438 3660 3510 jam
3691 3453 3888 3509 coepe-

2217 3535 2376 3598 runt,
2428 3528 2534 3585 sed
2584 3545 2712 3585 rem
2761 3529 3102 3600 diligentius
3152 3529 3299 3586 scire
3349 3527 3638 3596 volentes,
3683 3527 3886 3584 adhuc

2221 3619 2390 3675 tertio
2417 3617 2734 3674 brachium
2763 3617 3092 3686 reﬂectunt,
3123 3633 3496 3691 manumque
3521 3632 3708 3690 super
3745 3631 3884 3689 pec-

2223 3713 2316 3764 tus
2363 3707 2442 3763 ad
2488 3708 2737 3764 alteram
2783 3707 3096 3764 reducunt.
3125 3709 3268 3774 01MB
3312 3707 3588 3782 protinus
3641 3721 3888 3762 summa.

2223 3798 2529 3854 velocitate
2567 3798 2856 3872 praedicta
2899 3798 3193 3865 membra,
3225 3799 3374 3854 sicut
3415 3797 3584 3870 prius
3629 3796 3884 3870 repetiit,

2224 3893 2282 3945 et
2311 3887 2552 3945 obtexit.
2575 3887 2933 3944 Polinctores
2961 3893 3162 3944 autem
3193 3887 3590 3945 admiratione
3620 3885 3806 3942 simul
3831 3889 3892 3940 et

2225 3995 2448 4052 pavore
2479 3977 2753 4050 perculsi,
2780 3978 2908 4050 jam
2949 3983 3090 4034 tunc
3119 3977 3692 4047 animadverterunt,
3719 3972 3894 4049 quod

2227 4069 2340 4125 hoc
2383 4068 2613 4141 absque
2659 4068 2712 4124 vi
2759 4067 2964 4125 divina
2993 4067 3332 4124 nullatenus
3384 4067 3720 4124 accidisset.
3751 4068 3894 4121 For-

2228 4158 2402 4214 tassis
2449 4158 2609 4214 enim
2656 4174 2764 4231 per
2794 4159 2907 4213 hoc
2937 4157 3168 4214 caelitus
3213 4156 3686 4224 monstrabatur,
3721 4152 3898 4228 quod

2229 4248 2310 4304 ad
2335 4249 2616 4305 castitatis
2661 4248 2954 4320 pudorem
3001 4247 3486 4304 conservandum
3519 4261 3765 4320 semper
3789 4243 3892 4301 illa

451 4343 608 4396 mus,
638 4327 928 4398 quoniam
959 4326 1024 4383 id
1066 4328 1442 4396 tentavimus,
1476 4330 1552 4386 ad
1596 4331 1763 4404 quod
1812 4334 2116 4404 agendum
2147 4379 2190 4408 η
2230 4353 2368 4393 caro
2405 4337 2602 4394 vivens
2649 4335 3049 4392 verecundata
3091 4335 3176 4392 ﬁt.
3207 4327 3642 4408 Corpusculum
3685 4335 3890 4407 itaque

453 4415 794 4472 nullatenus
823 4415 1022 4471 idonei
1055 4433 1285 4473 sumus.
1321 4417 1470 4484 Quia
1507 4418 1642 4476 licet
1670 4421 1764 4477 ille
1796 4422 2014 4492 dignus
2045 4425 2118 4481 sit
2145 4415 2188 4432 υ
2229 4427 2573 4482 festinanter
2613 4430 2995 4499 operuerunt.
3028 4429 3236 4482 Postea
3281 4441 3424 4481 vero
3471 4441 3663 4498 quam
3715 4423 3892 4480 indu-

453 4505 654 4572 laude,
686 4504 748 4560 in
777 4522 898 4578 quo
927 4509 992 4562 tu
1015 4505 1312 4576 laudaris;
1344 4523 1456 4564 nos
1488 4515 1708 4580 tamen,
1743 4513 2015 4585 Domine,
2038 4515 2117 4571 ad

454 4595 614 4652 hanc
665 4593 1042 4652 referendam
1089 4596 1321 4668 indigni
1379 4615 1609 4670 sumus,
1659 4600 1804 4674 quia
1855 4617 1974 4658 non
2033 4608 2117 4660 est

455 4685 720 4754 speciosa
751 4686 882 4742 laus
911 4687 976 4742 in
1007 4702 1107 4743 ore
1131 4690 1463 4758 peccatoris
1491 4689 1699 4762 (Eccli.
1731 4707 1830 4760 xv,
1858 4695 1934 4760 9).
1969 4693 2116 4750 San-

457 4774 537 4830 cti
583 4789 724 4844 ergo
773 4775 877 4846 tui,
923 4780 986 4832 ut
1035 4777 1323 4850 scriptum
1375 4783 1483 4850 est,
1527 4779 1889 4837 benedicant
1937 4786 2013 4850 te,
2062 4789 2119 4840 et

459 4879 646 4936 opera
671 4867 774 4922 tua
802 4865 1197 4930 conﬁteantur
1229 4867 1354 4933 tibi.
1391 4867 1502 4937 Sed
1528 4869 1818 4956 quoniam
1847 4869 2120 4962 imperfe-

592 5011 688 5100 1ἱῇ
713 5009 860 5100 Clara
889 5014 1079 5100 igitur
1105 5035 1372 5100 ex_mor_‘e
1390 5024 1652 5090 nudatus
1668 5027 1750 5094 ad
1767 5029 2114 5100 lavandum.-

458 5078 594 5171 yos‘
627 5081 842 5171 isthic;
861 5090 1040 5171 vetus
1086 5091 1516 5171 nudandorum
1565 5121 1633 5161 ac
1677 5078 2118 5171 ablue/b.5831;

606 5156 880 5244 Amor-tem
893 5173 1276 5244 ncorporum.
1309 5151 1516 5226 Petrus
1527 5151 2117 5244 v'ehéiiiiiiiiéuiiif‘ii

509 5231 982 5316 ira‘cz:ca‘p._it3,
1017 5229 1120 5313 tibi
1167 5233 1242 5316 de
1289 5229 2117 5316 exsequiis-bttum-dlat‘ione

697 5293 706 5303 ,
970 5291 979 5296 -
1049 5302 1060 5313 ,
1202 5306 1211 5316 _
1299 5291 1588 5322 μήνη--.υ
1637 5291 1690 5306 νι
1727 5291 2038 5313 mmmam

457 5291 1388 5399 Ξέἐὲὲεξιηιλὲὶῖἑῗςέεξςὲιξρᾳρι
1413 5328 1426 5366 :
1475 5337 1502 5399 <_<
1529 5319 1728 5378 Fertur
1757 5327 1952 5383 statim
1972 5291 2119 5399 justi

457 5373 686 5457 cprpus
695 5383 749 5457 la
767 5367 1012 5457 devotis
1051 5367 1191 5433 viris
1223 5378 1286 5457 in
1307 5367 2092 5457 claustrhiﬁ'ﬁoifa'éii‘éﬁii;

458 5432 516 5484 et
546 5432 918 5498 Cluniacensi
961 5462 1020 5502 m
1151 5432 1184 5433 Π
1225 5432 1286 5435 Ψ
1315 5432 1517 5466 ““⁷”
1535 5432 1632 5446 ’ω’
1657 5432 1978 5473 ’"W‘WW‘
1993 5432 2114 5470 “m’

765 5509 774 5520 ,
1025 5464 1126 5506 ore
1154 5451 1496 5524 psalmodia
1528 5463 1793 5538 undique
1830 5469 2116 5528 decanta-

457 5501 573 5558 tur'
598 5503 894 5580 .Ablmtur,
927 5521 986 5572 ιιῒ
1033 5536 1095 5576 se
1135 5521 1318 5580 habet
1365 5535 1706 5580 communia
1753 5555 1881 5580 mne
1935 5545 1991 5580 of
2029 5559 2115 5580 εω-

554 5529 986 5600 ῙᾹἪωξξξ-,τᾳῐ
1033 5536 1095 5576 se
1117 5529 1318 5600 habet
1365 5529 1715 5591 communis
1749 5555 1902 5600 mos.
1935 5545 1992 5600 et
2028 5559 2115 5600 se-

557 5555 894 5580 _-_____.,
927 5555 985 5572 η,
1033 5555 1095 5576 π
1135 5555 1174 5578 η
1386 5555 1396 5560 -

455 5571 726 5664 ξιιμ-ἀμφ
755 5585 920 5651 quod
944 5587 1070 5662 ipse
1104 5555 1565 5664 ju§;i;tf‘éﬁ‘$f‘
1574 5555 1706 5664 ἓξὲξ
1733 5555 2090 5664 ιξῗιῖιῗξαῗέῗ

451 5649 712 5734 {Equam
719 5624 1070 5734 otag‘ﬁéi’iﬁ
1304 5624 2115 5734 Eiidgoaéiiigcngﬂﬂiiii

448 5686 1491 5820 οιξεῖιιῑῖιυξοξῑῖιιάῑξῖῖέξὲξέιοαΐιξίιῗιὲ
1511 5686 2117 5830 ἓιίῗιίὲἓιιῗίξίέἲιῖἒῖἓ

533 5919 562 5942 β

2227 4516 2497 4572 menium
2523 4516 2771 4589 accepit,
2803 4515 3143 4573 nullatenus
3193 4515 3436 4589 uspiam
3480 4531 3611 4570 sese
3662 4529 3890 4570 manus

2224 4605 2326 4663 illa
2355 4606 2634 4662 extendit.

2296 4697 2381 4752 ΧΙ.
2409 4695 2508 4752 Sui
2525 4695 3212 4770 autem,quamplurimis
3223 4692 3654 4753 comitantibus
3671 4691 3896 4764 turbis,

2226 4798 2446 4856 corpus
2467 4782 2614 4838 illud
2635 4789 2910 4840 sanctum
2929 4784 3010 4842 ad
3029 4781 3590 4855 Aureliacum,sicut
3607 4782 3742 4854 ipse
3759 4783 3894 4853 jus-

2227 4877 2402 4954 serat,
2425 4872 2782 4948 detulerunt,
2804 4875 2936 4931 etin
2966 4876 3290 4936 aristonem
3308 4871 3600 4948 lapidem,
3622 4877 3672 4940 et
3691 4873 3782 4942 t9)
3811 4869 3898 4926 ad

2228 5033 2416 5099 sensis
2459 5035 2520 5095 in
2551 5030 2683 5094 Vita
2711 5031 2898 5109 ipsius
2933 5025 3082 5109 Petri
3108 5021 3482 5109 Venerabilis
3503 5035 3524 5109 7:,
3549 5040 3602 5109 _«A
3615 5011 3908 5109 Defertur

2229 5095 2416 5169 sancti
2453 5109 2636 5168 Patris
2658 5095 2884 5180 corpus
2913 5104 3003 5180 ad,
3039 5102 3242 5180 19911111
3285 5095 3390 5180 Qbi
3425 5097 3904 5180 ηίῖἓῬίζΓὲΔξῙξῨξν

2498 5160 2906 5238 ἷξῦξιῦἆξιῖιῖνε
2956 5179 3015 5231 ct
3048 5171 3132 5247 ibi
3180 5160 3552 5247 vestimentis
3595 5160 3890 5247 nudatus,

2229 5231 2575 5326 éiéiiﬁZati'
2591 5231 2880 5326 Enim;
2898 5231 3101 5326 gratia
3164 5239 3394 5298 cunctis
3438 5231 3792 5290 videntibus
3837 5233 3894 5284 et

2229 5319 2605 5402 stupentibus
2636 5319 2990 5402 apparebat:
3011 5337 3038 5366 ”
3206 5400 3216 5402 Α
3497 5379 3521 5402 _.

2301 5381 2908 5471 (fita—)ldsiﬁistram
2943 5382 3220 5471 parasitica:
3260 5381 3445 5471 ipsius
3483 5381 3894 5471 {afﬂuant}?

2225 5447 2893 5529 S.‘i5§t}z:.-"Chronicon
2943 5447 3398 5529 Lemovicense:
3429 5447 3755 5529 _«_<’Sanc.tus
3787 5447 3898 5529 Ge:

2460 5514 2809 5606 net—in
2819 5514 2842 5518 ⁷
2854 5514 3226 5606 mdnasterio
3269 5517 3692 5606 Aureliacensi,
3702 5605 3705 5606 γ
3716 5514 3904 5606 quq}!

2225 5589 2944 5671 ifﬁéﬁéré’éiﬁéti’retri
2993 5599 3411 5678 mditicaverat,
3445 5589 3806 5678 sepelituriii

2226 5659 3118 5758 δώδὲὦὸῐςῗὲὖῦἐίαῶεβηριί
3137 5659 3412 5758 Marses;
3435 5659 3904 5758 asseasse

2227 5733 3084 5842 genas-teﬁdietriapostoli,
3105 5741 3270 5818 quod
3291 5740 3418 5814 ipse
3432 5733 3897 5794 aediﬁcaverat.»

2407 5935 2420 5956 ι’⁴
2531 5963 2558 5998 ‘
