4092 6158
126 265 137 273 _
191 199 300 253 697

987 161 1273 253 nevm
1313 197 1369 254 s.
1411 189 1712 254 GERALDI
1748 191 2024 252 coul'ris
2061 195 2414 255 AURILIAC.
2455 228 2524 241 —
2561 200 2690 256 ue.
2733 201 2825 255 ιν.

3517 198 3622 255 698

193 319 495 374 sinistram
555 315 775 372 scilicet
823 317 1082 374 basilicae
1137 319 1328 392 ipsius
1357 370 1359 372 .
1385 317 1847 384 collocaverunt,
1875 320 1923 372 Α
1964 315 2402 389 infatigabiliter
2429 336 2813 394 occupemur.
2835 320 2948 378 Sed
2977 320 3091 378 hoc
3117 323 3386 391 agentes,
3411 320 3486 377 de
3507 320 3621 376 illis

186 409 361 479 juxta
390 423 559 463 aram
587 406 775 462 sancti
805 407 974 474 Petri,
1008 407 1090 464 ita
1114 411 1179 463 ut
1217 407 1561 480 sepulcrum
1591 407 1639 478 ej
1653 423 1718 460 us
1748 405 1852 460 ha-

191 493 406 549 beatur
426 491 490 547 in
518 491 748 558 dextro,
773 495 829 547 et
857 492 1060 564 ipsum
1087 491 1477 549 nihilominus
1502 492 1562 547 in
1592 491 1854 547 dextror-

195 598 356 637 sum.
383 579 497 637 Sed
521 580 649 651 jam
679 579 949 636 libellum
977 581 1138 637 hunc
1169 581 1577 649 terminemus,
1606 596 1680 636 ne
1706 579 1855 636 forte

193 687 334 727 cum
361 667 704 736 rusticitate,
733 673 859 725 tum
909 671 1088 726 etiam
1140 670 1472 743 prolixitate
1520 669 1852 743 displiceat.

196 759 255 816 Si
315 758 460 832 quid
491 763 692 815 autem
719 758 779 814 in
825 775 898 816 eo
942 759 1224 816 lectorem
1254 760 1658 828 oblectaverit,
1687 757 1856 815 meri-

194 849 268 905 tis
298 848 508 904 domni
564 848 796 905 Geraldi
842 849 1178 922 praestitum
1230 854 1488 907 censeat.
1551 853 1671 906 Hoc
1713 864 1855 904 vero

193 935 362 1010 quod
389 935 776 1008 displicuerit,
820 937 1043 994 inertiae
1091 955 1241 995 mea:
1292 938 1621 1012 deputabit,
1654 943 1856 995 tamen

192 1023 519 1080 miserendi
567 1024 947 1082 occasionem
971 1028 1242 1099 reperiet.
1274 1028 1344 1084 Et
1372 1027 1451 1083 ob
1479 1026 1542 1082 id
1572 1025 1852 1099 supplici-

193 1118 282 1170 ter
309 1111 580 1182 obsecro,
614 1117 670 1170 et
700 1113 1093 1171 considerans
1115 1115 1283 1188 quod
1311 1116 1425 1173 hoc
1448 1131 1624 1187 agere
1648 1116 1854 1186 jussus

193 1203 568 1276 praesumpsi,
596 1203 744 1259 mihi
772 1220 809 1260 a
828 1204 1031 1275 judice
1061 1205 1333 1262 cordium
1357 1206 1728 1279 deprecetur.

261 1296 374 1349 ΧΠ.
401 1295 578 1349 Beato
599 1293 846 1366 quidem
877 1294 1128 1351 Geraldo
1158 1296 1300 1352 satis
1329 1296 1663 1366 suffecerat,
1687 1294 1854 1368 quod

189 1381 285 1439 ille
316 1380 479 1437 testis
528 1380 744 1450 ﬁdelis,
782 1382 887 1454 qui
932 1381 994 1438 in
1047 1383 1206 1440 caelis
1231 1389 1336 1456 est,
1369 1388 1427 1441 et
1479 1384 1574 1440 cui
1618 1399 1855 1457 semper

191 1471 428 1545 placere
483 1470 726 1542 studuit,
757 1472 919 1527 hunc
945 1473 1110 1545 apud
1140 1490 1201 1529 se
1231 1473 1293 1529 in
1344 1473 1447 1530 illa
1474 1472 1854 1547 paradisiaca

187 1559 432 1630 regione
466 1564 810 1616 remunerat
836 1579 848 1628 ;
885 1561 992 1618 sed
1019 1567 1223 1618 tamen
1254 1568 1486 1635 quanta
1539 1563 1612 1618 sit
1641 1561 1851 1633 gloria,

189 1665 381 1724 quam
432 1649 591 1706 intus
647 1650 934 1722 possidet,
964 1651 1154 1708 isdem
1189 1652 1351 1708 testis
1396 1652 1658 1709 Christus
1712 1651 1853 1708 foris
1883 1682 1921 1732 Β

187 1737 571 1817 manifestare
601 1739 900 1809 dignatur.
937 1741 1234 1814 Scriptum
1259 1757 1523 1814 namque
1573 1746 1680 1810 est,
1709 1741 1854 1814 quia

188 1832 348 1886 Deus
398 1828 692 1885 instaurat
740 1833 918 1886 testes
965 1847 1106 1886 suos
1161 1835 1370 1888 contra
1404 1848 1538 1887 nos.
1574 1831 1854 1904 Quisquis

187 1918 353 1976 enim
404 1922 700 1991 praecepta
756 1918 915 1974 illius
973 1920 1248 1989 custodit,
1281 1921 1440 1976 testis
1472 1922 1602 1992 ejus
1647 1927 1855 1979 contra

188 2024 294 2064 nos
335 2013 444 2078 est,
478 2007 644 2080 quod
691 2023 1021 2080 possum-.23
1073 2008 1321 2081 quidem
1374 2027 1610 2066 servare
1640 2011 1854 2067 eadem

188 2100 492 2169 praecepta
517 2095 670 2152 sicut
697 2095 814 2167 ille,
847 2097 953 2152 sed
982 2097 1286 2154 nolumus.
1331 2103 1478 2155 Nam
1516 2103 1580 2156 ut
1601 2100 1674 2155 de
1705 2099 1854 2156 meis

189 2184 484 2241 similibus
522 2184 742 2253 dicam,
776 2191 991 2242 cuncta
1017 2187 1144 2258 jam
1183 2188 1422 2261 piorum
1453 2188 1612 2245 dicta
1658 2189 1853 2258 legere

189 2273 318 2331 fasti
347 2274 555 2344 timus,
587 2274 865 2346 exempla
915 2291 1159 2348 quoque
1213 2275 1430 2333 imitari
1470 2277 1850 2349 negligimus,

191 2379 324 2419 cum
382 2367 586 2419 tamen
638 2367 742 2420 aut
775 2363 1002 2431 otiosis,
1059 2368 1163 2421 aut
1214 2365 1600 2421 saecularibus
1653 2365 1850 2422 verbis

1962 421 2075 462 nos
2105 408 2437 480 probamus
2489 426 2638 478 esse,
2689 426 2843 482 quos
2900 409 3227 483 apostolica
3268 426 3385 466 vox
3431 414 3617 478 notat,

1963 495 2200 554 dicens:
2233 499 2284 554 Α
2331 500 2578 556 veritate
2625 499 2896 554 auditum
2953 504 3241 569 avertent,
3274 500 3355 556 ad
3372 499 3620 568 fabulas

1963 587 2160 638 autem
2213 589 2634 641 convertentur
2675 584 2766 654 (ΙΙ
2792 584 2939 640 Tim.
2964 599 3040 651 xv,
3071 583 3147 654 4).
3178 583 3274 650 Ad
3295 584 3453 639 hanc
3476 597 3619 653 ergo

1963 668 2236 726 inertiam
2255 671 2349 728 vel
2376 676 2597 749 caetera
2612 675 2887 744 portenta
2914 670 3216 736 vitiorum,
3240 670 3619 744 aliquatenus

1963 759 2434 831 reprimendam,
2502 761 2823 835 dispositor
2901 759 3258 817 saeculorum
3329 760 3615 828 Christus,

1961 847 2124 904 hunc
2152 853 2362 906 testem
2393 867 2572 906 suum
2616 854 2824 907 contra
2853 866 2964 906 nos
2996 849 3306 913 instaurat,
3352 864 3534 922 quem
3562 852 3621 904 et

1962 938 2164 995 multis
2192 941 2497 998 miraculis
2528 956 2731 998 coram
2757 956 2869 997 nos
2899 939 3172 1007 illustrat,
3204 942 3269 994 ut
3291 937 3435 1011 quia
3481 953 3619 993 ocu-

1961 1026 2051 1083 los
2082 1028 2160 1084 ad
2190 1030 2647 1101 consideranda,
2681 1033 2745 1088 ut
2763 1030 2990 1086 dictum
3020 1032 3132 1100 est,
3155 1029 3395 1102 piorum
3423 1041 3620 1082 exem-

1961 1117 2063 1191 pla
2091 1117 2436 1184 clausimus,
2468 1120 2563 1177 vel
2593 1120 2670 1176 ad
2720 1119 3101 1193 splendorem
3147 1117 3328 1190 hujus
3357 1114 3619 1173 hominis

1962 1213 2254 1282 tanquam
2283 1209 2358 1265 de
2401 1225 2590 1282 prope
2639 1213 3058 1266 coruscantem
3111 1205 3526 1279 respiciamus.
3561 1203 3620 1261 Si

1961 1297 2208 1370 quidem
2235 1297 2331 1354 ille
2360 1297 2564 1354 divina
2591 1303 2891 1371 praecepta
2942 1301 3148 1354 nostro
3174 1301 3443 1368 tempore
3481 1310 3617 1350 cus-

1961 1385 2189 1443 todivit.
2213 1387 2326 1443 Sed
2346 1386 2490 1460 quia
2515 1391 2788 1443 mortuus
2815 1386 2930 1444 cito
2954 1385 3176 1464 recedit
3195 1401 3232 1442 a
3257 1383 3455 1451 corde,
3481 1397 3618 1456 pro-

1961 1475 2119 1532 tinus
2142 1475 2258 1531 hoc
2282 1474 2569 1531 oblivioni
2598 1475 2909 1543 tradimus,
2944 1479 3000 1532 et
3046 1491 3170 1532 non
3226 1472 3619 1543 recogitantes

1961 1565 2320 1635 mercedem,
2360 1581 2495 1637 quae
2527 1565 2746 1620 sanctis
2803 1566 2930 1636 ejus
2977 1564 3260 1637 operibus
3305 1566 3504 1631 restat,
3539 1558 3619 1618 ad

1961 1652 2089 1708 haec
2112 1652 2403 1709 imitanda
2459 1653 2614 1709 male
2645 1653 3056 1726 torpescimus.
3109 1653 3197 1710 Ob
3251 1652 3367 1707 hoc
3413 1650 3616 1721 itaque

1961 1741 2272 1813 miracula,
2300 1758 2437 1814 quae
2466 1742 2613 1798 forte
2643 1741 2724 1798 ad
2753 1747 2990 1814 tempus
3041 1741 3194 1797 ﬁunt
3249 1737 3485 1812 operari
3533 1735 3617 1791 di-

1963 1835 2198 1901 gnatur,
2255 1836 2553 1903 quatenus
2611 1831 2704 1887 vel
2775 1831 2857 1887 sic
2914 1830 3169 1902 gloriam
3221 1844 3409 1902 quam
3456 1827 3617 1882 intus

1961 1920 2162 1991 habet,
2195 1920 2615 1992 intelligamus,
2648 1924 2705 1976 et
2729 1920 2809 1976 ad
2862 1937 3046 1993 opera
3096 1919 3319 1992 quibus
3347 1917 3425 1974 ab
3455 1931 3618 1973 eam-

1963 2009 2104 2066 dem
2146 2010 2396 2079 gloriam
2421 2015 2738 2082 provectus
2766 2016 2875 2078 est,
2908 2015 3199 2083 tanquam
3226 2022 3432 2063 recens
3459 2002 3620 2059 edita

1962 2097 2176 2153 mentis
2228 2098 2420 2154 aciem
2470 2097 2873 2166 intendamus,
2920 2103 2977 2154 et
3025 2097 3104 2154 ad
3149 2098 3277 2152 haec
3325 2091 3619 2149 imitanda

1963 2188 2378 2244 convalescere
2427 2188 2801 2244 studeamus.
2855 2187 2968 2243 Sed
2988 2188 3117 2258 jam
3147 2186 3222 2241 de
3257 2183 3472 2240 iisdem
3502 2179 3614 2236 mi-

1962 2275 2180 2331 raculis
2209 2292 2333 2348 qua
2359 2275 2575 2332 rationi
2631 2275 3039 2346 congruerint,
3087 2277 3205 2329 Deo
3231 2272 3497 2343 juvante,
3528 2279 3616 2321 re-

1960 2365 2245 2423 feramus.

1403 2730 1742 2816 LIBER
1866 2729 2408 2834 QUARTUS.

255 3059 297 3112 Ι.
323 3057 641 3115 Dominica
670 3057 848 3127 igitur
875 3061 1014 3131 post
1056 3058 1372 3115 transitum
1401 3059 1531 3130 ejus
1559 3059 1849 3130 insecuta,
1887 3065 1926 3120 C
1961 3061 2104 3125 Quae
2133 3075 2272 3119 cum
2302 3061 2456 3114 esset
2508 3054 2710 3112 herbis
2752 3052 2987 3122 referta,
3018 3066 3126 3124 per
3155 3065 3373 3121 gyrum
3413 3050 3618 3104 tamen

186 3146 417 3216 multis,
452 3150 515 3201 ut
543 3145 832 3212 diximus,
861 3146 1287 3203 comitantibus
1318 3147 1528 3217 turbis,
1556 3147 1634 3203 ad
1665 3151 1850 3205 Aure-

184 3234 412 3292 liacum
443 3234 674 3290 delatus
726 3240 832 3290 est.
869 3237 1017 3292 Cum
1046 3235 1225 3306 igitur
1253 3235 1638 3308 psallentium
1686 3236 1853 3293 chori

187 3324 340 3382 circa
388 3324 668 3381 feretrum
707 3328 1146 3397 pernoctarent,
1191 3325 1442 3397 quidam
1497 3325 1584 3381 vir
1630 3325 1851 3382 nobilis

187 3415 436 3471 nomine
500 3414 711 3482 Gibbo,
769 3413 980 3486 ﬁliam,
1043 3430 1227 3487 quam
1282 3414 1547 3471 caducus
1603 3415 1853 3471 morbus

188 3501 528 3573 obsederat,
557 3502 768 3559 subtus
824 3502 1040 3558 eodem
1091 3503 1304 3560 feretro
1352 3503 1682 3571 collocavit,
1713 3519 1850 3575 quae

188 3597 404 3664 postea
423 3591 569 3648 nihil
589 3592 949 3650 inﬁrmitatis
974 3592 1133 3648 illius
1149 3608 1332 3666 passa
1355 3598 1460 3649 est.
1478 3596 1609 3649 Jam
1625 3592 1852 3666 quippe

186 3680 639 3739 materfamilias
669 3682 882 3750 existit,
912 3686 968 3738 et
1019 3682 1154 3755 ipsa
1209 3683 1436 3740 virtutis
1483 3683 1665 3754 hujus
1694 3681 1852 3738 testi-

185 3770 464 3827 monium
483 3769 745 3841 seipsam
773 3769 1138 3826 incolumem
1160 3771 1414 3843 praefert.

260 3893 333 3946 II.
369 3890 626 3956 Quidam
671 3890 857 3947 homo
915 3893 1159 3948 nomine
1213 3892 1551 3949 Grimaldus
1601 3893 1662 3947 in
1713 3891 1854 3948 villa

183 3994 467 4047 manens,
499 3994 606 4050 per
632 3978 939 4035 somnium
982 3980 1130 4034 vidit
1155 3980 1320 4052 quod
1349 3979 1702 4052 operculum
1734 3995 1854 4035 sar-

187 4068 452 4143 cophagi
479 4069 609 4139 ejus
639 4067 892 4124 avellere
938 4073 1272 4124 conaretur.
1317 4068 1428 4134 Qui
1475 4067 1852 4141 expergefac-

188 4165 306 4230 tus,
340 4175 377 4215 a
400 4157 617 4214 cubitis
640 4163 698 4214 et
741 4157 1049 4231 deinceps,
1080 4158 1328 4214 brachia
1374 4175 1514 4213 cum
1569 4157 1851 4214 manibus

189 4249 272 4306 ita
298 4247 511 4322 repetit
537 4247 819 4316 arefacta,
854 4252 920 4304 ut
948 4247 1096 4303 nihil
1149 4263 1221 4303 ex
1249 4248 1341 4303 his
1362 4247 1598 4321 operari
1628 4250 1850 4319 posset.

196 4337 285 4394 Sic
315 4353 424 4410 per
452 4336 799 4409 quindecim
827 4336 1012 4392 ferme
1043 4336 1169 4391 dies
1208 4352 1463 4392 manens
1491 4335 1851 4403 debilitatus,

197 4388 282 4394 -_-
316 4388 414 4410 τ--
459 4388 799 4409 1____---_
827 4388 1008 4392 _-__-
1208 4388 1459 4392 _w_-_-
1499 4388 1851 4403 ______-_-_,--,

196 4425 274 4481 ad
317 4425 660 4498 sepulcrum
719 4425 1170 4498 supplicaturus
1227 4426 1406 4493 venit,
1459 4441 1530 4482 ac
1584 4425 1854 4498 protinus
1888 4417 1930 4470 Ι)
1962 4388 2444 4498 figitﬁgit?“

198 4515 514 4572 sanitatem
541 4515 785 4589 recepit.

268 4642 363 4696 III.
391 4639 618 4696 Ancilla
644 4641 960 4712 cujusdam
985 4640 1095 4696 viri
1135 4640 1434 4697 Lamberti
1455 4640 1720 4696 lunatica
1751 4655 1857 4712 per
1911 4637 1918 4641 “

202 4729 504 4785 somnium
533 4729 763 4784 monita
791 4734 902 4800 est,
933 4734 996 4784 ut
1025 4729 1104 4785 ad
1134 4731 1263 4798 eius
1315 4729 1662 4802 sepulcrum
1717 4744 1858 4802 sup-

202 4817 494 4889 plicatura
533 4818 777 4874 veniret.
807 4818 980 4884 Quod
1018 4818 1119 4875 illa
1140 4819 1388 4875 domino
1414 4836 1523 4875 suo
1552 4816 1870 4876 indicavit.

204 4905 297 4963 llle
325 4923 468 4964 vero
502 4906 714 4963 timens
766 4923 840 4963 ne
897 4907 1091 4964 illusio
1135 4912 1192 4964 et
1236 4908 1555 4964 ridiculum
1600 4914 1777 4976 esset,
1808 4908 1856 4965 si

202 4995 493 5052 visionem
511 4995 743 5052 virtutis
772 4994 1016 5052 effectus
1047 4996 1293 5052 minime
1318 5002 1683 5070 sequeretur,
1714 5013 1857 5070 pro-

204 5083 392 5141 hibuit
415 5101 571 5142 eam.
602 5085 706 5142 illa
733 5085 950 5142 dehinc
990 5085 1276 5153 secundo,
1310 5102 1380 5142 ac
1428 5087 1594 5142 tertio
1637 5087 1856 5143 nihilo-

206 5173 403 5230 minus
457 5191 565 5248 per
616 5175 912 5230 visionem
968 5175 1216 5241 monita,
1270 5175 1620 5247 praedictum
1665 5176 1855 5231 domi-

207 5276 349 5319 num
382 5279 562 5319 suum
587 5263 863 5333 rogabat,
897 5267 961 5319 ut
1002 5279 1138 5319 eam
1164 5263 1303 5318 illuc
1356 5264 1441 5320 ire
1469 5264 1851 5337 permitteret.

211 5349 376 5414 Quod
405 5352 500 5408 ille
522 5353 654 5424 jam
707 5353 1016 5408 concessit.
1054 5352 1155 5408 lvit
1183 5369 1326 5424 ergo
1375 5353 1608 5420 mulier,
1634 5357 1689 5409 et
1719 5357 1856 5410 ante

212 5440 544 5509 sepulcrum
566 5441 840 5511 vigilans,
875 5440 1122 5513 pleniter
1151 5458 1300 5497 sana
1327 5441 1585 5498 recessit.

279 5565 362 5618 ιν.
396 5569 622 5622 lnterea
649 5565 908 5639 plateola
929 5565 1211 5638 quaedam
1231 5566 1504 5637 herbida,
1527 5566 1588 5622 in
1605 5567 1856 5622 modum

209 5655 350 5708 rotae
378 5671 484 5728 per
513 5671 732 5729 gyrum
761 5656 1041 5730 rotunda,
1073 5661 1210 5713 ante
1236 5662 1511 5732 cryptam
1554 5657 1855 5733 apparuit.

1958 3147 2130 3203 tellus
2187 3146 2356 3204 nuda
2410 3149 2467 3202 et
2493 3143 2811 3218 pulvestris
2862 3145 3006 3197 erat.
3040 3139 3108 3196 Hi
3155 3153 3298 3208 ergo
3351 3136 3457 3209 qui
3511 3149 3620 3208 per

1959 3235 2358 3292 caemeterium
2390 3233 2742 3302 transibant,
2775 3247 2915 3287 cum
2956 3228 3244 3285 vidissent
3292 3225 3618 3300 plateolam

1959 3325 2146 3397 illam,
2178 3329 2234 3381 et
2263 3323 2498 3380 sulcum
2535 3323 2912 3396 pulvereum,
2943 3318 3050 3392 qui
3101 3318 3259 3374 hanc
3290 3313 3617 3382 ambiebat,

1959 3414 2354 3478 mirabantur,
2387 3413 2638 3468 scientes
2667 3409 2834 3483 quod
2873 3423 2983 3464 nec
3039 3407 3245 3472 homo,
3278 3420 3388 3460 nec
3429 3402 3621 3459 bestia

1959 3503 2249 3560 calcando
2276 3503 2510 3558 sulcum
2535 3500 2704 3557 illum
2730 3497 3049 3555 detriverit.
3094 3493 3433 3568 Aliquando
3474 3507 3620 3548 vero

1957 3593 2307 3666 permansit,
2362 3596 2420 3648 et
2470 3595 2683 3664 postea
2731 3587 3044 3660 disparuit.
3089 3583 3369 3658 Sequenti
3418 3586 3622 3639 autem

1957 3685 2160 3737 testate
2219 3680 2484 3736 similiter
2539 3678 2765 3734 ibidem
2814 3677 2946 3732 visa
2982 3680 3092 3738 est,
3131 3673 3235 3730 sed
3275 3671 3466 3729 multo
3491 3671 3623 3742 jam

1956 3769 2148 3826 latior.
2206 3769 2477 3824 Habebat
2529 3771 2732 3822 autem
2785 3765 3056 3820 lembum
3110 3763 3268 3818 circa
3323 3777 3385 3818 se
3445 3758 3623 3816 detri-

1959 3863 2107 3927 tum,
2137 3861 2203 3912 ut
2229 3857 2414 3930 prius,
2448 3861 2506 3912 et
2533 3855 2906 3928 pulvereum.
2939 3852 3129 3908 Tertia
3155 3851 3362 3906 itidem
3417 3851 3622 3904 aestate

1957 3951 2088 4002 rota
2138 3945 2408 4018 similiter
2462 3943 2736 4008 herbida,
2787 3946 2844 3998 et
2902 3941 3078 4014 quasi
3135 3939 3280 3995 calle
3336 3938 3623 4010 pulvereo

1960 4034 2380 4090 circumcincta
2431 4031 2730 4104 apparuit,
2763 4031 2869 4086 sed
2911 4029 3100 4085 multo
3152 4029 3281 4098 jam
3324 4024 3619 4080 diffusior.

1959 4129 2039 4178 Ac
2061 4123 2344 4194 deinceps
2378 4137 2485 4194 per
2514 4136 2708 4175 annos
2740 4118 2942 4192 plures
2987 4118 3048 4172 in
3098 4121 3276 4171 antea
3323 4129 3385 4169 se
3414 4112 3624 4186 paula-

1963 4213 2065 4268 tim
2115 4226 2424 4284 spargens,
2455 4208 2693 4266 extendi
2746 4207 3083 4264 videbatur.
3141 4205 3253 4270 Qui
3307 4218 3450 4259 vero
3482 4217 3623 4257 cau-

1961 4317 2092 4356 sam
2140 4300 2482 4368 diligentius
2523 4297 2942 4364 retractabant,
2999 4293 3346 4369 prodigium
3373 4289 3624 4363 aliquod

2451 4392 2488 4455 t,
2548 4386 2930 4458 conjicientes
2991 4384 3159 4456 quod
3224 4387 3355 4438 rota
3415 4378 3624 4435 viridis

1962 4478 2191 4534 famam
2237 4477 2395 4533 beati
2458 4475 2691 4532 Geraldi
2747 4475 3040 4529 viriditate
3107 4471 3336 4527 virtutis
3374 4468 3622 4542 plenam

1963 4567 2216 4622 fortasse
2274 4565 2638 4637 ﬁguraverit.
2683 4567 2806 4630 Que
2837 4563 3001 4619 fama
3048 4577 3156 4634 per
3204 4559 3486 4633 populos,
3518 4558 3624 4630 qui

1964 4655 2232 4712 ariditate
2257 4655 2560 4711 bonorum
2589 4669 2842 4725 operum
2873 4650 3098 4706 steriles
3125 4653 3284 4718 sunt,
3312 4663 3466 4720 quos
3495 4645 3626 4718 pul-

1962 4761 2170 4800 vereus
2197 4744 2452 4800 circulus
2491 4741 2870 4812 signiﬁcaret,
2907 4738 3166 4794 subinde
3192 4753 3254 4793 se
3312 4734 3540 4808 spargit
3567 4739 3626 4792 et

1962 4833 2094 4889 illos
2124 4833 2394 4906 exemplo
2425 4847 2535 4887 suo
2580 4829 2754 4902 quasi
2806 4827 3126 4894 fecundat;
3161 4827 3308 4882 dum
3339 4841 3450 4898 pro
3493 4825 3624 4896 ejus

1964 4939 2168 4980 amore
2201 4927 2431 4992 gratam
2462 4918 3004 4992 peregrinationem
3046 4921 3103 4972 et
3133 4916 3405 4971 laborem
3433 4914 3622 4971 susci-

1962 5014 2154 5086 piunt,
2183 5012 2330 5068 dum
2360 5016 2416 5067 et
2441 5025 2694 5066 munera
2722 5007 3000 5076 offerunt,
3025 5012 3082 5063 et
3107 5005 3384 5062 nonnulli
3410 5004 3622 5060 melio-

1961 5103 2104 5159 ratis
2152 5101 2420 5156 moribus
2448 5099 2736 5155 redeunt:
2771 5097 2920 5153 sicut
2962 5101 3096 5153 rota
3120 5095 3219 5152 illa
3261 5095 3324 5150 in
3353 5099 3530 5150 antea
3561 5107 3622 5146 se

1963 5190 2288 5248 extendens
2337 5188 2672 5244 ariditatem
2701 5186 2962 5260 pulverei
2993 5185 3195 5242 circuli
3226 5201 3298 5239 ex
3336 5186 3505 5254 parte
3535 5193 3624 5234 re-

1963 5281 2184 5356 plebat.
2238 5283 2440 5337 Utrum
2472 5295 2614 5334 vero
2645 5278 2759 5333 hoc
2801 5275 3240 5347 signiﬁcaverit,
3273 5286 3472 5334 rerum
3503 5269 3622 5323 dis-

1963 5370 2192 5444 positor
2247 5369 2432 5424 novit.
2481 5371 2717 5424 Certum
2774 5371 2861 5422 est
2914 5370 3116 5420 tamen
3173 5357 3340 5431 quod
3369 5357 3517 5413 nihil
3558 5357 3622 5415 in

1965 5465 2119 5517 terra
2147 5461 2274 5516 sine
2305 5477 2489 5516 causa
2519 5459 2602 5514 fit.

2034 5571 2096 5623 V.
2132 5566 2389 5633 Quidam
2417 5565 2593 5620 bona:
2623 5558 2920 5633 opinionis
2961 5555 3209 5612 clericus
3240 5554 3474 5612 civitate
3507 5559 3618 5612 Ro-

1964 5662 2136 5715 tenus
2164 5657 2344 5728 degit.
2380 5654 2501 5728 Hic,
2525 5653 2572 5709 si
2599 5647 2833 5711 somnio
2851 5646 3001 5706 ﬁdes
3030 5645 3379 5704 adhibenda
3403 5649 3509 5713 est,
3532 5644 3621 5699 vi-
