4096 6138
529 208 633 263 099

529 330 758 385 sionem
814 325 962 382 vidit
1014 326 1097 382 ita
1135 326 1575 382 continentem:
1637 328 1771 381 Erat
1801 323 1974 397 quasi
2029 323 2183 379 altus

528 418 715 483 locus;
767 415 869 471 ubi
919 414 1205 488 splendor
1253 414 1465 484 ingens
1523 414 1808 484 fulgebat.
1864 412 1951 467 Ad
2001 427 2183 484 quem

530 503 911 577 splendorem
956 518 1064 576 per
1117 506 1379 574 quatuor
1446 502 1670 571 gradus
1722 500 2180 557 ascendebatur.

528 597 677 649 Ante
706 592 972 665 primum
1003 607 1139 647 vero
1161 591 1417 661 gradum
1439 596 1566 647 erat
1588 591 1762 663 quasi
1792 589 2183 661 antepodium

530 682 605 739 de
647 681 825 741 ferro.
867 681 1178 737 Secundus
1226 680 1448 751 gradus
1479 679 1745 736 habebat
1793 677 2184 751 antepodium

530 785 775 826 aereum.
823 768 1046 825 Tertius
1100 772 1469 839 argenteum.
1505 771 1762 834 Quartus
1811 782 2083 822 aureum.
2118 767 2184 820 In

529 859 728 933 primo
778 857 980 929 itaque
1044 857 1239 926 gradu
1288 856 1437 912 vidit
1509 856 1790 913 advenire
1828 855 1984 911 duos
2025 854 2185 910 viros

532 945 1050 1020 splendidissimos
1108 945 1275 1001 vultu
1326 950 1383 1002 et
1420 946 1651 1002 habitu.
1684 947 1845 1008 Quos
1915 944 2015 1001 alii
2063 943 2185 998 duo

532 1035 959 1108 sequebantur,
984 1035 1090 1108 qui
1112 1035 1358 1091 inter'se
1381 1035 1617 1091 tertium
1665 1050 1773 1107 per
1822 1049 2040 1090 manus
2073 1033 2186 1087 du-

533 1125 765 1181 cebant.
794 1124 1024 1181 Dictum
1055 1128 1144 1180 est
1171 1128 1373 1180 autem
1402 1125 1617 1181 clerico
1647 1124 1752 1197 qui
1776 1124 1892 1179 hoc
1920 1121 2185 1191 videbat,

534 1213 701 1287 quod
716 1213 797 1268 illi
810 1212 934 1268 duo
949 1213 1129 1286 primi
1142 1218 1340 1270 essent
1355 1218 1597 1270 sanctus
1614 1213 1852 1279 Paulus,
1872 1217 1930 1268 et
1944 1215 2188 1267 sanctus

534 1301 844 1359 Martialis:
876 1302 977 1357 alii
1002 1302 1125 1357 duo
1153 1302 1259 1375 qui
1279 1303 1702 1375 sequebantur,
1722 1305 1965 1358 sanctus
1987 1305 2189 1357 Petrus

535 1395 592 1446 et
620 1395 866 1448 sanctus
897 1391 1184 1465 Andreas.
1221 1392 1276 1449 Si
1321 1392 1568 1464 quidem
1598 1392 1834 1453 tertium
1867 1407 2051 1463 quem
2081 1389 2191 1445 du-

534 1478 769 1546 cebant,
825 1484 1101 1535 sanctum
1152 1495 1281 1534 esse
1334 1480 1672 1535 Geraldum.
1733 1481 1924 1544 Quem
1972 1476 2191 1533 scilicet

535 1567 783 1625 clericus
802 1567 898 1622 ille
925 1568 987 1622 in
1012 1568 1128 1624 hac
1154 1567 1273 1623 vita
1297 1573 1643 1623 manentem
1670 1567 1916 1622 minime
1969 1581 2192 1635 cogno-

533 1655 635 1718 vit.
688 1655 803 1712 Sed
829 1655 977 1710 dum
1020 1661 1231 1727 postea
1258 1656 1519 1723 referret,
1549 1656 1714 1728 quali
1751 1672 1891 1710 eum
1940 1659 2185 1721 statura,

536 1742 629 1798 vel
658 1742 807 1797 facie
839 1742 1098 1810 vidisset,
1139 1742 1242 1812 illi,
1273 1743 1379 1814 qui
1408 1759 1549 1798 eum
1580 1748 1894 1811 noverant,
1928 1742 2190 1816 speciem

535 1835 1036 1900 recognoverunt.
1069 1834 1218 1888 Cum
1268 1848 1409 1903 ergo
1459 1837 1761 1888 venissent
1814 1833 1894 1888 ad
1924 1833 2189 1904 primum

537 1919 815 1991 gradum,
848 1919 1185 1991 psallebant
1233 1921 1412 1993 quasi
1463 1921 1790 1993 psalmum.
1820 1924 1957 1978 Post
2005 1936 2188 1993 quem

536 2012 778 2061 sanctus
808 2009 1014 2063 Petrus
1038 2009 1350 2067 collectam
1378 2010 1545 2066 dixit.
1579 2013 1773 2076 Quam
1802 2010 2186 2083 completam,

535 2096 973 2167 responderunt
1006 2115 1019 2153 :
1053 2107 1260 2155 Amen.
1291 2101 1377 2155 Ita
1406 2100 1673 2156 fecerunt
1701 2101 1988 2166 secundo,
2019 2099 2190 2155 tertio

537 2186 716 2256 atque
756 2190 990 2257 quarto.
1064 2188 1296 2244 deteris
1351 2195 1551 2244 autem
1607 2190 1924 2259 stantibus,
1978 2189 2190 2244 beatus

536 2274 738 2328 Petrus
765 2290 955 2347 usque
1006 2276 1084 2332 ad
1107 2276 1310 2333 locum
1338 2278 1606 2350 praedicti
1636 2278 1972 2351 splendoris
1997 2281 2189 2350 perte-

535 2361 741 2418 tendit.
774 2366 839 2419 Et
866 2368 1200 2436 prostratus
1242 2365 1305 2421 in
1351 2370 1522 2433 terra,
1570 2367 2002 2439 aliquantisper
2046 2365 2190 2422 ado-

535 2466 699 2521 rans,
745 2452 951 2522 jacuit.
997 2456 1158 2508 Tunc
1207 2454 1477 2521 surrexit,
1537 2459 1593 2509 et
1653 2472 1842 2527 usque
1902 2454 2072 2511 tertio
2128 2469 2190 2509 se

536 2540 877 2611 prostravit.
910 2541 1130 2596 Deinde
1156 2558 1273 2597 vox
1302 2543 1478 2614 quasi
1501 2543 1576 2598 de
1606 2543 1704 2599 illo
1731 2543 2048 2615 splendore
2075 2560 2195 2599 res-

536 2626 835 2698 pondens,
882 2628 1128 2699 requirit
1178 2629 1326 2701 quid
1368 2630 1558 2686 vellet.
1615 2636 1687 2686 At
1734 2631 1863 2686 ille:
1919 2632 2189 2703 Domine,

536 2713 751 2785 inquit,
780 2730 891 2786 pro
918 2731 1090 2771 servo
1118 2720 1218 2772 tuo
1249 2718 1499 2774 Geraldo
1530 2718 2005 2777 misericordiam
2023 2723 2190 2779 tuam

537 2800 846 2873 deprecor.
898 2805 964 2858 Et
1015 2807 1155 2859 tunc
1201 2805 1404 2861 nescio
1462 2806 1617 2878 quis,
1675 2806 1854 2862 veluti
1922 2806 2191 2863 codicem

537 2895 765 2954 tenens,
792 2893 966 2965 quasi
997 2894 1177 2950 vitam
1228 2894 1384 2951 illius
1425 2896 1731 2953 recitabat.
1767 2900 2036 2969 Cumque
2091 2897 2195 2953 ali-

1565 203 1622 259 S.
1664 201 1921 258 ODONIS
1957 196 2251 256 ABBATIS
2293 201 2797 258 CLUNIACENSIS
2834 203 2902 257 il.
3759 203 3839 259 700

2232 343 2260 392 ολ
2292 339 2404 393 gus
2431 325 2641 380 domni
2688 323 2923 381 Geraldi
2972 338 3211 378 sursum
3240 322 3435 378 adhuc
3479 322 3778 379 emersisset.
3800 329 3847 383 Et

2292 413 2602 484 subjunxit
2629 412 2796 487 quod
2822 412 3167 469 admonitus
3194 426 3302 485 per
3329 412 3614 466 somnium
3635 410 3785 479 fuerit,
3803 422 3847 471 ut

2291 503 2369 557 ad
2395 503 2525 573 ejus
2562 503 2859 558 tumulum
2890 502 3136 569 veniret,
3166 500 3454 573 quoniam
3474 500 3594 570 eius
3607 504 3852 574 sarcopha-

2293 603 2404 658 gus
2413 589 2544 661 jam
2565 606 2860 663 apparare
2877 589 3174 662 coepisset.
3188 591 3336 643 Tum
3353 603 3488 643 vero
3500 588 3851 646 monachicum

2291 677 2422 750 ipso
2437 684 2752 751 pergentes
2769 679 2849 733 ad
2865 676 3496 745 tumulum,etlinteum
3514 676 3737 748 desuper
3746 678 3853 734 evel-

2291 767 2497 835 lentes,
2522 768 2601 824 ita
2626 772 2994 835 repererunt,
3020 772 3085 822 ut
3105 766 3351 822 clericus
3371 764 3654 821 dormiens
3667 766 3853 823 viderat

2294 859 2361 912 Et
2391 862 2532 912 tunc
2556 858 2803 930 quidem
2833 856 3274 929 aliquantulum
3298 854 3601 911 eminebat.
3629 854 3741 910 Jam
3754 872 3856 911 vero

2293 961 2415 1001 non
2444 963 2661 1018 puram
2692 946 2865 1002 altior
2887 946 3142 1001 videtur.
3172 944 3453 1015 Quisquis
3482 947 3663 999 autem
3687 944 3776 999 hoc
3797 944 3857 999 di-

2294 1036 2545 1106 gnoscit,
2581 1035 2861 1091 virtutem
2904 1035 3169 1107 aliquam
3210 1048 3339 1090 esse
3373 1032 3622 1088 divinam
3649 1032 3857 1101 ignorare

2295 1124 2520 1196 nequit.
2572 1128 2656 1180 Ex
2676 1125 2793 1180 hoc
2847 1125 3026 1195 igitur
3068 1121 3360 1179 miracula
3404 1122 3600 1177 crebro
3642 1120 3747 1176 ﬁeri
3783 1137 3858 1176 cte-

2296 1217 2532 1286 perunt.

2370 1303 2491 1358 VII.
2526 1301 3011 1360 Circumcisionis
3044 1300 3365 1357 Dominicse
3398 1298 3712 1357 solemnitas
3734 1297 3859 1354 adve-

2296 1396 2484 1459 nerat,
2503 1408 2643 1447 cum
2658 1408 2879 1447 vassus
2907 1391 3158 1463 quidam
3174 1390 3418 1449 nomine
3434 1387 3699 1444 Adraldus
3718 1387 3859 1442 locum

2298 1480 2679 1550 caragiorum
2711 1483 2833 1535 tota
2861 1482 3034 1534 nocte
3059 1478 3122 1533 in
3141 1478 3329 1533 domo
3349 1492 3457 1532 sua
3484 1477 3601 1531 ﬁeri
3626 1469 3856 1547 praecepit.

2300 1572 2658 1641 Intempesta
2675 1573 2878 1624 autem
2904 1567 3095 1640 ipsius
3120 1566 3313 1635 nopiis
3342 1567 3505 1631 hora,
3520 1564 3779 1619 daemones
3793 1578 3859 1617 su-

2298 1674 2404 1731 per
2433 1658 2677 1713 faucum
2697 1657 2975 1712 custodes
3004 1653 3550 1721 irruerunt.Quibus
3569 1652 3640 1708 ita
3657 1650 3860 1706 damnati

2300 1752 2455 1814 sunt,
2489 1752 2553 1802 ut
2604 1761 2795 1802 unum
2835 1745 3197 1812 occiderent,
3258 1743 3566 1811 alternum,
3611 1739 3859 1796 debilitatis

2262 1824 2586 1891 'membris
2641 1849 2929 1906 corporea
2978 1832 3169 1888 salute
3214 1832 3531 1904 privarent.
3578 1828 3676 1894 Qui
3712 1832 3861 1899 postea

2299 1923 2702 1980 mendicando
2725 1923 2909 1979 vitam
2932 1921 3197 1990 exigens,
3230 1921 3313 1976 ad
3340 1918 3690 1976 Aureliacum
3710 1916 3861 1987 depor

2300 2019 2457 2070 tatus
2514 2017 2621 2068 est.
2674 2013 2804 2077 Quo
2860 2010 3010 2065 dum
3062 2026 3169 2082 per
3217 2009 3446 2081 aliquot
3485 2007 3604 2063 dies
3628 2005 3859 2067 victitant,

2299 2102 2550 2174 quidam
2594 2099 2836 2155 violenti
2886 2098 3162 2154 homines
3200 2095 3707 2170 praesumptionem
3743 2090 3862 2147 iacie-

2298 2191 2448 2247 bant
2478 2195 2685 2246 contra
2739 2193 3095 2262 potestatem
3124 2187 3239 2245 loci
3271 2188 3477 2261 ipsius.
3515 2188 3632 2248 Qua
3651 2182 3714 2237 de
3734 2193 3863 2236 eam

2299 2279 2583 2335 monachi
2613 2281 2788 2349 signa
2819 2292 3057 2344 sonare,
3091 2282 3276 2349 atque
3296 2275 3511 2332 litaniis
3538 2272 3860 2329 insisterem-

2299 2373 2531 2441 perunt.
2564 2370 2725 2423 Tunc
2776 2366 2874 2422 ille
2930 2370 3277 2422 contractus
3330 2361 3694 2437 supplicabat,
3735 2354 3859 2419 uilli.

2300 2458 2405 2530 qui
2427 2456 2920 2526 circumstabant,
2947 2456 3111 2511 hunc
3141 2455 3221 2511 ad
3243 2454 3578 2527 sepulcrum
3605 2448 3775 2506 domui
3795 2448 3861 2501 Ge-

2298 2546 2449 2602 raldi
2478 2546 2793 2601 deferrent.
2826 2544 3001 2611 Quod
3030 2560 3169 2600 cum
3196 2544 3283 2599 illi
3314 2544 3595 2610 fecissent,
3617 2538 3789 2594 orabat
3820 2536 3862 2586 ut

2301 2635 2414 2690 sibi
2468 2634 2782 2690 subvenire
2848 2633 3214 2702 dignaretur.
3281 2633 3390 2697 Qui
3452 2634 3580 2703 post
3634 2625 3860 2683 modicum

2302 2739 2485 2779 sanus
2506 2722 2775 2789 surrexit,
2806 2725 2863 2777 et
2889 2721 3310 2790 redintegratis
3339 2717 3629 2787 membris,
3656 2711 3860 2770 omnibus

2302 2812 2503 2867 denuo
2533 2811 2595 2865 in
2633 2813 2943 2865 momento
2982 2808 3309 2865 convaluit.
3330 2811 3413 2863 Ex
3453 2808 3559 2862 hoc
3591 2805 3701 2876 jam
3724 2813 3860 2871 caepe-

2302 2906 2442 2956 runt
2486 2898 2777 2955 miracula
2830 2897 3087 2954 subinde
3143 2897 3373 2969 patrari
3401 2897 3757 2963 virtutumque
3776 2887 3861 2956 ejus

537 2963 832 3053 quandiu‘
861 2980 1101 3052 legeret,
1132 2983 1247 3039 hoc
1278 2985 1698 3040 tantummodo
1741 2963 1989 3041 clericus
2019 2986 2190 3042 intel-
2223 2963 2263 3019 Ο
2305 2987 2507 3061 opinio
2543 2988 2758 3043 certius
2789 2992 2968 3058 atque
2997 2963 3278 3041 ditiusius
3295 2998 3585 3041 resonare.
3616 2984 3682 3036 De
3705 2975 3861 3050 quibus

534 3069 716 3141 ligere
760 3070 982 3128 valuit:
1041 3073 1155 3141 Qui
1204 3077 1402 3144 potuit
1456 3076 1819 3146 transgredi,
1847 3081 1903 3132 et
1948 3092 2069 3133 non
2109 3082 2194 3133 est

538 3164 977 3231 transgressus:
1010 3166 1067 3218 et
1089 3163 1294 3234 facere
1335 3165 1519 3231 mala,
1552 3169 1608 3220 et
1649 3180 1770 3220 non
1796 3166 1941 3234 fecit
1986 3166 2189 3237 (Eccli.

534 3265 702 3317 xxxi,
739 3253 850 3319 10).
877 3254 1039 3306 Tunc
1084 3251 1164 3307 ad
1211 3267 1351 3307 eum
1401 3268 1549 3309 vox:
1592 3255 1725 3323 Fac,
1757 3253 1970 3325 inquit,
2014 3253 2090 3309 de
2120 3269 2191 3310 eo

537 3338 707 3409 quod
735 3338 848 3393 vis.
880 3339 1211 3411 Et.protulit
1235 3341 1410 3412 quasi
1438 3345 1739 3414 sceptrum
1769 3342 1924 3397 dans
1954 3342 2055 3410 illi,
2086 3357 2193 3414 per

537 3426 705 3499 quod
742 3426 990 3483 haberet
1017 3432 1372 3501 potestatem
1414 3429 1716 3486 exaltandi
1744 3446 1903 3486 eum.
1935 3429 2192 3487 Clericus

536 3529 679 3569 vero
703 3530 914 3569 vocem
938 3513 1137 3570 dantis
1167 3516 1414 3587 audivit,
1447 3516 1553 3572 sed
1580 3532 1705 3572 non
1732 3518 1845 3572 nisi
1891 3522 2190 3591 sceptrum

538 3602 704 3658 vidit.
734 3603 890 3658 Tum
912 3619 1056 3660 vero
1103 3604 1318 3660 beatus
1361 3608 1565 3661 Petrus
1606 3606 1685 3663 ad
1711 3623 1833 3677 eos,
1865 3608 1970 3680 qui
2001 3622 2066 3663 se
2095 3623 2194 3662 ex-

540 3690 909 3764 spectabant,
965 3694 1238 3764 gaudens
1286 3694 1474 3750 rediit.
1525 3697 1675 3752 Sane
1720 3695 1795 3752 ad
1835 3696 2057 3766 locum,
2088 3696 2193 3752 ubi

540 3780 799 3850 stabant,
817 3782 1097 3856 apparuit
1115 3784 1293 3857 quasi
1310 3786 1571 3841 clivosus
1586 3801 1872 3842 ascensus
1888 3787 1950 3842 in
1971 3786 2191 3842 caelum

538 3886 730 3942 usque
757 3877 1087 3944 porrectus.
1145 3876 1354 3931 Beatus
1397 3880 1599 3932 autem
1651 3878 1858 3932 Petrus
1908 3876 2191 3933 dilectum

540 3958 642 4013 Dei
693 3958 1014 4015 Geraldum
1072 3976 1262 4017 manu
1310 3966 1538 4031 tenens,
1572 3966 1629 4018 et
1656 3978 1763 4035 per
1793 3962 2016 4033 gradus
2062 3963 2193 4019 illos

539 4048 865 4105 ascendere
890 4048 1202 4123 incipiens,
1235 4050 1470 4108 excelsa
1508 4067 1680 4123 voce,
1718 4053 1796 4109 Te
1838 4054 2027 4108 Deum
2058 4054 2192 4108 lau-

538 4138 770 4207 damus,
803 4138 1173 4196 exclamavit.
1209 4143 1275 4196 Et
1316 4140 1398 4197 ita
1428 4141 1749 4213 psallentes
1801 4140 2020 4197 coelum
2051 4157 2191 4197 cum

539 4241 611 4282 eo
638 4227 952 4299 petierunt.
988 4229 1294 4301 Siquidem
1319 4231 1477 4286 hanc
1523 4236 1794 4287 secutum
1821 4236 1908 4287 est
1950 4230 2190 4287 visibili-

539 4318 629 4370 ter
651 4315 814 4372 aliud
842 4316 916 4372 de
943 4318 1072 4388 ejus
1098 4318 1372 4390 sepulcro
1403 4320 1663 4389 signum.

610 4403 706 4459 VI.
751 4404 1011 4475 Septimo
1035 4410 1360 4478 postquam
1398 4408 1762 4477 migraverat
1785 4423 1967 4477 anno,
1999 4422 2194 4463 sarco-

536 4491 798 4567 phagus,
830 4493 933 4565 qui
962 4510 1152 4566 usque
1182 4495 1451 4551 medium
1507 4496 1844 4568 cooperculi
1868 4502 2023 4552 terra
2053 4512 2192 4552 con-

536 4584 695 4651 tusa,
726 4580 992 4638 calcibus
1028 4581 1223 4638 fuerat
1277 4588 1602 4654 contectus,
1654 4585 1874 4639 sensim
1928 4585 2189 4641 eminere

539 4684 721 4742 super
764 4670 1041 4727 eamdem
1096 4676 1314 4728 terram
1362 4672 1558 4745 ccepit.
1619 4676 1733 4729 Nec
1761 4677 1966 4729 tamen
2014 4679 2189 4741 terra,

537 4773 673 4830 quae
721 4764 849 4817 erat
886 4760 948 4816 in
980 4776 1150 4833 gyro,
1185 4765 1288 4818 aut
1328 4761 1563 4829 elevari,
1612 4766 1713 4818 aut
1768 4761 2024 4835 deprimi
2066 4762 2192 4818 visa

537 4853 643 4904 est.
678 4850 892 4906 Incolae
918 4855 1123 4908 tamen
1153 4852 1414 4909 necdum
1444 4852 1558 4907 hoc
1610 4851 2186 4909 animadvertebant.

539 4939 687 4993 Cum
708 4937 934 4995 interea
958 4941 1210 5012 quidam
1230 4942 1478 4997 clericus
1505 4940 1579 4997 de
1602 4942 2011 4997 Lemovicensi
2030 4957 2191 5014 pago

536 5024 804 5095 veniens,
827 5026 1237 5099 interrogabat
1257 5030 1613 5098 monachos,
1646 5035 1845 5086 utrum
1870 5030 2191 5103 sarcopha-

608 5132 751 5206 (l20)
769 5135 917 5190 Cum
924 5133 1126 5204 foedus
1135 5143 1242 5209 aut
1258 5136 1505 5209 aliquod
1517 5137 1749 5207 grande
1748 5139 2163 5209 juramentum
2175 5176 2187 5189 .

539 5205 1098 5277 Su’per'sanctorum
1127 5207 1231 5262 reli
1280 5205 1409 5264 uias
1442 5205 1785 5275 amicitiam,
1822 5206 2188 5272 ﬁdelitatem,

539 5275 963 5335 innocentiam.
987 5278 1109 5334 sive
1128 5224 1363 5335 auigvis
1384 5279 1548 5335 aliud
1570 5279 1767 5335 iurare
1789 5276 2188 5335 frequentissi-

534 5277 963 5360 innocentia_m,
987 5278 1109 5360 sive
1128 5277 1363 5360 quidvis
1384 5279 1548 5360 aliud
1565 5279 1767 5360 jurare
1789 5277 2193 5360 frequentissi-

536 5362 708 5407 mum
734 5349 901 5422 apud
928 5349 1227 5423 antiquos.
1269 5349 1601 5423 Aymoniu‘s
1650 5350 1754 5405 lib.
1785 5366 1864 5419 1v,
1896 5349 2047 5421 ’cap.
2081 5351 2186 5404 64:

540 5418 1088 5496 «.Fidelitatemque
1122 5426 1244 5496 tam
1273 5421 1387 5494 ipsi
1414 5422 1538 5496 regi
1557 5420 1824 5496 Pippino,
1848 5436 2037 5492 quam
2056 5418 2190 5473 ﬁliis

538 5491 669 5556 ejus
695 5492 902 5563 Carolo
932 5491 1417 5549 et"Carlomahno
1440 5491 1835 5563 jurejurando
1853 5506 2033 5563 supra
2066 5506 2192 5544 cor-

538 5573 662 5635 pus.
683 5562 875 5635 sancti
906 5563 1170 5634 Dionysii
1226 5561 1575 5635 promisit.»_
1589 5562 1903 5635 Appendix
1930 5561 2028 5635 ad
2060 5564 2193 5635 Gre:

537 5628 775 5707 gorium
820 5628 1353 5707 Turonfcapfsaz
1383 5657 1411 5686 «
1456 5628 1729 5707 Godin'u's
1747 5633 1923 5707 jussu
1939 5631 2194 5707 Clotarii

534 5700 846 5777 pracipua
869 5701 1007 5764 loca
1051 5700 1419 5776 sanctorum,
1445 5703 1677 5764 domini
1721 5700 1982 5765 Hedardi
2019 5705 2194 5761 Sues-

2304 3079 2352 3134 si
2382 3078 2528 3134 forte
2583 3077 2718 3150 quis
2765 3077 3016 3139 dubitet,
3048 3079 3347 3149 quoniam
3399 3074 3603 3148 saepius
3642 3063 3860 3150 eademin

2303 3166 2555 3223 inﬁrmis
2584 3148 2952 3238 repetuntur,
2982 3148 3179 3237 potest
3209 3164 3347 3220 visu
3370 3163 3630 3238 probare,
3651 3148 3861 3248 per‘quod.

2301 3255 2735 3330 prmteritorum
2779 3254 2930 3310 ﬁdes
2980 3258 3197 3309 sumat.
3232 3255 3381 3319 Quae
3425 3257 3610 3310 autem
3636 3249 3687 3304 in
3721 3245 3774 3300 iis
3793 3245 3862 3330 qui

2302 3328 2480 3401 variis
2532 3343 2884 3414 langoribus
2937 3343 3388 3415 opprimuntur,
3436 3340 3624 3398 divina
3672 3328 3863 3402 dignatio

2301 3431 2520 3503 saepius
2545 3431 2756 3487 iterare
2804 3431 3106 3502 dignatur,
3139 3431 3254 3486 hoc
3288 3434 3527 3504 propter
3553 3422 3861 3500 prolixitatem

2299 3520 2841 3593 praetermissimus.
2875 3520 3166 3586 Quaedam
3192 3524 3401 3577 tamen
3430 3520 3505 3575 ad
3526 3515 3740 3588 gloriam
3756 3507 3863 3577 ejus-

2300 3608 2440 3663 dem
2470 3608 2626 3663 beati
2657 3608 2766 3663 viri
2795 3609 3355 3666 commendandam
3388 3602 3799 3682 perstrinximus,
3815 3604 3865 3647 ne

2300 3695 2633 3751 inconsulte
2664 3711 2737 3751 ea
2766 3696 3095 3752 transilisse
3125 3696 3463 3753 videamur.

2372 3784 2521 3838 VIII.
2544 3778 2783 3841 Constat
2810 3789 3012 3841 autem
3032 3784 3201 3857 quod
3225 3784 3392 3842 idem
3422 3785 3643 3840 sanctus
3669 3770 3863 3867 viridi?”

2300 3873 2623 3942 adviveret,
2655 3874 2875 3933 multas
2906 3879 3254 3933 sanctorum
3286 3873 3560 3947 reliquias
3586 3868 3656 3927 ad
3674 3859 3863 3921 Aurelia-

2288 3979 2441 4022 cum
2465 3961 2723 4020 advexit.
2739 3964 2990 4036 Quippe,
3021 3968 3081 4019 ut
3112 3964 3390 4036 superius
3413 3946 3624 4019 dictum
3648 3958 3735 4018 est,
3748 3946 3865 4036 istius

2302 4067 2499 4107 causae
2528 4035 3005 4109 studiosissimus
3042 4035 3234 4115 fuerit,
3268 4057 3330 4108 et
3379 4050 3457 4109 ad
3501 4035 3864 4125 impetrandum

2302 4139 2471 4212 quod
2498 4138 2690 4208 vellet,
2718 4155 2841 4195 non
2871 4155 3124 4212 parvam
3155 4139 3415 4209 gratiam
3444 4153 3481 4193 a
3510 4138 3618 4192 Deo
3642 4119 3863 4185 habuerit.

2302 4229 2457 4286 Inter
2504 4233 2715 4285 caetera.
2757 4228 3016 4301 denique
3073 4233 3420 4287 sanctorum
3469 4218 3737 4297 chymilia,
3774 4218 3865 4301 (ille

2218 4316 2264 4369 D
2303 4317 2419 4375 illic
2449 4317 2770 4389 habentur,
2798 4322 2886 4375 est
2904 4297 3216 4390 quoddam
3232 4317 3465 4388 lignum
3483 4307 3708 4371 Domini,
3726 4297 3797 4390 cui
3812 4298 3867 4349 ἵε·

2301 4406 2374 4464 lis
2401 4406 2587 4463 virtus
2598 4385 2795 4464 inesse
2821 4385 3114 4478 frequenti
3136 4385 3541 4480 experimento
3557 4385 3864 4480 dignosgitm‘g

2301 4501 2366 4553 ut
2395 4496 2442 4551 si
2472 4495 2607 4569 quis
2636 4496 2783 4551 illud
2814 4477 3137 4567 equitando
3191 4477 3403 4568 portet,
3450 4505 3627 4566 equus
3662 4484 3714 4540 in
3749 4477 3866 4533 ωτι

2300 4585 2619 4652 moriatur;
2656 4590 2759 4641 aut
2787 4584 2835 4639 si
2866 4584 3196 4656 perjurium
3226 4583 3375 4640 forte
3426 4581 3553 4654 quis
3580 4571 3864 4660 fecelfitﬁnf

2298 4672 2631 4746 ptilentisus
2661 4671 3054 4744 [epilepticus]
3083 4671 3199 4726 ﬁet.
3224 4674 3350 4727 Non
3385 4665 3554 4744 pauci
3574 4658 3756 4746 eteniul
3777 4657 3864 4719 iam

2298 4742 2540 4837 propter
2558 4742 2677 4816 hoc
2699 4742 3013 4833 peccatum
3035 4742 3255 4816 caduci
3277 4742 3413 4816 facti
3436 4759 3582 4812 sunt.
3606 4742 3779 4837 Incolis
3795 4746 3863 4837 ξψ-

2300 4835 2419 4908 tem
2447 4849 2708 4920 regionis
2746 4849 2904 4904 illius
2937 4865 3135 4905 mores
3163 4849 3337 4906 valde
3366 4847 3577 4905 ferinos
3601 4836 3781 4896 habere

2296 4914 2663 4997 lebantrsed
2692 4938 3136 5011 aliquantulum
3164 4937 3439 5012 exemplo
3484 4931 3574 4989 vel
3612 4914 3862 5012 revertanﬁf

2299 5027 2488 5084 sancti
2516 5003 2954 5083 hominis-esse
3003 5027 3270 5083 mitiores
3301 5003 3584 5082 videntur.
3617 5003 3861 5086 (120)0‘1‘"

2300 5135 2501 5190 sionas
2532 5137 2589 5189 et
2617 5133 2846 5189 domini
2874 5134 3139 5229 Dionysii
3170 5133 3422 5190 Parisios
3451 5146 3519 5185 ea
3546 5115 3861 5229 praeventngl:

2303 5210 2668 5229 “’“’·““··“’“·’“¹·-
2709 5204 2953 5229 ’³-ιι·--ι·-η
2980 5220 3008 5229 Α
3063 5204 3374 5229 Auum-1m—
3424 5206 3486 5229 --ι
3510 5203 3717 5229 acmml‘
3739 5195 3795 5229 (Ε

2301 5182 2676 5261 sacramenta
2705 5204 2955 5260 daturus
2978 5182 3391 5267 adduceretur,
3424 5206 3487 5256 ut
3510 5182 3717 5318 semp?
3739 5182 3859 5298 (Πεξῖ

2301 5282 2385 5318 mi
2413 5276 2666 5318 Hlntnrin
2696 5292 2822 5318 ριαρ
2846 5275 3037 5318 Hrlnliq
3082 5298 3110 5318 ιι
3166 5279 3227 5318 Rt
3258 5280 3497 5318 nnatast:
3530 5290 3556 5317 ‹‹
3587 5267 3623 5318 C
3686 5265 3794 5312 amn

2299 5282 2387 5332 ret
2413 5276 2666 5334 Clotario
2696 5292 2824 5331 esse
2846 5275 3056 5331 ﬁdelis.
3082 5298 3110 5325 »
3166 5279 3229 5331 Et
3258 5280 3497 5334 postea:
3530 5290 3556 5317 ‹‹
3587 5267 3783 5334 0111⁸⁸Ψὲ

2300 5325 2600 5436 ίξθεῗυηιξε
2621 5364 2693 5436 εξ
2717 5348 3091 5436 veteribus,
3108 5325 3562 5436 sameram?
3576 5325 3859 5436 ἀῇίξξίἰξξὲῗ

2300 5398 2693 5491 assium
2715 5398 3496 5491 aeaiauajfaifmaigms‘
3508 5410 3575 5491 in.
3603 5398 3855 5491 ecelgsjifj

2301 5470 2905 5556 Assanitarum;
2918 5470 3271 5544 ἑδὶίῶίὲἱεῖ
3286 5470 3353 5544 sf
3371 5470 3578 5542 Mirum
3604 5476 3768 5597 iplsum
3792 5470 3855 5511 εει·

2304 5567 2673 5597 ηυοηιωιιιιηι
2719 5561 2915 5597 οιςιιυιη
2968 5560 3317 5597 ίιηηιοιιιιιηρ
3349 5556 3541 5597 mlh-pi.
3576 5572 3599 5597 ν
3669 5527 3856 5597 idendus

2303 5561 2915 5641 cramentumadhuc
2966 5557 3542 5656 impleturusadiret.
3576 5572 3599 5597 υ
3634 5557 3840 5656 virgeum;

2308 5633 2428 5656 ²··“’-’·
2463 5635 2773 5656 Π-ηί-Α-ιι--α
2800 5634 2990 5656 ’νη-ιλ..
3069 5632 3122 5656 .L
3181 5649 3232 5656 .--
3284 5634 3462 5656 ηηςιη..
3531 5633 3630 5656 nan
3745 5647 3757 5656 ,

2305 5614 3235 5708 ἷρἐἷὰἷέέὸέίιῇέῖὰὲοῂξΐῶζᾖ
3278 5614 3501 5708 usus,
3530 5633 3650 5696 cap.
3671 5614 3757 5672 ως
3780 5614 3852 5656 ιω-

2303 5699 2364 5777 ἤ,
2397 5719 2532 5776 cap.
2561 5699 2653 5775 i3,
2686 5707 2743 5761 et
2767 5702 2873 5761 lib.
2916 5720 2939 5762 1
2961 5702 3241 5775 Miracul,,
3273 5717 3403 5776 cap.
3433 5699 3518 5754 56.
