4092 6158
251 175 352 229 701

1044 163 1136 230 DE
1173 178 1331 233 VITA
1370 177 1427 233 S.
1467 177 1772 234 GERALDI
1808 175 2085 235 COMTUS
2122 179 2474 238 AURILIAC.
2516 211 2587 225 --
2636 182 2765 237 LIB.
2808 182 2898 237 IV.

3574 182 3681 240 τοι

252 296 456 348 autem
510 289 727 360 fmdus,
774 296 878 348 aut
930 294 1175 367 aliquod
1229 297 1456 367 grande
1499 299 1912 369 juramentum
1949 302 1991 357 Α
2025 301 2191 369 solet,
2221 301 2373 358 inter
2402 302 2611 375 epulas
2642 303 2976 373 gannirent,
3008 306 3066 359 et
3087 302 3272 363 verba
3315 302 3567 361 ridicula
3596 304 3682 362 vi,

245 382 380 453 jure
439 380 790 451 decernunt,
851 399 957 454 per
1008 386 1336 457 quemlibet
1383 390 1773 458 monachum,
1810 394 1915 444 aut
2023 389 2225 445 cissim
2253 391 2681 457 immiscerent,
2714 391 2914 447 subito
2943 408 3134 465 pavor
3169 392 3382 463 ingens
3424 392 3507 450 ita
3555 408 3683 451 oms-

250 470 555 539 clericum,
589 469 693 542 qui
723 474 926 527 tamen
957 473 1232 544 pedester
1266 476 1522 546 incedat,
1556 476 1771 533 deferri
1800 477 1913 533 sibi

251 558 497 614 faciunt.

325 649 407 702 IX.
451 646 709 711 Quidam
740 663 883 703 sane
914 648 988 703 de
1018 649 1179 706 beati
1209 653 1439 709 Geraldi
1470 653 1657 724 gloria
1691 658 1910 709 temere

248 735 622 808 disputantes
652 739 1128 810 asserunt,quod
1149 740 1261 797 ista
1290 742 1666 799 curationum
1699 743 1907 813 gratia,

248 840 372 880 non
404 825 626 880 meritis
659 825 807 895 ejus,
858 827 962 881 sed
1004 828 1254 889 istarum
1278 830 1594 891 virtutibus
1630 832 1908 905 reliquia-

247 931 384 970 rum
416 914 772 970 conferatur.
802 920 872 971 At
901 933 1014 973 nos
1047 934 1295 979 causam
1334 921 1675 991 diligentius
1721 922 1909 979 consi-

248 1003 552 1073 derantes,
581 1004 641 1059 id
670 1005 990 1074 credimus,
1020 1010 1189 1089 quod
1216 1010 1297 1066 ita
1321 1027 1429 1082 per
1458 1017 1666 1068 sancta
1688 1012 1788 1067 illa
1818 1012 1906 1084 pi-

247 1107 440 1163 gnora
491 1093 807 1149 sanitatem
855 1095 1147 1153 beneﬁcia
1198 1099 1559 1168 tribuuntur,
1611 1106 1676 1163 ut
1719 1101 1906 1157 virtus

242 1196 490 1253 quoque
545 1181 704 1238 beati
763 1184 993 1239 Geraldi
1044 1188 1421 1258 cooperatrix
1475 1205 1598 1244 non
1638 1194 1902 1259 negetur.

243 1272 395 1325 Nam
431 1270 543 1325 hoc
595 1271 727 1342 ipsa
774 1272 1031 1343 qualitas
1080 1275 1480 1338 accidentium
1518 1293 1716 1341 rerum
1748 1279 1908 1339 credi

244 1358 478 1428 suadet,
530 1359 819 1431 quoniam
882 1362 1007 1433 ipse
1065 1363 1212 1419 solet
1258 1364 1512 1420 inﬁrmis
1559 1383 1667 1439 per
1709 1367 1906 1422 visum

242 1462 557 1519 apparere,
590 1453 645 1502 et
670 1450 931 1505 maxime
962 1455 1098 1506 ante
1128 1452 1257 1533 ejus
1293 1454 1588 1510 tumulum
1640 1456 1907 1511 sanitatis

240 1534 604 1591 beneﬁcium
635 1537 921 1594 conferre.
958 1542 1023 1595 Ut
1054 1545 1143 1597 est
1169 1541 1244 1596 de
1270 1541 1393 1597 ﬁlio
1421 1544 1672 1599 Joannis
1702 1544 1905 1600 vide1i~

241 1629 337 1680 cet
394 1626 789 1681 Arvennensis
822 1624 1248 1704 [Arvernensis]
1287 1631 1673 1703 vicecomitis,
1721 1649 1903 1707 quem

242 1717 482 1773 mutum
512 1718 568 1771 et
597 1715 868 1782 surdum,
904 1732 1024 1773 una
1048 1735 1236 1779 manu
1264 1725 1638 1776 contractum
1678 1721 1902 1783 ibidem

236 1801 470 1860 detulit.
502 1807 650 1861 Ante
681 1803 1024 1876 sepulcrum
1052 1822 1317 1880 namque
1347 1816 1735 1877 prosternens
1775 1828 1902 1868 sese

235 1890 303 1946 in
334 1891 668 1947 orationem
694 1892 876 1949 dedit.
906 1897 1085 1951 Nocte
1110 1896 1238 1966 jam
1279 1897 1603 1970 mediante,
1655 1900 1901 1967 sanguis

236 1979 322 2035 ab
351 1980 479 2051 ejus
519 1980 765 2036 auribus
812 1984 1024 2059 erupit,
1086 2001 1425 2059 manusque
1478 1987 1633 2044 illius
1679 1988 1903 2045 directa

235 2073 351 2134 est,
383 2084 569 2142 quam
601 2070 757 2129 circa
783 2071 1004 2129 collum
1036 2072 1221 2147 patris
1252 2090 1464 2133 sanam
1495 2077 1800 2153 expandit,
1847 2082 1903 2133 et

234 2157 498 2230 primam
530 2174 741 2216 vocem
774 2160 1077 2231 emittens,
1100 2178 1322 2235 panem
1366 2163 1445 2221 ab
1486 2182 1557 2220 eo
1606 2166 1897 2238 quaesivit.

230 2246 313 2301 At
358 2246 453 2301 ille
507 2248 728 2315 gratias
782 2264 968 2318 agens
1013 2267 1123 2323 pro
1164 2251 1309 2322 ﬁlio,
1352 2258 1533 2308 totam
1584 2254 1899 2311 ecclesiam

231 2333 500 2390 clamore
534 2337 874 2413 complevit,
903 2343 958 2394 et
987 2340 1317 2411 quemdam
1354 2342 1442 2396 sui
1471 2343 1622 2414 juris
1652 2344 1898 2400 alodum

230 2422 318 2479 ad
349 2428 622 2481 sanctum
657 2426 999 2503 sepulcrum
1030 2429 1290 2486 tradidit.
1336 2432 1488 2489 Sane
1518 2432 1592 2488 de
1636 2432 1748 2488 isto
1795 2449 1901 2492 no-

228 2512 511 2570 minatim
534 2529 1104 2583 commemoramus,
1122 2534 1234 2591 pro
1253 2535 1324 2574 eo
1350 2520 1518 2592 quod
1539 2521 1896 2583 miraculum

225 2601 299 2657 in
329 2601 633 2657 excellenti
665 2619 927 2675 persona
951 2612 1276 2678 patratum,
1327 2609 1401 2666 ad
1434 2610 1759 2666 multorum
1795 2628 1896 2667 no~

224 2690 424 2747 titiam
451 2694 739 2766 pervenit.
772 2693 1086 2751 Dissimilia
1116 2702 1317 2753 autem
1357 2699 1445 2754 vel
1489 2697 1724 2755 diversa
1750 2699 1893 2755 alte-

221 2778 358 2837 rius
380 2783 633 2851 generis,
663 2781 860 2857 primo
882 2784 1128 2856 quidem
1155 2784 1233 2843 ab
1261 2786 1469 2844 incolis
1505 2788 1890 2856 notabantur,

223 2869 340 2927 sed
373 2886 508 2927 cum
540 2886 830 2929 numerus
860 2872 1192 2932 immensus
1217 2880 1521 2945 cresceret,
1555 2877 1779 2937 omissa
1808 2882 1896 2935 est

222 2973 381 3015 cura
409 2960 787 3014 numerandi.

304 3050 364 3105 X.
404 3047 469 3103 In
502 3048 813 3129 Aureliaco
844 3050 1073 3122 oppido
1103 3055 1240 3108 ante
1271 3050 1426 3107 fores
1459 3053 1722 3110 ecclesia:
1769 3060 1895 3112 erat

215 3137 572 3211 epistilium,
619 3154 693 3197 ex
739 3156 862 3217 quo
892 3140 986 3199 ille
1013 3141 1335 3199 ascendere
1375 3159 1599 3215 equum
1632 3144 1882 3203 solebat.

215 3227 405 3292 Quod
436 3227 704 3285 videlicet
727 3246 866 3287 cum
891 3229 1115 3289 infirmi
1147 3231 1226 3288 ob
1256 3232 1386 3302 eius
1430 3249 1699 3291 amorem
1726 3234 1894 3292 deos-

211 3315 523 3379 eulantur,
583 3316 774 3371 solent
824 3316 1087 3388 recipere
1143 3319 1481 3375 sanitatem.
1559 3320 1647 3376 0b
1704 3337 1891 3393 quam

211 3404 406 3463 etiam
431 3420 679 3460 causam
709 3421 872 3462 nunc
902 3411 990 3465 est
1019 3406 1097 3462 ab
1122 3407 1331 3463 incolis
1378 3408 1533 3465 intra
1578 3409 1891 3466 ecclesiam

212 3493 656 3571 transpOsitum
709 3498 766 3550 et
816 3495 877 3551 in
923 3495 1176 3555 modum
1224 3496 1426 3559 altaris
1464 3497 1623 3570 palla
1650 3515 1891 3572 cooper-

214 3588 375 3640 tum.
405 3586 532 3640 Non
561 3582 740 3653 longe
771 3584 850 3640 ab
880 3584 1106 3657 oppido
1137 3585 1304 3658 quod
1352 3586 1555 3644 rustici
1599 3587 1888 3645 Mulsedo-

212 3687 373 3727 num
422 3670 648 3737 dicunt,
694 3673 1015 3744 praedictus
1060 3673 1151 3728 vir
1201 3674 1301 3730 Dei
1330 3691 1539 3730 casam
1571 3676 1885 3731 habuerat.

211 3762 404 3816 Porro
462 3758 751 3833 oppidani
808 3764 1021 3817 mutuo
1060 3762 1472 3829 condixerunt,
1506 3768 1571 3819 ut
1614 3780 1889 3819 mensam

208 3848 378 3917 ejus,
436 3860 572 3917 quae
629 3846 689 3903 in
738 3848 1024 3921 praedicta
1066 3866 1208 3907 casa
1252 3849 1451 3907 adhuc
1485 3857 1632 3921 erat,
1668 3852 1779 3908 sibi
1811 3851 1890 3907 ad

206 3931 617 3991 reﬁciendum
671 3933 985 3990 deferrent.
1043 3937 1212 4002 Quod
1264 3943 1321 3993 et
1372 3938 1655 3998 fecerunt.
1733 3941 1885 3995 Casu

205 4035 362 4080 vero
393 4019 471 4074 ad
498 4019 755 4077 frontem
783 4023 1102 4095 cujusdam
1129 4024 1371 4091 domus,
1405 4026 1545 4081 hinc
1574 4028 1888 4099 portitores

207 4107 623 4184 projecerunt.
684 4111 833 4166 Cum
885 4127 1068 4184 super
1110 4129 1246 4169 eam
1290 4115 1564 4187 quidam.
1615 4116 1887 4173 veniente

210 4195 493 4261 meridie,
526 4197 786 4258 dormire
830 4200 1025 4271 vellet,
1068 4201 1265 4259 subito
1323 4219 1515 4260 caecus
1570 4209 1625 4261 et
1673 4221 1884 4265 amens

208 4283 464 4342 effectus
509 4290 616 4343 est.
673 4288 897 4345 Deinde
960 4306 1101 4348 cum
1157 4291 1336 4348 etiam
1388 4293 1552 4349 canis
1606 4294 1884 4355 eamdem

208 4389 494 4432 mensam
518 4376 795 4449 calcaret,
826 4380 1114 4436 omnibus
1155 4382 1445 4437 membris
1497 4384 1694 4440 statim
1742 4384 1883 4440 diri-

2020 494 2127 533 nes
2156 480 2424 551 perculit,
2456 484 2523 535 ut
2537 480 2736 536 statim
2761 479 3213 537 intermittentes
3240 480 3675 553 scurrilitatem,

2022 568 2101 623 ad
2130 568 2314 625 alium
2342 569 2544 626 locum
2573 570 2870 628 comesuri
2904 570 3264 625 secederent.
3298 573 3561 627 Mensam
3582 587 3682 628 ve.

2020 674 2087 714 ro
2117 659 2577 731 deportaverunt
2602 660 2679 717 ad
2709 659 2854 715 illud
2881 659 3228 725 oratorium,
3256 660 3424 732 quod
3452 660 3678 718 factum

2020 751 2109 802 est
2135 747 2195 802 in
2224 748 2493 820 quodam
2521 749 2676 813 loco,
2710 748 2814 803 ubi
2834 748 3115 803 feretrum
3140 752 3471 819 portatores
3497 749 3680 821 depo-

2020 841 2287 903 suerunt,
2316 837 2394 893 ad
2426 837 2784 901 mutandum
2813 836 3084 911 pallium.
3105 837 3233 901 Quo
3254 835 3525 893 videlicet
3543 838 3677 894 loco

2017 941 2238 998 pecora
2267 926 2738 999 circumquaque
2764 926 3066 997 vagantia,
3099 941 3238 981 cum
3267 925 3415 981 forte
3454 926 3675 998 spatio-

2016 1014 2143 1070 lum
2174 1015 2320 1071 illud
2367 1015 2471 1071 ubi
2527 1016 2829 1081 feretrum,
2878 1014 3028 1071 sicut
3070 1014 3351 1082 diximus,
3410 1015 3677 1087 positum
3714 1084 3723 1091 ἡ

2016 1102 2227 1173 fuerat,
2259 1104 2569 1181 pascendo
2596 1104 3000 1175 contigissent,
3032 1103 3304 1176 protinus
3326 1104 3675 1163 tormentari

2014 1192 2399 1264 incipiebant,
2432 1196 2488 1248 et
2515 1192 2806 1248 nonnulla
2831 1192 3262 1248 moriebantur.
3292 1191 3505 1247 Incolae
3533 1208 3674 1249 vero

2016 1297 2123 1359 per
2146 1281 2207 1343 id
2236 1281 2401 1363 quod
2430 1281 2794 1343 animalibus
2823 1280 3138 1351 acciderat,
3178 1296 3425 1336 causam
3468 1280 3676 1337 intelli-

2016 1372 2245 1435 gentes,
2271 1366 2496 1423 ibidem
2547 1368 2901 1439 praedictum
2948 1368 3276 1424 oratorium
3325 1371 3672 1424 construxe-

2014 1458 2170 1507 runt.
2202 1455 2329 1519 Quo
2356 1454 2573 1510 dehinc
2604 1461 2831 1511 certum
2847 1454 3133 1527 est,quod
3157 1453 3424 1526 plerique
3448 1452 3673 1508 inﬁrmi

2015 1542 2331 1600 sanitatem
2366 1549 2505 1600 sunt
2545 1544 2767 1616 adepti.
2816 1547 3100 1604 Prmterea
3129 1543 3347 1605 mirum
3377 1542 3673 1615 quiddam

1942 1650 1984 1702 Β
2014 1634 2071 1685 et
2098 1645 2252 1702 pene
2281 1630 2625 1687 incredibile
2656 1632 2918 1701 contigit,
2948 1630 3059 1686 nisi
3099 1630 3244 1702 quia
3293 1646 3409 1685 usu
3452 1630 3671 1702 proba-

1931 2998 1972 3052 C

2016 1722 2128 1775 tur.
2160 1722 2307 1775 Nam
2338 1720 2622 1777 fonticula
2653 1737 2725 1777 ex
2752 1725 2893 1776 tunc
2920 1720 2981 1776 in
3011 1718 3226 1775 eodem
3255 1719 3388 1775 loco
3420 1718 3670 1774 subbul-

2009 1807 2095 1878 lit,
2127 1825 2262 1881 quae
2294 1810 2591 1871 viantibus
2621 1809 2697 1867 ad
2731 1814 2943 1882 potum
2973 1807 3249 1869 sufﬁciat,
3352 1882 3357 1887 1

2081 1899 2168 1954 XI.
2199 1900 2345 1968 (121)
2376 1899 2919 1971 Rainaldus.quem
2948 1898 3035 1955 vir
3058 1897 3292 1957 Domini
3318 1899 3671 1969 suspectum

2009 1984 2260 2051 habens,
2289 1986 2654 2057 juramento,
2680 1986 2830 2043 sicut
2858 1986 3134 2059 superius
3160 1985 3388 2043 dictum
3413 1989 3521 2055 est,
3568 1983 3672 2040 ad~

2008 2073 2126 2128 huc
2161 2073 2361 2129 vivens
2393 2076 2846 2145 constrinxerat,
2902 2075 3057 2130 illius
3105 2073 3432 2147 juramenti
3483 2072 3668 2129 ﬁdem

2009 2162 2188 2236 rupit,
2223 2168 2280 2221 et
2307 2162 2568 2232 familiae,
2598 2181 2785 2238 quam
2815 2165 3093 2221 coenobio
3125 2163 3526 2234 delegaverat,
3575 2161 3666 2219 ni-

2009 2251 2275 2309 miserat
2303 2267 2443 2309 cum
2474 2253 2595 2309 suis
2638 2252 2911 2311 infestus.
2964 2251 3191 2321 Singuli
3239 2256 3463 2320 autem,
3514 2250 3668 2314 inter

2006 2341 2426 2412 praedationes,
2459 2358 2612 2413 quas
2643 2342 3044 2414 patiebantur,
3076 2339 3535 2417 nomendomni
3566 2341 3669 2401 Ge-

2006 2429 2156 2487 raldi
2180 2429 2506 2487 inclamare
2552 2431 2843 2486 solebant.
2905 2430 3181 2497 Quadam
3234 2434 3437 2489 autem
3490 2431 3665 2485 nocte

2004 2518 2199 2579 visum
2249 2524 2340 2576 est
2385 2520 2513 2591 ipsi.
2551 2520 2858 2590 Rainaldo,
2912 2520 3080 2596 quod
3132 2520 3329 2577 virum
3397 2518 3499 2581 Dei
3553 2516 3665 2581 sibi

2005 2611 2300 2665 astantem
2348 2612 2629 2664 cerneret.
2693 2607 2800 2673 Qui
2839 2623 2978 2663 cum
3001 2606 3331 2678 juramenti
3372 2606 3553 2669 ﬁdem
3586 2605 3665 2667 ab

2003 2710 2076 2749 eo
2104 2695 2448 2767 requireret,
2480 2695 2659 2751 simul
2681 2695 3015 2764 admonuit,
3052 2699 3116 2750 ut
3135 2693 3428 2750 familiam
3448 2708 3665 2750 vexare

2004 2783 2078 2838 de
2109 2789 2321 2839 caetero
2347 2790 2623 2840 cessaret.
2658 2785 2954 2841 Excitatus
2985 2784 3080 2840 ille
3105 2782 3390 2845 indicavit
3417 2780 3664 2854 conjugi

2003 2871 2317 2933 visionem.
2349 2874 2536 2939 Quem
2562 2879 2618 2931 et
2646 2872 2747 2931 illa
2777 2873 3089 2939 suadebat,
3121 2876 3184 2927 ut
3212 2871 3303 2929 vel
3336 2871 3665 2933 commoni-

2003 2965 2097 3017 tus
2117 2960 2528 3031 juramentum
2570 2966 2852 3021 servaret.
2912 2964 2977 3017 Et
3017 2960 3115 3022 ille
3152 2964 3553 3032 compunctus
3582 2958 3663 3023 ad

2001 3050 2215 3105 horam
2246 3050 2368 3104 suis
2395 3050 2555 3105 idem
2582 3049 2798 3115 retulit,
2826 3049 3200 3122 praecipiens,
3221 3048 3328 3104 sed
3347 3048 3661 3119 ignaviter,

2001 3143 2066 3193 ut
2089 3138 2380 3194 familiam
2411 3155 2532 3196 non
2561 3139 2981 3211 inquietarent.
3016 3139 3129 3195 Sed
3164 3138 3246 3193 illi
3271 3141 3408 3210 post
3449 3137 3660 3210 paulu-

1999 3226 2125 3282 lum
2149 3227 2227 3282 ad
2254 3232 2604 3283 consuetam
2629 3227 3016 3301 rapacitatem
3037 3227 3358 3284 redierunt.
3389 3229 3504 3285 Nec
3534 3223 3663 3283 Bais

1999 3315 2220 3371 naldus
2274 3315 2621 3383 obsistebat,
2678 3316 2823 3388 quia
2869 3332 3099 3389 pronus
3144 3320 3271 3371 erat
3298 3314 3377 3373 ad
3404 3313 3659 3379 malum,

2001 3406 2067 3459 Et
2117 3404 2397 3476 quamvis
2453 3405 2745 3473 sanguine
2790 3409 2949 3460 esset
2982 3408 3190 3460 sancto
3241 3403 3369 3461 viro
3411 3402 3660 3475 propin-

1999 3509 2175 3569 quus,
2211 3499 2410 3549 tamen
2441 3492 2519 3549 ab
2548 3493 2678 3565 ejus
2728 3493 2944 3566 pietate
2991 3493 3169 3563 longe
3225 3495 3351 3547 erat
3407 3490 3657 3547 alienus.

1997 3584 2144 3641 Tum
2170 3582 2372 3641 itidem
2396 3588 2637 3641 sanctus
2663 3583 2752 3645 vir
2782 3582 2978 3643 eidem
3008 3583 3249 3641 minans
3281 3578 3581 3654 apparuit,
3604 3582 3662 3644 et

1996 3687 2131 3742 quae
2157 3670 2320 3727 bona
2351 3670 2467 3726 sibi
2493 3669 2752 3738 fecisset,
2786 3687 2895 3743 pro
2921 3669 3145 3743 quibus
3193 3668 3288 3731 ille
3331 3667 3493 3725 mala
3528 3666 3660 3725 red-

1996 3758 2197 3825 debat,
2252 3758 2612 3814 furibundus
2657 3759 3058 3832 exprobravit,
3110 3763 3289 3829 atque
3316 3755 3658 3829 percutiens

1997 3863 2136 3902 eum
2166 3847 2227 3901 in
2252 3847 2464 3919 capite,
2515 3862 2547 3901 e
2601 3847 2794 3902 vicino
2838 3851 3092 3902 mortem
3151 3844 3262 3900 sibi
3316 3849 3658 3901 secuturam

1997 3935 2400 3993 comminatUS
2432 3940 2538 3990 est.

2067 4024 2180 4079 XII.
2221 4025 2285 4077 In
2316 4022 2647 4094 provincia,
2674 4040 2807 4095 quae
2831 4022 3191 4084 Alamannis.
3233 4025 3501 4087 vocatur,
3550 4036 3658 4078 no-

1995 4111 2130 4167 bilis
2159 4112 2342 4166 homo
2372 4116 2499 4166 erat
2523 4111 2804 4167 obsessus
2851 4127 2888 4167 a
2929 4110 3330 4166 daemonibus.
3381 4112 3657 4165 Parentes

1996 4217 2160 4268 vero,
2190 4206 2245 4256 et
2270 4200 2483 4256 milites
2516 4202 2606 4256 sui
2634 4217 2741 4274 per
2770 4201 2961 4261 multa
3002 4200 3260 4277 pignora
3306 4203 3655 4255 sanctorum

1998 4289 2300 4345 ducebant
2328 4306 2487 4358 eum,
2538 4295 2601 4347 ut
2629 4290 2838 4353 saltem
2888 4306 2995 4363 per
3037 4306 3245 4351 eorum
3288 4287 3657 4351 intercessio-

1997 4394 2135 4434 nem
2200 4378 2404 4435 divina
2449 4381 2639 4450 gratia
2708 4379 3038 4438 liberasset.
3114 4378 3229 4437 Sed
3305 4376 3655 4435 distributor

210 4463 363 4534 guit.
398 4464 660 4521 Necdum
694 4471 892 4523 tamen
941 4468 1055 4525 illis
1094 4469 1537 4526 advertentibus
1590 4472 1884 4545 quidnam
1994 4467 2268 4522 omnium
2297 4466 2619 4537 bonorum,
2650 4468 2752 4541 qui
2793 4467 3045 4524 electum
3095 4484 3274 4525 suum
3322 4465 3654 4537 gloriﬁcare

211 4556 395 4617 esset,
427 4552 579 4611 alius
609 4554 813 4614 itidem
845 4573 1024 4630 super
1054 4559 1212 4614 hanc
1245 4575 1307 4618 se
1345 4560 1622 4632 projecit,
1676 4560 1783 4617 sed
1830 4566 1887 4621 et

209 4639 345 4712 ipse
375 4641 646 4711 protinus
679 4649 936 4705 caecatus
980 4651 1087 4707 est.
1145 4648 1410 4707 Tandem
1467 4648 1883 4717 intelligentes,

212 4728 366 4800 quin
415 4730 494 4785 ob
543 4731 808 4788 tabulam
860 4736 1047 4791 sancti
1104 4736 1214 4791 viri
1253 4736 1546 4809 frequenti
1576 4737 1708 4808 ejus
1739 4738 1885 4793 refe-

212 4815 414 4872 ctione
440 4826 855 4877 consecratam
880 4822 994 4878 ista
1022 4824 1413 4896 pertulerint;
1454 4823 1612 4881 hanc
1662 4825 1739 4883 ad
1775 4826 1881 4881 Ec-

212 4901 459 4961 clesiam
486 4905 646 4963 beati
676 4908 902 4967 Martini
932 4927 1067 4985 qua:
1096 4927 1284 4985 prope
1314 4915 1421 4974 est,
1468 4911 1649 4969 linteo
1686 4918 1884 4972 conte-

211 4994 373 5047 ctam
417 4990 900 5064 deportaverunt.
963 4999 1106 5062 Quaa
1163 5014 1324 5056 nunc
1383 5015 1575 5071 usque
1622 4999 1883 5061 domatis

210 5078 438 5135 ibidem
469 5098 764 5154 suspensa
787 5090 1114 5157 comparet.
1138 5086 1223 5141 Ad
1252 5086 1433 5142 aliam
1451 5089 1581 5157 ejus
1607 5105 1882 5145 mensam

210 5183 347 5239 quae
379 5170 589 5226 eratin
621 5172 763 5229 villa
810 5174 1013 5244 Vaxia,
1071 5173 1323 5249 quidam
1375 5176 1689 5248 presbyter
1741 5194 1882 5234 cum

210 5256 422 5315 vicinis
452 5258 532 5315 ad
577 5261 920 5323 convivium
967 5266 1233 5323 venerat.
1278 5266 1548 5338 Cumque
1578 5266 1728 5323 sicut
1752 5267 1882 5328 ﬁeri

451 5477 1056 5564 Rairt‘aldt‘tszl‘jepos
1097 5480 1284 5564 sancti
1331 5480 1717 5564 geraldi,_'de
1755 5498 1878 5564 quo

210 5557 333 5633 Eos
358 5563 561 5633 supra.
593 5548 760 5633 Quod
794 5552 851 5605 et
877 5548 1017 5633 ipse
1028 5556 1277 5633 sanctus
1310 5552 1455 5633 .Odo
1501 5552 1698 5633 statim
1741 5548 1880 5633 p'ost

211 5612 557 5707 indicat'his
584 5612 780 5679 verbis
830 5636 845 5681 ;
900 5612 930 5673 Ic
976 5623 1045 5681 Et
1079 5621 1357 5701 quamvis
1392 5624 1685 5699 sanguine
1715 5612 1876 5685 esset

1992 4555 2287 4629 disposuit
2339 4555 2499 4611 hanc
2554 4556 2832 4612 virtutem
2882 4556 2933 4613 ei
2990 4556 3335 4613 reservavit.
3422 4558 3652 4610 Nomen

1991 4660 2133 4705 vero
2162 4644 2324 4703 beati
2353 4645 2463 4703 viri
2491 4644 2553 4707 in
2581 4645 2713 4717 ipsa
2742 4645 3053 4720 provincia
3090 4645 3351 4703 necdum
3377 4643 3653 4703 auditum

1991 4738 2137 4788 erat.
2168 4732 2437 4789 PI‘thiCti
2467 4737 2665 4791 autem
2696 4737 2975 4806 parentes
3004 4734 3152 4791 dum
3182 4748 3321 4788 eum
3366 4732 3654 4795 ducerent

1991 4827 2127 4876 ante
2159 4836 2411 4892 corpora
2438 4825 2805 4889 sanctorum,
2834 4821 3141 4876 daemones
3180 4820 3398 4893 saepius
3423 4819 3651 4875 clama-

1989 4908 2158 4983 bant,
2186 4909 2260 4964 de
2291 4909 2420 4985 ejus
2451 4924 2700 4983 corpore
2746 4925 2806 4965 se
2856 4909 3103 4965 minime
3152 4910 3330 4977 exire,
3379 4908 3495 4964 nisi
3544 4923 3652 4983 per

1989 4998 2478 5057 intercessionem
2511 4998 2669 5059 beati
2700 4998 2952 5061 Geraldi.
2987 5001 3134 5063 Tum
3160 4999 3343 5063 iidem
3368 5002 3647 5071 parentes

1989 5087 2347 5145 daemoniaci
2395 5087 2515 5143 huc
2570 5088 2831 5161 illucque
2905 5089 3375 5158 discurrebant,
3453 5087 3505 5143 si
3555 5086 3651 5145 vel

1989 5176 2360 5250 provinciam
2413 5177 2738 5245 audissent,
2799 5178 2861 5234 in
2915 5194 3040 5261 qua
3093 5179 3306 5234 beatus
3362 5173 3648 5261 Geraldus

1988 5270 2160 5322 esset.
2194 5268 2260 5322 Et
2284 5265 2484 5322 nescio
2511 5269 2611 5322 aut
2637 5266 2861 5337 Romei,
2893 5259 2997 5324 aut
3025 5265 3274 5347 quilibet
3292 5259 3644 5335 peregrinus

1986 5487 2193 5561 sancto
2229 5474 2358 5561 viro
2379 5483 2795 5561 propinquus,
2856 5484 3059 5537 tamen
3111 5477 3190 5533 ab
3245 5477 3375 5553 ejus
3425 5477 3643 5554 pietate

1983 5552 2161 5639 longe
2190 5559 2316 5613 erat
2341 5552 2590 5613 alienus.
2627 5552 2654 5603 )3
