4134 6114
535 77 632 131 ’711

1603 66 1660 124 S.
1691 64 1952 124 ODONlS
1993 61 2288 120 ABBATIS
2317 61 2826 120 CLUNIACENSIS
2857 65 2904 120 Il

3859 69 3968 122 712

527 196 925 255 sacerdotium
972 197 1270 261 sanctum,
1303 193 1614 262 offerentes
1657 191 2008 260 spirituales
2053 189 2188 246 hos-
2219 191 2268 242 A
2296 185 2600 242 instruxit.
2625 189 2694 242 Et
2719 201 2844 242 non
2881 203 3022 244 caro
3061 189 3120 244 et
3147 185 3413 257 sanguis,
3439 186 3546 242 sed
3579 186 3673 244 ille
3705 203 3807 244 me
3837 189 3968 258 tibi,

531 289 662 348 tias,
691 283 1084 354 acceptabiles
1103 283 1360 351 Deo,per
1382 279 1686 336 Christum
1707 279 2030 334 Dominum
2051 293 2186 332 nos-

529 381 688 430 trum
715 374 775 444 (Ι
794 375 958 428 Petr.
992 388 1054 442 ιι,
1087 375 1164 437 5).
1199 372 1419 426 Omnes
1449 367 1610 424 enim
1641 367 1702 422 in
1748 366 1978 422 Christo
2023 381 2188 435 rege-

525 467 787 534 neratos,
815 461 1007 518 crucis
1055 459 1296 530 signum
1347 457 1524 513 efﬁcit
1563 472 1756 527 reges,
1811 455 2001 512 sancti
2043 471 2185 510 vero

524 553 773 627 Spiritus
823 549 1025 607 unctio
1079 551 1388 606 consecrat
1437 546 1794 613 sacerdotes,
1858 549 1922 600 ut
1973 547 2185 617 praeter

524 643 701 700 istam
741 640 1062 715 specialem
1109 637 1415 695 ministerii
1441 636 1628 692 nostri
1659 636 2024 698 servitutem,
2057 634 2184 689 uni-

523 733 677 790 versi
708 731 1041 805 spirituales
1073 727 1384 786 Christiani
1430 729 1761 796 agnoscant
1799 741 1860 780 se
1907 723 2054 794 regii
2085 739 2181 793 ge-

524 821 684 879 neris
727 825 786 878 et
831 819 1010 876 ofﬁcii
1056 834 1185 874 esse
1233 819 1536 872 consortes
1585 813 1987 871 sacerdotalis.
2027 812 2181 879 Quid

527 912 688 969 enim
730 915 854 967 tam
887 909 1138 979 regium,
1172 922 1357 979 quam
1401 905 1710 960 subditum
1757 905 1877 960 Deo
1907 903 2178 959 animum

526 999 792 1072 corporis
822 1015 952 1054 esse
983 1001 1274 1052 rectorem
1293 995 1320 1050 ‘I
1359 997 1426 1049 Et
1455 993 1602 1066 quid
1631 998 1755 1049 tam
1787 991 2174 1058 sacerdotale,

526 1105 711 1161 quam
737 1101 948 1143 vovere
989 1083 1416 1140 conscientiam
1463 1097 1702 1155 puram,
1735 1087 1792 1138 et
1831 1080 2178 1137 immacula-

525 1181 616 1232 tas
645 1175 868 1232 hostias
899 1172 1134 1245 pietatis
1187 1171 1262 1226 de
1292 1171 1462 1227 altari
1494 1170 1688 1226 cordis
1718 1169 1930 1226 offerre
1949 1170 1978 1226 Ἰ
2006 1169 2178 1234 Quod

525 1281 664 1320 cum
701 1263 984 1320 omnibus
1031 1277 1138 1334 per
1183 1260 1437 1330 gratiam
1487 1259 1586 1316 Dei
1616 1275 1938 1315 commune
1987 1259 2059 1314 sit
2089 1259 2176 1315 fa-

524 1359 707 1424 ctum,
737 1353 1084 1423 religiosum
1122 1350 1298 1406 nobis
1335 1355 1514 1422 atque
1559 1349 1862 1405 laudabile
1886 1353 1973 1404 est
2000 1347 2178 1404 hodie

521 1442 884 1516 provectioni
916 1445 1156 1508 nostra,
1184 1439 1258 1495 de
1299 1439 1542 1512 proprio
1589 1443 1843 1512 patrono
1893 1438 2174 1508 gaudere.

2299 277 2478 348 cujus
2512 292 2653 330 sum
2675 277 3014 347 unigenitus
3035 276 3334 334 indicavit.

2371 364 2762 421 Beatissimus
2812 365 3014 440 itaque
3079 367 3284 422 Petrus
3347 365 3656 439 apostolici
3733 366 3971 424 ordinis

2296 455 2604 526 princeps,
2635 454 2866 527 primus
2899 455 3134 512 Domini
3175 455 3482 512 confessor
3533 455 3750 527 factus,
3799 459 3974 528 petra

2299 543 2590 613 Ecclesiae,
2623 543 3035 601 clavicularius
3063 544 3231 614 regni
3275 549 3362 601 est
3403 545 3785 601 constitutus.
3817 542 3972 600 Hinc

2296 647 2524 686 nomen
2554 645 2626 686 ex
2655 647 2834 703 opere
2864 632 3058 699 datur,
3087 636 3145 687 et
3173 631 3376 688 titulus
3423 647 3496 688 ex
3521 631 3736 688 merito
3767 636 3972 704 potes-

2297 718 2436 774 tatis
2462 717 2810 791 imponitur,
2845 735 2992 783 cum
3015 735 3051 775 a
3073 719 3326 775 Domino
3357 719 3562 775 audire
3591 719 3820 776 meruit
3845 737 3858 774 :
3893 719 3976 774 Et

2296 822 2404 877 ego
2447 809 2580 864 dico
2629 809 2736 864 tibi
2772 809 3014 877 (Matth.
3055 825 3175 878 xv1,
3211 811 3318 878 18),
3349 808 3410 864 id
3453 815 3558 880 est,
3591 809 3748 864 sicut
3799 811 3978 864 Pater

2295 911 2469 951 meus
2517 896 2622 952 tibi
2665 898 3064 955 manifestavit
3109 897 3478 954 divinitatem
3521 914 3746 970 meam,
3783 897 3874 953 ita
3920 901 3978 953 et

2294 1000 2408 1054 ego
2439 991 2646 1042 notam
2677 987 2780 1042 tibi
2830 987 2986 1043 facio
3035 985 3445 1043 excellentiam
3492 991 3682 1054 tuam,
3715 988 3872 1058 quia
3907 992 3976 1042 tu

2293 1089 2351 1131 es
2371 1077 2590 1132 Petrus
2623 1077 2845 1149 (Ibid.),
2875 1077 2938 1132 id
2978 1079 3068 1132 est
3113 1092 3252 1132 cum
3287 1092 3400 1147 ego
3448 1075 3560 1131 sim
3597 1075 3974 1132 inviolabilis

2291 1167 2481 1235 petra,
2496 1179 2606 1234 ego
2627 1164 2779 1237 lapis
2802 1163 3134 1235 angularis,
3155 1164 3262 1236 qui
3283 1163 3436 1220 facio
3461 1168 3718 1235 utraque
3745 1179 3970 1219 unum.

2293 1254 2414 1322 Ego
2443 1252 2907 1310 fundamentum
2934 1257 3150 1324 prater
3177 1252 3345 1324 quod
3363 1267 3540 1308 nemo
3569 1257 3772 1324 potest
3799 1253 3973 1308 aliud

2291 1355 2536 1412 ponere,
2563 1346 2764 1398 tamen
2796 1346 2858 1398 tu
2889 1356 3138 1414 quoque
3167 1345 3336 1413 petra
3381 1355 3462 1404 es,
3495 1340 3638 1413 quia
3677 1357 3828 1396 mea
3855 1341 3972 1396 vir-

2290 1434 2412 1485 tute
2444 1429 2741 1502 solidaris,
2771 1434 2831 1486 ut
2861 1446 2997 1502 qua
3023 1429 3170 1484 mihi
3194 1433 3487 1502 potestate
3519 1433 3658 1485 sunt
3681 1430 3968 1503 propria,

523 1535 592 1589 Et
614 1548 968 1606 quanquam
999 1531 1061 1586 in
1086 1534 1208 1585 toto
1253 1528 1522 1584 Ecclesia
1566 1544 1837 1600 corpore,
1869 1528 2178 1600 apostolici
2208 1540 2252 1597 Β
2291 1520 2411 1575 Sint
2448 1520 2554 1576 tibi
2584 1536 2824 1576 mecum
2863 1519 3318 1593 participatione
3361 1519 3732 1575 communia.
3761 1520 3968 1590 Super

522 1621 852 1676 celebretur
897 1617 1184 1692 pontiﬁcii
1227 1620 1696 1680 sacramentum,
1746 1616 1922 1672 nobis
1977 1621 2178 1672 tamen

522 1713 615 1765 est
639 1707 954 1781 specialius
999 1705 1409 1776 gaudendum,
1452 1705 1617 1778 quod
1649 1705 1908 1761 effusum
1937 1705 2179 1762 benedi-

523 1797 733 1854 ctionis
753 1800 1132 1868 unguentum
1149 1794 1448 1867 copiosius
1468 1794 1528 1850 in
1553 1795 1860 1868 superiora
1875 1793 2028 1867 proﬂ
2037 1795 2177 1865 uxit,

521 1891 578 1943 et
605 1902 728 1943 non
757 1885 996 1958 parcius
1021 1885 1084 1939 in
1113 1883 1395 1940 inferiora
1425 1883 1753 1939 descendit.

594 1979 742 2034 Cum
797 1975 1018 2047 itaque,
1074 1972 1469 2042 dilectissimi,
1518 1972 1593 2028 de
1651 1972 1950 2028 consortio
1999 1967 2178 2028 istius

522 2065 807 2131 muneris,
833 2079 1060 2133 magna
1091 2062 1166 2118 sit
1207 2061 1458 2118 materia
1488 2062 1904 2117 communium
1931 2061 2179 2132 gaudio-

518 2171 676 2222 rum,
709 2153 904 2210 verior
929 2157 1131 2208 tamen
1159 2155 1216 2206 et
1235 2150 1613 2207 excellentior
1643 2150 1748 2206 erit
1773 2167 1958 2207 causa
1981 2150 2180 2207 laetan-

518 2243 600 2312 di,
646 2243 696 2298 si
749 2258 874 2298 non
923 2241 986 2296 in
1037 2244 1258 2296 nostra
1305 2239 1653 2296 humilitatis
1701 2239 2176 2296 consideratione

517 2330 920 2398 remoremini,
953 2345 1092 2385 cum
1147 2327 1336 2384 multo
1383 2327 1586 2383 utilius
1638 2328 1947 2400 multoque
1994 2329 2066 2383 sit
2094 2327 2180 2383 di-

519 2420 695 2491 gnius
735 2419 815 2476 ad
863 2417 1191 2474 beatissimi
1243 2417 1390 2472 Petri
1445 2416 1698 2489 apostoli
1757 2416 2010 2485 gloriam
2041 2433 2178 2473 con-

519 2507 952 2581 templandam,
978 2505 1169 2562 aciem
1201 2505 1416 2560 mentis
1445 2505 1728 2572 attollere,
1752 2509 1810 2561 et
1827 2507 1988 2562 hunc
2013 2506 2174 2562 diem

517 2597 580 2654 in
635 2597 791 2653 illius
829 2595 1213 2669 potissimum
1269 2595 1653 2650 veneratione
1703 2595 2022 2662 celebrare,
2071 2597 2176 2668 qui

519 2691 642 2743 tam
699 2685 955 2759 copiosis
1020 2689 1111 2739 est
1163 2683 1658 2739 mundationibus
1713 2685 2062 2755 mundatus,
2111 2691 2175 2742 ut

519 2791 658 2831 cum
704 2773 894 2830 multa
951 2771 1112 2828 solus
1164 2771 1478 2843 acceperit,
1510 2771 1656 2827 nihil
1707 2771 1766 2827 in
1798 2789 2172 2845 quemquam

517 2865 643 2920 sine
689 2864 876 2937 ipsius
907 2861 1360 2935 participatione
1391 2860 1702 2917 transierit.
1751 2862 1997 2917 Verbum
2029 2876 2172 2917 caro
2201 2888 2245 2946 ο

513 2955 922 3024 factum,jam
977 2950 1286 3008 habitabat
1334 2952 1398 3006 in
1445 2951 1612 3006 nobis
1662 2952 1857 3016 (Joan.
1903 2966 1941 3018 1,
1977 2949 2084 3021 14),
2117 2953 2173 3006 et

515 3043 594 3099 ad
621 3043 960 3098 humanum
988 3055 1177 3110 genus
1204 3039 1633 3111 reparandum,
1665 3042 1856 3094 totum
1884 3055 1949 3094 se
1977 3039 2170 3094 Chris-

515 3135 608 3186 tus
667 3129 1062 3203 impenderat.
1129 3127 1280 3183 Nihil
1343 3127 1765 3199 indispositum
1833 3127 2169 3199 sapientia,

512 3220 661 3274 nihil
714 3223 840 3275 erat
886 3218 1147 3274 arduum
1197 3216 1493 3289 potestati.
1547 3216 2016 3272 Famulabantur
2058 3216 2172 3272 ele—

513 3312 739 3374 menta,
811 3305 1064 3376 angelici
1135 3303 1376 3376 spiritus
1459 3304 1826 3372 serviebant,
1881 3319 1992 3360 nec
2045 3305 2168 3361 ullo

513 3397 698 3452 modo
751 3398 984 3467 poterat
1029 3392 1309 3449 inefﬁcax
1341 3409 1473 3448 esse
1503 3397 1970 3465 sacramentum,
2001 3394 2168 3466 quod

515 3485 695 3541 simul
744 3484 938 3557 ipsius
1008 3482 1242 3538 deitatis
1299 3483 1497 3539 unitas
1553 3482 1916 3554 operabatur
1966 3487 2024 3539 et
2077 3484 2171 3539 tri-

511 3574 686 3631 nitas.

585 3667 651 3720 Et
677 3667 882 3720 tamen
925 3660 1000 3717 de
1030 3663 1153 3717 toto
1193 3659 1425 3716 mundo
1473 3675 1631 3716 unus
1675 3659 1910 3731 eligitur
1937 3663 2161 3726 Petrus,

511 3754 616 3828 qui
646 3757 704 3810 et
743 3751 1161 3808 universarum
1219 3749 1485 3822 gentium
1524 3750 1843 3818 vocationi,
1877 3755 1933 3807 et
1977 3751 2167 3807 omni-

509 3843 624 3900 bus
655 3841 940 3916 apostolis
967 3840 1314 3913 cunctisque
1336 3838 1612 3896 Ecclesia
1634 3839 1908 3896 Patribus
1935 3857 2166 3914 prapo-

509 3938 706 4006 natur,
736 3936 802 3988 ut
829 3931 1108 4004 quamvis
1123 3931 1184 3986 in
1214 3929 1441 4003 populo
1475 3929 1575 3986 Dei
1602 3929 1774 3986 multi
1801 3931 2164 4002 sacerdotes,

507 4038 720 4079 omnes
749 4027 950 4078 tamen
977 4024 1145 4090 regat
1163 4022 1384 4088 Petrus,
1408 4033 1564 4092 quos
1590 4019 1993 4092 principaliter
2015 4021 2164 4092 regit

510 4113 792 4168 Christus.
824 4113 1103 4180 Magnum
1155 4113 1211 4165 et
1255 4107 1550 4180 mirabile,
1583 4107 1967 4178 dilectissimi,
1997 4111 2158 4183 huic,

2289 1611 2452 1666 hunc
2473 1618 2710 1680 petram
2742 1611 3047 1680 aediﬁcabo
3073 1611 3406 1667 Ecclesiam
3435 1624 3647 1676 meam,
3685 1616 3740 1666 et
3767 1619 3970 1679 porta

2289 1701 2478 1770 inferi
2505 1715 2624 1756 non
2663 1700 3082 1770 praevalebunt
3111 1701 3396 1756 adversus
3439 1715 3568 1756 eam
3603 1700 3832 1770 (Ibid.).
3861 1701 3970 1754 Su-

2287 1805 2395 1861 per
2419 1790 2597 1860 hanc,
2629 1789 2844 1862 inquit,
2881 1788 3310 1860 fortitudinem,
3343 1794 3628 1845 aeternum
3657 1789 3968 1845 instruam

2287 1877 2602 1950 templum,
2633 1882 2692 1934 et
2721 1877 2994 1934 Ecclesia
3053 1894 3204 1934 mea
3244 1877 3369 1934 celo
3397 1877 3723 1933 inserenda
3777 1877 3966 1933 subli-

2287 1966 2488 2036 mitas,
2512 1982 2582 2021 ex
2615 1967 2798 2037 hujus
2827 1966 2968 2022 ﬁdei
2997 1967 3274 2022 ﬁrmitate
3305 1970 3646 2037 consurget.

2329 2055 2522 2112 .Hanc
2551 2055 2993 2111 confessionem
3037 2061 3226 2128 porta
3273 2055 3445 2111 inferi
3483 2071 3608 2111 non
3641 2055 3960 2122 tenebunt,

2284 2143 2494 2200 mortis
2525 2143 2768 2200 vincula
2806 2160 2930 2200 non
2959 2144 3273 2213 ligabunt:
3305 2161 3424 2200 vox
3463 2143 3626 2202 enim
3673 2144 3791 2200 ista
3839 2160 3962 2200 vox

2284 2233 2418 2289 vita
2447 2239 2554 2300 est,
2587 2237 2644 2289 et
2672 2233 2824 2290 sicut
2850 2233 3228 2290 confessores
3263 2249 3404 2290 suos
3431 2233 3494 2288 in
3525 2233 3798 2289 calestia
3825 2249 3964 2305 pro-

2284 2323 2462 2390 vehit,
2489 2323 2571 2379 ita
2617 2327 2932 2394 negatores
2973 2323 3052 2379 ad
3081 2323 3314 2378 inferna
3355 2321 3672 2393 demergit.
3707 2325 3962 2395 Propter

2284 2412 2451 2484 quod
2479 2411 2696 2484 dicitur
2733 2412 3082 2468 beatissimo
3115 2415 3317 2468 Petro:
3374 2411 3508 2467 Tibi
3553 2412 3710 2468 dabo
3759 2413 3962 2468 claves

2283 2479 2459 2570 regni
2509 2479 2814 2567 caelor‘um,
2869 2506 2924 2557 et
2980 2502 3374 2572 quodcunque
3435 2501 3719 2572 ligaveris
3775 2516 3966 2571 super

2284 2595 2529 2658 terram,
2563 2592 2675 2646 erit
2718 2591 2972 2661 ligatum
3021 2596 3078 2647 et
3121 2592 3186 2646 in
3234 2591 3418 2658 caelis,
3461 2591 3518 2646 et
3555 2591 3964 2661 quodcunque

2281 2681 2527 2736 solveris
2578 2695 2758 2750 super
2809 2685 3056 2750 terram,
3088 2681 3200 2737 erit
3249 2682 3512 2736 solutum
3569 2687 3626 2736 et
3675 2682 3740 2736 in
3789 2681 3962 2736 caelis

2282 2769 2480 2840 (Ibid,
2527 2771 2634 2840 t9).
2690 2771 2732 2826 Ο
2777 2769 3192 2826 inestimabilis
3249 2773 3306 2826 et
3341 2769 3646 2826 immensa
3687 2769 3960 2838 bonitas,

2280 2858 2590 2914 hominem
2633 2859 2696 2914 in
2745 2863 2842 2914 ter:
2862 2877 2898 2915 ει
2941 2859 3231 2932 positum,
3267 2865 3465 2916 tenere
3511 2860 3736 2916 coelum
3763 2861 3776 2915 l
3807 2863 3964 2916 Ecce

2280 2965 2442 3004 nunc
2471 2948 2551 3004 ad
2588 2953 2804 3005 nutum
2851 2948 3001 3005 Petri
3044 2949 3232 3006 divini
3259 2949 3427 3020 regni
3457 2949 3722 3006 claustra
3751 2955 3962 3023 pates—

2282 3042 2440 3094 cunt.
2495 3038 2735 3111 Accepit
2778 3039 2938 3094 enim
2997 3056 3035 3096 a
3078 3039 3306 3096 Christo
3359 3039 3556 3096 claves
3606 3040 3780 3110 regni
3840 3057 3964 3096 caeo

2277 3127 2498 3198 lorum,
2557 3132 2621 3183 ut
2677 3127 2885 3185 solutis
2939 3129 3196 3185 vinculis
3251 3129 3632 3194 delictorum,
3691 3129 3962 3202 aperiret

2280 3217 2660 3274 credentibus
2709 3217 2948 3274 coelum.
3009 3220 3052 3275 Ο
3105 3235 3292 3291 quam
3353 3219 3551 3275 vicina
3597 3223 3656 3275 et
3701 3219 3964 3291 profun-

2278 3306 2360 3362 da
2414 3305 2700 3362 remedia.
2761 3309 2936 3364 Juxta
2996 3323 3062 3362 se
3123 3307 3308 3364 habet
3355 3308 3627 3364 mundus
3682 3308 3788 3364 Dei
3861 3324 3958 3364 re-

2278 3409 2486 3464 gnum,
2521 3395 2571 3450 si
2599 3399 2799 3450 currat
2825 3395 2902 3451 ad
2933 3397 3190 3451 Petrum.
3215 3396 3412 3452 Posuit
3431 3396 3511 3452 ad
3545 3396 3740 3452 vicem
3773 3413 3954 3452 suam

2275 3484 2338 3540 in
2396 3485 2616 3542 saculo
2662 3484 2915 3541 calestis
2959 3485 3131 3556 regni
3177 3485 3628 3542 clavicularium
3681 3489 3952 3552 Petrum,

2275 3589 2350 3628 ne
2379 3573 2682 3630 difﬁcilem
2711 3573 2825 3630 sibi
2855 3573 2934 3632 ad
2973 3573 3197 3632 calum
3243 3574 3548 3648 quispiam
3578 3575 3956 3634 existimaret

2275 3678 2616 3720 ascensum.

2345 3751 2636 3809 Transivit
2663 3751 2912 3825 quidem
2959 3753 3139 3810 etiam
3183 3753 3242 3808 in
3292 3751 3442 3810 alios
3485 3752 3824 3826 apostolos,
3849 3753 3954 3826 jus

2273 3841 2444 3898 istius
2473 3841 2804 3915 potestatis,
2832 3846 2889 3898 et
2935 3841 3014 3898 ad
3062 3859 3272 3899 omnes
3327 3841 3602 3898 Ecclesia
3633 3843 3950 3918 principes

2274 3931 2495 3988 decreti
2527 3931 2708 4003 hujus
2739 3931 3080 3988 constitutio
3103 3932 3484 4000 commeavit,
3519 3933 3627 3988 sed
3671 3949 3802 3990 non
3831 3934 3958 3989 fru-

2274 4025 2396 4078 stra
2445 4021 2552 4077 uni
2606 4021 3085 4090 commendatur,
3141 4021 3308 4094 quod
3357 4021 3643 4078 omnibus
3699 4023 3950 4080 intime-

2273 4114 2387 4168 tur.
2441 4113 2608 4166 Petro
2666 4111 2827 4166 enim
2883 4110 3019 4167 ideo
3075 4111 3190 4168 hoc
3233 4107 3613 4182 singulariter
3654 4113 3948 4182 creditur,

506 4199 634 4256 viro
663 4199 1030 4256 consortium
1076 4199 1354 4270 potentia
1409 4213 1532 4252 sua
1575 4197 1778 4253 tribuit
1825 4198 2029 4255 divina
2075 4200 2161 4256 di-
2190 4245 2233 4299 Β
2273 4202 2418 4274 quia
2488 4200 2716 4257 cunctis
2783 4200 3058 4258 Ecclesia
3129 4201 3459 4258 rectoribus
3519 4203 3670 4259 Petri
3743 4203 3952 4260 forma

509 4289 731 4360 gnatio,
763 4293 821 4344 et
851 4288 899 4343 si
923 4287 1070 4360 quid
1099 4303 1238 4343 cum
1267 4303 1338 4343 eo
1369 4301 1693 4344 commune
1719 4291 1942 4344 caeteris
1975 4289 2161 4347 voluit
2191 4287 2231 4299 “’
2271 4291 2658 4363 praponitur.
2705 4293 2896 4347 Manet
2946 4305 3090 4362 ergo
3141 4291 3288 4347 Petri
3341 4291 3752 4366 privilegium,
3803 4293 3948 4350 ubi-

506 4395 638 4437 esse
669 4377 1056 4452 principibus,
1079 4393 1396 4450 nunquam
1447 4376 1561 4432 nisi
1597 4394 1705 4451 per
1741 4378 1944 4452 ipsum
1973 4379 2157 4452 dedit,

504 4467 839 4540 quidquam
866 4465 994 4521 aliis
1023 4481 1146 4522 non
1174 4465 1434 4536 negavit.
1461 4466 1682 4522 Omnes
1701 4466 1960 4540 denique
1986 4483 2160 4540 apos-

504 4556 657 4614 tolos
687 4555 975 4613 Dominus
1002 4555 1150 4628 quid
1197 4555 1272 4611 de
1311 4571 1374 4611 se
1403 4555 1722 4626 opinentur
1768 4555 2046 4613 homines
2075 4557 2160 4613 in-

503 4651 780 4718 terrogat,
808 4650 864 4703 et
890 4645 1098 4703 tandiu
1125 4645 1622 4718 respondentium
1663 4661 1860 4702 sermo
1891 4663 2160 4704 commu-

501 4736 595 4791 nis
625 4735 750 4804 fuit,
781 4735 1054 4808 quandiu
1083 4735 1367 4792 humana
1406 4735 1758 4804 ignorantia
1790 4737 2155 4808 ambiguitas

501 4824 770 4895 perstitit.
802 4827 874 4879 At
914 4823 1020 4878 ubi
1065 4824 1285 4881 habeat
1335 4824 1768 4897 discipulorum
1799 4842 2010 4884 sensus
2040 4828 2159 4884 exi-

504 4911 680 4981 gitur,
706 4911 936 4983 primus
962 4915 1050 4967 est
1093 4912 1156 4967 in
1199 4913 1434 4968 Domini
1482 4914 1878 4985 confessione,
1906 4916 2012 4988 qui
2039 4917 2157 4989 pri-

501 5015 639 5056 mus
687 5003 815 5055 erat
867 4999 1197 5071 apostolica
1237 5001 1500 5070 dignate.
1535 5003 1646 5068 Qui
1693 5020 1831 5059 cum
1875 5004 2151 5061 dixisset:

507 5091 595 5146 Tu
638 5105 694 5147 es
739 5087 1014 5146 Christus
1063 5089 1256 5144 Filius
1303 5089 1414 5144 Dei
1459 5091 1584 5146 vivi
1616 5091 1855 5160 (Matth.
1903 5110 2014 5159 xw,
2045 5094 2152 5166 t6),

496 5178 808 5254 respondit
857 5178 911 5234 ei
956 5180 1163 5234 Jesus:
1224 5177 1448 5233 Beatus
1489 5195 1566 5246 es,
1616 5181 1821 5238 Simon
1877 5183 2152 5253 barjona,

498 5271 640 5339 quia
669 5283 812 5326 caro
841 5273 898 5326 et
925 5267 1174 5338 sanguis
1201 5281 1320 5322 non
1347 5267 1634 5322 revetavit
1679 5269 1803 5332 tibi,
1831 5271 1935 5327 sed
1969 5273 2156 5328 Pater

497 5371 658 5413 meus
701 5359 808 5428 qui
845 5359 908 5414 in
951 5357 1113 5414 catis
1161 5361 1246 5412 est
1284 5353 1526 5426 (Matth.
1583 5372 1704 5424 xv1,
1761 5357 1866 5416 l7).
1923 5359 1988 5414 Id
2045 5365 2151 5431 est,

495 5443 632 5502 ideo
673 5445 884 5502 beatus
931 5463 1015 5515 es,
1057 5445 1202 5519 quia
1257 5449 1313 5502 te
1361 5445 1529 5500 Pater
1575 5461 1746 5500 meus
1790 5446 2010 5510 docuit,
2043 5465 2152 5506 nec

491 5535 547 5587 te
581 5538 820 5592 terrena
865 5535 1070 5608 opinio
1114 5535 1338 5599 fefellit,
1388 5533 1498 5591 sed
1540 5533 1854 5608 inspiratio
1901 5537 2151 5596 calestis

2270 4395 2510 4452 cunque
2556 4395 2629 4435 ex
2679 4378 2870 4452 ipsius
2907 4377 3093 4436 fertur
3134 4381 3412 4454 aquitate
3465 4381 3788 4452 judicium.
3823 4385 3952 4439 Nec

2267 4469 2457 4526 nimia
2507 4473 2596 4525 est
2646 4467 2738 4524 vel
2793 4469 3076 4525 severitas
3129 4470 3224 4526 vel
3273 4470 3572 4542 remissio,
3603 4470 3721 4527 nisi
3769 4473 3948 4545 quod

2265 4557 2478 4616 beatus
2531 4557 2800 4631 pontifex
2856 4561 2913 4613 et
2971 4558 3280 4632 apostolus
3335 4561 3560 4627 Petrus,
3619 4564 3726 4616 aut
3783 4561 3946 4632 liga-

2264 4649 2433 4713 verit,
2488 4653 2591 4705 aut
2646 4647 2901 4704 solverit.
2945 4649 3104 4720 Ideo,
3154 4648 3544 4720 dilectissimi,
3571 4666 3946 4724 quanquam

2267 4737 2674 4794 universaliter
2727 4737 2790 4792 in
2835 4738 3112 4794 omnium
3153 4743 3501 4796 sanctorum
3555 4756 3944 4798 commemo-

2265 4827 2494 4884 ratione
2545 4825 2619 4881 sit
2671 4825 3023 4898 latandum,
3076 4832 3276 4885 tamen
3341 4829 3404 4885 in
3479 4829 3664 4901 hujus
3743 4831 3944 4888 nosh'i

2265 4914 2611 4972 excellentia
2676 4916 2938 4988 patroni,
3013 4917 3225 4974 merito
3303 4922 3393 4975 est
3475 4917 3940 4990 exsultandum,

2265 5004 2677 5076 gaudendum,
2728 5005 3133 5077 gloriandum,
3183 5024 3370 5080 quem
3435 5007 3539 5064 Dei
3603 5010 3804 5078 gratia
3875 5009 3940 5065 in

2265 5097 2498 5150 tantum
2529 5095 2761 5168 apicem
2790 5096 2944 5153 inter
2969 5097 3174 5154 omnia
3195 5098 3464 5154 Ecclesia
3489 5099 3773 5154 membra
3797 5115 3940 5172 pro-

2263 5184 2439 5255 vexit,
2473 5189 2537 5240 ut
2565 5201 2704 5240 eum
2743 5186 2805 5242 in
2852 5203 3124 5260 corpore,
3157 5187 3253 5243 cui
3277 5191 3472 5260 caput
3513 5187 3786 5244 Christus
3819 5192 3932 5256 est,

2262 5273 2438 5345 quasi
2489 5273 2929 5331 lucidissimum
2994 5275 3199 5332 lumen
3273 5276 3664 5333 constitueret
3727 5277 3938 5334 oculo-

2263 5379 2418 5419 rum.
2455 5365 2614 5420 Sicut
2643 5369 2844 5421 autem
2888 5370 2946 5422 et
2971 5381 3084 5422 nos
3127 5366 3354 5438 experti
3381 5382 3614 5434 sumus,
3647 5372 3708 5423 et
3736 5367 3938 5423 nostri

2262 5453 2592 5524 probavere
2643 5455 2925 5525 majores,
2958 5455 3037 5512 ad
3068 5457 3534 5529 promerendam
3585 5457 3935 5513 misericor-

2262 5541 2428 5599 diam
2457 5542 2559 5599 Dei
2586 5542 2889 5600 credimus
2928 5560 3165 5618 semper
3207 5561 3316 5602 nos
3365 5544 3640 5618 specialis
3683 5551 3932 5618 patroni
