4134 6114
244 102 350 151 713

1603 84 1967 144 seauoues
1997 52 2333 152 QUINQUE.

3566 98 3672 152 714

241 217 624 278 Orationibus
649 213 1058 283 adjuvandos,
1083 218 1149 270 ut
1167 218 1467 286 quantum
1487 212 1744 286 propriis
1766 226 1905 286 pec-
1936 212 1982 264 Α
2029 214 2251 267 sanctae
2289 212 2701 270 familiaritatis
2732 217 3102 287 ministratio,
3144 222 3201 274 et
3227 232 3419 290 usque
3463 217 3541 274 ad
3572 218 3671 275 tri-

242 309 388 365 catis
435 303 810 379 deprimitur,
865 306 1100 358 tantum
1149 302 1494 375 apostolicis
1543 302 1767 358 meritis
1796 300 1908 356 eri-

245 413 386 468 gam
395 411 484 451 ur.
1539 438 1557 449 .

298 487 578 547 instante
615 485 822 536 autem
860 480 1100 537 Domini
1138 480 1449 554 passione,
1482 480 1674 536 sciens
1716 478 1910 535 Domi-

244 592 360 632 nus
389 572 825 646 discipulorum
860 570 1229 627 turbandam
1258 571 1659 627 constantiam
1690 571 1771 626 ait
1809 572 1910 625 Pe-

244 670 334 721 tro
370 681 384 720 :
416 664 636 728 Simon,
670 656 804 717 ecce
829 662 1098 717 Satanas
1129 662 1415 731 expetivit
1442 676 1562 725 vos,
1595 666 1662 716 ut
1688 661 1913 717 cribra-

244 761 335 811 ret
379 756 529 808 sicut
561 752 826 805 triticum
857 767 879 805 :
910 765 1018 820 ego
1052 756 1250 806 autem
1284 750 1497 820 rogavi
1514 764 1631 818 pro
1654 755 1727 816 te,
1761 754 1816 805 et
1846 754 1910 803 tu

245 841 575 915 aliquando
614 853 939 895 conversus
984 840 1275 908 conﬁrma
1309 840 1537 909 fratres
1574 844 1704 894 tuos
1744 839 1907 908 (Luc.

246 948 386 996 χχιι,
437 929 525 995 31,
564 932 671 997 32).
722 930 1062 984 Commune
1112 934 1239 983 erat
1282 926 1567 983 omnibus
1622 924 1910 999 apostolis

246 1019 578 1094 periculum
607 1017 680 1073 de
710 1018 1037 1074 tentatione
1058 1017 1414 1086 formidinis,
1448 1020 1506 1073 et
1532 1016 1751 1073 divinas
1777 1031 1914 1088 pro-

208 1124 213 1128 ί
245 1107 514 1165 tectionis
539 1106 760 1163 auxilio
790 1106 1015 1179 pariter
1036 1105 1434 1177 indigebant.,
1454 1108 1655 1162 tamen
1690 1102 1916 1176 specia-

242 1198 316 1254 lis
380 1213 417 1254 a
462 1196 713 1252 Domino
765 1194 915 1251 Petri
960 1210 1106 1250 cura
1154 1193 1494 1267 suscipitur,
1535 1198 1593 1249 et
1636 1209 1747 1266 pro
1795 1191 1919 1263 fide

242 1286 395 1343 Petri
423 1284 659 1358 proprie
682 1283 1084 1357 supplicatur,
1102 1288 1398 1355 tanquam
1429 1282 1686 1338 aliorum
1719 1284 1918 1336 status

244 1376 463 1433 certior
499 1374 571 1430 sit
624 1373 885 1442 futurus,
946 1373 995 1428 si
1045 1388 1219 1428 mens
1268 1371 1558 1445 principis
1594 1370 1753 1426 victa
1790 1384 1918 1425 non

245 1460 439 1516 fuerit.
491 1464 553 1514 In
582 1461 754 1514 Petro
789 1473 933 1527 ergo
975 1456 1249 1513 omnium
1293 1454 1575 1511 fortitudo
1623 1452 1919 1522 munitur,

2025 299 2323 371 umphum
2354 302 2676 359 Dominicae
2703 307 2997 377 passionis
3030 307 3349 364 ineffabilis
3374 308 3674 365 habeatur

2016 390 2386 459 constantia;
2418 408 2528 448 nec
2552 408 2674 448 non
2708 398 2763 449 et
2790 410 2925 467 quae
2954 396 3013 451 in
3042 400 3229 453 morte
3261 397 3349 452 sui
3382 396 3677 470 Redemp-

2017 477 2159 532 toris
2204 480 2384 537 etiam
2427 481 2714 554 apostolis
2753 483 3116 553 fugientibus
3169 486 3370 556 egerit,
3401 490 3458 542 et
3508 485 3676 559 quod

2014 564 2142 637 ipse
2189 569 2478 626 Doninus
2520 570 2731 640 magni
2772 572 3004 628 consilii
3054 573 3325 645 angelus,
3358 586 3677 643 resurgens

2016 669 2053 709 a
2108 656 2359 712 mortuis
2424 658 2621 731 primo
2675 662 2729 715 ei
2775 660 3140 733 apparuerit,
3190 666 3393 719 tamen
3445 661 3681 718 utilitati

2015 741 2338 813 legentium
2371 748 2771 816 consulentes,
2803 766 2874 806 ea
2914 766 3049 822 quas
3072 749 3145 805 de
3175 749 3364 822 ipsius
3394 749 3679 806 virtutum

2018 831 2281 890 ﬂosculis
2327 852 2708 908 gemmarum
2752 855 2941 910 more,
2983 842 3332 896 sanctarum
3379 838 3683 894 elucidant

2018 923 2274 995 paginas
2305 926 2744 999 Scripturarum
2765 934 2823 984 et
2838 928 3298 1000 quodammodo
3326 927 3417 983 sui
3442 926 3681 998 jubaris

2018 1010 2414 1083 impressione
2489 1020 2807 1073 vernantes
2891 1016 3168 1087 reddunt,
3254 1014 3685 1089 compendiose

2021 1099 2331 1171 praelibare
2374 1104 2738 1161 curavimus.
2795 1107 2864 1161 Ut
2915 1105 2961 1160 si
3019 1106 3115 1163 cui
3145 1106 3294 1161 forte
3342 1120 3468 1161 non
3510 1108 3689 1160 vacat

2024 1189 2389 1247 sanctissimi
2430 1192 2685 1265 pelagus
2736 1194 3037 1266 Evangelii
3071 1211 3145 1250 ex
3193 1194 3404 1250 ordine
3442 1209 3686 1266 percur-

2024 1292 2173 1344 rere,
2223 1278 2285 1334 in
2331 1295 2455 1352 quo
2504 1286 2685 1338 tantae
2732 1281 2873 1339 ﬁdei
2928 1282 3307 1339 continentur
3353 1282 3682 1355 praeconia,

2026 1365 2237 1422 saltem
2290 1369 2449 1424 hanc
2479 1375 2697 1427 nostris
2727 1372 3063 1442 exiguitatis
3104 1371 3476 1441 schedulam,
3526 1371 3686 1427 illius

2028 1468 2317 1511 accensus
2388 1456 2715 1525 desiderio,
2792 1460 2985 1531 legere
3049 1475 3172 1515 non
3237 1464 3486 1516 recuset.
3560 1460 3731 1518 Fuit.

244 1554 304 1606 et
330 1549 551 1605 divina:
580 1547 788 1619 gratiae
819 1547 902 1603 ita
930 1546 1245 1603 ordinatur
1272 1544 1587 1613 auxilium,
1639 1548 1705 1599 ut
1722 1541 1918 1598 ﬁrmi-
1947 1555 1991 1607 Β
2027 1541 2207 1613 igitur
2235 1545 2567 1602 secundum
2600 1548 2799 1604 saeculi
2844 1549 3067 1605 fastum
3097 1547 3440 1604 clarissimis
3468 1548 3688 1605 beatis-

244 1642 338 1694 tas
372 1653 507 1710 quae
542 1652 650 1710 per
687 1635 985 1691 Christum
1017 1637 1183 1691 Petro
1213 1633 1510 1700 tribuitur,
1539 1648 1647 1705 per
1675 1635 1919 1688 Petrum

246 1726 534 1801 apostolis
600 1725 960 1782 conferatur.
1022 1726 1169 1781 Cum
1224 1723 1426 1796 itaque
1452 1765 1466 1792 ,
1523 1720 1917 1787 dilectissimi,

248 1821 483 1873 tantum
524 1814 702 1871 nobis
730 1812 1085 1887 praesidium
1132 1812 1448 1869 videamus
1475 1809 1762 1866 divinitus
1790 1810 1917 1865 ins-

246 1906 507 1972 titutum,
557 1902 989 1960 rationabiliter
1019 1906 1076 1957 et
1098 1901 1257 1973 juste
1285 1900 1348 1956 in
1378 1898 1549 1956 ducis
1571 1900 1762 1955 nostri
1792 1916 1918 1956 me-

244 1994 373 2051 ritis
399 2010 470 2049 ac
518 1991 806 2063 dignitate
834 1990 1130 2060 laetamur,
1163 1989 1385 2061 gratias
1415 1993 1661 2059 agentes
1692 1988 1917 2061 sempi-

246 2088 415 2140 terno
445 2082 570 2153 regi
616 2078 1000 2152 Hedemptori
1028 2084 1232 2135 nostro
1263 2078 1515 2134 Domino
1541 2081 1680 2134 Jesu
1719 2076 1917 2135 Chris-

248 2177 328 2240 to,
357 2170 522 2245 quod
551 2174 780 2226 tantam
822 2166 1154 2241 potentiam
1191 2166 1358 2222 dedit
1386 2165 1461 2233 ei,
1509 2182 1693 2239 quem
1735 2165 1918 2222 totius

250 2261 525 2318 Ecclesiae
572 2259 908 2332 principem
957 2272 1029 2314 ac
1076 2255 1397 2329 praesulem
1445 2255 1598 2312 fecit.
1660 2254 1718 2312 Si
1768 2254 1918 2327 quid

248 2352 429 2408 etiam
479 2348 703 2405 nostris
756 2346 1132 2419 temporibus
1180 2348 1335 2401 recte
1378 2360 1486 2417 per
1526 2361 1640 2401 nos
1697 2344 1915 2416 agitur,

247 2445 530 2512 recteque
574 2436 950 2503 discernitur,
982 2434 1139 2490 illius
1184 2433 1491 2506 operibus,
1521 2433 1677 2489 illius
1704 2432 1918 2503 guber-

247 2529 483 2586 naculis
519 2524 960 2600 deputandum,
993 2523 1089 2580 cui
1136 2523 1365 2579 dictum
1404 2527 1493 2580 est
1524 2541 1537 2577 :
1567 2524 1647 2579 Et
1676 2528 1740 2578 tu
1775 2538 1916 2579 con-

248 2632 454 2675 versus
480 2616 771 2685 conﬁrma
796 2616 1028 2684 fratres
1061 2619 1192 2668 tuos
1223 2612 1390 2683 (Luc.
1424 2628 1563 2680 χχιι,
1596 2612 1709 2683 32),
1744 2615 1801 2666 et
1821 2610 1918 2666 cui

247 2712 387 2781 post
436 2703 935 2761 resurrectionem
991 2717 1166 2758 suam
1224 2700 1514 2757 Dominus
1570 2700 1649 2756 ad
1700 2699 1918 2756 trinam

249 2795 399 2853 terni
451 2793 679 2851 amoris
714 2791 1150 2866 professionem
1189 2795 1273 2846 ter
1306 2789 1455 2848 dixit
1488 2808 1501 2846 :
1543 2792 1734 2846 Pasce
1784 2805 1918 2846 oves

2027 1631 2183 1689 sima
2201 1632 2381 1689 Maria
2403 1634 2704 1692 natalibus
2738 1642 2963 1706 exorta,
2988 1653 3147 1710 quae,
3170 1640 3235 1693 ut
3259 1636 3497 1693 Patrum
3524 1653 3690 1694 asse-

2025 1723 2169 1776 runt
2192 1721 2560 1793 traditiones,
2593 1740 2629 1782 a
2652 1726 2924 1797 Magdalo
2955 1724 3199 1781 castello
3243 1725 3420 1781 Maria
3448 1724 3691 1796 Magda-

2024 1807 2158 1866 lene
2206 1803 2557 1885 nuncupata
2594 1818 2703 1870 est.
2752 1817 2945 1881 Quam
2991 1829 3117 1870 non
3159 1813 3356 1870 solum
3405 1815 3692 1885 germinis

2026 1896 2307 1967 dignitas,
2350 1915 2558 1956 verum
2588 1904 2771 1959 etiam
2820 1902 3163 1976 patrimonii
3188 1903 3328 1974 jura
3369 1909 3692 1976 parentum

2026 2001 2278 2042 excessu
2331 1987 2718 2059 splendidam
2766 1991 3206 2047 reddiderunt:
3258 1991 3410 2048 adeo
3462 1997 3529 2049 ut
3577 1994 3691 2049 du-

2024 2074 2281 2146 plicatus
2320 2076 2516 2133 honor
2565 2080 2833 2135 nominis
2867 2079 3277 2137 excellentiam
3307 2081 3692 2156 circumqua-

2023 2179 2144 2236 que
2180 2162 2560 2223 diﬂ‘underet.
2604 2169 2809 2225 Solent
2839 2168 3000 2224 enim
3034 2169 3196 2243 apud
3228 2170 3523 2241 homines,
3555 2172 3693 2240 plus

2023 2251 2281 2309 divitum
2317 2270 2504 2327 quam
2543 2273 2891 2331 pauperum
2921 2260 3170 2316 nomina
3199 2259 3351 2316 sciri.
3397 2260 3511 2317 Sed
3546 2262 3695 2334 quia

2024 2356 2228 2397 rerum
2271 2341 2671 2410 afﬂuentiam,
2724 2347 3022 2403 interdum
3050 2348 3325 2422 voluptas
3365 2365 3568 2406 comes
3598 2367 3693 2407 se-

2023 2430 2247 2503 quitur,
2316 2431 2813 2491 adolescentioris
2876 2437 3007 2494 vitae
3064 2443 3337 2512 tempora
3366 2483 3381 2510 ,
3447 2438 3694 2497 lubricis

2025 2521 2345 2591 supposuit
2389 2520 2797 2594 discursibus,
2854 2526 3061 2583 solutis
3113 2527 3412 2602 pudicitiae
3486 2528 3691 2586 frenis.

2027 2607 2165 2664 Htec
2195 2614 2286 2664 est
2319 2610 2478 2666 enim
2516 2611 2746 2669 mulier
2781 2615 2854 2672 de
2897 2634 3017 2690 qua
3062 2618 3266 2675 scribit
3296 2621 3480 2676 Lucas
3511 2626 3694 2677 evan-

2026 2697 2270 2769 gelista:
2306 2701 2457 2767 Quia
2483 2707 2614 2759 erat
2641 2707 2919 2775 quaedam
2949 2711 3171 2766 mulier
3200 2710 3261 2766 in
3295 2712 3539 2769 civitate
3563 2728 3698 2782 pec-

2025 2788 2247 2857 catrix,
2294 2805 2430 2861 quae
2457 2791 2600 2862 quia
2630 2793 2849 2851 dilexit
2888 2800 3171 2865 multum,
3201 2799 3444 2857 dimissa
3474 2808 3615 2858 sunt
3643 2805 3698 2860 ei

247 2900 408 2941 meas
438 2884 634 2955 (Joan.
668 2897 782 2947 χιιι,
819 2880 925 2951 I7).
977 2883 1104 2952 Ipse
1130 2894 1375 2951 quoque
1404 2877 1763 2934 mandatum
1806 2879 1918 2933 Do-
1946 2908 1988 2963 η
2019 2882 2274 2946 peccata
2290 2880 2483 2935 multa
2515 2880 2688 2949 (Luc.
2705 2897 2807 2949 vn,
2839 2888 2949 2954 37).
2985 2889 3051 2943 Et
3074 2888 3152 2942 de
3184 2904 3305 2960 qua
3334 2892 3564 2947 Marcus
3592 2893 3692 2949 ait;

246 2973 418 3043 mini,
450 2975 658 3045 pastor
694 2969 1062 3042 exsequitur,
1095 2968 1462 3024 conﬁrmans
1489 2983 1602 3023 nos
1636 2968 1921 3035 cohorta-

247 3062 515 3121 tionibus
572 3060 717 3129 suis,
760 3075 895 3115 non
949 3073 1192 3115 cessans
1246 3073 1419 3113 orare
1449 3073 1559 3129 pro
1602 3056 1798 3127 nobis,
1856 3061 1923 3112 ut

243 3153 418 3211 nulla
448 3150 773 3207 tentatione
822 3164 1194 3221 superamur.
1232 3147 1291 3202 Si
1313 3151 1515 3204 autem
1546 3148 1703 3203 hanc
1740 3148 1923 3219 pieta-

246 3246 322 3300 tis
347 3259 474 3298 suae
503 3256 734 3311 curam,
765 3239 932 3295 omni
958 3236 1187 3310 populo
1213 3237 1313 3293 Dei
1343 3237 1566 3311 ubique
1583 3237 1917 3309 praetendit,

244 3336 485 3407 quanto
515 3329 711 3399 magis
740 3328 917 3385 nobis
950 3326 1214 3383 alumnis
1266 3326 1392 3382 suis
1420 3342 1599 3399 opem
1630 3342 1804 3382 suam
1835 3325 1922 3382 di-

246 3421 537 3494 gnabitur
567 3416 934 3492 impendere.
971 3416 1054 3473 Illi
1082 3430 1227 3486 ergo
1269 3432 1431 3472 nunc
1464 3415 1759 3472 servitutis
1789 3432 1924 3472 nos-

248 3518 357 3567 trae
394 3508 732 3566 natalitium
757 3506 939 3568 diem,
988 3504 1069 3561 illi
1123 3504 1497 3562 ascribamus
1537 3505 1652 3561 hoc
1681 3504 1919 3574 festum,

249 3599 430 3670 cujus
460 3595 791 3670 patrocinio
814 3594 1085 3669 protecti,
1117 3593 1451 3650 meruimus
1479 3593 1666 3667 ipsius
1698 3593 1923 3651 meritis

250 3685 615 3759 hujusmodi
640 3685 865 3742 habere
889 3682 1277 3740 consortium.
1301 3684 1471 3741 Hunc
1504 3683 1686 3740 etiam
1705 3690 1921 3740 nostrae

251 3776 548 3836 orationis
595 3774 935 3846 adjutorem
960 3789 1323 3845 quaeramus,
1358 3774 1530 3845 cujus
1559 3788 1671 3828 nos
1703 3773 1923 3829 oratio-

252 3867 442 3924 nibus
480 3869 539 3921 et
587 3862 665 3920 ab
709 3861 1119 3936 spiritualibus
1157 3860 1437 3934 inimicis,
1469 3864 1527 3917 et
1554 3876 1591 3917 a
1620 3860 1922 3933 corporeis

249 3956 541 4014 hostibus
586 3951 948 4010 conﬁdimus
977 3951 1240 4008 liberari.
1276 3952 1481 4024 Ipsum
1511 3951 1712 4023 itaque
1750 3950 1925 4006 inter-

255 4044 536 4103 cedendo
562 4058 845 4113 rogemus
876 4040 1218 4113 impetrare,
1248 4045 1314 4097 ut
1338 4039 1652 4097 destructis
1670 4038 1925 4096 vinculis

258 4134 487 4204 carnis,
518 4148 857 4189 mereamur
884 4131 1104 4187 intrare
1149 4129 1299 4187 atria
1342 4145 1615 4203 supernae
1655 4128 1921 4185 civitatis.

260 4225 422 4293 Quia
480 4223 657 4294 igitur
722 4236 917 4278 sermo
961 4220 1191 4310 tinem,
1238 4219 1532 4292 postulat,
1597 4218 1926 4310 exaltemus
1957 4256 2001 4310 Β

260 4315 328 4371 in
388 4312 650 4370 Ecclesia
702 4310 893 4385 plebis
952 4309 1369 4367 beatisshum
1432 4312 1697 4378 Petrum,
1762 4312 1821 4365 et
1864 4308 1926 4363 in

264 4401 558 4461 cathedra
596 4400 897 4458 seniorum
930 4398 1248 4456 laudantes
1297 4414 1457 4469 eum,
1493 4396 1925 4454 benedicamus

262 4491 597 4550 Dominum
642 4493 864 4558 Iesum,
928 4488 1033 4562 qui
1078 4486 1224 4544 vivit
1288 4501 1427 4543 cum
1485 4490 1603 4543 Deo
1646 4489 1812 4543 Patre
1874 4490 1931 4541 et

246 4580 495 4656 Spiritu
538 4583 744 4637 sancto
786 4580 849 4635 in
901 4576 1125 4634 unitate
1167 4575 1499 4648 majestatis
1542 4574 1781 4644 divinas,
1824 4590 1931 4648 per

266 4670 512 4729 inﬁnita
541 4668 758 4726 saecula
785 4667 1167 4725 saeculorum.
1190 4669 1408 4724 Amen.

932 4776 1161 4833 SERMO
1193 4776 1260 4831 Il.

406 4923 459 4962 1N
514 4920 892 4961 VENERATIONE
942 4916 1164 4960 SANCTJE
1222 4918 1406 4959 MANE
1462 4917 1810 4959 MAGDALEN/E

352 5034 714 5104 Quanquam
779 5045 886 5104 per
945 5032 1205 5102 quatuor
1267 5013 1482 5084 mundi
1545 5027 1803 5096 climata,
1870 5026 1936 5082 ﬁ-

272 5121 511 5178 delium
558 5119 927 5178 connexione
969 5122 1323 5192 propagata,
1373 5118 1787 5173 sacratissima?
1828 5120 1940 5174 Ma-

272 5212 388 5268 rize
452 5209 812 5279 Magdalenen
890 5206 1181 5279 insignia,
1246 5206 1358 5279 piae
1422 5206 1769 5263 imitationis
1846 5223 1941 5261 ex-

275 5298 490 5371 emplo
552 5303 932 5355 sacrosancta
983 5296 1236 5354 celebret
1292 5295 1585 5362 Ecclesia;
1646 5301 1824 5368 atque
1880 5296 1941 5352 in

2024 2965 2294 3035 Surgens
2329 2973 2524 3024 autem
2566 2970 2739 3026 Jesus
2768 2989 2946 3030 mane
2979 2979 3182 3044 prima
3209 2978 3481 3048 Sabbati,
3511 2996 3699 3051 appa-

2026 3054 2152 3109 ruit
2183 3057 2379 3124 primo
2434 3057 2649 3113 Mariae
2705 3062 3109 3136 Magdalenen,
3162 3064 3236 3122 de
3271 3080 3391 3135 qua
3438 3071 3693 3137 ejecerat

2028 3147 2248 3212 septem
2278 3145 2591 3202 daemonia.
2634 3149 2861 3214 (Marc;
2899 3166 3012 3220 xw,
3041 3153 3116 3224 9).
3166 3155 3361 3220 Quam
3391 3173 3531 3214 vero
3557 3158 3694 3230 pius

2030 3236 2088 3288 et
2117 3232 2451 3291 misericors
2479 3250 2623 3306 erga
2671 3253 2997 3296 conversos
3026 3247 3376 3314 peccatores
3411 3247 3697 3304 exstiterit

2030 3322 2206 3385 Deus,
2230 3323 2405 3380 istius
2433 3326 2791 3398 comprobat
2821 3329 3130 3401 perfectio,
3163 3347 3300 3404 quae
3332 3349 3457 3390 non
3496 3335 3694 3393 solum

2030 3410 2296 3468 criminis
2328 3413 2659 3485 promeruit
2685 3415 3078 3485 ablutionem,
3124 3419 3230 3474 sed
3278 3423 3694 3493 apostolorum

2031 3515 2282 3556 consors
2311 3501 2541 3573 effecta,
2572 3502 2685 3559 illis
2713 3504 2940 3563 donata
2972 3512 3061 3564 est
3112 3508 3435 3566 Dominicae
3478 3515 3694 3569 Resur-

2030 3589 2309 3646 rectionis
2345 3591 2575 3648 nuntia.
2625 3595 2760 3649 Haec
2807 3599 3009 3652 autem
3054 3596 3259 3653 divino
3304 3602 3698 3672 postmodum

2032 3677 2236 3736 afﬂata
2284 3680 2513 3753 spiritu,
2543 3682 2880 3754 mentisque
2911 3684 3193 3740 intuitum
3224 3685 3286 3740 in
3334 3704 3396 3743 se
3423 3691 3697 3746 reverbe-

2031 3783 2191 3835 rans,
2225 3784 2296 3823 ac
2334 3769 2599 3842 pristinte
2627 3772 2762 3827 vitae
2808 3772 3167 3829 detrimenta
3194 3789 3321 3830 non
3363 3779 3692 3846 sustinens,

2029 3860 2096 3913 ut
2124 3859 2415 3931 comperit
2434 3859 2758 3916 Dominum
2783 3865 2840 3917 et
2864 3864 3203 3919 Creatorem
3232 3864 3413 3920 totius
3440 3867 3695 3925 humani

2026 3945 2289 4017 generis,
2348 3947 2410 4003 in
2466 3947 2747 4004 domum‘
2775 3950 3005 4005 venisse
3066 3950 3347 4019 Simonis,
3403 3955 3511 4023 qui
3575 3971 3695 4010 non

2033 4042 2275 4093 venerat
2306 4040 2753 4109 vocarejustos,
2785 4039 2890 4095 sed
2920 4045 3261 4109 peccatores
3291 4041 3374 4096 ad
3404 4045 3699 4111 paeniten-

2038 4124 2182 4181 tiam
2213 4125 2427 4197 (Marc.
2459 4143 2518 4195 ιι,
2553 4131 2662 4195 I7),
2704 4142 2827 4184 non
2859 4128 2939 4184 ob
2981 4144 3230 4185 suorum
3279 4131 3697 4189 enormitatem

2039 4213 2330 4271 scelerum
2379 4215 2454 4272 de
2510 4216 2601 4272 sui
2643 4216 2978 4274 Conditoris
3026 4217 3307 4274 difﬁdens
3360 4218 3696 4290 clementia,

2037 4306 2465 4378 pretiosissimo
2493 4311 2739 4379 accepto
2781 4312 3092 4377 unguento
3133 4307 3214 4365 ad
3233 4307 3439 4381 ipsum
3470 4311 3697 4367 miseri-

2017 4397 2257 4455 ’θοι-ἀίω
2284 4397 2509 4454 fontem
2535 4397 2768 4459 concito
2799 4397 3142 4469 properavit
3173 4397 3386 4467 gradu,
3414 4413 3700 4454 corruens

2018 4492 2176 4546 ante
2205 4487 2521 4543 clementia
2552 4486 2787 4543 Domini
2812 4486 3084 4556 vestigia,
3113 4486 3702 4558 amaritudinemque

2039 4578 2255 4647 cordis,
2270 4593 2377 4651 per
2387 4578 2636 4633 uberem
2648 4576 2877 4647 lacrym
2884 4591 3060 4631 arum
3072 4591 3442 4645 exaggerans
3452 4575 3699 4632 fontem.

2040 4672 2168 4725 Mox
2206 4665 2467 4739 denique
2499 4663 2978 4738 compunctionis
3020 4663 3280 4735 fletibus,
3321 4663 3413 4719 sui
3442 4663 3706 4735 plasma-

2039 4757 2183 4814 toris
2225 4756 2410 4829 pedes
2441 4754 2620 4827 ccepit
2642 4753 2865 4823 rigare,
2899 4752 3250 4826 capillisque
3290 4769 3412 4808 suae
3446 4751 3710 4809 devotio-

2042 4848 2135 4903 nis
2166 4850 2411 4915 tergere,
2440 4860 2510 4901 ac
2550 4841 2955 4899 indesinenter
2977 4841 3198 4897 osculis
3226 4857 3380 4898 verae
3411 4840 3710 4898 humilita-

2044 4936 2118 4992 tis
2173 4934 2509 5001 confovere,
2583 4948 2653 4988 ac
2710 4929 3115 4987 mundissimo
3181 4947 3306 4987 suae
3378 4929 3711 4986 dilectionis

2045 5030 2353 5097 unguento
2398 5037 2751 5096 perungere.
2788 5022 2930 5086 Quae
2975 5037 3113 5076 cum
3145 5021 3206 5076 in
3246 5020 3346 5077 tali
3383 5018 3712 5075 devotionis

2047 5115 2342 5173 famulatu
2386 5128 2511 5170 non
2556 5116 2710 5168 esset
2736 5110 3071 5182 repudiata,
3116 5111 3224 5167 sed
3264 5109 3463 5182 potius
3502 5105 3707 5161 miseri

2050 5205 2306 5263 corditer
2367 5206 2671 5275 suscepta,
2744 5216 2897 5256 ausu
2974 5197 3383 5256 familiaritatis
3460 5194 3689 5249 conﬁsa

2051 5296 2228 5352 etiam
2274 5309 2454 5367 super
2484 5291 2933 5349 sanctissimum
2972 5288 3205 5344 Domini
3248 5289 3444 5356 caput,
3499 5282 3714 5354 pretio-

280 5388 773 5447 beatissimorum
841 5386 1073 5459 scriptis
1137 5385 1679 5455 evangelistarum,
1758 5384 1943 5457 ipsius
2025 5385 2270 5442 ’sissimi
2298 5383 2546 5457 liquoris
2572 5381 2780 5437 effudit
2807 5378 3077 5434 odorem.
3123 5377 3186 5429 In
3237 5377 3469 5430 tantum
3502 5378 3565 5428 ut
3596 5375 3719 5428 tota

281 5476 630 5536 devotionis
665 5477 873 5533 sedula
900 5475 1234 5545 famulatio,
1274 5490 1787 5548 perseveransque
1819 5490 1942 5530 ser-
2026 5476 2277 5531 'ﬂomus
2300 5488 2372 5531 ex
2410 5473 2612 5530 odoris
2642 5467 3156 5541 fragrantia'more
3183 5462 3525 5520 aiorhatum
3552 5461 3724 5517 redo-

284 5569 459 5626 vitus
537 5571 595 5624 et
671 5567 885 5637 ingens
948 5564 1282 5622 dilectionis
1344 5564 1560 5633 fervor,
1598 5578 1700 5621 ac
1772 5564 1949 5634 illius,
2034 5565 2223 5634 'leret,
2255 5562 2404 5620 nihil
2421 5563 2667 5620 scilicet
2689 5552 3343 5626 ore‘ﬁépl‘omens;’8ed
3375 5567 3483 5624 per
3506 5548 3725 5608 exterio

592 5657 839 5712 PATROL.
884 5653 1147 5713 CXXXIII.
3159 5646 3232 5700 23
