4134 6114
561 75 665 130 719

1613 64 1669 119 S.
1711 61 1976 119 ODONIS
2017 61 2201 117 ΑΒΒΑ

2311 63 2322 117 ἱ
2361 63 2868 123 CLUNIACENSIS
2905 65 2952 120 ΙΙ
3125 68 3143 81 ⁸
3265 93 3285 116 ο
3812 92 3898 146 720

560 194 893 258 incedebat,
923 187 1209 246 imitabile
1239 187 1586 261 exemplum
1611 185 1895 243 omnibus
1941 183 2220 258 prrebens
2256 188 2305 241 A
2333 185 2656 258 rogabant,
2687 192 2752 243 ut
2777 188 2921 245 fletu
2959 187 3331 245 desiderium
3381 203 3654 264 augerent,
3699 203 3902 266 scientes

559 285 858 352 ﬁdelibus,
891 283 955 335 ut
981 294 1088 351 per
1111 276 1276 334 viam
1298 276 1399 333 Dei
1419 276 1824 342 ambulantes,
1849 289 1960 330 nec
1977 276 2222 346 propter

560 371 945 430 tentationem
966 367 1334 432 daemonum,
1366 365 1457 421 vel
1487 369 1716 420 metum
1743 363 2061 420 hominum
2119 365 2224 417 aut

557 478 766 519 curam
795 461 1117 532 parentum
1143 472 1180 512 a
1207 459 1405 528 coepto
1445 453 1653 510 itinere
1693 452 2026 521 deviemus,
2076 450 2222 524 quia

554 547 978 608 inchoantibus
1002 544 1322 619 praemium
1366 543 1752 617 promittitur,
1801 541 1908 598 sed
1947 554 2218 614 persevc-

554 639 828 698 rantibus
859 636 1055 692 datur.
1082 633 1410 703 Allegorice
1430 636 1633 688 autem
1665 629 1920 688 tenebrae
1951 632 2120 685 erant
2157 627 2218 683 in

556 728 736 786 corde
767 725 950 796 hujus
973 721 1390 778 sacratissimis
1407 719 1691 787 mulieris,
1711 733 1849 774 cum
1867 717 1944 774 ad
1985 715 2220 773 Domini

555 816 715 874 venit
741 815 1203 870 monumentum
1241 828 1252 865 :
1289 809 1434 882 quia
1460 805 1914 864 resurrectionis
1949 806 2078 877 ejus
2133 804 2220 876 ig-

554 921 728 972 nara,
783 903 1083 958 viventem
1139 899 1290 954 inter
1341 900 1610 954 mortuos
1667 895 2027 968 requirebat.
2055 897 2216 950 Tunc

554 1011 697 1051 vero
730 993 790 1048 in
815 991 947 1062 ejus
976 992 1174 1045 mente
1207 987 1296 1044 sol
1325 991 1491 1042 ortus
1513 990 1619 1054 est,
1651 984 1899 1058 quando
1940 999 2065 1040 non
2119 997 2215 1039 so-

553 1085 682 1142 lum
706 1079 1095 1139 resurrexisse
1117 1077 1280 1146 vidit,
1310 1077 1414 1133 sed
1437 1075 1617 1132 etiam
1647 1074 1914 1142 credidit,
1957 1079 2015 1130 et
2069 1072 2218 1130 vidit

553 1172 816 1246 lapidem
840 1167 1146 1224 sublatum
1167 1183 1203 1222 a
1232 1169 1647 1222 monumento.
1679 1167 1746 1220 Et
1802 1163 1948 1236 quia
1995 1177 2216 1236 corpus

557 1259 788 1317 Domini
805 1273 925 1314 non
948 1254 1192 1323 invenit,
1216 1254 1481 1311 furatum
1497 1252 1768 1325 credidit,
1790 1257 1971 1326 atque
2001 1251 2218 1308 festina

552 1347 718 1422 quod
745 1346 975 1403 viderat
1001 1343 1308 1416 discipulis
1345 1341 1660 1399 nuntiavit.
1691 1345 1771 1398 De
1792 1341 1907 1398 hac
1930 1340 2216 1398 veraciter

551 1438 613 1494 in
639 1435 892 1493 Canticis
924 1433 1296 1489 canticorum
1353 1447 1503 1488 voce
1554 1429 1822 1487 Ecclesiae
1853 1429 2068 1486 dicitur
2094 1447 2107 1484 :
2139 1431 2215 1485 In

443 1579 458 1591 ,
554 1527 772 1582 lectulo
803 1538 928 1579 meo
946 1537 1062 1591 per
1075 1525 1304 1577 noctem
1322 1521 1567 1592 quaesivi
1583 1534 1754 1590 quem
1775 1519 1973 1590 diligit
2006 1519 2210 1574 anima

551 1630 700 1682 mea,
735 1612 982 1684 quaesivi
1008 1611 1186 1666 illum
1212 1616 1266 1665 et
1293 1624 1414 1664 non
1451 1610 1674 1679 inveni,
1705 1623 1952 1679 surgam
1997 1613 2052 1664 et
2096 1624 2216 1664 cir-

552 1704 723 1760 cuibo
750 1701 1068 1768 civitatem,
1097 1713 1368 1770 quaerens
1399 1713 1567 1770 quem
1600 1698 1802 1769 diligit
1825 1699 2032 1754 anima
2061 1712 2212 1754 mea.

551 1793 924 1848 Invenerunt
984 1804 1076 1845 me
1129 1789 1336 1858 vigiles
1379 1787 1486 1860 qui
1521 1787 1865 1844 custodi-unt
1890 1787 2210 1844 civitatem.

551 1881 712 1936 Num
739 1881 914 1951 quem
941 1877 1142 1946 diligit
1173 1877 1379 1932 anima
1398 1890 1549 1940 mea,
1585 1875 1815 1930 vidistis
1847 1878 1875 1930 ?
1903 1879 1958 1930 et
1978 1875 2214 1944 factum

551 1975 636 2026 est
661 1985 792 2026 cum
812 1967 1290 2036 pertransiissem
1343 1966 1500 2032 illos,
1550 1965 1756 2041 inveni
1795 1980 1966 2036 quem
2014 1964 2216 2035 diligit

551 2059 755 2114 anima
782 2071 932 2113 mea.
964 2053 1186 2111 Tenebo
1218 2054 1414 2121 illum,
1442 2067 1550 2110 nec
1567 2052 1888 2120 dimittam,
1919 2053 2106 2109 donec
2127 2053 2214 2107 in-

549 2147 861 2202 troducam
878 2159 1010 2199 eum
1027 2143 1090 2198 in
1104 2141 1342 2197 domum
1353 2139 1548 2210 patris
1566 2141 1700 2206 mei,
1717 2145 1771 2198 et
1786 2141 1850 2196 in
1869 2140 2213 2197 cubiculum

546 2234 852 2306 genitricis
875 2248 1015 2290 mea:
1047 2231 1248 2299 (Cant.
1267 2247 1354 2299 ιιι,
1391 2233 1521 2298 1-4).
1547 2229 1817 2287 Cucurrit
1833 2245 2124 2303 namque,
2148 2232 2215 2286 ut

547 2323 830 2390 diximus,
859 2322 986 2377 haec
1018 2335 1192 2376 sacra
1215 2317 1450 2385 mulier,
1505 2322 1566 2374 et
1597 2317 1757 2374 venit
1808 2317 1886 2374 ad
1907 2316 2211 2374 Simonem

547 2416 806 2479 Petrum,
835 2415 892 2467 et
915 2409 996 2466 ad
1025 2409 1212 2465 alium
1269 2406 1633 2480 discipulum
1687 2422 1872 2478 quem
1927 2405 2212 2476 diligebat

545 2504 737 2567 Jesus,
770 2503 826 2555 et
845 2498 993 2555 dixit
1022 2497 1106 2553 eis
1137 2515 1150 2552 :
1187 2497 1479 2552 Tulerunt
1509 2497 1829 2551 Dominum
1889 2509 2084 2551 meum
2139 2495 2212 2552 de

545 2594 946 2654 monumento,
979 2591 1035 2642 et
1059 2586 1252 2642 nescio
1283 2585 1390 2641 ubi
1411 2590 1742 2654 posuerunt
1772 2599 1926 2640 eum.
1984 2585 2063 2639 At
2117 2585 2214 2640 illi

545 2682 853 2733 currentes
903 2679 1195 2732 venerunt
1238 2673 1319 2729 ad
1346 2678 1814 2740 monumentum,
1845 2676 1902 2728 et
1929 2673 2014 2728 ita
2045 2671 2209 2728 inve-

545 2780 756 2822 neram
783 2766 939 2820 sicut
967 2763 1187 2819 mulier
1214 2763 1473 2818 dixerat.
1497 2761 1792 2817 Abierunt
1849 2775 1990 2831 ergo
2035 2761 2208 2816 disci-

2333 271 2542 329 beatos
2573 289 2724 342 esse,
2757 277 2865 346 qui
2891 277 3118 348 lugent,
3146 277 3424 348 quoniam
3451 281 3558 350 ipsi
3586 292 3907 352 consolabun—

2333 365 2438 416 tur
2462 361 2701 432 (Matl/t.
2735 379 2792 431 v,
2819 366 2896 432 4).
2931 363 3046 420 Sed
3075 363 3290 420 mulier
3314 366 3478 437 cujus
3497 369 3575 426 rei
3594 375 3757 441 gratia
3777 377 3908 441 ﬂeret
4019 415 4026 426 .

2330 449 2698 522 manifestat,
2729 468 2870 508 cum
2899 452 3217 524 adjungit:
3275 455 3422 522 Quia
3466 461 3706 519 tulerunt
3753 473 3908 527 Domi-

2329 555 2474 595 num
2505 555 2721 611 meum,
2743 547 2798 598 et
2823 543 3016 599 nescio
3042 542 3148 598 ubi
3159 551 3482 612 posuerunt
3505 561 3649 606 eum.
3665 553 3790 610 Haec
3805 572 3910 616 cum

2330 628 2579 686 dixisset
2607 645 2892 686 conuersa
2920 636 3272 694 retrorsum,
3306 633 3449 689 vidit
3475 636 3658 694 Jesum
3678 647 3908 715 stantem,

2329 721 2388 773 et
2412 718 2706 776 nesciebat
2727 721 2872 790 quia
2897 721 3067 776 Jesus
3097 726 3180 776 est
3211 719 3403 790 (Joan.
3430 739 3514 795 xx,
3546 728 3604 780 t3
3635 729 3730 799 14).
3772 730 3912 791 Recte

2329 808 2398 860 ut
2417 805 2740 862 Dominum
2761 811 3088 863 mereretur
3113 806 3336 878 videre,
3351 824 3628 868 conversa
3644 819 3913 878 retrorsum

2328 892 2546 948 dicitur
2573 912 2586 962 ;
2617 895 2722 968 qui
2749 894 2910 951 enim
2935 899 3264 952 retrorsum
3289 898 3652 966 convertitur,
3668 901 3789 960 illuc
3808 922 3918 964 ocu-

2326 981 2420 1038 los
2451 981 2651 1053 dirigit
2677 983 2781 1040 ubi
2809 983 2975 1057 prius
3002 989 3168 1055 terga
3191 984 3468 1042 habebat.
3499 988 3668 1054 Quasi
3693 992 3830 1050 enim
3850 1012 3917 1052 re-

2327 1075 2589 1128 trorsum
2619 1088 2911 1130 conversa
2940 1079 3046 1141 est,
3095 1073 3342 1147 quando
3390 1073 3748 1136 dubitationis
3787 1091 3917 1156 post-

2326 1175 2564 1232 ponens
2596 1161 2868 1230 nebulas,
2899 1162 3110 1218 Christi
3165 1165 3648 1222 resurrectionem
3682 1183 3748 1224 ex
3785 1177 3917 1243 parte

2327 1249 2568 1306 credere
2600 1251 2798 1324 cmpit.
2834 1251 2940 1306 Cui
2961 1255 3165 1308 tamen
3209 1252 3493 1309 visionem
3541 1255 3627 1310 sui
3678 1257 3918 1316 Dominus

2327 1337 2408 1394 ita
2437 1340 2770 1412 suspendit,
2801 1345 2880 1407 ut,
2909 1340 3055 1414 quia
3083 1341 3350 1412 amabat,
3383 1342 3487 1398 sed
3527 1358 3660 1399 eum
3709 1361 3918 1403 resurre-

2324 1427 2482 1485 xisse
2512 1444 2636 1485 non
2663 1428 2965 1499 credebat,
2990 1429 3160 1486 illum
3182 1434 3239 1487 et
3256 1430 3500 1500 videret,
3529 1438 3586 1488 ct
3609 1449 3723 1490 non
3749 1451 3916 1506 coges-

2326 1522 2502 1574 ceret.
2551 1517 2717 1574 Unde
2773 1517 3374 1589 evangelistaz'llta,
3418 1519 3624 1593 inquit,
3674 1523 3918 1580 aestimans

2325 1606 2468 1676 quia
2499 1605 2862 1663 hortulanus
2891 1613 3059 1676 esset,
3087 1608 3232 1664 dicit
3263 1609 3336 1680 ei,
3356 1608 3606 1674 domine,
3625 1610 3674 1665 si
3689 1616 3748 1665 tu
3767 1618 3920 1668 sustu.

2327 1693 2452 1749 listi
2477 1708 2632 1762 eum,
2653 1695 2836 1750 dicito
2859 1694 3012 1752 mihi
3042 1695 3146 1751 ubi
3165 1695 3422 1764 posuisti
3447 1710 3596 1764 eum,
3625 1702 3678 1753 et
3702 1713 3794 1768 ego
3816 1713 3918 1754 eum

2325 1783 2536 1840 tollam
2562 1784 2760 1856 (Joan.
2789 1801 2880 1855 xx,
2907 1788 3015 1853 15).
3049 1784 3241 1841 Habet
3270 1783 3431 1842 enim
3455 1784 3540 1841 vis
3588 1786 3788 1842 amoris
3829 1787 3918 1842 hoc

2321 1871 2660 1946 proprium,
2687 1877 2754 1929 ut
2780 1889 2966 1946 quem
2992 1873 3250 1946 quisque
3279 1874 3536 1930 multum
3561 1879 3732 1943 amat,
3751 1890 3918 1932 omnes

2323 1977 2526 2018 amare
2555 1967 2741 2035 putet.
2775 1963 2886 2020 Sed
2919 1977 3044 2018 non
3071 1963 3133 2019 in
3164 1967 3284 2020 toto
3313 1963 3442 2019 haec
3490 1963 3694 2020 mulier
3729 1963 3915 2030 erravit,

2322 2065 2463 2106 cum
2485 2049 2803 2106 dominum
2832 2051 3224 2108 hortulanum
3251 2051 3585 2108 (estimavit.
3630 2051 3774 2109 Sicut
3795 2051 3918 2108 enim

2319 2137 2622 2194 hortulani
2647 2138 2914 2194 ofﬁcium
2939 2143 3028 2195 est
3055 2141 3270 2196 noxias
3293 2139 3512 2196 herbas
3536 2138 3831 2207 eradicare,
3870 2143 3918 2194 ut

2318 2225 2498 2284 bona;
2525 2243 2784 2300 qumque
2808 2228 3098 2302 proﬁcere
3128 2229 3370 2286 valeant
3397 2242 3419 2299 ,'
3442 2228 3525 2284 ita
3549 2228 3811 2285 Dominus
3843 2230 3913 2283 le-

2321 2333 2422 2372 sus
2455 2315 2720 2374 Christus
2751 2317 2827 2373 de
2845 2317 3021 2374 horto
3051 2334 3183 2388 suo,
3215 2319 3278 2374 id
3302 2323 3392 2375 est
3441 2318 3515 2374 de
3543 2316 3780 2374 Ecclesia
3816 2331 3915 2382 sua,

2319 2405 2584 2479 quotidie
2613 2405 2752 2462 vitia
2774 2407 3060 2475 eradicat,
3094 2411 3159 2464 ut
3177 2407 3424 2464 virtutes
3441 2421 3695 2464 crescere
3713 2405 3918 2462 valeant.

2320 2495 2471 2550 Cum
2501 2510 2642 2551 vero
2675 2511 2854 2552 sexus
2885 2495 3180 2552 femineus
3206 2495 3434 2566 fragilis
3472 2494 3545 2552 sit
3561 2495 3637 2552 ad
3659 2510 3820 2551 onera
3861 2493 3920 2548 le-

2317 2584 2528 2650 renda,
2555 2586 2685 2641 hinc
2718 2590 2962 2658 propter
2991 2585 3216 2642 amoris
3246 2584 3736 2656 magnitudinem,
3762 2583 3922 2639 leveet

2318 2671 2604 2745 possibile
2649 2673 3070 2741 arbitrabatur,
3130 2673 3338 2730 dicens
3395 2690 3408 2728 :
3461 2674 3528 2730 Si
3582 2678 3644 2728 tu
3679 2671 3923 2728 sustulisti

2317 2775 2470 2829 eum,
2499 2761 2680 2818 dicito
2701 2763 2854 2818 mihi
2879 2762 2982 2818 ubi
2998 2764 3260 2832 posuisti
3285 2777 3444 2828 eum,
3469 2767 3525 2819 et
3549 2776 3650 2832 ego
3677 2775 3795 2818 eum
3835 2758 3920 2814 tol-

535 2855 678 2924 puli
702 2861 758 2911 et
786 2855 1013 2910 reversi
1037 2858 1176 2908 sunt
1216 2851 1299 2908 ad
1349 2851 1703 2919 semetipsos.
1753 2851 1956 2906 Maria
2008 2855 2206 2906 autem
2239 2831 2278 2885 (ἶ
2319 2850 2462 2906 lam.
2488 2851 2649 2908 Dicit
2689 2853 2744 2908 ei
2769 2852 2961 2921 Jesus,
3002 2831 3226 2908 Maria.
3288 2831 3595 2908 Conversa
3645 2849 3739 2906 illa
3775 2847 3921 2904 dicit:

538 2945 738 3001 stabat
764 2945 846 3001 ad
871 2947 1318 3000 monumentum
1337 2940 1491 3010 foris
1507 2941 1758 3009 plorans
1793 2939 1991 3006 (Joan.
2021 2955 2123 3008 xx,
2149 2943 2203 3008 2,

537 3040 592 3102 3,
627 3039 709 3102 to,
736 3039 846 3102 11).
877 3029 1402 3088 Considerandum
1431 3033 1519 3085 est
1543 3029 1656 3085 hoc
1686 3029 1841 3096 loco,
1867 3028 2050 3099 hujus
2074 3044 2204 3084 mu-

537 3123 692 3180 lieris
727 3127 989 3179 mentem
1019 3124 1283 3194 quantus
1334 3134 1508 3174 amor
1537 3103 1772 3174 Domini
1825 3117 2200 3186 accenderat,

535 3228 693 3284 quae,
727 3211 906 3267 etiam
928 3207 1240 3280 discipulis
1270 3221 1306 3262 a
1336 3210 1730 3262 monumento
1763 3205 2002 3262 Domini
2033 3221 2199 3280 rece-

534 3299 981 3365 dentibus,non
1004 3293 1370 3352 discedebat.
1409 3297 1477 3350 Et
1516 3293 1761 3367 quiaab
1817 3293 2200 3367 inquisitione

531 3405 657 3446 non
679 3388 952 3455 cessavit,
979 3385 1176 3458 prima
1202 3383 1402 3440 videre
1431 3383 1666 3439 meruit.
1699 3383 1980 3440 Plorabat
2028 3399 2195 3456 ergo,

532 3479 676 3552 quia
697 3493 881 3552 quem
908 3474 1167 3532 multum
1199 3473 1580 3529 desiderabat
1605 3489 1730 3528 non
1757 3471 2018 3529 videbat.
2061 3473 2196 3530 Plo-

530 3570 722 3632 rabat,
749 3567 892 3642 quia
919 3580 1138 3638 corpus
1161 3562 1395 3619 Domini
1415 3562 1490 3618 de
1510 3566 1907 3618 monumento
1933 3562 2196 3620 furatum

530 3659 806 3731 putabat.
828 3659 981 3712 Dum
1003 3669 1146 3710 vero
1167 3653 1352 3723 ﬂeret,
1379 3651 1691 3708 inclinavit
1710 3667 1792 3720 se,
1815 3656 1872 3708 et
1889 3653 2196 3725 prospexit

528 3749 591 3805 in
610 3749 1030 3804 monumento.
1063 3745 1195 3800 Jam
1223 3741 1386 3798 enim
1415 3746 1882 3798 monumentum
1930 3757 2192 3798 vacuum

529 3839 776 3908 viderat,
810 3841 866 3893 et
892 3833 1217 3892 Dominum
1239 3832 1502 3889 furatum
1528 3832 1603 3888 de
1633 3837 2031 3889 monumento
2075 3832 2192 3889 dis-

526 3927 739 4000 cipulis
770 3925 1168 3982 nuntiaverat.
1203 3921 1358 3987 Quid
1384 3925 1474 3977 est
1502 3921 1669 3993 quod
1697 3921 1912 3976 iterum
1943 3936 2005 3977 se
2030 3920 2192 3978 incli-

525 4021 646 4088 nat,
680 4015 791 4072 nisi
813 4013 960 4088 quia
987 4013 1202 4070 iterum
1232 4011 1433 4067 videre
1463 4009 1767 4066 desiderat
1794 4010 1822 4065 ‘I
1848 4009 2022 4066 Verbi
2052 4025 2186 4080 gra-

524 4104 624 4174 tia,
650 4105 804 4160 sicut
831 4103 978 4159 dum
1001 4100 1270 4174 aliquam
1329 4115 1458 4155 rem
1513 4098 1862 4167 amittimus,
1910 4099 2188 4172 quamvis

522 4193 642 4249 huc
670 4191 930 4265 illucque
957 4190 1177 4262 saepius
1197 4187 1593 4244 discurrendo
1622 4203 1990 4260 quaeramus,
2017 4187 2098 4243 ad
2121 4187 2186 4243 il-

520 4281 650 4337 lum
679 4285 879 4338 tamen
911 4279 1128 4353 saepius
1154 4279 1358 4334 locum
1396 4275 1792 4334 discurrimus
1839 4281 1897 4333 et
1945 4277 2182 4350 respici-

521 4387 679 4438 mus,
713 4369 816 4426 ubi
848 4385 984 4426 eam
1040 4368 1314 4440 posuisse
1369 4366 1778 4423 meminimus.
1829 4367 1912 4423 Ita
1961 4371 2018 4422 et
2059 4367 2187 4423 haec

521 4463 728 4516 sancta
756 4459 990 4526 mulier,
1020 4457 1300 4531 quamvis
1329 4455 1449 4512 huc
1475 4454 1734 4529 illucque
1766 4460 2028 4513 curreret
2056 4473 2187 4513 cor-

507 4564 633 4622 .pus
655 4547 889 4605 Domini
913 4563 1191 4620 quaerens
1223 4563 1238 4611 ;
1266 4545 1448 4624 anxia
1478 4548 1678 4601 tamen
1712 4545 1788 4600 de
1815 4545 1946 4616 ejus
1971 4544 2186 4601 absen-

518 4639 615 4707 tia,
651 4638 990 4712 frequenter
1019 4639 1488 4694 monumentum
1521 4633 1855 4708 aspiciebat
1885 4634 1989 4691 ubi
2047 4651 2186 4692 eum

515 4727 782 4798 positum
803 4729 1070 4782 noverat.
1097 4725 1262 4782 Unde
1275 4723 1387 4780 etsi
1413 4722 1738 4790 Dominum
1761 4721 1961 4778 statim
1984 4722 2182 4780 videre

515 4831 636 4870 non
661 4815 896 4882 meruit,
919 4814 1274 4883 angelorum
1300 4817 1504 4870 tamen
1519 4811 1747 4869 visione
1777 4812 2012 4886 privata
2058 4828 2183 4868 non

515 4908 620 4960 est.
647 4907 795 4959 Nam
815 4901 964 4956 vidit
979 4901 1132 4957 duos
1151 4903 1398 4971 angdos
1416 4902 1477 4957 in
1499 4901 1652 4957 albis
1671 4902 1968 4974 sedentes,
1989 4919 2181 4958 unum

513 4993 593 5050 ad
621 4995 824 5064 caput,
857 4993 914 5044 et
945 5004 1132 5046 unum
1164 4990 1242 5046 ad
1289 4989 1472 5061 pedes
1526 4989 1629 5045 ubi
1676 4991 1940 5062 positum
1989 4990 2182 5048 fuerat

512 5098 731 5155 corpus
753 5083 912 5146 Jesu,
948 5076 1158 5134 Dicunt
1184 5078 1239 5132 ei
1267 5076 1348 5132 illi
1383 5095 1394 5131 :
1425 5079 1673 5147 Mulier,
1727 5081 1873 5150 quid
1915 5081 2123 5150 ploras
2153 5085 2180 5136 ?

513 5174 690 5240 Quem
721 5169 940 5242 quzeris
965 5169 990 5223 ‘?
1020 5167 1216 5239 (Joan.
1266 5181 1378 5226 xui,
1415 5165 1527 5236 lii.)
1559 5167 2012 5238 Interrogabant
2049 5185 2176 5224 .an-

511 5261 624 5330 geli
648 5277 769 5316 non
801 5263 866 5314 ut
887 5254 1198 5330 quaerendi
1246 5253 1585 5310 minuerent
1637 5254 2176 5326 desideriumpsed

402 5401 410 5407 .
509 5354 572 5404 ut
597 5352 902 5419 augerent.
936 5345 1026 5403 Sic
1045 5345 1206 5401 enim
1227 5358 1338 5400 nos
1360 5358 1498 5396 cum
1519 5347 1762 5414 propter
1783 5345 2174 5416 amissionem

505 5439 744 5508 ﬂemus,
777 5437 826 5490 si
854 5436 989 5508 quis
1021 5451 1269 5492 causam
1302 5433 1478 5488 ﬂetus
1505 5431 1784 5505 inquirat,
1809 5434 2174 5506 magis-plo-

499 5530 701 5584 ratum
733 5525 1072 5582 accumulat
1101 5524 1186 5580 Ita
1216 5529 1272 5581 et
1300 5520 1386 5578 illi
1413 5537 1665 5579 causam
1719 5521 1944 5578 doloris
1992 5523 2164 5580 inter-

2314 2939 2606 3011 Rabboni,
2639 2942 2798 3014 quod
2823 2942 3050 2998 dicitur
3085 2943 3404 3011 Magister.
3453 2943 3608 2998 Dicit
3661 2941 3711 2996 ei
3747 2939 3922 2994 Iesus:

2312 3029 2456 3085 Noli
2477 3046 2570 3086 me
2595 3036 2843 3100 tangere
2870 3031 3095 3102 (Ibid.).
3159 3031 3308 3096 Quia
3369 3031 3653 3088 Dominus
3700 3025 3923 3101 superius

2311 3118 2624 3175 mulierem
2650 3121 3124 3176 communisexu
3144 3136 3284 3176 eam
3315 3119 3672 3194 appellavit,
3700 3121 3752 3174 et
3767 3112 3925 3184 cognic

2313 3210 2406 3262 tus
2429 3223 2554 3264 non
2583 3213 2671 3264 est
2699 3227 2710 3264 :
2745 3209 2982 3265 vocavit
3011 3225 3146 3265 eam
3175 3210 3430 3283 proprio
3458 3209 3714 3276 nomine,
3747 3209 3803 3262 ut
3840 3201 3927 3259 sal-

2309 3299 2428 3352 tem
2440 3303 2902 3369 cognoscentem
2921 3315 2984 3355 se
3001 3305 3420 3370 cognosceret.
3443 3300 3538 3356 Ait
3552 3299 3724 3368 enim,
3742 3293 3920 3352 Maria.

2309 3387 2458 3442 Cum
2479 3387 2640 3443 enim
2661 3387 2829 3460 apud
2854 3388 3175 3444 Dominum
3199 3393 3402 3446 certus
3433 3389 3512 3446 sit
3524 3401 3795 3445 numerus
3812 3381 3926 3440 elec-

2308 3476 2525 3543 torum,
2555 3491 2784 3546 magna
2810 3476 3001 3546 gratia
3027 3475 3144 3532 illis
3167 3477 3372 3546 datur,
3406 3477 3515 3551 qui
3563 3472 3800 3550 propriis
3843 3484 3924 3524 no-

2305 3563 2569 3623 minibus
2597 3567 2714 3621 Deo
2734 3565 2860 3622 noti
2887 3581 3019 3621 esse
3052 3565 3546 3624 manifestantur.
3593 3563 3784 3632 Qualis
3831 3560 3929 3615 erat

2303 3655 2532 3725 Moyses
2554 3653 2649 3709 cui
2679 3653 2907 3710 dictum
2935 3659 3062 3712 est:
3091 3657 3252 3712 Novi
3274 3662 3336 3714 te
3357 3671 3437 3714 ex
3469 3657 3704 3712 nomine
3751 3646 3923 3719 (Exod.

2305 3746 2514 3811 χχχιιι).
2548 3742 2718 3800 Unde
2742 3743 2954 3802 mulier
2980 3749 3306 3818 postquam
3339 3745 3594 3820 proprio
3639 3740 3857 3800 nomine
3901 3750 3929 3790 ἃ

2306 3832 2559 3888 Domino
2580 3838 2794 3890 vocata
2813 3838 2900 3890 est
2925 3851 2936 3888 :
2959 3835 3162 3891 statim
3183 3838 3659 3906 cognoscentem
3687 3847 3746 3888 se
3765 3839 3926 3894 recog-

2302 3921 2467 3977 novit
2491 3921 2714 3989 dicens,
2746 3923 3036 3992 Rabboni,
3061 3925 3222 3995 quod
3249 3925 3489 3982 dicitur
3510 3923 3807 3995 Magister.
3823 3914 3928 3970 Hinc

2305 4013 2509 4066 autem
2537 4009 2840 4083 inquiens,
2871 4010 3028 4068 illico
3085 4012 3308 4069 corruit
3361 4013 3430 4070 in
3472 4017 3714 4079 terram,
3766 4003 3929 4062 volens

2305 4097 2617 4156 adoranda
2647 4099 2833 4172 pedes
2857 4101 2988 4172 ejus
3034 4105 3253 4169 tenere,
3310 4113 3754 4174 recognoscens
3801 4105 3928 4157 eum.

2303 4192 2518 4244 vocata
2546 4187 2626 4244 ab
2649 4188 2784 4261 ipso
2815 4204 2890 4245 ex
2916 4189 3183 4246 nomine.
3213 4190 3324 4246 Cui
3354 4207 3394 4248 a
3427 4189 3686 4248 Domino
3713 4184 3928 4242 dicitur:

2300 4276 2445 4332 Noli
2471 4292 2562 4334 me
2591 4283 2858 4350 tangere.
2890 4278 2998 4335 Ubi
3023 4294 3148 4336 non
3165 4285 3256 4336 est
3273 4279 3636 4354 putandum
3653 4273 3810 4351 quod
3821 4268 3932 4345 post

2299 4366 2793 4424 resurrectionem
2824 4372 3049 4425 tactum
3080 4369 3346 4427 renuerit
3376 4369 3742 4426 feminarum
3769 4381 3781 4418 :
3821 4371 3930 4417 cum

2297 4455 2372 4511 de
2403 4455 2643 4514 duobus
2673 4473 2711 4514 a
2739 4464 3134 4516 monumento
3161 4459 3322 4516 illius
3372 4455 3789 4517 recedentibus
3834 4447 3928 4505 dic-

2296 4548 2424 4600 tum
2451 4545 2545 4616 sit,
2575 4546 2743 4620 quod
2771 4553 3150 4604 accesserunt
3165 4553 3222 4604 et
3253 4551 3590 4606 tenuerunt
3605 4545 3782 4620 pedes
3807 4539 3927 4610 elus-

2294 4634 2406 4691 Sed
2441 4635 2576 4694 ideo
2607 4652 2644 4692 a
2675 4653 2784 4693 suo
2815 4641 3094 4694 contactu
3121 4638 3462 4712 prohibuit,
3500 4635 3786 4711 quoniam
3827 4627 3928 4697 eius

2291 4730 2559 4782 mentem
2579 4726 2780 4783 adhuc
2799 4727 3122 4801 perfectam
3143 4728 3205 4784 in
3231 4727 3357 4786 ﬁde
3379 4743 3512 4785 non
3531 4724 3747 4783 sensit:
3769 4729 3928 4794 quan-

2292 4813 2372 4870 do
2401 4815 2723 4871 Dominum
2753 4817 3055 4874 viventem
3084 4818 3236 4874 inter
3261 4823 3554 4875 mortuos
3600 4806 3922 4886 requirebat-

2291 4905 2484 4968 Quare
2515 4909 2715 4961 autem
2747 4906 2825 4962 ab
2855 4906 2989 4979 ipsa
3019 4923 3081 4962 se
3101 4907 3266 4978 tangi
3295 4907 3592 4976 noluerit,
3623 4898 3924 4960 manifesta-

2290 4995 2385 5048 tur
2412 5008 2550 5048 cum
2581 4993 2858 5051 subditur
2888 4996 3192 5053 :Nondum
3220 4997 3386 5053 enim
3417 4994 3672 5053 ascendi
3709 4989 3784 5047 ad
3828 4984 3923 5039 Ρα-

2289 5087 2439 5138 trem
2469 5099 2657 5140 meum
2687 5085 2884 5154 (Joan.
2921 5102 3012 5153 xx,
3040 5088 3149 5158 t7),
3196 5085 3258 5142 id
3311 5089 3430 5157 est,
3485 5084 3635 5159 quia
3680 5094 3770 5138 me
3802 5075 3922 5159 inte?

2287 5175 2558 5228 mortuos
2589 5178 2656 5228 ut
2673 5179 2978 5231 mortuum
3008 5157 3282 5247 requiris,
3327 5179 3391 5231 et
3439 5157 3718 5230 nondum
3766 5157 3918 5221 credis

2287 5277 2381 5316 me
2413 5262 2708 5334 aequalem
2739 5263 2890 5320 Patri
2920 5263 3254 5320 secundum
3275 5263 3686 5332 divinitatem,
3707 5253 3834 5314 Noli
3848 5260 3916 5304 me

2287 5357 2549 5422 tangere.
2585 5356 2646 5407 In
2667 5352 2798 5422 ejus
2826 5352 3054 5426 quippe
3087 5356 3354 5409 mentem
3392 5351 3687 5408 Dominus
3717 5342 3785 5400 ad
3832 5337 3914 5390 Pa'

2286 5442 2433 5494 trem
2484 5455 2609 5497 non
2660 5441 2946 5512 ascendit,
2980 5425 3091 5514 qui
3116 5456 3236 5498 non
3262 5441 3464 5496 credit
3489 5454 3633 5495 eum
3657 5425 3911 5520 aequale}.Il

2285 5541 2410 5582 esse
2427 5527 2603 5585 Patri.
2631 5531 2698 5585 Et
2720 5527 2866 5600 quia
2882 5510 3064 5586 beata
3082 5529 3260 5586 Maria
3286 5528 3568 5585 necdum
3587 5521 3823 5599 perfecte
3841 5510 3909 5567 di-
