4134 6114
188 162 284 214 721

1559 145 1927 205 SERMONES
1967 145 2321 213 QUINQUE.

3572 168 3676 220 722

184 278 446 339 vinitatis
476 277 609 349 ejus
638 273 975 349 potentiam
1029 277 1426 343 cognoverat,
1461 270 1768 344 prohibita
1797 273 1884 324 est
1924 268 1972 321 A
1999 268 2152 338 bus,
2175 277 2237 328 et
2255 275 2545 334 affectum
2566 280 2895 339 devotionis
2915 299 3154 353 augere,
3184 288 3240 340 et
3261 285 3528 357 spiritale
3542 303 3686 357 gau-

187 376 331 429 tunc
355 384 428 424 ne
454 369 729 436 tangeret
750 363 938 438 pedes
963 362 1117 433 ejus.
1156 362 1319 419 Vade
1336 365 1549 418 autem
1572 360 1657 416 ad
1677 360 1885 415 fratres

188 475 381 527 meos,
412 462 467 513 et
494 456 590 511 die
650 455 770 510 eis:
828 452 1106 509 Ascendo
1160 454 1245 509 ad
1279 458 1531 523 patrem
1578 466 1773 507 meum
1834 454 1887 504 et

182 553 421 618 patrem
448 549 733 611 vestrum,
766 544 955 599 Deum
1002 555 1199 597 meum
1234 547 1291 596 et
1340 541 1544 595 Deum
1604 543 1884 594 vestrum.

201 636 371 693 Venit
408 638 603 691 autem
653 632 863 689 Maria
890 631 1185 687 nuntians
1217 628 1551 698 discipulis
1598 627 1743 698 quia
1768 626 1891 682 vidi

191 725 530 792 Dominum,
557 726 612 777 et
631 721 758 777 hac
774 720 926 777 mihi
949 719 1111 775 dixit
1136 719 1371 790 (Ibid.).
1398 714 1891 771 Clementissima

193 827 457 886 namque
497 809 602 867 Dei
651 809 870 882 pietas,
904 808 965 864 in
1017 808 1135 863 hoc
1177 807 1314 864 loco
1367 820 1524 873 erga
1555 804 1890 860 femineum

196 918 388 975 genus
417 899 773 957 declaratur.
809 896 960 964 Quia
1005 896 1170 953 enim
1210 911 1320 969 per
1369 891 1676 949 feminam
1724 908 1889 949 mors

193 990 427 1050 mundo
479 987 639 1045 illata
692 985 909 1053 fuerat,
958 1000 1035 1040 ne
1081 1000 1324 1058 semper
1354 981 1426 1037 in
1475 982 1891 1053 opprobrium

196 1096 380 1155 sexus
420 1077 710 1134 femineus
757 1074 1100 1140 haberetur,
1130 1089 1239 1147 per
1278 1085 1504 1128 sexum
1552 1069 1891 1127 femineum

193 1169 389 1227 voluit
429 1166 700 1224 nuntiare
753 1163 899 1221 viris
953 1161 1181 1232 gaudia
1228 1158 1716 1219 Resurrectionis
1745 1179 1758 1228 ;
1786 1176 1893 1232 per

195 1274 389 1334 quem
419 1256 686 1314 nuntiata
714 1254 910 1310 fuerat
931 1251 1167 1309 tristitia
1193 1249 1429 1308 mortis.
1464 1251 1545 1303 Ac
1580 1250 1631 1305 si
1662 1249 1892 1306 dicere-

194 1353 298 1405 tur
322 1364 337 1402 :
360 1347 441 1403 De
455 1345 624 1417 cujus
649 1359 841 1400 manu
867 1339 1181 1414 sumpsisti
1201 1338 1495 1414 poculum
1526 1336 1776 1405 mortis,
1812 1338 1891 1394 ab

1996 360 2185 417 dium
2205 364 2423 423 afferre
2447 371 2775 428 consuevit.
2792 374 2987 429 Merito
3010 374 3306 446 siquidem
3327 376 3473 432 tanti
3494 380 3680 450 patris

1995 454 2330 511 memoriae
2360 457 2543 515 iidem
2572 459 2778 517 fideles
2810 464 3226 532 congaudent:
3262 469 3325 520 ut
3362 465 3507 521 illud
3538 483 3677 538 pro-

1936 604 1947 613 .
1995 540 2330 614 pheticum
2360 547 2725 622 impleatur:
2774 551 2968 607 Dicite
3006 548 3173 621 :iusto
3211 557 3487 623 quoniam
3536 557 3678 613 bene

1995 629 2154 697 (Isa.
2194 646 2281 703 ni,
2317 636 2420 707 10).
2455 639 2521 692 Et
2546 637 2687 694 item
2714 655 2725 693 :
2754 639 3041 695 Memoria
3052 641 3211 708 justi
3230 656 3359 697 cum
3392 644 3673 699 laudibus

1995 720 2221 788 (Prov.
2257 739 2317 794 x,
2363 725 2437 796 7).
2486 729 2725 783 Constat
2778 727 2937 782 enim
2968 726 3132 799 quod
3177 744 3672 803 unumquemque

1996 812 2366 868 sanctorum
2424 815 2753 872 Christiana
2818 816 3009 888 pietas
3058 819 3223 871 tanto
3274 819 3672 875 venerabilius

1996 896 2170 964 colit,
2206 907 2434 972 quanto
2461 904 2673 960 celsius
2703 905 2863 961 hunc
2885 920 2921 960 a
2939 907 3052 961 Dee
3082 904 3431 961 decoratum
3452 923 3673 977 cogno-

1996 984 2181 1046 verit.
2214 991 2377 1047 Unde
2416 997 2471 1049 et
2519 993 2702 1050 istum
2729 998 2983 1067 patrem,
3014 994 3219 1050 divino
3247 995 3515 1067 quodam
3546 997 3671 1051 ins-

2000 1077 2200 1135 tinctu
2245 1081 2563 1153 specialius
2597 1087 2781 1152 amat,
2843 1083 3092 1155 ejusque
3144 1084 3502 1140 memoriam
3541 1083 3673 1138 dul-

2000 1166 2131 1221 cius
2161 1174 2447 1225 recenset.
2502 1170 2793 1227 Nimirum
2851 1185 2972 1226 non
3025 1170 3247 1242 nescia,
3299 1172 3467 1244 quod
3496 1172 3667 1227 illum

1999 1255 2386 1328 omnipotens
2416 1260 2588 1326 Deus,
2622 1259 2776 1314 inter
2804 1275 3081 1315 summos
3109 1262 3165 1314 et
3193 1259 3410 1316 electos
3441 1265 3665 1316 sanctae

2002 1343 2275 1400 Ecclesiae
2328 1348 2547 1418 Patres,
2594 1347 2818 1402 mirum
2870 1347 2933 1403 in
2986 1347 3238 1403 modum
3282 1350 3573 1420 provexit,
3608 1353 3666 1406 et

196 1438 338 1509 ejus
368 1452 468 1492 ore
498 1434 703 1491 audire
734 1431 958 1504 gaudia
978 1427 1477 1487 Resurrectionis.
1508 1429 1574 1484 Et
1592 1427 1763 1482 sicut
1788 1443 1897 1500 per
2002 1433 2156 1488 inter
2180 1438 2400 1489 sanctie
2428 1433 2569 1489 ﬁdei
2600 1434 2971 1506 fundatores,
3003 1451 3073 1491 ac
3123 1436 3371 1493 caelestis
3394 1437 3662 1509 discipli-
3726 1486 3733 1495 .

195 1527 447 1583 beatam
475 1524 715 1582 Mariam
776 1536 1015 1594 semper
1063 1518 1368 1590 virginem
1423 1533 1560 1591 quas
1610 1529 1768 1588 spes
1806 1522 1898 1574 est
2002 1536 2096 1577 nte
2135 1537 2433 1590 censores,
2456 1522 2766 1593 insigniter
2796 1524 3161 1581 sublimavit.
3196 1524 3446 1598 Quippe,
3477 1542 3663 1597 quem

198 1616 387 1673 unica
415 1613 648 1685 mundi,
676 1610 943 1687 paradisi
966 1612 1161 1683 portas
1187 1607 1365 1664 nobis
1396 1612 1534 1664 sunt
1553 1608 1809 1680 apertae,
1838 1612 1896 1664 et
1923 1619 1966 1675 Β
2003 1611 2192 1667 sancti
2216 1611 2463 1684 Spiritus
2491 1612 2814 1680 charisma,
2842 1618 2973 1669 tum
2998 1613 3426 1670 miraculorum
3448 1614 3661 1685 signis,

199 1703 555 1762 maledictio
586 1702 832 1759 exclusa
857 1703 1025 1767 Evze;
1055 1697 1141 1754 ita
1196 1713 1305 1771 per
1349 1697 1588 1754 beatam
1636 1697 1892 1753 Mariam

199 1792 619 1865 Magdalenam
671 1788 1069 1863 opprobrium
1095 1785 1343 1842 feminei
1394 1801 1570 1841 sexus
1615 1782 1890 1841 deletum

200 1886 314 1950 est,
347 1886 407 1938 et
426 1879 709 1954 splendor
738 1882 959 1935 nostrae
992 1873 1436 1932 Resurectionis
1465 1874 1527 1930 in
1570 1873 1889 1931 Dominica

200 1969 643 2028 resurrectione
681 1971 943 2034 exortus,
974 1964 1056 2022 ab
1087 1980 1162 2020 ea
1194 1963 1548 2036 propinatus
1577 1967 1686 2019 est.
1715 1963 1887 2020 Unde

199 2061 365 2117 bene
394 2057 572 2114 Maria
618 2057 1042 2129 interpretatur
1081 2052 1255 2109 stella
1284 2051 1490 2108 maris.
1533 2054 1676 2117 Quae
1704 2051 1885 2108 inter-

201 2147 463 2223 pretatio
490 2145 772 2220 quamvis
801 2145 900 2201 Dei
927 2142 1202 2215 genitrici
1218 2140 1552 2214 specialiter
1570 2146 1882 2209 congruat,

202 2254 315 2312 per
345 2236 518 2307 cujus
556 2240 800 2309 partum
848 2233 1193 2303 virgineum
1224 2229 1322 2287 Sol
1368 2228 1609 2301 justitiae
1652 2230 1885 2285 mundo

202 2324 601 2398 resplenduit,
662 2327 864 2379 tamen
919 2325 979 2377 et
1025 2321 1220 2376 beatae
1269 2316 1637 2388 Magdalenae
1689 2322 1886 2388 potest

201 2427 560 2484 congruere,
593 2426 731 2484 quae
788 2425 926 2465 cum
987 2406 1363 2463 aromatibus
1391 2404 1635 2461 veniens
1681 2404 1759 2460 ad
1792 2421 1883 2460 se-

202 2503 490 2577 pulcrum
537 2500 797 2569 Domini,
855 2498 1058 2572 prima
1116 2495 1503 2568 splendorem
1556 2493 1884 2550 Dominicas

202 2590 663 2651 resurrectionis
720 2588 955 2645 mundo
1017 2585 1334 2643 nuntiavit.
1394 2588 1460 2641 Et
1515 2583 1563 2639 si
1607 2583 1885 2657 discipuli

203 2683 348 2739 ideo
394 2679 649 2754 apostoli
696 2677 916 2745 vocati,
960 2675 1107 2749 quia
1155 2674 1324 2730 missi
1372 2678 1512 2730 sunt
1536 2674 1614 2729 ab
1644 2672 1777 2744 ipso
1807 2672 1884 2729 ab

206 2769 667 2845 praedicandum
718 2765 1111 2837 Evangelaum
1179 2764 1347 2820 omni
1412 2768 1720 2832 creaturie,
1775 2778 1885 2819 nec

209 2860 416 2917 minus
471 2858 650 2914 beata
696 2856 879 2914 Maria
936 2853 1285 2924 Magdalene
1332 2852 1410 2910 ab
1466 2851 1599 2925 ipso
1633 2851 1884 2907 Domino

209 2948 510 3005 destinata
537 2951 629 3002 est
676 2945 755 3002 ad
803 2943 1132 3017 apostolos,
1166 2946 1466 3014 quatenus
1516 2940 1884 2996 dubietatem

208 3041 269 3094 et
316 3035 795 3093 incredulitatem
823 3051 946 3089 suae
998 3031 1482 3098 Resurrectionis,
1518 3030 1596 3086 ab
1644 3028 1883 3086 illorum

210 3124 499 3181 cordibus
531 3125 887 3179 removeret.
909 3124 985 3177 Te
1004 3135 1147 3189 ergo
1165 3119 1488 3192 supplices,
1511 3133 1880 3191 quaesumus,

209 3212 485 3282 Domine,
514 3216 575 3268 ut
605 3211 711 3285 qui
737 3210 819 3266 illi
850 3215 966 3266 tua:
1000 3208 1421 3265 misericordiae
1478 3212 1707 3264 tantam
1738 3221 1881 3261 con-

214 3301 402 3358 tulisti
432 3301 709 3372 gratiam,
740 3297 1126 3371 nobisipsius
1142 3297 1452 3370 propitiari
1473 3294 1736 3366 digneris
1763 3310 1883 3349 me-

208 3390 365 3455 ritis,
394 3393 694 3462 quatenus
724 3387 830 3460 qui
858 3393 1207 3443 nostrorum
1237 3385 1434 3441 obruti
1466 3384 1703 3441 sarcina
1742 3398 1881 3455 pee-

212 3484 509 3547 catorum,
531 3492 656 3533 non
688 3475 963 3531 valemus
984 3474 1252 3530 obtinere
1278 3473 1540 3543 veniam,
1566 3471 1753 3545 ipsius
1780 3471 1881 3543 pio

213 3566 583 3637 suffragante
612 3563 947 3638 patrocinio
975 3579 1110 3635 quae
1167 3562 1271 3618 tibi
1320 3561 1556 3630 devote,
1588 3561 1710 3616 imo
1755 3576 1884 3633 spe-

211 3649 448 3707 cialiter
486 3648 746 3721 servivit,
774 3648 837 3704 in
890 3646 1132 3712 saeculo,
1161 3662 1443 3720 nuncque
1478 3662 1617 3702 cum
1655 3643 1881 3716 angelis

210 3738 518 3798 charitatis
547 3737 862 3812 perfruens
890 3736 1080 3808 gloria
1098 3736 1430 3808 triumphat
1458 3736 1518 3791 in
1545 3734 1716 3805 coelo,
1750 3734 1881 3791 soli-

212 3834 273 3887 to
303 3827 609 3886 cbaritatis
658 3826 906 3883 radians
944 3825 1174 3896 fulgore
1228 3825 1502 3880 omnium
1561 3824 1880 3880 criminum

207 3922 394 3975 exuat
416 3916 577 3987 labe,
606 3920 787 3989 atque
814 3929 1145 3987 supernam
1175 3929 1285 3969 suo
1316 3918 1562 3986 precatu
1591 3913 1773 3968 ducat
1801 3912 1879 3968 ad

207 4008 492 4081 patriam,
523 4022 648 4080 quo
686 4004 939 4061 laureati
986 4003 1174 4077 ipsius
1206 4007 1510 4059 consortes
1549 4001 1880 4059 efficiamur

210 4094 442 4163 glorias,
472 4100 526 4150 te
552 4097 856 4151 annuente
880 4091 987 4165 qui
1018 4091 1182 4159 vivis,
1215 4094 1324 4146 etc.

864 4217 1094 4274 SERMO
1149 4216 1240 4271 IIl.

582 4342 646 4380 DE
684 4339 897 4382 SANCTO
936 4338 1232 4378 BENEDICTO
1272 4338 1502 4378 ABBATE.

284 4452 439 4523 (122)
452 4450 679 4507 Festiva
687 4448 1019 4506 beatissimi
1036 4446 1333 4503 Benedicti
1346 4445 1881 4517 solemnitas,Chri-

212 4546 305 4597 sto
326 4540 582 4596 Domino
600 4538 957 4611 propitiante
972 4536 1383 4609 refulget,quae
1404 4535 1671 4593 fidelium
1692 4538 1892 4611 cordi:

290 4648 439 4718 (122)
460 4647 698 4718 Festive
726 4647 799 4718 B.
830 4644 1139 4718 Benedicti
1151 4645 1511 4700 solemnitas.
1531 4645 1879 4718 Sermonem

214 4716 381 4775 hunc
413 4716 567 4773 Santi
598 4717 821 4773 Odonis
850 4731 1002 4788 esse,
1036 4716 1191 4770 sicut
1207 4719 1358 4788 sunt
1388 4719 1445 4770 et
1473 4716 1879 4788 praecedentes

215 4790 292 4846 de
321 4794 533 4860 sancto
559 4791 723 4844 Petro
754 4793 811 4844 et
834 4787 1013 4860 maria
1055 4785 1425 4860 magdalena,
1460 4785 1708 4843 testatur
1756 4794 1876 4860 Ay-

215 4860 463 4917 moinus
490 4859 643 4915 libro
674 4858 940 4915 secundo
972 4858 1046 4913 de
1077 4856 1365 4914 Miraculis
1394 4860 1583 4913 sancti
1602 4856 1880 4915 Benedic-

215 4933 280 5000 ti,
310 4946 446 5002 cap.
480 4934 531 4994 li.
558 4947 696 4986 cum
752 4931 863 4987 ait:
911 4930 1293 5002 Ipsetamen,
1316 4929 1606 5002 _videlicet
1635 4937 1876 4987 sanctus

217 4996 473 5068 O'dofeO
513 5017 806 5064 sermone,
839 4996 1022 5072 quem
1051 4999 1116 5072 in
1165 4996 1436 5072 ejusdem
1484 5002 1669 5057 Patris
1698 5002 1874 5058 laude

216 5090 290 5130 ac
320 5073 550 5128 honore
582 5070 1016 5143 facundissima
1060 5070 1305 5143 dictavit
1328 5070 1712 5143 eloquentia,
1757 5090 1877 5129 me-

216 5144 711 5200 morateumdem
728 5142 1163 5199 coenobitarum
1178 5141 1577 5210 legislatofem
1594 5141 1713 5198 suis
1734 5148 1878 5199 tem-

215 5215 701 5290 poribusmultis
728 5213 1155 5290 miraculorum
1186 5213 1451 5290 radiasse
1477 5214 1717 5290 signis);
1739 5215 1876 5290 Pro—

218 5283 518 5343 imntiavit
537 5291 736 5342 autem
767 5285 958 5350 illum,
990 5285 1138 5339 dum
1169 5283 1357 5338 sancti
1385 5284 1715 5341 Benecdicti
1747 5286 1872 5342 Flo-

216 5358 512 5414 riacensis
533 5357 876 5413 coenobium
891 5360 1137 5428 regeret,
1154 5354 1214 5428 in
1237 5354 1405 5428 quod
1426 5360 1484 5410 et
1498 5356 1623 5427 ipse
1641 5357 1872 5428 primus

220 5428 514 5499 Regulam
543 5429 723 5499 hujus
741 5427 931 5483 sancti
951 5425 1370 5499 Patrisintulit,
1388 5425 1670 5499 utapertc
1702 5428 1877 5484 docet

221 5497 377 5556 Asso
406 5498 560 5555 libro
588 5497 638 5554 u‘
660 5499 939 5555 lllistoriee
970 5497 1492 5553 sanctirBerchorii
1517 5497 1758 5555 abbatis
1781 5500 1875 5555 his

220 5571 423 5627 verbis
438 5588 459 5651 ,ε
476 5570 627 5651 «_Sed
650 5584 755 5651 re};
774 5568 1281 5651 prudentissimus
1302 5568 1665 5651 (god-ultus),
1679 5570 1758 5651 ad
1778 5571 1877 5651 de-

223 5642 495 5701 eoranda
512 5642 652 5715 jura
676 5637 801 5699 sibi
816 5657 852 5700 a
872 5644 990 5699 Deo
1019 5637 1215 5697 collati
1244 5637 1574 5715 regimini's,
1598 5637 1662 5699 ut
1696 5642 1870 5716 justi-

2000 1704 2132 1756 tum
2185 1699 2472 1757 virtutum
2528 1701 2788 1758 exercitu
2845 1702 3183 1771 adornavit,
3218 1705 3281 1758 ut
3327 1703 3548 1772 dignus
3600 1703 3703 1758 in'

1998 1789 2232 1845 mundo
2287 1795 2622 1862 appareret,
2671 1806 2780 1864 per
2826 1806 3011 1863 quem
3062 1790 3404 1847 excelsioris
3431 1790 3663 1846 ordinis

1996 1877 2445 1934 multitudinem
2474 1878 2843 1936 informaret.
2875 1879 3017 1935 Inde
3045 1884 3149 1947 est,
3182 1879 3350 1953 quod
3379 1883 3435 1935 et
3461 1880 3523 1935 in
3550 1880 3664 1938 hac

1997 1965 2395 2032 solemnitate,
2425 1968 2481 2021 et
2508 1966 2571 2021 in
2601 1966 2731 2022 aliis
2780 1971 2988 2023 sancto
3014 1967 3245 2023 nomini
3274 1968 3405 2038 ejus
3430 1966 3662 2036 dicatis,

1995 2054 2233 2127 quoties
2280 2054 2344 2109 in
2376 2070 2557 2115 anno,
2607 2054 2729 2109 suis
2758 2056 3135 2127 temporibus
3164 2055 3448 2111 eveniunt
3471 2061 3665 2131 ;wtam

1996 2143 2211 2198 devote
2243 2147 2490 2215 tamque
2515 2142 2791 2211 libenter,
2820 2148 2878 2199 et
2925 2161 2998 2199 ex
3042 2143 3221 2200 tantis
3257 2143 3551 2216 partibus,
3584 2145 3664 2200 ad

1995 2233 2127 2303 ejus
2158 2235 2611 2288 sacrosanctum
2642 2232 2943 2288 tumulum
2974 2232 3122 2289 tanti
3151 2236 3488 2288 accurrunt.
3515 2237 3665 2289 Nam

1994 2336 2117 2376 non
2140 2320 2367 2393 quippe
2396 2336 2718 2393 pagenses,
2749 2338 2962 2377 verum
2990 2322 3171 2379 etiam
3200 2320 3372 2394 plebs
3402 2321 3664 2390 urbana,

1993 2408 2303 2465 nobilibus
2331 2409 2472 2465 viris
2495 2414 2789 2478 conserta,
2806 2411 3163 2467 clericorum
3194 2410 3373 2466 etiam
3397 2409 3669 2467 honestis

1994 2498 2171 2571 quasi
2223 2497 2504 2554 intlorata
2551 2500 2849 2570 personis,
2909 2499 3258 2556 laetabunda
3303 2498 3573 2569 conﬂuit,
3619 2500 3677 2553 et

1996 2601 2319 2642 commune
2341 2586 2745 2660 patrocinium
2770 2588 2988 2645 devota
3017 2588 3281 2661 requirit.
3315 2591 3464 2644 Nam
3494 2586 3679 2664 quasi

1995 2690 2212 2748 parum
2240 2691 2373 2731 esse
2391 2664 2693 2732 desiderid
2708 2676 3067 2733 devotorum
3101 2680 3256 2732 Deus
3275 2678 3678 2750 prospiceret,

1996 2762 2045 2818 si
2072 2762 2257 2818 semel
2286 2768 2519 2819 tantum
2551 2764 2613 2819 in
2661 2780 2845 2830 anno,
2893 2765 3337 2821 solemnitatem
3384 2766 3681 2838 ejusdem

1994 2850 2183 2924 patris
2211 2850 2421 2907 ﬁdeles
2451 2851 2811 2909 coluissent:
2848 2854 3099 2909 existere
3126 2870 3341 2910 causas
3370 2857 3676 2929 praestitit,

1916 2968 1956 3025 ρ
1993 2940 2216 3013 quibus
2257 2945 2313 2995 et
2355 2941 2502 2997 alias
2560 2941 2969 2998 solemnitates
3028 2943 3250 3012 gaudio
3294 2943 3674 3005 Christiano-

1992 3046 2130 3085 rum
2187 3029 2515 3100 adaugeret
2569 3033 2743 3101 (123).
2780 3033 2861 3085 De
2918 3036 3126 3088 sancta
3174 3031 3451 3088 videlicet
3512 3037 3669 3094 illius

1994 3118 2400 3188 translatione,
2432 3134 2542 3174 nec
2572 3134 2696 3174 non
2727 3124 2786 3176 et
2816 3121 3229 3188 tumulatione,
3256 3136 3411 3192 quas
3446 3122 3666 3181 divini-

1994 3213 2087 3264 tus
2118 3224 2246 3262 esse
2298 3207 2639 3280 dispositas,
2686 3209 2882 3266 multa
2934 3210 3240 3281 signorum
3292 3209 3663 3272 documenta

1992 3296 2273 3370 produnt.
2300 3298 2427 3357 Quo
2456 3296 2734 3353 videlicet
2753 3298 2816 3353 in
2837 3297 2969 3354 loco
2998 3302 3180 3365 tanta,
3205 3301 3270 3353 ut
3293 3297 3376 3354 ita
3399 3299 3656 3357 dixerim

1992 3392 2115 3443 tam
2170 3385 2324 3441 mira
2379 3385 2689 3456 miracula,
2751 3389 2809 3443 et
2851 3386 2908 3443 in
2968 3387 3268 3460 Scriptura
3317 3386 3657 3445 referuntur

1992 3477 2178 3545 gesta,
2208 3478 2265 3528 et
2293 3473 2409 3529 sub
2440 3472 2629 3529 oculis
2661 3479 2902 3546 patrata
2931 3475 3367 3545 dignoscuntur
3398 3480 3466 3532 ut
3496 3476 3655 3549 ipso-

1990 3579 2126 3619 rum
2157 3562 2354 3634 fulgor
2400 3563 2580 3618 etiam
2606 3579 2885 3637 quosque
2915 3569 3179 3621 remotos
3206 3564 3285 3620 ad
3310 3565 3440 3637 ejus
3486 3582 3653 3621 reve-

1989 3653 2245 3709 rentiam
2275 3651 2532 3708 excitare
2569 3653 2849 3726 potuerit.
2884 3655 3047 3721 Quze,
3079 3653 3215 3709 licet
3238 3653 3496 3711 instante
3523 3656 3653 3722 jam

1989 3747 2257 3814 tempore
2279 3740 2640 3809 Antichristi,
2656 3744 2829 3812 cujus
2876 3744 3118 3813 faciem,
3143 3746 3207 3798 ut
3236 3742 3525 3814 scriptum
3543 3747 3649 3811 est,

1984 3830 2283 3901 praecedet
2307 3836 2533 3901 egestas
2565 3830 2711 3900 (Job.
2746 3847 2856 3897 xu,
2894 3834 3002 3903 13),
3040 3847 3272 3887 cessare
3302 3832 3648 3900 videantur;

1989 3919 2369 3993 praestantior
2414 3922 2617 3974 tamen
2677 3919 2901 3975 sanitas
2957 3920 3175 3975 animae
3228 3935 3467 3991 semper
3522 3920 3650 3989 ejus

1988 4008 2214 4065 meritis
2258 4007 2505 4064 obtenta
2550 4007 2872 4080 praebetur.
2908 4011 3150 4066 Cessare
3202 4012 3405 4064 autem
3447 4007 3649 4063 divina

1988 4096 2298 4164 miracula,
2329 4095 2425 4151 vel
2453 4095 2556 4164 ibi,
2609 4096 2705 4151 vel
2731 4096 2899 4165 alias,
2933 4102 3281 4153 nostrorum
3322 4096 3648 4152 enormitas

1988 4185 2412 4260 peccaminum
2463 4184 2638 4241 facit:
2698 4185 2804 4258 qui
2856 4191 2995 4258 post
3053 4184 3377 4242 revelatam
3404 4202 3407 4207 '
3436 4184 3647 4242 Christi

1992 4274 2247 4345 gratiam
2265 4278 2422 4329 retro
2453 4290 2667 4329 sumus
2696 4274 2984 4333 conversi.

2052 4368 2143 4435 [De
2166 4364 2300 4436 ipso
2325 4364 2551 4437 quippe
2568 4363 2821 4419 Domino
2844 4366 2985 4421 Jesu
3002 4363 3260 4421 (ihristro
3276 4363 3642 4436 perhibetur,

1989 4453 2134 4526 quia
2144 4457 2386 4526 propter
2396 4452 2865 4509 obctecationem
2883 4452 3141 4508 inﬁdelis
3159 4452 3387 4524 populi,
3412 4452 3644 4507 nullam

1988 4543 2050 4599 in
2063 4542 2487 4616 Capharnaum
2499 4541 2755 4614 potuerit
2765 4546 3001 4614 patrare
3014 4543 3333 4598 virtutuem
3344 4542 3640 4610 (Marem,

1992 4648 2098 4728 tite-
2116 4651 2378 4728 sectator.
2395 4645 2835 4728 insuperabilis,
2864 4647 2945 4702 ita
2971 4646 3355 4702 ecclesiarum
3383 4646 3641 4728 existens

1988 4720 2350 4775 instaurator
2364 4716 2723 4790 inﬂexibilis,
2747 4733 3137 4790 nequaquam
3154 4732 3375 4790 passus
3400 4716 3641 4790 umbra:

1986 4790 2170 4845 ticum
2199 4789 2532 4844 monachos
2559 4787 2866 4914 gestantes
2887 4787 3407 4914 habitum—absque
3439 4789 3642 4859 aliqua

1987 4861 2229 4914 alterius
2254 4860 2534 4914 aberrare
2602 4860 2850 4914 octrina.
2896 4859 3241 4914 coenobium
3272 4861 3309 4914 F
3335 4860 3640 4914 oriacense

1987 4861 2229 4916 alterius
2254 4860 2534 4916 aberrare
2559 4859 2850 4927 doctrina,
2896 4859 3241 4916 coenobium
3272 4859 3640 4916 Floriacense

1985 4932 2217 5002 insigne
2247 4930 2510 5003 reliquiis
2537 4929 2805 5003 corporis
2832 4930 3285 5003 piissimiPatris
3317 4928 3641 5003 monacho:
3722 4984 3727 4994 ,

1983 5000 2127 5059 rum
2153 5000 2467 5071 Benedicti,
2498 5000 2919 5068 corrigendum
2946 5001 3187 5057 tradidit
3210 5007 3417 5057 sancto
3449 5001 3639 5057 Odoni

1985 5074 2190 5131 abbati
2220 5074 2566 5129 monasterii
2623 5073 3044 5130 Cluniacensis.
3103 5073 3406 5129 Gloriosus
3437 5077 3639 5128 autem

1983 5146 2408 5218 abbasilocum
2435 5144 2810 5218 praedictum.
2843 5149 2909 5200 ut
2937 5145 3004 5218 in
3055 5145 3232 5213 gestis
3264 5145 3453 5218 ipsius
3474 5141 3637 5218 .legi-

1986 5223 2098 5281 tur,
2131 5217 2242 5273 sibi
2272 5232 2310 5273 a
2342 5212 2548 5287 saneto
2578 5214 2892 5287 Benedicto
2932 5212 3634 5287 adoptatum:religiosi_s-

1985 5289 2133 5345 sime
2164 5288 2470 5355 ordinans,
2520 5286 2789 5342 libellum
2846 5281 3087 5357 Regulae
3141 5283 3412 5355 ejusdem
3439 5281 3632 5337 Patris

1984 5361 2216 5434 primus
2248 5359 2441 5434 eidem
2471 5359 2606 5434 loco
2621 5357 2844 5434 intulit.
2869 5379 2898 5405 ››

2055 5434 2204 5503 (123)
2236 5432 2319 5487 De
2346 5436 2556 5503 sancta
2585 5431 2751 5503 titius
2776 5422 3365 5503 translationeMulti
3388 5424 3633 5503 transla-

1981 5494 2159 5575 tionis
2176 5494 2442 5575 corporis
2462 5501 2655 5575 sancti
2664 5499 2959 5575 Benedicti
2975 5495 3277 5575 a_Qa_ssino
3300 5494 3631 5575 Floriacum

1981 5566 2416 5652 meminerunt,
2427 5578 2502 5652 et
2514 5572 2779 5652 plerique
2796 5569 2987 5652 etiam
3009 5567 3318 5652 histpu'am
3338 5566 3677 5651 ὶιιιβεεθιῃιθ

1981 5616 3051 5718 EFiEéEEéBEViEigﬁHa‘Bioliotheca
3082 5616 3487 5697 ιῗιοῖἶαοθιιέἷὲῗ
