4090 6122
535 93 645 148 Ἰεῦ

1593 89 1648 144 s.
1691 88 1950 144 ODONIS
1987 85 2814 150 secanscwmacansm
2857 89 2924 143 ιι.
3155 65 3160 70 ⁷
3309 65 3320 74 ’
3770 99 3846 152 ut

533 211 608 283 53-.
637 215 754 268 Nos
783 223 925 278 ergo
951 223 1074 263 non
1107 223 1320 266 sumus
1351 208 1538 279 digni,
1575 214 1636 265 ut
1664 209 1764 264 illo
1795 208 2002 264 favore
2057 223 2193 264 san-
2223 209 2273 262 Α
2303 208 2670 280 cripserunt;
2705 207 2811 263 sed
2831 207 3028 278 magis
3055 211 3122 262 ut
3171 212 3477 264 assertores
3524 211 3634 281 ejus
3681 216 3853 273 sauciis

532 306 660 358 ctus
707 301 814 356 iste
859 303 1028 370 pater
1069 315 1181 354 nos
1238 298 1456 367 foveat,
1485 305 1587 356 aut
1645 299 1941 356 consolari
1990 299 2194 369 digne-

533 394 652 460 tur,
684 402 808 460 quo
859 385 974 442 sibi
1030 387 1282 460 placitos
1309 388 1590 444 alumnos
1617 388 1916 444 laetit'icare
1948 404 2197 444 consue-

529 477 630 533 vit.
663 476 784 532 Hoc
809 475 1008 532 solum
1037 475 1264 548 quippe
1311 491 1603 547 magnum
1659 477 1834 533 nobis
1881 477 2062 534 debet
2105 477 2193 532 vi-

531 563 680 634 deri,
712 565 881 637 quod
912 563 1130 624 talibus
1161 569 1424 636 praestat,
1448 570 1512 620 ut
1543 565 1672 636 ejus
1705 570 1924 622 sanctae
1981 566 2194 622 solem-

529 653 699 711 nitati
725 653 1030 727 possimus
1057 653 1362 720 interesse,
1423 659 1479 710 et
1509 653 1584 708 de
1613 671 1720 726 spe
1769 655 2195 710 misericordiae

533 743 664 815 ejus
681 728 968 814 gaudere.
985 745 1098 798 Nec
1121 741 1317 798 minor
1341 746 1428 798 est
1455 742 1583 813 ejus
1608 743 1875 815 potentia
1898 744 1986 799 vel
2007 745 2196 816 pietas

531 847 720 904 quam
785 830 834 886 si
901 829 1192 898 miracula
1251 830 1670 903 frequentaret.
1742 831 1854 887 Sed
1911 830 2196 886 nimirum

531 935 780 978 necesse
834 924 938 987 est,
974 923 1038 976 ut
1091 934 1200 990 per
1255 935 1500 975 omnem
1555 919 1876 976 Ecclesium
1914 920 2196 976 cessanti-

533 1008 650 1064 bus
668 1008 878 1079 signis,
911 1001 1328 1064 manifestetur
1347 1007 1452 1080 qui
1483 1008 1600 1064 sint
1622 1008 1704 1064 illi
1739 1007 1843 1082 qui
1893 1009 2195 1086 universa;

532 1097 655 1154 lem
704 1096 912 1166 ﬁdem,
945 1099 1190 1168 propter
1245 1099 1564 1169 praesentia
1609 1097 1920 1164 miracula,
1949 1097 2040 1152 vel
2093 1097 2198 1170 qui

532 1188 778 1256 propter
823 1175 1089 1240 futuram
1137 1183 1590 1253 beatitudinem,
1657 1185 1878 1240 colunt.
1922 1186 2073 1252 Quin
2143 1191 2198 1242 et

529 1271 879 1329 imminente
889 1273 1020 1342 jam
1038 1271 1550 1342 terribilijudicio,
1575 1289 1864 1346 sequaces
1888 1273 2198 1328 Antichisti

493 1371 496 1374 ’
533 1360 706 1431 signa
747 1361 945 1434 potius
994 1360 1232 1432 facient,
1266 1366 1331 1418 ut
1367 1377 1570 1418 coram
1601 1363 1680 1418 eis
1727 1363 1832 1434 qui
1859 1364 2198 1419 voluntarie

525 1455 800 1520 peccant,
851 1457 913 1505 ut
961 1451 1252 1522 scriptum
1293 1453 1399 1521 est,
1453 1451 1882 1520 oﬁ’endz‘cutum
1938 1456 2198 1523 ponatur

2301 295 2678 352 conﬁrment.
2708 299 2908 368 Neque
2939 297 3100 351 enim
3130 294 3239 350 abs
3265 312 3327 351 re
3352 301 3574 352 sanctus
3605 295 3698 355 iste
3717 291 3854 374 Moysi

2303 389 2687 456 conparatur,
2709 384 3226 457 quandoquidem.
3257 400 3375 440 non
3402 401 3585 458 pauca
3622 391 3855 459 magualia

2303 489 2455 546 pene
2477 474 2766 546 similiter,
2799 474 2878 530 ab
2909 473 3181 546 utrisque
3207 480 3498 544 geruntur.

2369 563 2624 635 Mysterii
2675 564 2876 635 itaque
2935 563 3244 634 majestate
3294 569 3571 636 separata,
3629 583 3732 638 qua
3779 570 3858 626 sub

2304 655 2522 724 Moyse,
2539 654 2739 709 omnia
2767 656 2830 708 in
2848 655 3053 723 figura
3075 652 3486 724 contingebant
3505 654 3558 725 (Ι
3583 654 3700 712 Cor.
3727 659 3858 728 alii,

2297 741 2381 796 'de
2429 745 2641 797 caetero
2703 741 2889 798 multa
2915 741 3193 815 reperies,
3221 757 3351 814 quae
3405 742 3620 814 similia,
3640 751 3861 818 tanquam

2308 830 2420 884 sub
2452 847 2572 885 uno
2603 831 2812 903 spiritu
2843 837 3030 900 gesta,
3081 837 3280 886 noster
3307 830 3410 886 iste
3433 833 3678 906 patravit.
3703 835 3754 889 Et
3780 835 3862 890 hoc

2305 919 2585 992 equidem
2616 919 2992 991 privnlegium
3023 924 3290 992 utrisque
3318 925 3404 976 est
3427 936 3728 988 commune,
3743 923 3862 995 quod

2305 1008 2488 1064 ambo
2514 1014 2652 1064 sunt
2678 1005 3066 1078 legislatores.
3099 1007 3193 1064 Ille
3243 1009 3512 1082 querelas
3557 1011 3864 1067 Hebrazorum

2305 1096 2512 1152 turbas
2532 1096 2608 1152 de
2635 1097 2902 1172 .Egypto
2953 1097 3112 1153 exire
3170 1097 3384 1166 suasit;
3428 1099 3528 1154 iste
3577 1115 3716 1166 vero,
3739 1101 3865 1172 quasi

2304 1185 2378 1240 de
2403 1185 2678 1254 genuinis
2705 1185 3037 1242 carnalium
3061 1186 3493 1242 desideriorum
3517 1187 3738 1243 tenebris
3760 1188 3866 1243 mul-

2305 1277 2396 1330 tas
2423 1291 2490 1330 ex
2535 1275 2764 1348 populo
2795 1275 3204 1348 acquisitionis
3263 1282 3522 1333 catervas
3569 1293 3664 1333 suo
3703 1277 3867 1333 ducatu

2304 1362 2654 1428 abstractas,
2705 1363 2785 1418 ad
2849 1369 3068 1419 terram
3121 1363 3444 1420 viventium
3493 1365 3780 1420 introducit.
3799 1365 3866 1420 ille

2305 1468 2470 1507 mare
2493 1451 2764 1507 Rubrum
2795 1451 2998 1508 divisit
3023 1472 3037 1521 ;
3068 1453 3174 1510 iste
3214 1459 3352 1527 post
3397 1457 3632 1525 Petrum,
3658 1455 3866 1510 inusitato

531 1538 769 1618 (Ezech.
794 1555 880 1609 ιιι,
903 1538 1017 1609 20)ι
1075 1537 1340 1594 Necdum
1397 1542 1599 1594 tamen
1643 1538 1854 1596 eadem
1906 1539 2198 1620 miracula
2227 1559 2268 1612 Β
2305 1529 2616 1606 miraculo,
2647 1539 3010 1614 discipulum
3065 1541 3346 1616 equidem
3389 1557 3560 1620 super
3583 1558 3744 1614 aquas
3777 1557 3866 1596 cur-

532 1627 770 1700 penitus
841 1627 1040 1682 adhuc
1106 1626 1343 1696 desunt,
1413 1627 1704 1700 quoniam
1767 1632 1822 1682 et
1883 1617 1961 1702 ad
2003 1645 2197 1686 sacro-

533 1718 810 1778 sanctum
860 1714 1134 1786 ejusdem
1195 1715 1379 1788 patris
1411 1715 1775 1790 sepulcrum,
1829 1722 1884 1773 et
1948 1717 2009 1772 in
2069 1718 2198 1774 aliis

530 1801 724 1860 beatae
755 1803 883 1874 ejus
929 1803 1258 1874 memoriae,
1310 1799 1476 1874 locis,
1507 1803 1645 1876 haec
1685 1804 1882 1862 etiam
1917 1806 2040 1862 ﬁeri
2073 1822 2196 1863 non

531 1891 906 1962 iscoramusa
1002 1957 1010 1962 _
1103 1959 1114 1964 _
1331 1956 1338 1963 .
1425 1959 1430 1964 .

562 2042 570 2048 _
605 1979 1083 2050 Signorumsane
1101 1981 1684 2056 inquisitoribus,qui
1699 1999 2195 2058 unumquemque

531 2072 765 2142 patrem
797 2074 1093 2138 sanctum,
1136 2069 1230 2126 vel
1281 2074 1610 2144 potentem,
1644 2071 1736 2126 vel
1778 2071 2194 2146 impotentem,

531 2161 590 2214 et
624 2157 862 2227 raritate
905 2156 997 2214 vel
1038 2158 1471 2232 multiplicitate
1501 2158 1853 2216 earumdem
1886 2161 2195 2232 signorum

531 2247 916 2322 arbitrantur,
951 2247 1052 2303 illa
1081 2247 1389 2304 Dominica
1417 2249 1770 2322 exprobatio
1809 2250 2196 2307 consideran-

531 2319 612 2393 da
649 2341 762 2407 est,
815 2352 940 2409 qua
997 2337 1174 2392 dicit:
1219 2319 1536 2394 Generatio
1593 2341 1756 2394 mata
1812 2347 1864 2395 et
1911 2341 2195 2398 adultera

533 2427 771 2496 signum
827 2427 1045 2496 quant
1099 2425 1337 2496 (Matth.
1376 2441 1473 2494 xu,
1506 2425 1618 2496 39).
1674 2429 1740 2482 Et
1777 2427 1876 2482 illa
1901 2429 2196 2501 prteconis

532 2512 746 2584 ipsius,
778 2512 1210 2584 exprobrando
1251 2513 1526 2582 dicentis,
1552 2514 1730 2570 Judez
1755 2517 1930 2585 signa
1980 2517 2196 2586 petunt

533 2600 594 2674 (Ι
618 2602 757 2656 t-Ior.
793 2615 853 2667 ιι,
879 2600 967 2672 22)
993 2617 1006 2654 :
1029 2615 1182 2673 quos
1204 2599 1350 2656 alias
1372 2603 1490 2656 Deo
1519 2601 1772 2658 odibiles
1805 2591 1992 2673 (Rom.
2019 2621 2057 2674 ι,
2081 2609 2192 2679 30),

531 2703 654 2744 non
714 2692 884 2744 tacet.
945 2688 1204 2744 Herodes
1261 2695 1484 2758 autem,
1517 2691 1640 2762 qui,
1675 2696 1735 2767 ut
1765 2693 2055 2764 scriptum
2085 2700 2192 2762 est,

532 2767 1085 2858 cupiebatatiquod
1128 2779 1362 2850 signum
1409 2780 1485 2836 ab
1513 2794 1580 2836 eo
1625 2781 2192 2852 vc’dere(Luc.xxm,

531 2853 610 2936 8),
658 2881 770 2922 nec
823 2853 886 2922 in
940 2867 1179 2923 modico
1233 2867 1481 2940 quidem
1545 2868 1675 2940 ejus
1737 2870 2196 2942 responsionem
2227 2908 2267 2962 ρ

532 2955 758 3025 dignus
784 2955 896 3012 fuit
917 2955 1146 3030 audire.
1181 2957 1551 3030 centurionis
1583 2963 1784 3014 autem
1815 2959 1996 3016 ﬁdem
2029 2960 2197 3017 omni

531 3043 734 3115 lsraeli
749 3045 1009 3118 praetulit
1035 3045 1274 3117 (Matth.
1322 3062 1446 3122 vi",
1502 3046 1625 3118 l3):
1660 3047 1764 3120 qui
1791 3047 1870 3102 ad
1903 3049 2056 3104 servi
2090 3066 2196 3105 cu-

529 3134 826 3190 rationem
855 3133 1047 3190 solam
1079 3135 1208 3204 ejus
1231 3134 1570 3206 jussionem
1620 3134 1890 3192 sufﬁcere
1919 3153 2044 3194 non
2081 3137 2195 3194 du-

529 3221 762 3277 bitavit.
811 3225 941 3278 Haec
996 3223 1255 3278 exterius
1285 3222 1483 3298 inseri,
1519 3223 1771 3280 suﬁcere
1801 3240 1924 3280 non
1955 3225 2193 3283 dubita-

531 3309 636 3366 vit:
693 3313 828 3379 Haec
871 3311 1130 3367 exterius
1183 3311 1384 3381 inseri,
1442 3312 1852 3384 quorumdam
1920 3315 2196 3389 tepiditas

535 3399 741 3475 exigit,
775 3415 1038 3472 quorum
1094 3400 1334 3456 devotio
1373 3401 1748 3457 cessantibus
1782 3403 1965 3474 signis
1995 3406 2196 3475 friges-

533 3487 628 3543 cit.
660 3473 838 3543 Porro
885 3487 1082 3559 eidem
1133 3488 1485 3544 beatissimo
1528 3490 1704 3562 patri,
1737 3473 1849 3546 sua
1889 3473 2192 3565 praeroga-

533 3575 654 3632 tiva
700 3575 1037 3632 admodum
1089 3575 1351 3632 sufficit:
1402 3577 1506 3651 'qui
1575 3581 1884 3651 tantopere
1945 3565 2192 3650 fulgoris

532 3664 766 3732 emicat,
801 3669 864 3721 ut
900 3665 1080 3721 etiam
1134 3665 1568 3745 remotissimos
1621 3667 1800 3723 totius
1851 3668 2194 3726 Christiani-

535 3757 624 3811 tas
679 3754 845 3810 sinus
899 3754 1082 3811 radiis
1139 3771 1264 3811 suae
1304 3747 1710 3812 beatidudinis
1769 3756 2035 3836 illustrat.
2079 3764 2194 3817 Nec

532 3843 974 3900 monachorum
1027 3845 1302 3921 cohortes
1355 3845 1580 3918 ubique
1611 3851 1904 3925 terrarum
1933 3847 2189 3919 diffusae,

531 3936 762 3989 tantam
811 3933 942 4004 ejus
971 3932 1388 3990 celsitudinem
1426 3934 1712 4004 ignorant
1742 3952 1754 3989 :
1788 3935 1891 4010 qui
1919 3943 2192 3994 sanctam

527 4021 716 4096 ipsius
739 4023 1173 4101 institutionem
1220 4040 1345 4098 prae
1375 4025 1598 4081 cmteris
1655 4031 1978 4083 sectantur.
2010 4029 2096 4085 Ita
2129 4033 2193 4086 ut

529 4112 710 4169 etiam
735 4111 798 4169 in
829 4112 1099 4186 ipsorum
1156 4117 1396 4172 Patrum
1435 4115 1744 4182 coenobiis,
1798 4117 1900 4189 qui
1933 4133 2190 4196 normam

531 4199 720 4254 sancti
751 4201 1042 4273 propositi
1093 4201 1346 4258 ﬁdeliter
1393 4217 1462 4257 ac
1513 4201 1788 4274 religiose
1847 4205 2191 4278 prom,Mga~

529 4291 689 4367 runt,
735 4285 908 4364 hanc
943 4289 1170 4360 preprii
1221 4289 1464 4346 clientes
1521 4305 1733 4346 eorum
1782 4291 1998 4349 malint
2051 4310 2191 4367 pro-

528 4351 700 4430 fiteri,
729 4353 856 4430 Non
898 4351 1196 4432 immerito
1255 4377 1630 4445 arbitrantes,
1658 4378 1824 4451 quod
1852 4367 2028 4460 hunc;
2051 4351 2192 4456 spe-

528 4462 772 4544 cialiter;
839 4467 1132 4538 tanquam
1197 4464 1450 4522 alterum
1509 4467 1751 4538 Moysen
1819 4471 1974 4525 Deus
2041 4487 2192 4544 prae-

527 4531 936 4626 destinaverit,
969 4570 1076 4626 per
1103 4570 1286 4628 quem
1343 4554 1696 4612 monasticae
1751 4555 1900 4626 legis
1950 4531 2192 4617 decreta

528 4627 803 4699 sanciret.
978 4713 984 4720 _
1021 4715 1027 4722 _
1200 4690 1210 4696 .
1253 4713 1261 4722 ο
1495 4716 1504 4722 ,
1663 4715 1680 4722 _

600 4732 860 4788 Fuerunt
886 4715 1138 4804 quidam
1169 4715 1288 4800 alii,
1313 4731 1464 4790 sicut
1487 4716 1616 4804 jam
1647 4715 1876 4790 dictum
1904 4739 2011 4802 est,
2033 4736 2192 4808 ejus-

527 4815 667 4872 dem
697 4822 920 4875 sanctis
947 4819 1329 4876 institutionis
1358 4821 1732 4890 decmt’ores;
1769 4821 1874 4878 sed
1897 4826 2187 4897 tanquam

527 4903 736 4976 MOysi,
767 4905 906 4982 huic
961 4913 1204 4982 quoque
1233 4909 1496 4966 dicatur:
1541 4901 1700 4967 Novi
1743 4915 1801 4968 te
1829 4917 1906 4968 ea:
1929 4916 2185 4970 nomine.

528 4991 640 5048 Iste
662 4981 771 5064 est,
803 4981 910 5067 qui
939 4987 1000 5070 in
1028 4981 1142 5051 hac
1171 4993 1392 5052 caelesti
1436 4987 1754 5070 disciplina
1798 4994 2072 5072 placidiis
2103 4999 2188 5057 ef-

523 5081 687 5140 fu:sit
708 5101 721 5140 :
741 5099 888 5140 nam
905 5087 1043 5139 ante
1057 5086 1318 5156 Moysen.
1335 5087 1770 5144 sacriﬁciorum
1789 5090 2186 5159 caeremoniae,

525 5176 584 5228 et
615 5172 1102 5254 .eiritutiici'slcnis
1125 5167 1275 5229 ritus
1305 5172 1791 5246 frequentissimo
1835 5177 2020 5248 viguit
2039 5189 2182 5234 usui

523 5253 630 5334 q'ul
664 5253 866 5319 tamen
928 5256 1262 5336 'speciallter
1295 5275 1400 5336 per
1419 5262 1702 5320 eumdem
1733 5267 1977 5338 Moysen
2006 5265 2169 5324 ineul

524 5355 694 5406 catus
719 5355 807 5408 est
833 5352 1047 5424 (Exod.
1078 5369 1260 5420 xxxv,
1297 5339 1359 5408 i2
1385 5371 1398 5419 ς
1431 5347 1574 5414 Gen.
1600 5370 1716 5422 vui,
1742 5359 1810 5410 2O
1835 5374 1848 5424 ;
1869 5357 2181 5427 Exod.xxi,

523 5439 601 5510 3):
636 5439 728 5496 Sic
755 5449 898 5512 ergo
925 5442 1140 5499 etbuic
1159 5441 1508 5501 beatissimo
1532 5441 1854 5512 legislatori
1875 5461 1996 5502 non
2029 5462 2181 5518 prae-

515 5523 788 5605 judicent
805 5527 906 5588 alii
932 5531 1154 5610 gates,
1183 5531 1289 5611 qui
1313 5535 1539 5590 cauete
1565 5528 1790 5603 reginae
1807 5533 2020 5592 munia
2043 5534 2180 5590 dese

2304 1643 2432 1683 rere
2489 1627 2641 1684 fecit.
2675 1632 2828 1685 Dum
2878 1629 3058 1703 plane
3116 1630 3179 1686 in
3235 1635 3485 1704 utroque
3537 1630 3674 1686 iacto
3707 1629 3868 1702 liqueat

2305 1734 2506 1774 rerum
2534 1718 2772 1774 obstare
2802 1725 3079 1775 naturam
3106 1737 3120 1788 ;
3151 1719 3370 1776 videris
3399 1719 3540 1792 quid
3564 1719 3747 1775 horum
3765 1735 3866 1791 pra:-

2306 1807 2506 1863 cellat:
2556 1813 2756 1864 utrum
2783 1808 2873 1864 vel
2904 1809 3134 1882 aquale
3181 1809 3279 1874 sit,
3311 1825 3498 1882 aquas
3541 1808 3783 1873 divisisse,
3797 1811 3868 1863 aut

2306 1911 2486 1968 super
2533 1913 2634 1952 eas
2681 1897 2838 1952 sicco
2896 1898 3145 1968 vestigio
3191 1898 3538 1954 cucurrisse.
3563 1897 3656 1970 ille
3677 1897 3726 1974 in
3747 1911 3868 1950 exus-

2305 1985 2378 2040 tis
2408 1985 2588 2056 arvis,
2620 2002 2844 2058 aquam
2879 1987 3092 2042 sitienti
3124 1987 3355 2060 populo
3383 1986 3456 2042 de
3485 1992 3638 2059 petra
3661 1983 3867 2058 produxit

2305 2074 2507 2143 (Nam.
2535 2090 2638 2138 xx,
2678 2075 2793 2144 l0);
2823 2074 2935 2130 iste
2967 2075 3040 2130 de
3076 2075 3234 2130 sicca
3265 2091 3435 2148 rupe,
3468 2074 3672 2130 fontem
3719 2071 3867 2127 usibus

2307 2162 2747 2218 monachorum
2773 2163 2995 2232 elicuit,
3025 2163 3332 2237 hodieque
3360 2163 3419 2219 in
3460 2163 3639 2218 rivum
3663 2160 3779 2217 ﬂuit.
3804 2158 3866 2214 Ille

2303 2250 2510 2305 brutos
2554 2267 2752 2306 mores
2792 2252 3159 2319 Iudaeorum,
3199 2269 3360 2325 quos
3413 2251 3716 2308 incredulos
3750 2251 3871 2304 vocat

2305 2344 2360 2394 et
2382 2339 2654 2409 rebelles,
2683 2341 2850 2412 virga
2897 2341 3042 2412 legis
3067 2342 3370 2416 coercuit_;
3398 2341 3501 2397 iste
3523 2339 3869 2420 monachorum

2305 2443 2570 2498 gregem,
2615 2429 2771 2484 sicut
2825 2429 3155 2486 voluntarie
3214 2431 3429 2486 auditu
3462 2429 3610 2486 auris
3665 2425 3870 2483 obedien-

2306 2522 2446 2585 tem,
2475 2516 2650 2588 quasi
2699 2533 2820 2574 una
2871 2533 3154 2590 persona,
3183 2525 3431 2592 propter
3467 2534 3641 2574 unum
3672 2531 3754 2572 cor
3775 2513 3870 2569 allo-

2303 2621 2521 2678 quens,
2557 2605 2747 2681 tilium
2803 2607 3096 2678 nominat,
3129 2613 3185 2664 et
3213 2609 3394 2665 suavi
3407 2610 3549 2680 jugo
3577 2604 3751 2664 Christi
3774 2617 3871 2673 sup-

2305 2693 2492 2765 ponit.

2375 2781 2552 2839 Multa
2571 2781 2686 2839 dici
2717 2788 3003 2855 praeterea
3024 2791 3297 2858 possent,
3325 2786 3550 2860 quibus
3562 2785 3769 2840 istarum
3784 2794 3871 2852 per-

2305 2886 2588 2926 sonarum
2622 2873 3039 2928 cunvenientia
3065 2874 3381 2947 patuiSset.
3419 2879 3480 2930 Et
3510 2875 3655 2930 hunc
3691 2867 3870 2943 quidem

2303 2959 2718 3016 beatissimum
2766 2967 3000 3033 patrem
3055 2962 3354 3032 legislatio
3405 2962 3704 3036 specialiter
3744 2952 3871 3026 Moysi

2304 3053 2636 3120 comparat.
2673 3050 2787 3106 Sed
2815 3051 3170 3120 magnitudo
3218 3052 3525 3118 virtutum,
3553 3057 3708 3124 atque
3728 3047 3870 3114 signo-

2303 3153 2458 3204 rum,
2491 3138 2835 3212 quibusque
2861 3139 3041 3196 etiam
3067 3141 3580 3198 excellentissimis
3617 3139 3748 3206 viris,
3773 3148 3872 3190 con-

2304 3231 2530 3282 sertum
2569 3227 2958 3284 nihilominus
3009 3229 3295 3286 ostendit.
3353 3231 3508 3288 Sicut
3532 3222 3620 3286 ille
3657 3220 3870 3282 mirabilis

2303 3316 2432 3386 ejus
2461 3315 2596 3372 vitae
2619 3317 2854 3384 relator,
2887 3334 3050 3390 papa
3082 3308 3365 3376 videlicet
3393 3319 3686 3390 Gregorius
3706 3309 3870 3371 astruit.

2301 3404 2404 3476 qui
2435 3404 2816 3474 assignanter
2859 3421 2931 3462 ex
2981 3407 3360 3480 quibusdam
3394 3408 3576 3474 factis,
3617 3407 3781 3479 ipsum
3801 3398 3870 3454 ali-

2301 3493 2522 3564 quibus
2552 3495 2912 3552 nominatim
2937 3497 3238 3568 expressis
3267 3503 3558 3572 eozequat,
3584 3495 3756 3551 dicens
3771 3490 3874 3545 inter

2303 3582 2551 3636 caetera:
2581 3585 2728 3638 Nam
2760 3583 2821 3639 in
2847 3600 3010 3656 aqua
3039 3601 3111 3640 ex
3140 3591 3315 3657 petra
3336 3577 3636 3659 producta,
3665 3586 3869 3652 Μυγδεηὶ

2301 3667 2362 3726 in
2393 3669 2549 3732 ferro
2577 3687 2737 3742 vero,
2767 3673 2932 3745 quod
2971 3689 3046 3728 ex
3075 3673 3384 3746 profundo
3433 3691 3594 3748 aquas
3629 3669 3784 3734 rediit,
3803 3662 3873 3719 Eli-

2303 3774 2510 3814 sieum.
2545 3761 2612 3814 In
2670 3775 2845 3832 aquas
2901 3761 3130 3828 itinere,
3190 3764 3453 3819 Petrum.
3512 3765 3572 3817 In
3623 3757 3759 3816 corvi
3780 3751 3873 3808 obe-

2301 3847 2542 3918 dientia,
2595 3849 2802 3906 Eliam.
2856 3855 2920 3906 In
2971 3850 3134 3908 luctu
3192 3857 3400 3910 autem
3456 3851 3650 3908 mortis
3696 3838 3870 3903 inimici.

2302 3937 2488 3992 David
2516 3937 2687 3994 video
2707 3943 2762 3994 et
2777 3939 3118 4012 perpendo.
3152 3941 3248 3996 Vir
3266 3942 3378 3998 iste
3398 3941 3597 4014 spiritu
3650 3938 3872 4008 justorum

2301 4027 2575 4081 omnium
2605 4027 2818 4100 plenus
2846 4027 2974 4084 fuit.
3007 4029 3115 4094 Qui
3147 4033 3204 4085 et
3230 4030 3298 4086 in
3332 4031 3494 4087 dono
3518 4023 3812 4102 propheliﬁy
3837 4017 3875 4070 εί

2301 4113 2364 4168 in
2405 4113 2828 4185 dignoscendis
2871 4117 3184 4172 hominum
3240 4116 3704 4189 cogitationibus,
3748 4113 3874 4178 atque

2304 4203 2365 4258 in
2397 4209 2686 4260 secretum
2710 4205 3013 4274 agnitione
3028 4205 3423 4280 ju'di‘cibrum,
3444 4207 3610 4265 valde
3629 4217 3746 4260 eum
3763 4208 3875 4270 pars“

2305 4292 2572 4364 picacem
2603 4292 2786 4349 fuisse
2842 4306 2963 4350 non
3014 4297 3188 4352 tacet.
3228 4298 3552 4364 Postremo,
3589 4290 3735 4368 quod
3772 4287 3876 4342 inter

2303 4380 2564 4452 plurima
2621 4382 2866 4454 superni
2923 4384 3189 4440 muneris
3242 4385 3621 4454 charismata,
3672 4373 3874 4453 δρριὶωθ

2280 4468 2556 4537 εῶεθπιιιδ
2612 4469 2832 4536 fuerit;
2863 4477 2921 4526 et
2965 4473 3132 4544 quod
3180 4475 3614 4531 monachorum
3653 4464 3874 4536 regulam:

2301 4574 2578 4636 sermone
2605 4558 2930 4636 luculento,
2960 4567 3017 4617 et
3053 4561 3416 4620 discretione
3441 4561 3722 4636 praecipua
3745 4548 3874 4618 θοήν·

2301 4633 2456 4715 serit,
2487 4630 2847 4704 laetabundis
2873 4647 3122 4706 auribus
3149 4666 3360 4706 eorum
3395 4630 3874 4707 narrat._l.tetabun-

2299 4733 2412 4804 dis,
2457 4735 2732 4808 inquam,
2786 4737 2932 4808 quia
2985 4739 3214 4808 grande
3272 4740 3562 4809 gaudium
3608 4731 3874 4808 quihulti‘”

2300 4828 2521 4880 sanum
2549 4825 2922 4896 sapientibus
2953 4827 3068 4883 hoc
3094 4827 3266 4885 affert
3301 4849 3314 4886 :
3366 4828 3532 4902 quod
3559 4826 3637 4882 eis
3677 4813 3874 4890 θυρεωά

2297 4907 2695 4983 providentia,
2727 4912 2905 4969 talem
2931 4930 3000 4970 ac
3049 4919 3279 4972 tantum
3313 4916 3550 4984 ducem,
3577 4929 3642 4968 ac
3673 4911 3873 4984 praise?

2297 4997 2486 5064 torem
2512 5000 2832 5070 constituit,
2861 5014 3044 5076 quem
3093 5003 3172 5060 ad
3198 5001 3691 5076 promulgandam
3727 4985 3873 5050 coales-

2296 5087 2368 5144 tis
2413 5087 2743 5161 disciplinae
2786 5090 2999 5160 legem,
3045 5092 3298 5163 dignum
3344 5099 3402 5150 et
3454 5093 3719 5148 idoneum
3758 5081 3871 5170 ῑθίῖξῗ

2295 5178 2561 5234 mundus
2588 5181 3176 5247 agnoscat.Gaudent
3203 5195 3368 5254 ergo,
3396 5187 3454 5240 et
3471 5163 3870 5266 quasi

2295 5273 2634 5340 seqUentes,
2660 5268 2735 5324 de
2765 5271 2895 5340 ejus
2915 5273 3066 5327 nutu
3082 5266 3426 5344 pendent,et
3455 5267 3640 5328 cordis
3661 5259 3811 5320 aciem
3828 5258 3868 5306 in

2293 5358 2432 5412 eum
2451 5349 2749 5434 defigunt.
2775 5357 3064 5428 Gaudent,
3087 5361 3230 5433 quia
3245 5377 3352 5433 per
3366 5361 3496 5432 ejus
3514 5347 3866 5434 magisterium,

2292 5445 2371 5502 ad
2392 5429 2648 5505 cmlestis
2665 5447 2887 5504 militiae
2925 5429 3267 5506 tirocinium
3303 5429 3446 5506 sunt
3479 5446 3652 5504 asciti:
3679 5429 3869 5510 Spem“

2292 5535 2404 5594 sub
2415 5537 2466 5614 ei
2477 5551 2548 5595 us
2555 5535 3216 5618 ducatumilitantes,ad
3225 5539 3470 5614 superni
3483 5535 3630 5606 regis
3637 5524 3866 5608 palatium
