  <div class='ocr_page' id='page_1' title='image "/cluster/home/n/w/nwhite01/storage/ocr_20150623/133/hvd.32044054759949/368.png"; bbox 0 0 4134 6114; ppageno 0'>
   <div class='ocr_carea' id='block_1_1' title="bbox 255 151 360 203">
    <p class='ocr_par' dir='ltr' id='par_1_1' title="bbox 255 151 360 203">
     <span class='ocr_line' id='line_1_1' title="bbox 255 151 360 203; baseline 0 0"><span class='ocrx_word' id='word_1_1' title='bbox 255 151 360 203; x_wconf 70' lang='grc'>725</span> 
     </span>
    </p>
   </div>
   <div class='ocr_carea' id='block_1_2' title="bbox 1562 120 2371 225">
    <p class='ocr_par' dir='ltr' id='par_1_2' title="bbox 1562 120 2371 225">
     <span class='ocr_line' id='line_1_2' title="bbox 1562 120 2371 225; baseline 0.01 -22"><span class='ocrx_word' id='word_1_2' title='bbox 1562 120 1565 125; x_wconf 63' lang='grc'><strong>”</strong></span> <span class='ocrx_word' id='word_1_3' title='bbox 1643 146 2010 225; x_wconf 66' lang='lat' dir='ltr'>sannouss</span> <span class='ocrx_word' id='word_1_4' title='bbox 2050 148 2371 220; x_wconf 76' lang='lat' dir='ltr'>QUINQUE</span> 
     </span>
    </p>
   </div>
   <div class='ocr_carea' id='block_1_3' title="bbox 3610 159 3713 213">
    <p class='ocr_par' dir='ltr' id='par_1_3' title="bbox 3610 159 3713 213">
     <span class='ocr_line' id='line_1_3' title="bbox 3610 159 3713 213; baseline 0 0"><span class='ocrx_word' id='word_1_5' title='bbox 3610 159 3713 213; x_wconf 67' lang='lat'>728</span> 
     </span>
    </p>
   </div>
   <div class='ocr_carea' id='block_1_4' title="bbox 255 268 3713 353">
    <p class='ocr_par' dir='ltr' id='par_1_4' title="bbox 255 268 3713 353">
     <span class='ocr_line' id='line_1_4' title="bbox 255 268 3713 353; baseline 0.003 -26"><span class='ocrx_word' id='word_1_6' title='bbox 255 269 590 328; x_wconf 78' lang='lat' dir='ltr'>intromitti.</span> <span class='ocrx_word' id='word_1_7' title='bbox 634 271 701 324; x_wconf 86' lang='lat' dir='ltr'>Et</span> <span class='ocrx_word' id='word_1_8' title='bbox 729 268 898 341; x_wconf 92' lang='lat' dir='ltr'>quod</span> <span class='ocrx_word' id='word_1_9' title='bbox 932 268 1056 324; x_wconf 86' lang='lat' dir='ltr'>suis</span> <span class='ocrx_word' id='word_1_10' title='bbox 1087 271 1312 327; x_wconf 89' lang='lat' dir='ltr'>meritis</span> <span class='ocrx_word' id='word_1_11' title='bbox 1350 286 1745 344; x_wconf 80' lang='lat' dir='ltr'>nequaquam</span> <span class='ocrx_word' id='word_1_12' title='bbox 1794 286 1942 343; x_wconf 70' lang='lat' dir='ltr'>prae-</span> <span class='ocrx_word' id='word_1_13' title='bbox 1978 275 2026 327; x_wconf 81' lang='grc' dir='ltr'><strong>Α</strong></span> <span class='ocrx_word' id='word_1_14' title='bbox 2057 275 2184 346; x_wconf 90' lang='lat' dir='ltr'>gni,</span> <span class='ocrx_word' id='word_1_15' title='bbox 2217 278 2613 347; x_wconf 82' lang='lat' dir='ltr'>gaudeamus.</span> <span class='ocrx_word' id='word_1_16' title='bbox 2644 279 3001 349; x_wconf 87' lang='lat' dir='ltr'>thuamvis</span> <span class='ocrx_word' id='word_1_17' title='bbox 3032 295 3158 336; x_wconf 87' lang='lat' dir='ltr'>non</span> <span class='ocrx_word' id='word_1_18' title='bbox 3181 280 3256 335; x_wconf 91' lang='lat' dir='ltr'>sit</span> <span class='ocrx_word' id='word_1_19' title='bbox 3281 279 3457 335; x_wconf 90' lang='lat' dir='ltr'>nobis</span> <span class='ocrx_word' id='word_1_20' title='bbox 3486 296 3553 336; x_wconf 93' lang='lat' dir='ltr'>os</span> <span class='ocrx_word' id='word_1_21' title='bbox 3570 295 3713 353; x_wconf 81' lang='lat' dir='ltr'>ape-</span> 
     </span>
    </p>
   </div>
   <div class='ocr_carea' id='block_1_5' title="bbox 258 357 1944 432">
    <p class='ocr_par' dir='ltr' id='par_1_5' title="bbox 258 357 1944 432">
     <span class='ocr_line' id='line_1_5' title="bbox 258 357 1944 432; baseline -0.001 -17"><span class='ocrx_word' id='word_1_22' title='bbox 258 363 533 429; x_wconf 87' lang='lat' dir='ltr'>sumunt,</span> <span class='ocrx_word' id='word_1_23' title='bbox 568 357 855 429; x_wconf 87' lang='lat' dir='ltr'>ejusdem</span> <span class='ocrx_word' id='word_1_24' title='bbox 895 357 989 413; x_wconf 91' lang='lat' dir='ltr'>sui</span> <span class='ocrx_word' id='word_1_25' title='bbox 1028 358 1202 414; x_wconf 91' lang='lat' dir='ltr'>ducis</span> <span class='ocrx_word' id='word_1_26' title='bbox 1239 360 1662 416; x_wconf 81' lang='lat' dir='ltr'>intercessione</span> <span class='ocrx_word' id='word_1_27' title='bbox 1693 360 1944 432; x_wconf 87' lang='lat' dir='ltr'>adipisci</span> 
     </span>
    </p>
   </div>
   <div class='ocr_carea' id='block_1_6' title="bbox 258 446 1947 523">
    <p class='ocr_par' dir='ltr' id='par_1_6' title="bbox 258 446 1947 523">
     <span class='ocr_line' id='line_1_6' title="bbox 258 446 1947 523; baseline -0.001 -18"><span class='ocrx_word' id='word_1_28' title='bbox 258 447 596 505; x_wconf 86' lang='lat' dir='ltr'>conﬁdunt.</span> <span class='ocrx_word' id='word_1_29' title='bbox 627 447 722 502; x_wconf 76' lang='lat' dir='ltr'>Ad</span> <span class='ocrx_word' id='word_1_30' title='bbox 753 447 913 502; x_wconf 90' lang='lat' dir='ltr'>hanc</span> <span class='ocrx_word' id='word_1_31' title='bbox 944 446 1147 518; x_wconf 82' lang='lat' dir='ltr'>itaque</span> <span class='ocrx_word' id='word_1_32' title='bbox 1176 448 1510 515; x_wconf 85' lang='lat' dir='ltr'>lucernam,</span> <span class='ocrx_word' id='word_1_33' title='bbox 1557 449 1731 523; x_wconf 80' lang='lat' dir='ltr'>quasi</span> <span class='ocrx_word' id='word_1_34' title='bbox 1759 450 1821 505; x_wconf 93' lang='lat' dir='ltr'>in</span> <span class='ocrx_word' id='word_1_35' title='bbox 1852 464 1947 504; x_wconf 88' lang='lat' dir='ltr'>ca-</span> 
     </span>
    </p>
   </div>
   <div class='ocr_carea' id='block_1_7' title="bbox 256 535 1942 608">
    <p class='ocr_par' dir='ltr' id='par_1_7' title="bbox 256 535 1942 608">
     <span class='ocr_line' id='line_1_7' title="bbox 256 535 1942 608; baseline -0.001 -14"><span class='ocrx_word' id='word_1_36' title='bbox 256 538 514 608; x_wconf 87' lang='lat' dir='ltr'>liginoso</span> <span class='ocrx_word' id='word_1_37' title='bbox 546 536 690 592; x_wconf 66' lang='lat' dir='ltr'>vitae</span> <span class='ocrx_word' id='word_1_38' title='bbox 722 536 908 607; x_wconf 77' lang='lat' dir='ltr'>hujus</span> <span class='ocrx_word' id='word_1_39' title='bbox 941 535 1141 592; x_wconf 89' lang='lat' dir='ltr'>stadio</span> <span class='ocrx_word' id='word_1_40' title='bbox 1170 538 1513 606; x_wconf 83' lang='lat' dir='ltr'>micantem,</span> <span class='ocrx_word' id='word_1_41' title='bbox 1548 538 1806 595; x_wconf 88' lang='lat' dir='ltr'>subinde</span> <span class='ocrx_word' id='word_1_42' title='bbox 1850 553 1942 593; x_wconf 89' lang='lat' dir='ltr'>re-</span> 
     </span>
    </p>
   </div>
   <div class='ocr_carea' id='block_1_8' title="bbox 259 626 1941 700">
    <p class='ocr_par' dir='ltr' id='par_1_8' title="bbox 259 626 1941 700">
     <span class='ocr_line' id='line_1_8' title="bbox 259 626 1941 700; baseline 0 -17"><span class='ocrx_word' id='word_1_43' title='bbox 259 628 535 700; x_wconf 90' lang='lat' dir='ltr'>spiciunt,</span> <span class='ocrx_word' id='word_1_44' title='bbox 593 630 648 682; x_wconf 90' lang='lat' dir='ltr'>et</span> <span class='ocrx_word' id='word_1_45' title='bbox 704 626 768 681; x_wconf 92' lang='lat' dir='ltr'>in</span> <span class='ocrx_word' id='word_1_46' title='bbox 812 626 949 698; x_wconf 89' lang='lat' dir='ltr'>ipsa</span> <span class='ocrx_word' id='word_1_47' title='bbox 995 626 1201 682; x_wconf 89' lang='lat' dir='ltr'>vident</span> <span class='ocrx_word' id='word_1_48' title='bbox 1246 644 1368 699; x_wconf 89' lang='lat' dir='ltr'>quo</span> <span class='ocrx_word' id='word_1_49' title='bbox 1420 644 1693 698; x_wconf 79' lang='lat' dir='ltr'>gressum</span> <span class='ocrx_word' id='word_1_50' title='bbox 1742 628 1941 700; x_wconf 89' lang='lat' dir='ltr'>operis</span> 
     </span>
    </p>
   </div>
   <div class='ocr_carea' id='block_1_9' title="bbox 258 713 1943 783">
    <p class='ocr_par' dir='ltr' id='par_1_9' title="bbox 258 713 1943 783">
     <span class='ocr_line' id='line_1_9' title="bbox 258 713 1943 783; baseline -0.001 -11"><span class='ocrx_word' id='word_1_51' title='bbox 258 715 526 772; x_wconf 82' lang='lat' dir='ltr'>tendant.</span> <span class='ocrx_word' id='word_1_52' title='bbox 561 717 845 770; x_wconf 86' lang='lat' dir='ltr'>Lucerna</span> <span class='ocrx_word' id='word_1_53' title='bbox 894 718 983 769; x_wconf 90' lang='lat' dir='ltr'>est</span> <span class='ocrx_word' id='word_1_54' title='bbox 1030 713 1212 783; x_wconf 89' lang='lat' dir='ltr'>igitur</span> <span class='ocrx_word' id='word_1_55' title='bbox 1255 714 1642 772; x_wconf 89' lang='lat' dir='ltr'>beatissimus</span> <span class='ocrx_word' id='word_1_56' title='bbox 1702 716 1943 771; x_wconf 86' lang='lat' dir='ltr'>Benedi-</span> 
     </span>
    </p>
   </div>
   <div class='ocr_carea' id='block_1_10' title="bbox 260 802 1940 876">
    <p class='ocr_par' dir='ltr' id='par_1_10' title="bbox 260 802 1940 876">
     <span class='ocr_line' id='line_1_10' title="bbox 260 802 1940 876; baseline 0 -16"><span class='ocrx_word' id='word_1_57' title='bbox 260 810 409 861; x_wconf 91' lang='lat' dir='ltr'>ctus.</span> <span class='ocrx_word' id='word_1_58' title='bbox 442 802 1128 876; x_wconf 88' lang='lat' dir='ltr'>Lucerna,inquam,ad</span> <span class='ocrx_word' id='word_1_59' title='bbox 1157 803 1272 860; x_wconf 86' lang='lat' dir='ltr'>hoc</span> <span class='ocrx_word' id='word_1_60' title='bbox 1299 820 1481 876; x_wconf 85' lang='lat' dir='ltr'>super</span> <span class='ocrx_word' id='word_1_61' title='bbox 1505 804 1940 862; x_wconf 76' lang='lat' dir='ltr'>candelabrum</span> 
     </span>
    </p>
   </div>
   <div class='ocr_carea' id='block_1_11' title="bbox 261 892 1945 968">
    <p class='ocr_par' dir='ltr' id='par_1_11' title="bbox 261 892 1945 968">
     <span class='ocr_line' id='line_1_11' title="bbox 261 892 1945 968; baseline -0.001 -18"><span class='ocrx_word' id='word_1_62' title='bbox 261 895 471 968; x_wconf 88' lang='lat' dir='ltr'>posita,</span> <span class='ocrx_word' id='word_1_63' title='bbox 504 898 570 949; x_wconf 88' lang='lat' dir='ltr'>ut</span> <span class='ocrx_word' id='word_1_64' title='bbox 588 894 818 949; x_wconf 86' lang='lat' dir='ltr'>ardens</span> <span class='ocrx_word' id='word_1_65' title='bbox 847 898 903 949; x_wconf 87' lang='lat' dir='ltr'>et</span> <span class='ocrx_word' id='word_1_66' title='bbox 930 892 1164 959; x_wconf 87' lang='lat' dir='ltr'>lucens,</span> <span class='ocrx_word' id='word_1_67' title='bbox 1215 894 1367 949; x_wconf 81' lang='lat' dir='ltr'>sicut</span> <span class='ocrx_word' id='word_1_68' title='bbox 1412 894 1487 950; x_wconf 92' lang='lat' dir='ltr'>de</span> <span class='ocrx_word' id='word_1_69' title='bbox 1537 911 1647 950; x_wconf 92' lang='lat' dir='ltr'>suo</span> <span class='ocrx_word' id='word_1_70' title='bbox 1685 910 1945 967; x_wconf 73' lang='lat' dir='ltr'>praecur-</span> 
     </span>
    </p>
   </div>
   <div class='ocr_carea' id='block_1_12' title="bbox 262 981 1942 1054">
    <p class='ocr_par' dir='ltr' id='par_1_12' title="bbox 262 981 1942 1054">
     <span class='ocr_line' id='line_1_12' title="bbox 262 981 1942 1054; baseline -0.001 -15"><span class='ocrx_word' id='word_1_71' title='bbox 262 1000 396 1040; x_wconf 89' lang='lat' dir='ltr'>sore</span> <span class='ocrx_word' id='word_1_72' title='bbox 426 983 649 1038; x_wconf 90' lang='lat' dir='ltr'>Veritas</span> <span class='ocrx_word' id='word_1_73' title='bbox 681 987 1019 1049; x_wconf 85' lang='lat' dir='ltr'>attestatur,</span> <span class='ocrx_word' id='word_1_74' title='bbox 1053 981 1342 1036; x_wconf 89' lang='lat' dir='ltr'>omnibus</span> <span class='ocrx_word' id='word_1_75' title='bbox 1382 983 1488 1054; x_wconf 83' lang='lat' dir='ltr'>qui</span> <span class='ocrx_word' id='word_1_76' title='bbox 1517 983 1577 1038; x_wconf 87' lang='lat' dir='ltr'>in</span> <span class='ocrx_word' id='word_1_77' title='bbox 1626 984 1812 1039; x_wconf 88' lang='lat' dir='ltr'>domo</span> <span class='ocrx_word' id='word_1_78' title='bbox 1840 982 1942 1038; x_wconf 86' lang='lat' dir='ltr'>Dei</span> 
     </span>
    </p>
   </div>
   <div class='ocr_carea' id='block_1_13' title="bbox 259 1072 1939 1144">
    <p class='ocr_par' dir='ltr' id='par_1_13' title="bbox 259 1072 1939 1144">
     <span class='ocr_line' id='line_1_13' title="bbox 259 1072 1939 1144; baseline -0.001 -15"><span class='ocrx_word' id='word_1_79' title='bbox 259 1078 418 1141; x_wconf 90' lang='lat' dir='ltr'>sunt,</span> <span class='ocrx_word' id='word_1_80' title='bbox 445 1072 842 1144; x_wconf 86' lang='lat' dir='ltr'>resplendeat</span> <span class='ocrx_word' id='word_1_81' title='bbox 869 1072 1115 1143; x_wconf 78' lang='lat' dir='ltr'>(Matth.</span> <span class='ocrx_word' id='word_1_82' title='bbox 1145 1088 1202 1137; x_wconf 91' lang='lat' dir='ltr'>v,</span> <span class='ocrx_word' id='word_1_83' title='bbox 1245 1076 1340 1140; x_wconf 85' lang='lat' dir='ltr'>l3;</span> <span class='ocrx_word' id='word_1_84' title='bbox 1374 1074 1553 1129; x_wconf 85' lang='lat' dir='ltr'>Joan.</span> <span class='ocrx_word' id='word_1_85' title='bbox 1602 1089 1661 1140; x_wconf 92' lang='lat' dir='ltr'>v,</span> <span class='ocrx_word' id='word_1_86' title='bbox 1693 1074 1802 1143; x_wconf 70' lang='lat'>35).</span> <span class='ocrx_word' id='word_1_87' title='bbox 1850 1077 1939 1127; x_wconf 87' lang='lat' dir='ltr'>An</span> 
     </span>
    </p>
   </div>
   <div class='ocr_carea' id='block_1_14' title="bbox 259 1161 1941 1234">
    <p class='ocr_par' dir='ltr' id='par_1_14' title="bbox 259 1161 1941 1234">
     <span class='ocr_line' id='line_1_14' title="bbox 259 1161 1941 1234; baseline -0.001 -16"><span class='ocrx_word' id='word_1_88' title='bbox 259 1169 318 1219; x_wconf 92' lang='lat' dir='ltr'>et</span> <span class='ocrx_word' id='word_1_89' title='bbox 342 1164 450 1218; x_wconf 92' lang='lat' dir='ltr'>iste</span> <span class='ocrx_word' id='word_1_90' title='bbox 481 1178 752 1234; x_wconf 88' lang='lat' dir='ltr'>superno</span> <span class='ocrx_word' id='word_1_91' title='bbox 784 1177 992 1217; x_wconf 87' lang='lat' dir='ltr'>amore</span> <span class='ocrx_word' id='word_1_92' title='bbox 1022 1176 1148 1216; x_wconf 91' lang='lat' dir='ltr'>non</span> <span class='ocrx_word' id='word_1_93' title='bbox 1188 1161 1577 1217; x_wconf 86' lang='lat' dir='ltr'>vehementer</span> <span class='ocrx_word' id='word_1_94' title='bbox 1607 1162 1797 1218; x_wconf 88' lang='lat' dir='ltr'>arsit?</span> <span class='ocrx_word' id='word_1_95' title='bbox 1849 1167 1941 1216; x_wconf 84' lang='lat' dir='ltr'>An</span> 
     </span>
    </p>
   </div>
   <div class='ocr_carea' id='block_1_15' title="bbox 261 1251 1941 1323">
    <p class='ocr_par' dir='ltr' id='par_1_15' title="bbox 261 1251 1941 1323">
     <span class='ocr_line' id='line_1_15' title="bbox 261 1251 1941 1323; baseline -0.002 -14"><span class='ocrx_word' id='word_1_96' title='bbox 261 1258 319 1310; x_wconf 88' lang='lat' dir='ltr'>et</span> <span class='ocrx_word' id='word_1_97' title='bbox 345 1254 474 1323; x_wconf 87' lang='lat' dir='ltr'>iste,</span> <span class='ocrx_word' id='word_1_98' title='bbox 505 1268 646 1308; x_wconf 90' lang='lat' dir='ltr'>cum</span> <span class='ocrx_word' id='word_1_99' title='bbox 673 1251 863 1307; x_wconf 89' lang='lat' dir='ltr'>verbo</span> <span class='ocrx_word' id='word_1_100' title='bbox 894 1256 953 1306; x_wconf 89' lang='lat' dir='ltr'>et</span> <span class='ocrx_word' id='word_1_101' title='bbox 977 1267 1182 1323; x_wconf 85' lang='lat' dir='ltr'>opere,</span> <span class='ocrx_word' id='word_1_102' title='bbox 1216 1256 1345 1306; x_wconf 90' lang='lat' dir='ltr'>tum</span> <span class='ocrx_word' id='word_1_103' title='bbox 1389 1251 1701 1320; x_wconf 91' lang='lat' dir='ltr'>signorum</span> <span class='ocrx_word' id='word_1_104' title='bbox 1742 1251 1941 1323; x_wconf 87' lang='lat' dir='ltr'>splen-</span> 
     </span>
    </p>
   </div>
   <div class='ocr_carea' id='block_1_16' title="bbox 258 1339 1942 1413">
    <p class='ocr_par' dir='ltr' id='par_1_16' title="bbox 258 1339 1942 1413">
     <span class='ocr_line' id='line_1_16' title="bbox 258 1339 1942 1413; baseline -0.002 -15"><span class='ocrx_word' id='word_1_105' title='bbox 258 1343 406 1398; x_wconf 89' lang='lat' dir='ltr'>dore</span> <span class='ocrx_word' id='word_1_106' title='bbox 432 1356 553 1397; x_wconf 92' lang='lat' dir='ltr'>non</span> <span class='ocrx_word' id='word_1_107' title='bbox 580 1340 848 1396; x_wconf 83' lang='lat' dir='ltr'>reluxit?</span> <span class='ocrx_word' id='word_1_108' title='bbox 880 1343 977 1395; x_wconf 88' lang='lat' dir='ltr'>Est</span> <span class='ocrx_word' id='word_1_109' title='bbox 1007 1340 1188 1409; x_wconf 79' lang='lat' dir='ltr'>igitur</span> <span class='ocrx_word' id='word_1_110' title='bbox 1228 1339 1482 1396; x_wconf 90' lang='lat' dir='ltr'>lucerna</span> <span class='ocrx_word' id='word_1_111' title='bbox 1523 1342 1630 1396; x_wconf 90' lang='lat' dir='ltr'>sed</span> <span class='ocrx_word' id='word_1_112' title='bbox 1685 1341 1942 1413; x_wconf 84' lang='lat' dir='ltr'>qualiter</span> 
     </span>
    </p>
   </div>
   <div class='ocr_carea' id='block_1_17' title="bbox 260 1428 1941 1501">
    <p class='ocr_par' dir='ltr' id='par_1_17' title="bbox 260 1428 1941 1501">
     <span class='ocr_line' id='line_1_17' title="bbox 260 1428 1941 1501; baseline -0.002 -15"><span class='ocrx_word' id='word_1_113' title='bbox 260 1431 543 1487; x_wconf 90' lang='lat' dir='ltr'>eumdem</span> <span class='ocrx_word' id='word_1_114' title='bbox 596 1433 1031 1501; x_wconf 74' lang='lat' dir='ltr'>przeceptorem</span> <span class='ocrx_word' id='word_1_115' title='bbox 1093 1444 1291 1498; x_wconf 91' lang='lat' dir='ltr'>suum,</span> <span class='ocrx_word' id='word_1_116' title='bbox 1353 1428 1479 1484; x_wconf 90' lang='lat' dir='ltr'>imo</span> <span class='ocrx_word' id='word_1_117' title='bbox 1523 1435 1581 1485; x_wconf 92' lang='lat' dir='ltr'>et</span> <span class='ocrx_word' id='word_1_118' title='bbox 1621 1429 1941 1484; x_wconf 90' lang='lat' dir='ltr'>dominum</span> 
     </span>
    </p>
   </div>
   <div class='ocr_carea' id='block_1_18' title="bbox 257 1517 1943 1590">
    <p class='ocr_par' dir='ltr' id='par_1_18' title="bbox 257 1517 1943 1590">
     <span class='ocr_line' id='line_1_18' title="bbox 257 1517 1943 1590; baseline -0.002 -14"><span class='ocrx_word' id='word_1_119' title='bbox 257 1520 523 1589; x_wconf 85' lang='lat' dir='ltr'>legiones</span> <span class='ocrx_word' id='word_1_120' title='bbox 552 1517 996 1574; x_wconf 89' lang='lat' dir='ltr'>monachorum</span> <span class='ocrx_word' id='word_1_121' title='bbox 1028 1518 1340 1573; x_wconf 84' lang='lat' dir='ltr'>decentius</span> <span class='ocrx_word' id='word_1_122' title='bbox 1367 1518 1764 1590; x_wconf 76' lang='lat' dir='ltr'>appellabunt</span> <span class='ocrx_word' id='word_1_123' title='bbox 1783 1518 1811 1573; x_wconf 74' lang='lat' dir='ltr'>‘I</span> <span class='ocrx_word' id='word_1_124' title='bbox 1832 1520 1943 1573; x_wconf 94' lang='lat' dir='ltr'>Do-</span> 
     </span>
    </p>
   </div>
   <div class='ocr_carea' id='block_1_19' title="bbox 2052 364 3716 439">
    <p class='ocr_par' dir='ltr' id='par_1_19' title="bbox 2052 364 3716 439">
     <span class='ocr_line' id='line_1_19' title="bbox 2052 364 3716 439; baseline 0.004 -21"><span class='ocrx_word' id='word_1_125' title='bbox 2052 364 2171 421; x_wconf 89' lang='lat' dir='ltr'>rire</span> <span class='ocrx_word' id='word_1_126' title='bbox 2200 383 2324 439; x_wconf 58' lang='lat' dir='ltr'>prae</span> <span class='ocrx_word' id='word_1_127' title='bbox 2355 366 2726 431; x_wconf 85' lang='lat' dir='ltr'>confusione,</span> <span class='ocrx_word' id='word_1_128' title='bbox 2759 372 2958 423; x_wconf 81' lang='lat' dir='ltr'>tamen</span> <span class='ocrx_word' id='word_1_129' title='bbox 2985 368 3129 424; x_wconf 92' lang='lat' dir='ltr'>illud</span> <span class='ocrx_word' id='word_1_130' title='bbox 3173 368 3492 426; x_wconf 87' lang='lat' dir='ltr'>Mosaicum</span> <span class='ocrx_word' id='word_1_131' title='bbox 3530 382 3716 426; x_wconf 88' lang='lat' dir='ltr'>unus-</span> 
     </span>
    </p>
   </div>
   <div class='ocr_carea' id='block_1_20' title="bbox 2052 454 3715 529">
    <p class='ocr_par' dir='ltr' id='par_1_20' title="bbox 2052 454 3715 529">
     <span class='ocr_line' id='line_1_20' title="bbox 2052 454 3715 529; baseline 0.004 -20"><span class='ocrx_word' id='word_1_132' title='bbox 2052 454 2312 527; x_wconf 85' lang='lat' dir='ltr'>quisque</span> <span class='ocrx_word' id='word_1_133' title='bbox 2339 460 2611 511; x_wconf 87' lang='lat' dir='ltr'>nostrum</span> <span class='ocrx_word' id='word_1_134' title='bbox 2644 455 2840 510; x_wconf 90' lang='lat' dir='ltr'>eidem</span> <span class='ocrx_word' id='word_1_135' title='bbox 2868 455 3027 512; x_wconf 90' lang='lat' dir='ltr'>dicat</span> <span class='ocrx_word' id='word_1_136' title='bbox 3068 474 3080 512; x_wconf 92' lang='lat'>:</span> <span class='ocrx_word' id='word_1_137' title='bbox 3131 459 3288 528; x_wconf 83' lang='lat' dir='ltr'>Seio,</span> <span class='ocrx_word' id='word_1_138' title='bbox 3318 459 3461 529; x_wconf 81' lang='lat' dir='ltr'>quia</span> <span class='ocrx_word' id='word_1_139' title='bbox 3486 459 3715 515; x_wconf 77' lang='lat' dir='ltr'>miseri-‘-</span> 
     </span>
    </p>
   </div>
   <div class='ocr_carea' id='block_1_21' title="bbox 2053 545 3715 619">
    <p class='ocr_par' dir='ltr' id='par_1_21' title="bbox 2053 545 3715 619">
     <span class='ocr_line' id='line_1_21' title="bbox 2053 545 3715 619; baseline 0.002 -21"><span class='ocrx_word' id='word_1_140' title='bbox 2053 558 2187 599; x_wconf 80' lang='lat' dir='ltr'>cors</span> <span class='ocrx_word' id='word_1_141' title='bbox 2208 561 2286 614; x_wconf 90' lang='lat' dir='ltr'>es,</span> <span class='ocrx_word' id='word_1_142' title='bbox 2310 545 2559 601; x_wconf 81' lang='lat' dir='ltr'>Domine</span> <span class='ocrx_word' id='word_1_143' title='bbox 2590 545 2776 612; x_wconf 87' lang='lat' dir='ltr'>(Psat.</span> <span class='ocrx_word' id='word_1_144' title='bbox 2810 560 2989 613; x_wconf 84' lang='lat' dir='ltr'>xxxv,</span> <span class='ocrx_word' id='word_1_145' title='bbox 3015 547 3090 616; x_wconf 77' lang='lat'>8).</span> <span class='ocrx_word' id='word_1_146' title='bbox 3124 548 3272 603; x_wconf 90' lang='lat' dir='ltr'>Cum</span> <span class='ocrx_word' id='word_1_147' title='bbox 3301 551 3464 603; x_wconf 90' lang='lat' dir='ltr'>metu</span> <span class='ocrx_word' id='word_1_148' title='bbox 3502 550 3559 604; x_wconf 91' lang='lat' dir='ltr'>et</span> <span class='ocrx_word' id='word_1_149' title='bbox 3605 562 3715 619; x_wconf 86' lang='lat' dir='ltr'>spe</span> 
     </span>
    </p>
   </div>
   <div class='ocr_carea' id='block_1_22' title="bbox 2052 631 3710 705">
    <p class='ocr_par' dir='ltr' id='par_1_22' title="bbox 2052 631 3710 705">
     <span class='ocr_line' id='line_1_22' title="bbox 2052 631 3710 705; baseline 0.004 -20"><span class='ocrx_word' id='word_1_150' title='bbox 2052 631 2486 699; x_wconf 67' lang='lat' dir='ltr'>praestolantes.</span> <span class='ocrx_word' id='word_1_151' title='bbox 2518 637 2716 688; x_wconf 90' lang='lat' dir='ltr'>utrum</span> <span class='ocrx_word' id='word_1_152' title='bbox 2743 632 2895 688; x_wconf 89' lang='lat' dir='ltr'>sicut</span> <span class='ocrx_word' id='word_1_153' title='bbox 2918 633 3164 703; x_wconf 81' lang='lat' dir='ltr'>regibus</span> <span class='ocrx_word' id='word_1_154' title='bbox 3202 635 3571 691; x_wconf 90' lang='lat' dir='ltr'>consuetudo</span> <span class='ocrx_word' id='word_1_155' title='bbox 3600 639 3710 705; x_wconf 66' lang='lat' dir='ltr'>est,</span> 
     </span>
    </p>
   </div>
   <div class='ocr_carea' id='block_1_23' title="bbox 2052 719 3717 796">
    <p class='ocr_par' dir='ltr' id='par_1_23' title="bbox 2052 719 3717 796">
     <span class='ocr_line' id='line_1_23' title="bbox 2052 719 3717 796; baseline 0.004 -23"><span class='ocrx_word' id='word_1_156' title='bbox 2052 722 2118 773; x_wconf 91' lang='lat' dir='ltr'>ut</span> <span class='ocrx_word' id='word_1_157' title='bbox 2143 719 2206 775; x_wconf 92' lang='lat' dir='ltr'>in</span> <span class='ocrx_word' id='word_1_158' title='bbox 2238 720 2362 776; x_wconf 90' lang='lat' dir='ltr'>suis</span> <span class='ocrx_word' id='word_1_159' title='bbox 2394 720 2680 777; x_wconf 88' lang='lat' dir='ltr'>natalitiis</span> <span class='ocrx_word' id='word_1_160' title='bbox 2713 737 2847 777; x_wconf 89' lang='lat' dir='ltr'>reos</span> <span class='ocrx_word' id='word_1_161' title='bbox 2873 720 3220 789; x_wconf 87' lang='lat' dir='ltr'>absolvant;</span> <span class='ocrx_word' id='word_1_162' title='bbox 3270 723 3353 779; x_wconf 89' lang='lat' dir='ltr'>sic</span> <span class='ocrx_word' id='word_1_163' title='bbox 3392 723 3503 779; x_wconf 91' lang='lat' dir='ltr'>iste</span> <span class='ocrx_word' id='word_1_164' title='bbox 3554 724 3717 796; x_wconf 53' lang='lat' dir='ltr'>priné</span> 
     </span>
    </p>
   </div>
   <div class='ocr_carea' id='block_1_24' title="bbox 2051 809 3718 881">
    <p class='ocr_par' dir='ltr' id='par_1_24' title="bbox 2051 809 3718 881">
     <span class='ocr_line' id='line_1_24' title="bbox 2051 809 3718 881; baseline 0.003 -19"><span class='ocrx_word' id='word_1_165' title='bbox 2051 821 2194 879; x_wconf 89' lang='lat' dir='ltr'>ceps</span> <span class='ocrx_word' id='word_1_166' title='bbox 2226 809 2325 864; x_wconf 89' lang='lat' dir='ltr'>Dei</span> <span class='ocrx_word' id='word_1_167' title='bbox 2356 813 2599 881; x_wconf 87' lang='lat' dir='ltr'>propter</span> <span class='ocrx_word' id='word_1_168' title='bbox 2628 809 2922 878; x_wconf 86' lang='lat' dir='ltr'>gaudium</span> <span class='ocrx_word' id='word_1_169' title='bbox 2951 825 3077 865; x_wconf 69' lang='lat' dir='ltr'>suae</span> <span class='ocrx_word' id='word_1_170' title='bbox 3105 814 3325 867; x_wconf 80' lang='lat' dir='ltr'>sanctas</span> <span class='ocrx_word' id='word_1_171' title='bbox 3368 810 3718 867; x_wconf 84' lang='lat' dir='ltr'>solemnita-</span> 
     </span>
    </p>
   </div>
   <div class='ocr_carea' id='block_1_25' title="bbox 2050 895 3716 971">
    <p class='ocr_par' dir='ltr' id='par_1_25' title="bbox 2050 895 3716 971">
     <span class='ocr_line' id='line_1_25' title="bbox 2050 895 3716 971; baseline 0.002 -21"><span class='ocrx_word' id='word_1_172' title='bbox 2050 895 2148 965; x_wconf 90' lang='lat' dir='ltr'>tis,</span> <span class='ocrx_word' id='word_1_173' title='bbox 2180 897 2416 953; x_wconf 86' lang='lat' dir='ltr'>vincula</span> <span class='ocrx_word' id='word_1_174' title='bbox 2440 903 2645 954; x_wconf 91' lang='lat' dir='ltr'>nostra</span> <span class='ocrx_word' id='word_1_175' title='bbox 2663 897 2906 955; x_wconf 81' lang='lat' dir='ltr'>relaxet.</span> <span class='ocrx_word' id='word_1_176' title='bbox 2927 898 3233 971; x_wconf 89' lang='lat' dir='ltr'>Siquidem</span> <span class='ocrx_word' id='word_1_177' title='bbox 3256 903 3311 955; x_wconf 88' lang='lat' dir='ltr'>et</span> <span class='ocrx_word' id='word_1_178' title='bbox 3337 898 3485 955; x_wconf 91' lang='lat' dir='ltr'>illud</span> <span class='ocrx_word' id='word_1_179' title='bbox 3504 915 3716 956; x_wconf 46' lang='lat' dir='ltr'>occurs</span> 
     </span>
    </p>
   </div>
   <div class='ocr_carea' id='block_1_26' title="bbox 2054 983 3720 1058">
    <p class='ocr_par' dir='ltr' id='par_1_26' title="bbox 2054 983 3720 1058">
     <span class='ocr_line' id='line_1_26' title="bbox 2054 983 3720 1058; baseline 0.002 -21"><span class='ocrx_word' id='word_1_180' title='bbox 2054 983 2132 1038; x_wconf 88' lang='lat' dir='ltr'>rit</span> <span class='ocrx_word' id='word_1_181' title='bbox 2160 985 2487 1050; x_wconf 61' lang='lat' dir='ltr'>memoriis,</span> <span class='ocrx_word' id='word_1_182' title='bbox 2518 985 2683 1057; x_wconf 88' lang='lat' dir='ltr'>quod</span> <span class='ocrx_word' id='word_1_183' title='bbox 2713 985 2866 1041; x_wconf 90' lang='lat' dir='ltr'>inter</span> <span class='ocrx_word' id='word_1_184' title='bbox 2910 986 3177 1058; x_wconf 89' lang='lat' dir='ltr'>pretiosa</span> <span class='ocrx_word' id='word_1_185' title='bbox 3214 986 3475 1042; x_wconf 86' lang='lat' dir='ltr'>ﬁliorum</span> <span class='ocrx_word' id='word_1_186' title='bbox 3533 985 3720 1041; x_wconf 80' lang='lat' dir='ltr'>Israel</span> 
     </span>
    </p>
   </div>
   <div class='ocr_carea' id='block_1_27' title="bbox 2049 1073 3719 1146">
    <p class='ocr_par' dir='ltr' id='par_1_27' title="bbox 2049 1073 3719 1146">
     <span class='ocr_line' id='line_1_27' title="bbox 2049 1073 3719 1146; baseline 0.001 -20"><span class='ocrx_word' id='word_1_187' title='bbox 2049 1087 2325 1139; x_wconf 87' lang='lat' dir='ltr'>munera,</span> <span class='ocrx_word' id='word_1_188' title='bbox 2377 1073 2556 1128; x_wconf 86' lang='lat' dir='ltr'>etiam</span> <span class='ocrx_word' id='word_1_189' title='bbox 2615 1073 2765 1144; x_wconf 92' lang='lat' dir='ltr'>pilos</span> <span class='ocrx_word' id='word_1_190' title='bbox 2818 1089 3141 1146; x_wconf 89' lang='lat' dir='ltr'>caprarum</span> <span class='ocrx_word' id='word_1_191' title='bbox 3197 1075 3415 1145; x_wconf 72' lang='lat' dir='ltr'>(Exod.</span> <span class='ocrx_word' id='word_1_192' title='bbox 3470 1091 3612 1142; x_wconf 85' lang='lat' dir='ltr'>xxv,</span> <span class='ocrx_word' id='word_1_193' title='bbox 3664 1074 3719 1144; x_wconf 82' lang='lat'>4)</span> 
     </span>
    </p>
   </div>
   <div class='ocr_carea' id='block_1_28' title="bbox 2049 1159 3720 1236">
    <p class='ocr_par' dir='ltr' id='par_1_28' title="bbox 2049 1159 3720 1236">
     <span class='ocr_line' id='line_1_28' title="bbox 2049 1159 3720 1236; baseline 0.002 -22"><span class='ocrx_word' id='word_1_194' title='bbox 2049 1159 2304 1231; x_wconf 87' lang='lat' dir='ltr'>quidam</span> <span class='ocrx_word' id='word_1_195' title='bbox 2335 1160 2693 1217; x_wconf 84' lang='lat' dir='ltr'>detulerunt.</span> <span class='ocrx_word' id='word_1_196' title='bbox 2744 1165 2808 1218; x_wconf 87' lang='lat' dir='ltr'>Et</span> <span class='ocrx_word' id='word_1_197' title='bbox 2853 1164 2998 1234; x_wconf 87' lang='lat' dir='ltr'>quia</span> <span class='ocrx_word' id='word_1_198' title='bbox 3026 1179 3135 1235; x_wconf 89' lang='lat' dir='ltr'>per</span> <span class='ocrx_word' id='word_1_199' title='bbox 3159 1163 3291 1220; x_wconf 89' lang='lat' dir='ltr'>illos</span> <span class='ocrx_word' id='word_1_200' title='bbox 3328 1168 3720 1236; x_wconf 86' lang='lat' dir='ltr'>peccatorum</span> 
     </span>
    </p>
   </div>
   <div class='ocr_carea' id='block_1_29' title="bbox 2049 1248 3723 1319">
    <p class='ocr_par' dir='ltr' id='par_1_29' title="bbox 2049 1248 3723 1319">
     <span class='ocr_line' id='line_1_29' title="bbox 2049 1248 3723 1319; baseline 0.003 -16"><span class='ocrx_word' id='word_1_201' title='bbox 2049 1248 2351 1305; x_wconf 86' lang='lat' dir='ltr'>confessio</span> <span class='ocrx_word' id='word_1_202' title='bbox 2383 1250 2747 1319; x_wconf 85' lang='lat' dir='ltr'>designatur,</span> <span class='ocrx_word' id='word_1_203' title='bbox 2782 1251 2993 1308; x_wconf 86' lang='lat' dir='ltr'>saltem</span> <span class='ocrx_word' id='word_1_204' title='bbox 3019 1252 3116 1307; x_wconf 87' lang='lat' dir='ltr'>vel</span> <span class='ocrx_word' id='word_1_205' title='bbox 3143 1252 3258 1308; x_wconf 91' lang='lat' dir='ltr'>hoc</span> <span class='ocrx_word' id='word_1_206' title='bbox 3286 1268 3477 1308; x_wconf 92' lang='lat' dir='ltr'>unum</span> <span class='ocrx_word' id='word_1_207' title='bbox 3507 1252 3723 1309; x_wconf 79' lang='lat' dir='ltr'>offera-</span> 
     </span>
    </p>
   </div>
   <div class='ocr_carea' id='block_1_30' title="bbox 2050 1338 3722 1413">
    <p class='ocr_par' dir='ltr' id='par_1_30' title="bbox 2050 1338 3722 1413">
     <span class='ocr_line' id='line_1_30' title="bbox 2050 1338 3722 1413; baseline 0.005 -23"><span class='ocrx_word' id='word_1_208' title='bbox 2050 1352 2218 1391; x_wconf 88' lang='lat' dir='ltr'>mus.</span> <span class='ocrx_word' id='word_1_209' title='bbox 2252 1340 2468 1394; x_wconf 89' lang='lat' dir='ltr'>Verum</span> <span class='ocrx_word' id='word_1_210' title='bbox 2491 1338 2539 1393; x_wconf 90' lang='lat' dir='ltr'>si</span> <span class='ocrx_word' id='word_1_211' title='bbox 2567 1338 2733 1395; x_wconf 88' lang='lat' dir='ltr'>deest</span> <span class='ocrx_word' id='word_1_212' title='bbox 2752 1356 2969 1396; x_wconf 89' lang='lat' dir='ltr'>aurum</span> <span class='ocrx_word' id='word_1_213' title='bbox 2990 1340 3312 1413; x_wconf 57' lang='lat' dir='ltr'>sapientiai,</span> <span class='ocrx_word' id='word_1_214' title='bbox 3333 1341 3384 1397; x_wconf 90' lang='lat' dir='ltr'>si</span> <span class='ocrx_word' id='word_1_215' title='bbox 3398 1346 3722 1412; x_wconf 87' lang='lat' dir='ltr'>argentum</span> 
     </span>
    </p>
   </div>
   <div class='ocr_carea' id='block_1_31' title="bbox 2050 1423 3721 1501">
    <p class='ocr_par' dir='ltr' id='par_1_31' title="bbox 2050 1423 3721 1501">
     <span class='ocr_line' id='line_1_31' title="bbox 2050 1423 3721 1501; baseline 0.006 -23"><span class='ocrx_word' id='word_1_216' title='bbox 2050 1423 2169 1480; x_wconf 88' lang='lat' dir='ltr'>rite</span> <span class='ocrx_word' id='word_1_217' title='bbox 2225 1426 2528 1483; x_wconf 85' lang='lat' dir='ltr'>laudantis</span> <span class='ocrx_word' id='word_1_218' title='bbox 2578 1429 2818 1501; x_wconf 88' lang='lat' dir='ltr'>eloquii,</span> <span class='ocrx_word' id='word_1_219' title='bbox 2872 1430 2920 1485; x_wconf 91' lang='lat' dir='ltr'>si</span> <span class='ocrx_word' id='word_1_220' title='bbox 2989 1430 3366 1487; x_wconf 83' lang='lat' dir='ltr'>diversarum</span> <span class='ocrx_word' id='word_1_221' title='bbox 3430 1432 3721 1487; x_wconf 88' lang='lat' dir='ltr'>virtutum</span> 
     </span>
    </p>
   </div>
   <div class='ocr_carea' id='block_1_32' title="bbox 2052 1517 3723 1591">
    <p class='ocr_par' dir='ltr' id='par_1_32' title="bbox 2052 1517 3723 1591">
     <span class='ocr_line' id='line_1_32' title="bbox 2052 1517 3723 1591; baseline 0.005 -24"><span class='ocrx_word' id='word_1_222' title='bbox 2052 1525 2343 1580; x_wconf 66' lang='lat' dir='ltr'>gemmas,</span> <span class='ocrx_word' id='word_1_223' title='bbox 2396 1520 2731 1586; x_wconf 88' lang='lat' dir='ltr'>prostremo</span> <span class='ocrx_word' id='word_1_224' title='bbox 2780 1517 2831 1573; x_wconf 89' lang='lat' dir='ltr'>si</span> <span class='ocrx_word' id='word_1_225' title='bbox 2882 1518 3162 1574; x_wconf 86' lang='lat' dir='ltr'>castitatis</span> <span class='ocrx_word' id='word_1_226' title='bbox 3215 1518 3435 1591; x_wconf 86' lang='lat' dir='ltr'>byssus</span> <span class='ocrx_word' id='word_1_227' title='bbox 3484 1519 3723 1575; x_wconf 82' lang='lat' dir='ltr'>miseris</span> 
     </span>
    </p>
   </div>
   <div class='ocr_carea' id='block_1_33' title="bbox 261 1598 3719 1681">
    <p class='ocr_par' dir='ltr' id='par_1_33' title="bbox 261 1598 3719 1681">
     <span class='ocr_line' id='line_1_33' title="bbox 261 1598 3719 1681; baseline 0 -17"><span class='ocrx_word' id='word_1_228' title='bbox 261 1624 515 1677; x_wconf 84' lang='lat' dir='ltr'>minum,</span> <span class='ocrx_word' id='word_1_229' title='bbox 542 1608 818 1679; x_wconf 86' lang='lat' dir='ltr'>inquam,</span> <span class='ocrx_word' id='word_1_230' title='bbox 853 1606 1242 1678; x_wconf 71' lang='lat' dir='ltr'>siquidem’et</span> <span class='ocrx_word' id='word_1_231' title='bbox 1272 1605 1432 1661; x_wconf 88' lang='lat' dir='ltr'>Elias</span> <span class='ocrx_word' id='word_1_232' title='bbox 1463 1605 1656 1662; x_wconf 90' lang='lat' dir='ltr'>dictus</span> <span class='ocrx_word' id='word_1_233' title='bbox 1701 1610 1789 1662; x_wconf 92' lang='lat' dir='ltr'>est</span> <span class='ocrx_word' id='word_1_234' title='bbox 1835 1607 1943 1661; x_wconf 88' lang='lat' dir='ltr'>do-</span> <span class='ocrx_word' id='word_1_235' title='bbox 1983 1622 2024 1676; x_wconf 79' lang='grc' dir='ltr'><strong><em>Β</em></strong></span> <span class='ocrx_word' id='word_1_236' title='bbox 2053 1598 2253 1667; x_wconf 76' lang='lat' dir='ltr'>abest,</span> <span class='ocrx_word' id='word_1_237' title='bbox 2303 1601 2393 1657; x_wconf 86' lang='lat' dir='ltr'>vel</span> <span class='ocrx_word' id='word_1_238' title='bbox 2442 1604 2758 1674; x_wconf 78' lang='lat' dir='ltr'>praedictos</span> <span class='ocrx_word' id='word_1_239' title='bbox 2805 1622 3128 1679; x_wconf 87' lang='lat' dir='ltr'>caprarum</span> <span class='ocrx_word' id='word_1_240' title='bbox 3173 1607 3719 1681; x_wconf 79' lang='lat' dir='ltr'>pilos_oﬁ&#39;eramus,</span> 
     </span>
    </p>
   </div>
   <div class='ocr_carea' id='block_1_34' title="bbox 259 1694 1944 1767">
    <p class='ocr_par' dir='ltr' id='par_1_34' title="bbox 259 1694 1944 1767">
     <span class='ocr_line' id='line_1_34' title="bbox 259 1694 1944 1767; baseline -0.002 -15"><span class='ocrx_word' id='word_1_241' title='bbox 259 1698 464 1753; x_wconf 89' lang='lat' dir='ltr'>minus</span> <span class='ocrx_word' id='word_1_242' title='bbox 520 1696 735 1751; x_wconf 64' lang='lat' dir='ltr'>Elisaai.</span> <span class='ocrx_word' id='word_1_243' title='bbox 798 1698 953 1765; x_wconf 86' lang='lat' dir='ltr'>Ergo</span> <span class='ocrx_word' id='word_1_244' title='bbox 1010 1694 1244 1767; x_wconf 88' lang='lat' dir='ltr'>pietatis</span> <span class='ocrx_word' id='word_1_245' title='bbox 1292 1694 1517 1751; x_wconf 79' lang='lat' dir='ltr'>affectu</span> <span class='ocrx_word' id='word_1_246' title='bbox 1564 1700 1814 1750; x_wconf 87' lang='lat' dir='ltr'>vocetur</span> <span class='ocrx_word' id='word_1_247' title='bbox 1855 1694 1944 1750; x_wconf 88' lang='lat' dir='ltr'>lu-</span> 
     </span>
    </p>
   </div>
   <div class='ocr_carea' id='block_1_35' title="bbox 261 1782 1940 1856">
    <p class='ocr_par' dir='ltr' id='par_1_35' title="bbox 261 1782 1940 1856">
     <span class='ocr_line' id='line_1_35' title="bbox 261 1782 1940 1856; baseline -0.001 -16"><span class='ocrx_word' id='word_1_248' title='bbox 261 1801 464 1841; x_wconf 86' lang='lat' dir='ltr'>cerna.</span> <span class='ocrx_word' id='word_1_249' title='bbox 500 1784 614 1842; x_wconf 92' lang='lat' dir='ltr'>Sed</span> <span class='ocrx_word' id='word_1_250' title='bbox 643 1784 821 1856; x_wconf 88' lang='lat' dir='ltr'>quasi</span> <span class='ocrx_word' id='word_1_251' title='bbox 846 1799 1071 1855; x_wconf 87' lang='lat' dir='ltr'>parum</span> <span class='ocrx_word' id='word_1_252' title='bbox 1098 1787 1202 1844; x_wconf 80' lang='lat' dir='ltr'>est,</span> <span class='ocrx_word' id='word_1_253' title='bbox 1255 1789 1504 1838; x_wconf 88' lang='lat' dir='ltr'>vocetur</span> <span class='ocrx_word' id='word_1_254' title='bbox 1533 1783 1716 1838; x_wconf 89' lang='lat' dir='ltr'>etiam</span> <span class='ocrx_word' id='word_1_255' title='bbox 1749 1782 1940 1838; x_wconf 86' lang='lat' dir='ltr'>stella.</span> 
     </span>
    </p>
   </div>
   <div class='ocr_carea' id='block_1_36' title="bbox 264 1871 1947 1946">
    <p class='ocr_par' dir='ltr' id='par_1_36' title="bbox 264 1871 1947 1946">
     <span class='ocr_line' id='line_1_36' title="bbox 264 1871 1947 1946; baseline -0.002 -16"><span class='ocrx_word' id='word_1_256' title='bbox 264 1878 393 1930; x_wconf 82' lang='lat' dir='ltr'>Non</span> <span class='ocrx_word' id='word_1_257' title='bbox 422 1878 621 1930; x_wconf 84' lang='lat' dir='ltr'>tamen</span> <span class='ocrx_word' id='word_1_258' title='bbox 649 1873 1095 1946; x_wconf 71' lang='lat' dir='ltr'>qualiscunque</span> <span class='ocrx_word' id='word_1_259' title='bbox 1121 1915 1133 1939; x_wconf 91' lang='lat'>,</span> <span class='ocrx_word' id='word_1_260' title='bbox 1168 1871 1273 1926; x_wconf 90' lang='lat' dir='ltr'>sed</span> <span class='ocrx_word' id='word_1_261' title='bbox 1302 1871 1457 1942; x_wconf 89' lang='lat' dir='ltr'>talis,</span> <span class='ocrx_word' id='word_1_262' title='bbox 1485 1888 1621 1945; x_wconf 77' lang='lat' dir='ltr'>quae</span> <span class='ocrx_word' id='word_1_263' title='bbox 1661 1871 1947 1927; x_wconf 91' lang='lat' dir='ltr'>erudiens</span> 
     </span>
    </p>
   </div>
   <div class='ocr_carea' id='block_1_37' title="bbox 262 1959 1946 2033">
    <p class='ocr_par' dir='ltr' id='par_1_37' title="bbox 262 1959 1946 2033">
     <span class='ocr_line' id='line_1_37' title="bbox 262 1959 1946 2033; baseline -0.002 -14"><span class='ocrx_word' id='word_1_264' title='bbox 262 1963 489 2019; x_wconf 87' lang='lat' dir='ltr'>multos</span> <span class='ocrx_word' id='word_1_265' title='bbox 518 1962 595 2018; x_wconf 91' lang='lat' dir='ltr'>ad</span> <span class='ocrx_word' id='word_1_266' title='bbox 621 1962 940 2033; x_wconf 80' lang='lat' dir='ltr'>justitiam,</span> <span class='ocrx_word' id='word_1_267' title='bbox 972 1959 1285 2029; x_wconf 86' lang='lat' dir='ltr'>refulgeat,</span> <span class='ocrx_word' id='word_1_268' title='bbox 1314 1960 1488 2029; x_wconf 81' lang='lat' dir='ltr'>juxta</span> <span class='ocrx_word' id='word_1_269' title='bbox 1532 1960 1681 2015; x_wconf 89' lang='lat' dir='ltr'>illud</span> <span class='ocrx_word' id='word_1_270' title='bbox 1731 1960 1946 2015; x_wconf 90' lang='lat' dir='ltr'>Danie-</span> 
     </span>
    </p>
   </div>
   <div class='ocr_carea' id='block_1_38' title="bbox 262 2048 1942 2125">
    <p class='ocr_par' dir='ltr' id='par_1_38' title="bbox 262 2048 1942 2125">
     <span class='ocr_line' id='line_1_38' title="bbox 262 2048 1942 2125; baseline -0.002 -17"><span class='ocrx_word' id='word_1_271' title='bbox 262 2053 357 2119; x_wconf 90' lang='lat' dir='ltr'>lis,</span> <span class='ocrx_word' id='word_1_272' title='bbox 390 2053 449 2108; x_wconf 92' lang='lat' dir='ltr'>in</span> <span class='ocrx_word' id='word_1_273' title='bbox 480 2058 800 2125; x_wconf 86' lang='lat' dir='ltr'>perpetuas</span> <span class='ocrx_word' id='word_1_274' title='bbox 838 2050 1219 2105; x_wconf 80' lang='lat' dir='ltr'>aeternitates.</span> <span class='ocrx_word' id='word_1_275' title='bbox 1274 2050 1533 2105; x_wconf 87' lang='lat' dir='ltr'>Vocetur</span> <span class='ocrx_word' id='word_1_276' title='bbox 1588 2048 1771 2106; x_wconf 89' lang='lat' dir='ltr'>etiam</span> <span class='ocrx_word' id='word_1_277' title='bbox 1830 2048 1942 2116; x_wconf 84' lang='lat' dir='ltr'>sol,</span> 
     </span>
    </p>
   </div>
   <div class='ocr_carea' id='block_1_39' title="bbox 261 2136 1948 2215">
    <p class='ocr_par' dir='ltr' id='par_1_39' title="bbox 261 2136 1948 2215">
     <span class='ocr_line' id='line_1_39' title="bbox 261 2136 1948 2215; baseline -0.002 -18"><span class='ocrx_word' id='word_1_278' title='bbox 261 2142 410 2215; x_wconf 91' lang='lat' dir='ltr'>quia</span> <span class='ocrx_word' id='word_1_279' title='bbox 440 2140 690 2210; x_wconf 86' lang='lat' dir='ltr'>fulgebit</span> <span class='ocrx_word' id='word_1_280' title='bbox 717 2140 868 2195; x_wconf 88' lang='lat' dir='ltr'>sicut</span> <span class='ocrx_word' id='word_1_281' title='bbox 900 2138 993 2193; x_wconf 92' lang='lat' dir='ltr'>sol</span> <span class='ocrx_word' id='word_1_282' title='bbox 1025 2136 1385 2208; x_wconf 25' lang='lat' dir='ltr'>cum‘justis,</span> <span class='ocrx_word' id='word_1_283' title='bbox 1428 2142 1481 2193; x_wconf 91' lang='lat' dir='ltr'>et</span> <span class='ocrx_word' id='word_1_284' title='bbox 1531 2152 1694 2193; x_wconf 89' lang='lat' dir='ltr'>nunc</span> <span class='ocrx_word' id='word_1_285' title='bbox 1731 2137 1795 2193; x_wconf 92' lang='lat' dir='ltr'>in</span> <span class='ocrx_word' id='word_1_286' title='bbox 1848 2140 1948 2193; x_wconf 87' lang='lat' dir='ltr'>Ec-</span> 
     </span>
    </p>
   </div>
   <div class='ocr_carea' id='block_1_40' title="bbox 263 2226 1946 2299">
    <p class='ocr_par' dir='ltr' id='par_1_40' title="bbox 263 2226 1946 2299">
     <span class='ocr_line' id='line_1_40' title="bbox 263 2226 1946 2299; baseline -0.002 -13"><span class='ocrx_word' id='word_1_287' title='bbox 263 2230 471 2299; x_wconf 90' lang='lat' dir='ltr'>clesia,</span> <span class='ocrx_word' id='word_1_288' title='bbox 526 2235 581 2285; x_wconf 89' lang='lat' dir='ltr'>et</span> <span class='ocrx_word' id='word_1_289' title='bbox 639 2234 777 2284; x_wconf 92' lang='lat' dir='ltr'>tunc</span> <span class='ocrx_word' id='word_1_290' title='bbox 819 2228 882 2284; x_wconf 92' lang='lat' dir='ltr'>in</span> <span class='ocrx_word' id='word_1_291' title='bbox 934 2241 1125 2295; x_wconf 91' lang='lat' dir='ltr'>regno</span> <span class='ocrx_word' id='word_1_292' title='bbox 1174 2226 1358 2297; x_wconf 84' lang='lat' dir='ltr'>patris</span> <span class='ocrx_word' id='word_1_293' title='bbox 1404 2240 1638 2282; x_wconf 89' lang='lat' dir='ltr'>eorum.</span> <span class='ocrx_word' id='word_1_294' title='bbox 1690 2228 1946 2282; x_wconf 92' lang='lat' dir='ltr'>Vocetur</span> 
     </span>
    </p>
   </div>
   <div class='ocr_carea' id='block_1_41' title="bbox 263 2315 1940 2389">
    <p class='ocr_par' dir='ltr' id='par_1_41' title="bbox 263 2315 1940 2389">
     <span class='ocr_line' id='line_1_41' title="bbox 263 2315 1940 2389; baseline -0.002 -15"><span class='ocrx_word' id='word_1_295' title='bbox 263 2319 447 2375; x_wconf 87' lang='lat' dir='ltr'>etiam</span> <span class='ocrx_word' id='word_1_296' title='bbox 478 2318 748 2388; x_wconf 89' lang='lat' dir='ltr'>angelus,</span> <span class='ocrx_word' id='word_1_297' title='bbox 794 2317 944 2389; x_wconf 89' lang='lat' dir='ltr'>quia</span> <span class='ocrx_word' id='word_1_298' title='bbox 990 2315 1188 2386; x_wconf 89' lang='lat' dir='ltr'>legem</span> <span class='ocrx_word' id='word_1_299' title='bbox 1216 2315 1530 2387; x_wconf 87' lang='lat' dir='ltr'>requirunt</span> <span class='ocrx_word' id='word_1_300' title='bbox 1552 2331 1622 2371; x_wconf 83' lang='lat' dir='ltr'>ex</span> <span class='ocrx_word' id='word_1_301' title='bbox 1649 2330 1753 2370; x_wconf 79' lang='lat' dir='ltr'>ore</span> <span class='ocrx_word' id='word_1_302' title='bbox 1784 2315 1940 2386; x_wconf 89' lang='lat' dir='ltr'>ejus.</span> 
     </span>
    </p>
   </div>
   <div class='ocr_carea' id='block_1_42' title="bbox 263 2404 1945 2476">
    <p class='ocr_par' dir='ltr' id='par_1_42' title="bbox 263 2404 1945 2476">
     <span class='ocr_line' id='line_1_42' title="bbox 263 2404 1945 2476; baseline -0.002 -14"><span class='ocrx_word' id='word_1_303' title='bbox 263 2410 576 2464; x_wconf 89' lang='lat' dir='ltr'>Postremo</span> <span class='ocrx_word' id='word_1_304' title='bbox 607 2407 848 2463; x_wconf 90' lang='lat' dir='ltr'>videant</span> <span class='ocrx_word' id='word_1_305' title='bbox 877 2410 936 2462; x_wconf 88' lang='lat' dir='ltr'>et</span> <span class='ocrx_word' id='word_1_306' title='bbox 966 2404 1294 2474; x_wconf 86' lang='lat' dir='ltr'>gaudeant,</span> <span class='ocrx_word' id='word_1_307' title='bbox 1335 2421 1523 2476; x_wconf 87' lang='lat' dir='ltr'>quam</span> <span class='ocrx_word' id='word_1_308' title='bbox 1550 2404 1792 2475; x_wconf 88' lang='lat' dir='ltr'>proprie</span> <span class='ocrx_word' id='word_1_309' title='bbox 1842 2419 1945 2459; x_wconf 93' lang='lat' dir='ltr'>vo-</span> 
     </span>
    </p>
   </div>
   <div class='ocr_carea' id='block_1_43' title="bbox 265 2493 1943 2568">
    <p class='ocr_par' dir='ltr' id='par_1_43' title="bbox 265 2493 1943 2568">
     <span class='ocr_line' id='line_1_43' title="bbox 265 2493 1943 2568; baseline -0.003 -14"><span class='ocrx_word' id='word_1_310' title='bbox 265 2503 437 2554; x_wconf 90' lang='lat' dir='ltr'>cetur</span> <span class='ocrx_word' id='word_1_311' title='bbox 492 2496 855 2565; x_wconf 86' lang='lat' dir='ltr'>Benedictus,</span> <span class='ocrx_word' id='word_1_312' title='bbox 904 2510 1093 2568; x_wconf 90' lang='lat' dir='ltr'>quem</span> <span class='ocrx_word' id='word_1_313' title='bbox 1153 2497 1306 2549; x_wconf 89' lang='lat' dir='ltr'>Deus</span> <span class='ocrx_word' id='word_1_314' title='bbox 1359 2493 1511 2549; x_wconf 92' lang='lat' dir='ltr'>adeo</span> <span class='ocrx_word' id='word_1_315' title='bbox 1552 2493 1853 2549; x_wconf 87' lang='lat' dir='ltr'>benedixit</span> <span class='ocrx_word' id='word_1_316' title='bbox 1880 2494 1943 2549; x_wconf 90' lang='lat' dir='ltr'>in</span> 
     </span>
    </p>
   </div>
   <div class='ocr_carea' id='block_1_44' title="bbox 264 2576 1944 2650">
    <p class='ocr_par' dir='ltr' id='par_1_44' title="bbox 264 2576 1944 2650">
     <span class='ocr_line' id='line_1_44' title="bbox 264 2576 1944 2650; baseline -0.002 -12"><span class='ocrx_word' id='word_1_317' title='bbox 264 2581 439 2638; x_wconf 92' lang='lat' dir='ltr'>omni</span> <span class='ocrx_word' id='word_1_318' title='bbox 482 2581 896 2637; x_wconf 87' lang='lat' dir='ltr'>benedictione</span> <span class='ocrx_word' id='word_1_319' title='bbox 949 2576 1262 2650; x_wconf 86' lang='lat' dir='ltr'>spirituali.</span> <span class='ocrx_word' id='word_1_320' title='bbox 1316 2580 1377 2633; x_wconf 84' lang='lat' dir='ltr'>Et</span> <span class='ocrx_word' id='word_1_321' title='bbox 1424 2593 1530 2649; x_wconf 92' lang='lat' dir='ltr'>per</span> <span class='ocrx_word' id='word_1_322' title='bbox 1574 2593 1760 2650; x_wconf 91' lang='lat' dir='ltr'>quem</span> <span class='ocrx_word' id='word_1_323' title='bbox 1791 2578 1944 2634; x_wconf 88' lang='lat' dir='ltr'>tanti</span> 
     </span>
    </p>
   </div>
   <div class='ocr_carea' id='block_1_45' title="bbox 264 2666 1580 2739">
    <p class='ocr_par' dir='ltr' id='par_1_45' title="bbox 264 2666 1580 2739">
     <span class='ocr_line' id='line_1_45' title="bbox 264 2666 1580 2739; baseline -0.005 -12"><span class='ocrx_word' id='word_1_324' title='bbox 264 2671 752 2728; x_wconf 88' lang='lat' dir='ltr'>benedictionem</span> <span class='ocrx_word' id='word_1_325' title='bbox 782 2668 1132 2726; x_wconf 69' lang='lat' dir='ltr'>haereditate</span> <span class='ocrx_word' id='word_1_326' title='bbox 1162 2666 1580 2739; x_wconf 90' lang='lat' dir='ltr'>possidebunt.</span> 
     </span>
    </p>
   </div>
   <div class='ocr_carea' id='block_1_46' title="bbox 342 2754 1944 2832">
    <p class='ocr_par' dir='ltr' id='par_1_46' title="bbox 342 2754 1944 2832">
     <span class='ocr_line' id='line_1_46' title="bbox 342 2754 1944 2832; baseline -0.002 -17"><span class='ocrx_word' id='word_1_327' title='bbox 342 2763 556 2817; x_wconf 88' lang='lat' dir='ltr'>Fateor</span> <span class='ocrx_word' id='word_1_328' title='bbox 583 2760 765 2829; x_wconf 86' lang='lat' dir='ltr'>enim,</span> <span class='ocrx_word' id='word_1_329' title='bbox 795 2758 963 2832; x_wconf 93' lang='lat' dir='ltr'>quod</span> <span class='ocrx_word' id='word_1_330' title='bbox 1006 2755 1276 2828; x_wconf 90' lang='lat' dir='ltr'>ejusdem</span> <span class='ocrx_word' id='word_1_331' title='bbox 1321 2756 1508 2828; x_wconf 89' lang='lat' dir='ltr'>patris</span> <span class='ocrx_word' id='word_1_332' title='bbox 1556 2754 1944 2812; x_wconf 89' lang='lat' dir='ltr'>dilectoribus</span> 
     </span>
    </p>
   </div>
   <div class='ocr_carea' id='block_1_47' title="bbox 268 2842 1942 2923">
    <p class='ocr_par' dir='ltr' id='par_1_47' title="bbox 268 2842 1942 2923">
     <span class='ocr_line' id='line_1_47' title="bbox 268 2842 1942 2923; baseline -0.005 -16"><span class='ocrx_word' id='word_1_333' title='bbox 268 2851 430 2908; x_wconf 91' lang='lat' dir='ltr'>adeo</span> <span class='ocrx_word' id='word_1_334' title='bbox 461 2849 655 2923; x_wconf 89' lang='lat' dir='ltr'>placet</span> <span class='ocrx_word' id='word_1_335' title='bbox 683 2848 784 2904; x_wconf 89' lang='lat' dir='ltr'>tali</span> <span class='ocrx_word' id='word_1_336' title='bbox 800 2844 1103 2903; x_wconf 89' lang='lat' dir='ltr'>vocabulo</span> <span class='ocrx_word' id='word_1_337' title='bbox 1130 2843 1560 2916; x_wconf 86' lang='lat' dir='ltr'>censeri,quod</span> <span class='ocrx_word' id='word_1_338' title='bbox 1587 2842 1738 2899; x_wconf 89' lang='lat' dir='ltr'>solet</span> <span class='ocrx_word' id='word_1_339' title='bbox 1756 2844 1942 2900; x_wconf 87' lang='lat' dir='ltr'>maxi-</span> 
     </span>
    </p>
   </div>
   <div class='ocr_carea' id='block_1_48' title="bbox 2051 1689 3724 1770">
    <p class='ocr_par' dir='ltr' id='par_1_48' title="bbox 2051 1689 3724 1770">
     <span class='ocr_line' id='line_1_48' title="bbox 2051 1689 3724 1770; baseline 0.007 -27"><span class='ocrx_word' id='word_1_340' title='bbox 2051 1689 2210 1760; x_wconf 89' lang='lat' dir='ltr'>quia</span> <span class='ocrx_word' id='word_1_341' title='bbox 2235 1689 2383 1747; x_wconf 89' lang='lat' dir='ltr'>forte</span> <span class='ocrx_word' id='word_1_342' title='bbox 2414 1697 2471 1747; x_wconf 88' lang='lat' dir='ltr'>et</span> <span class='ocrx_word' id='word_1_343' title='bbox 2494 1692 2608 1765; x_wconf 90' lang='lat' dir='ltr'>ipsi</span> <span class='ocrx_word' id='word_1_344' title='bbox 2659 1709 2798 1761; x_wconf 86' lang='lat' dir='ltr'>cum</span> <span class='ocrx_word' id='word_1_345' title='bbox 2839 1696 3039 1751; x_wconf 90' lang='lat' dir='ltr'>veraci</span> <span class='ocrx_word' id='word_1_346' title='bbox 3096 1696 3469 1753; x_wconf 89' lang='lat' dir='ltr'>confessione</span> <span class='ocrx_word' id='word_1_347' title='bbox 3524 1697 3724 1770; x_wconf 88' lang='lat' dir='ltr'>place-</span> 
     </span>
    </p>
   </div>
   <div class='ocr_carea' id='block_1_49' title="bbox 2055 1775 3727 1857">
    <p class='ocr_par' dir='ltr' id='par_1_49' title="bbox 2055 1775 3727 1857">
     <span class='ocr_line' id='line_1_49' title="bbox 2055 1775 3727 1857; baseline 0.007 -25"><span class='ocrx_word' id='word_1_348' title='bbox 2055 1775 2237 1833; x_wconf 88' lang='lat' dir='ltr'>bunt.</span> <span class='ocrx_word' id='word_1_349' title='bbox 2271 1780 2475 1835; x_wconf 87' lang='lat' dir='ltr'>Veraci</span> <span class='ocrx_word' id='word_1_350' title='bbox 2498 1781 2734 1852; x_wconf 86' lang='lat' dir='ltr'>scilicet,</span> <span class='ocrx_word' id='word_1_351' title='bbox 2766 1783 2911 1855; x_wconf 88' lang='lat' dir='ltr'>quia</span> <span class='ocrx_word' id='word_1_352' title='bbox 2940 1799 3123 1857; x_wconf 90' lang='lat' dir='ltr'>quem</span> <span class='ocrx_word' id='word_1_353' title='bbox 3153 1785 3351 1842; x_wconf 87' lang='lat' dir='ltr'>adhuc</span> <span class='ocrx_word' id='word_1_354' title='bbox 3373 1802 3445 1842; x_wconf 88' lang='lat' dir='ltr'>ex</span> <span class='ocrx_word' id='word_1_355' title='bbox 3474 1801 3727 1842; x_wconf 86' lang='lat' dir='ltr'>consen-</span> 
     </span>
    </p>
   </div>
   <div class='ocr_carea' id='block_1_50' title="bbox 2056 1868 3726 1947">
    <p class='ocr_par' dir='ltr' id='par_1_50' title="bbox 2056 1868 3726 1947">
     <span class='ocr_line' id='line_1_50' title="bbox 2056 1868 3726 1947; baseline 0.007 -27"><span class='ocrx_word' id='word_1_356' title='bbox 2056 1881 2132 1920; x_wconf 88' lang='lat' dir='ltr'>su</span> <span class='ocrx_word' id='word_1_357' title='bbox 2166 1881 2413 1938; x_wconf 89' lang='lat' dir='ltr'>peccare</span> <span class='ocrx_word' id='word_1_358' title='bbox 2444 1868 2732 1937; x_wconf 90' lang='lat' dir='ltr'>delectat;</span> <span class='ocrx_word' id='word_1_359' title='bbox 2786 1871 3012 1929; x_wconf 89' lang='lat' dir='ltr'>falsum</span> <span class='ocrx_word' id='word_1_360' title='bbox 3060 1878 3170 1941; x_wconf 89' lang='lat' dir='ltr'>est,</span> <span class='ocrx_word' id='word_1_361' title='bbox 3209 1874 3377 1946; x_wconf 88' lang='lat' dir='ltr'>quod</span> <span class='ocrx_word' id='word_1_362' title='bbox 3405 1874 3481 1930; x_wconf 90' lang='lat' dir='ltr'>de</span> <span class='ocrx_word' id='word_1_363' title='bbox 3510 1879 3726 1947; x_wconf 60' lang='lat' dir='ltr'>prazteé</span> 
     </span>
    </p>
   </div>
   <div class='ocr_carea' id='block_1_51' title="bbox 2056 1954 3725 2034">
    <p class='ocr_par' dir='ltr' id='par_1_51' title="bbox 2056 1954 3725 2034">
     <span class='ocr_line' id='line_1_51' title="bbox 2056 1954 3725 2034; baseline 0.006 -24"><span class='ocrx_word' id='word_1_364' title='bbox 2056 1954 2188 2010; x_wconf 88' lang='lat' dir='ltr'>ritis</span> <span class='ocrx_word' id='word_1_365' title='bbox 2216 1971 2354 2011; x_wconf 90' lang='lat' dir='ltr'>vere</span> <span class='ocrx_word' id='word_1_366' title='bbox 2383 1959 2685 2029; x_wconf 76' lang='lat' dir='ltr'>pceniteat.</span> <span class='ocrx_word' id='word_1_367' title='bbox 2711 1960 2784 2015; x_wconf 89' lang='lat' dir='ltr'>Ut</span> <span class='ocrx_word' id='word_1_368' title='bbox 2808 1964 3011 2017; x_wconf 90' lang='lat' dir='ltr'>autem</span> <span class='ocrx_word' id='word_1_369' title='bbox 3038 1962 3333 2034; x_wconf 88' lang='lat' dir='ltr'>quiddam</span> <span class='ocrx_word' id='word_1_370' title='bbox 3352 1963 3429 2018; x_wconf 88' lang='lat' dir='ltr'>de</span> <span class='ocrx_word' id='word_1_371' title='bbox 3450 1964 3725 2021; x_wconf 89' lang='lat' dir='ltr'>humano</span> 
     </span>
    </p>
   </div>
   <div class='ocr_carea' id='block_1_52' title="bbox 2056 2042 3727 2123">
    <p class='ocr_par' dir='ltr' id='par_1_52' title="bbox 2056 2042 3727 2123">
     <span class='ocr_line' id='line_1_52' title="bbox 2056 2042 3727 2123; baseline 0.007 -26"><span class='ocrx_word' id='word_1_372' title='bbox 2056 2059 2177 2098; x_wconf 90' lang='lat' dir='ltr'>usu</span> <span class='ocrx_word' id='word_1_373' title='bbox 2204 2042 2545 2116; x_wconf 86' lang='lat' dir='ltr'>loquamur,</span> <span class='ocrx_word' id='word_1_374' title='bbox 2581 2047 2629 2102; x_wconf 92' lang='lat' dir='ltr'>si</span> <span class='ocrx_word' id='word_1_375' title='bbox 2653 2048 2900 2120; x_wconf 88' lang='lat' dir='ltr'>quando</span> <span class='ocrx_word' id='word_1_376' title='bbox 2926 2049 3376 2121; x_wconf 75' lang='lat' dir='ltr'>paterfamilias,</span> <span class='ocrx_word' id='word_1_377' title='bbox 3412 2056 3550 2123; x_wconf 91' lang='lat' dir='ltr'>post</span> <span class='ocrx_word' id='word_1_378' title='bbox 3579 2057 3727 2108; x_wconf 87' lang='lat' dir='ltr'>tem-</span> 
     </span>
    </p>
   </div>
   <div class='ocr_carea' id='block_1_53' title="bbox 2057 2131 3728 2205">
    <p class='ocr_par' dir='ltr' id='par_1_53' title="bbox 2057 2131 3728 2205">
     <span class='ocr_line' id='line_1_53' title="bbox 2057 2131 3728 2205; baseline 0.007 -20"><span class='ocrx_word' id='word_1_379' title='bbox 2057 2147 2197 2204; x_wconf 91' lang='lat' dir='ltr'>pus,</span> <span class='ocrx_word' id='word_1_380' title='bbox 2227 2131 2480 2190; x_wconf 90' lang='lat' dir='ltr'>domum</span> <span class='ocrx_word' id='word_1_381' title='bbox 2508 2151 2682 2191; x_wconf 90' lang='lat' dir='ltr'>suam</span> <span class='ocrx_word' id='word_1_382' title='bbox 2725 2137 3056 2205; x_wconf 88' lang='lat' dir='ltr'>revertitur,</span> <span class='ocrx_word' id='word_1_383' title='bbox 3089 2138 3287 2194; x_wconf 90' lang='lat' dir='ltr'>omnis</span> <span class='ocrx_word' id='word_1_384' title='bbox 3318 2138 3549 2197; x_wconf 88' lang='lat' dir='ltr'>familia</span> <span class='ocrx_word' id='word_1_385' title='bbox 3576 2140 3728 2197; x_wconf 88' lang='lat' dir='ltr'>solet</span> 
     </span>
    </p>
   </div>
   <div class='ocr_carea' id='block_1_54' title="bbox 2058 2220 3721 2297">
    <p class='ocr_par' dir='ltr' id='par_1_54' title="bbox 2058 2220 3721 2297">
     <span class='ocr_line' id='line_1_54' title="bbox 2058 2220 3721 2297; baseline 0.005 -22"><span class='ocrx_word' id='word_1_386' title='bbox 2058 2220 2406 2289; x_wconf 86' lang='lat' dir='ltr'>adgaudere</span> <span class='ocrx_word' id='word_1_387' title='bbox 2461 2241 2475 2278; x_wconf 90' lang='lat'><strong>:</strong></span> <span class='ocrx_word' id='word_1_388' title='bbox 2531 2240 2669 2279; x_wconf 92' lang='lat' dir='ltr'>cum</span> <span class='ocrx_word' id='word_1_389' title='bbox 2721 2225 2969 2297; x_wconf 90' lang='lat' dir='ltr'>quidem</span> <span class='ocrx_word' id='word_1_390' title='bbox 3022 2231 3080 2282; x_wconf 90' lang='lat' dir='ltr'>et</span> <span class='ocrx_word' id='word_1_391' title='bbox 3122 2226 3311 2283; x_wconf 89' lang='lat' dir='ltr'>catelli</span> <span class='ocrx_word' id='word_1_392' title='bbox 3360 2228 3721 2295; x_wconf 69' lang='lat' dir='ltr'>exsilientes;</span> 
     </span>
    </p>
   </div>
   <div class='ocr_carea' id='block_1_55' title="bbox 2056 2309 3785 2382">
    <p class='ocr_par' dir='ltr' id='par_1_55' title="bbox 2056 2309 3785 2382">
     <span class='ocr_line' id='line_1_55' title="bbox 2056 2309 3785 2382; baseline 0.006 -18"><span class='ocrx_word' id='word_1_393' title='bbox 2056 2309 2329 2382; x_wconf 90' lang='lat' dir='ltr'>quodam</span> <span class='ocrx_word' id='word_1_394' title='bbox 2358 2317 2529 2380; x_wconf 90' lang='lat' dir='ltr'>gestu</span> <span class='ocrx_word' id='word_1_395' title='bbox 2556 2314 2973 2370; x_wconf 86' lang='lat' dir='ltr'>membrorum</span> <span class='ocrx_word' id='word_1_396' title='bbox 3019 2331 3082 2370; x_wconf 92' lang='lat' dir='ltr'>se</span> <span class='ocrx_word' id='word_1_397' title='bbox 3127 2320 3463 2373; x_wconf 88' lang='lat' dir='ltr'>monstrant</span> <span class='ocrx_word' id='word_1_398' title='bbox 3510 2316 3719 2375; x_wconf 67' lang='lat' dir='ltr'>laetari.</span> <span class='ocrx_word' id='word_1_399' title='bbox 3781 2326 3785 2341; x_wconf 89' lang='lat'><strong>&#39;</strong></span> 
     </span>
    </p>
   </div>
   <div class='ocr_carea' id='block_1_56' title="bbox 2059 2400 3720 2477">
    <p class='ocr_par' dir='ltr' id='par_1_56' title="bbox 2059 2400 3720 2477">
     <span class='ocr_line' id='line_1_56' title="bbox 2059 2400 3720 2477; baseline 0.005 -23"><span class='ocrx_word' id='word_1_400' title='bbox 2059 2400 2435 2472; x_wconf 88' lang='lat' dir='ltr'>Quapropter</span> <span class='ocrx_word' id='word_1_401' title='bbox 2476 2407 2534 2458; x_wconf 90' lang='lat' dir='ltr'>et</span> <span class='ocrx_word' id='word_1_402' title='bbox 2584 2418 2717 2469; x_wconf 92' lang='lat' dir='ltr'>nos,</span> <span class='ocrx_word' id='word_1_403' title='bbox 2775 2402 2911 2459; x_wconf 88' lang='lat' dir='ltr'>licet</span> <span class='ocrx_word' id='word_1_404' title='bbox 2959 2404 3246 2474; x_wconf 87' lang='lat' dir='ltr'>jumentis</span> <span class='ocrx_word' id='word_1_405' title='bbox 3298 2402 3720 2477; x_wconf 81' lang='lat' dir='ltr'>insipientibus</span> 
     </span>
    </p>
   </div>
   <div class='ocr_carea' id='block_1_57' title="bbox 2057 2488 3723 2563">
    <p class='ocr_par' dir='ltr' id='par_1_57' title="bbox 2057 2488 3723 2563">
     <span class='ocr_line' id='line_1_57' title="bbox 2057 2488 3723 2563; baseline 0.005 -21"><span class='ocrx_word' id='word_1_406' title='bbox 2057 2488 2270 2544; x_wconf 90' lang='lat' dir='ltr'>merito</span> <span class='ocrx_word' id='word_1_407' title='bbox 2299 2489 2487 2545; x_wconf 90' lang='lat' dir='ltr'>simus</span> <span class='ocrx_word' id='word_1_408' title='bbox 2513 2490 2928 2563; x_wconf 87' lang='lat' dir='ltr'>comparandi,</span> <span class='ocrx_word' id='word_1_409' title='bbox 2956 2497 3161 2548; x_wconf 86' lang='lat' dir='ltr'>tamen</span> <span class='ocrx_word' id='word_1_410' title='bbox 3206 2492 3257 2547; x_wconf 91' lang='lat' dir='ltr'>si</span> <span class='ocrx_word' id='word_1_411' title='bbox 3304 2492 3385 2548; x_wconf 91' lang='lat' dir='ltr'>ob</span> <span class='ocrx_word' id='word_1_412' title='bbox 3416 2493 3590 2550; x_wconf 86' lang='lat' dir='ltr'>istius</span> <span class='ocrx_word' id='word_1_413' title='bbox 3618 2496 3723 2552; x_wconf 91' lang='lat' dir='ltr'>ho-</span> 
     </span>
    </p>
   </div>
   <div class='ocr_carea' id='block_1_58' title="bbox 2055 2576 3722 2652">
    <p class='ocr_par' dir='ltr' id='par_1_58' title="bbox 2055 2576 3722 2652">
     <span class='ocr_line' id='line_1_58' title="bbox 2055 2576 3722 2652; baseline 0.005 -20"><span class='ocrx_word' id='word_1_414' title='bbox 2055 2592 2268 2633; x_wconf 91' lang='lat' dir='ltr'>norem</span> <span class='ocrx_word' id='word_1_415' title='bbox 2297 2576 2709 2650; x_wconf 86' lang='lat' dir='ltr'>solemnitatis,</span> <span class='ocrx_word' id='word_1_416' title='bbox 2737 2595 2876 2652; x_wconf 69' lang='lat' dir='ltr'>quas</span> <span class='ocrx_word' id='word_1_417' title='bbox 2905 2579 3189 2637; x_wconf 89' lang='lat' dir='ltr'>eumdem</span> <span class='ocrx_word' id='word_1_418' title='bbox 3216 2585 3498 2638; x_wconf 89' lang='lat' dir='ltr'>nostrum</span> <span class='ocrx_word' id='word_1_419' title='bbox 3526 2584 3722 2641; x_wconf 88' lang='lat' dir='ltr'>Domi-</span> 
     </span>
    </p>
   </div>
   <div class='ocr_carea' id='block_1_59' title="bbox 2057 2667 3724 2742">
    <p class='ocr_par' dir='ltr' id='par_1_59' title="bbox 2057 2667 3724 2742">
     <span class='ocr_line' id='line_1_59' title="bbox 2057 2667 3724 2742; baseline 0.005 -21"><span class='ocrx_word' id='word_1_420' title='bbox 2057 2681 2206 2722; x_wconf 91' lang='lat' dir='ltr'>num</span> <span class='ocrx_word' id='word_1_421' title='bbox 2232 2667 2408 2723; x_wconf 91' lang='lat' dir='ltr'>nobis</span> <span class='ocrx_word' id='word_1_422' title='bbox 2435 2668 2894 2741; x_wconf 89' lang='lat' dir='ltr'>quodammodo</span> <span class='ocrx_word' id='word_1_423' title='bbox 2923 2674 3331 2742; x_wconf 67' lang='lat' dir='ltr'>repraesentat,</span> <span class='ocrx_word' id='word_1_424' title='bbox 3366 2672 3563 2740; x_wconf 86' lang='lat' dir='ltr'>gavisi</span> <span class='ocrx_word' id='word_1_425' title='bbox 3598 2673 3724 2730; x_wconf 88' lang='lat' dir='ltr'>fue-</span> 
     </span>
    </p>
   </div>
   <div class='ocr_carea' id='block_1_60' title="bbox 2056 2755 3825 2834">
    <p class='ocr_par' dir='ltr' id='par_1_60' title="bbox 2056 2755 3825 2834">
     <span class='ocr_line' id='line_1_60' title="bbox 2056 2755 3825 2834; baseline 0.003 -24"><span class='ocrx_word' id='word_1_426' title='bbox 2056 2755 2247 2811; x_wconf 90' lang='lat' dir='ltr'>rimus</span> <span class='ocrx_word' id='word_1_427' title='bbox 2273 2774 2286 2823; x_wconf 93' lang='lat'><strong>;</strong></span> <span class='ocrx_word' id='word_1_428' title='bbox 2320 2757 2411 2812; x_wconf 89' lang='lat' dir='ltr'>vel</span> <span class='ocrx_word' id='word_1_429' title='bbox 2440 2758 2628 2814; x_wconf 88' lang='lat' dir='ltr'>micas</span> <span class='ocrx_word' id='word_1_430' title='bbox 2657 2759 3081 2816; x_wconf 80' lang='lat' dir='ltr'>misericordiae</span> <span class='ocrx_word' id='word_1_431' title='bbox 3112 2760 3242 2830; x_wconf 87' lang='lat' dir='ltr'>ejus</span> <span class='ocrx_word' id='word_1_432' title='bbox 3272 2774 3519 2830; x_wconf 89' lang='lat' dir='ltr'>sperare</span> <span class='ocrx_word' id='word_1_433' title='bbox 3547 2759 3722 2834; x_wconf 89' lang='lat' dir='ltr'>quasi</span> <span class='ocrx_word' id='word_1_434' title='bbox 3821 2800 3825 2805; x_wconf 51' lang='grc' dir='ltr'>ν</span> 
     </span>
    </p>
   </div>
   <div class='ocr_carea' id='block_1_61' title="bbox 2056 2844 3717 2919">
    <p class='ocr_par' dir='ltr' id='par_1_61' title="bbox 2056 2844 3717 2919">
     <span class='ocr_line' id='line_1_61' title="bbox 2056 2844 3717 2919; baseline 0.004 -20"><span class='ocrx_word' id='word_1_435' title='bbox 2056 2844 2235 2900; x_wconf 90' lang='lat' dir='ltr'>catuli</span> <span class='ocrx_word' id='word_1_436' title='bbox 2265 2845 2380 2900; x_wconf 90' lang='lat' dir='ltr'>sub</span> <span class='ocrx_word' id='word_1_437' title='bbox 2409 2861 2622 2902; x_wconf 66' lang='lat' dir='ltr'>n‘ensa</span> <span class='ocrx_word' id='word_1_438' title='bbox 2652 2849 3000 2918; x_wconf 90' lang='lat' dir='ltr'>poterimus.</span> <span class='ocrx_word' id='word_1_439' title='bbox 3032 2849 3102 2903; x_wconf 90' lang='lat' dir='ltr'>Et</span> <span class='ocrx_word' id='word_1_440' title='bbox 3125 2848 3239 2903; x_wconf 90' lang='lat' dir='ltr'>hoc</span> <span class='ocrx_word' id='word_1_441' title='bbox 3267 2859 3391 2903; x_wconf 92' lang='lat' dir='ltr'>non</span> <span class='ocrx_word' id='word_1_442' title='bbox 3421 2863 3496 2904; x_wconf 90' lang='lat' dir='ltr'>ex</span> <span class='ocrx_word' id='word_1_443' title='bbox 3520 2849 3717 2919; x_wconf 87' lang='lat' dir='ltr'>nobis,</span> 
     </span>
    </p>
   </div>
   <div class='ocr_carea' id='block_1_62' title="bbox 267 2932 3722 3027">
    <p class='ocr_par' dir='ltr' id='par_1_62' title="bbox 267 2932 3722 3027">
     <span class='ocr_line' id='line_1_62' title="bbox 267 2932 3722 3027; baseline 0 -32"><span class='ocrx_word' id='word_1_444' title='bbox 267 2958 372 2998; x_wconf 90' lang='lat' dir='ltr'>me</span> <span class='ocrx_word' id='word_1_445' title='bbox 401 2944 538 3013; x_wconf 90' lang='lat' dir='ltr'>post</span> <span class='ocrx_word' id='word_1_446' title='bbox 564 2939 834 2995; x_wconf 84' lang='lat' dir='ltr'>divinum</span> <span class='ocrx_word' id='word_1_447' title='bbox 860 2950 1108 3001; x_wconf 91' lang='lat' dir='ltr'>nomen,</span> <span class='ocrx_word' id='word_1_448' title='bbox 1139 2950 1306 2990; x_wconf 92' lang='lat' dir='ltr'>more</span> <span class='ocrx_word' id='word_1_449' title='bbox 1336 2933 1669 2991; x_wconf 85' lang='lat' dir='ltr'>Christiano</span> <span class='ocrx_word' id='word_1_450' title='bbox 1689 2933 1940 2989; x_wconf 86' lang='lat' dir='ltr'>versari.</span> <span class='ocrx_word' id='word_1_451' title='bbox 1982 2972 2025 3027; x_wconf 62' lang='grc' dir='ltr'>α</span> <span class='ocrx_word' id='word_1_452' title='bbox 2057 2932 2161 2988; x_wconf 91' lang='lat' dir='ltr'>sed</span> <span class='ocrx_word' id='word_1_453' title='bbox 2195 2950 2270 2989; x_wconf 87' lang='lat' dir='ltr'>ex</span> <span class='ocrx_word' id='word_1_454' title='bbox 2295 2933 2564 2990; x_wconf 84' lang='lat' dir='ltr'>bonitate</span> <span class='ocrx_word' id='word_1_455' title='bbox 2596 2936 2927 3006; x_wconf 89' lang='lat' dir='ltr'>evangelici</span> <span class='ocrx_word' id='word_1_456' title='bbox 2952 2936 3110 3006; x_wconf 90' lang='lat' dir='ltr'>regis</span> <span class='ocrx_word' id='word_1_457' title='bbox 3134 2935 3238 3008; x_wconf 88' lang='lat' dir='ltr'>qui</span> <span class='ocrx_word' id='word_1_458' title='bbox 3264 2951 3456 2992; x_wconf 64' lang='lat' dir='ltr'>caecos</span> <span class='ocrx_word' id='word_1_459' title='bbox 3481 2942 3538 2994; x_wconf 92' lang='lat' dir='ltr'>et</span> <span class='ocrx_word' id='word_1_460' title='bbox 3562 2937 3722 2999; x_wconf 88' lang='lat' dir='ltr'>clau-</span> 
     </span>
    </p>
   </div>
   <div class='ocr_carea' id='block_1_63' title="bbox 268 3019 1944 3100">
    <p class='ocr_par' dir='ltr' id='par_1_63' title="bbox 268 3019 1944 3100">
     <span class='ocr_line' id='line_1_63' title="bbox 268 3019 1944 3100; baseline -0.005 -15"><span class='ocrx_word' id='word_1_461' title='bbox 268 3029 419 3096; x_wconf 89' lang='lat' dir='ltr'>Quis</span> <span class='ocrx_word' id='word_1_462' title='bbox 440 3028 598 3084; x_wconf 90' lang='lat' dir='ltr'>enim</span> <span class='ocrx_word' id='word_1_463' title='bbox 625 3028 719 3100; x_wconf 89' lang='lat' dir='ltr'>pie</span> <span class='ocrx_word' id='word_1_464' title='bbox 738 3026 1018 3099; x_wconf 90' lang='lat' dir='ltr'>loquens,</span> <span class='ocrx_word' id='word_1_465' title='bbox 1048 3029 1150 3080; x_wconf 90' lang='lat' dir='ltr'>aut</span> <span class='ocrx_word' id='word_1_466' title='bbox 1184 3023 1588 3092; x_wconf 81' lang='lat' dir='ltr'>Benedictum,</span> <span class='ocrx_word' id='word_1_467' title='bbox 1617 3026 1721 3077; x_wconf 92' lang='lat' dir='ltr'>aut</span> <span class='ocrx_word' id='word_1_468' title='bbox 1760 3019 1944 3077; x_wconf 86' lang='lat' dir='ltr'>bene-</span> 
     </span>
    </p>
   </div>
   <div class='ocr_carea' id='block_1_64' title="bbox 267 3109 1943 3188">
    <p class='ocr_par' dir='ltr' id='par_1_64' title="bbox 267 3109 1943 3188">
     <span class='ocr_line' id='line_1_64' title="bbox 267 3109 1943 3188; baseline -0.007 -13"><span class='ocrx_word' id='word_1_469' title='bbox 267 3117 600 3175; x_wconf 90' lang='lat' dir='ltr'>dictionem</span> <span class='ocrx_word' id='word_1_470' title='bbox 630 3115 746 3172; x_wconf 76' lang='lat' dir='ltr'>sul)</span> <span class='ocrx_word' id='word_1_471' title='bbox 773 3113 1044 3188; x_wconf 90' lang='lat' dir='ltr'>quolibet</span> <span class='ocrx_word' id='word_1_472' title='bbox 1074 3111 1324 3167; x_wconf 89' lang='lat' dir='ltr'>obtentu</span> <span class='ocrx_word' id='word_1_473' title='bbox 1353 3125 1473 3167; x_wconf 91' lang='lat' dir='ltr'>non</span> <span class='ocrx_word' id='word_1_474' title='bbox 1505 3109 1710 3165; x_wconf 85' lang='lat' dir='ltr'>dicat?</span> <span class='ocrx_word' id='word_1_475' title='bbox 1759 3112 1943 3166; x_wconf 74' lang='lat' dir='ltr'>Caste-</span> 
     </span>
    </p>
   </div>
   <div class='ocr_carea' id='block_1_65' title="bbox 266 3200 1941 3277">
    <p class='ocr_par' dir='ltr' id='par_1_65' title="bbox 266 3200 1941 3277">
     <span class='ocr_line' id='line_1_65' title="bbox 266 3200 1941 3277; baseline -0.007 -14"><span class='ocrx_word' id='word_1_476' title='bbox 266 3224 411 3264; x_wconf 87' lang='lat' dir='ltr'>rum</span> <span class='ocrx_word' id='word_1_477' title='bbox 443 3204 649 3262; x_wconf 88' lang='lat' dir='ltr'>laudes</span> <span class='ocrx_word' id='word_1_478' title='bbox 676 3205 805 3277; x_wconf 91' lang='lat' dir='ltr'>ejus</span> <span class='ocrx_word' id='word_1_479' title='bbox 829 3216 1138 3265; x_wconf 85' lang='lat' dir='ltr'>resonare,</span> <span class='ocrx_word' id='word_1_480' title='bbox 1189 3200 1406 3256; x_wconf 77' lang='lat' dir='ltr'>talibus</span> <span class='ocrx_word' id='word_1_481' title='bbox 1450 3203 1757 3271; x_wconf 88' lang='lat' dir='ltr'>utcunque</span> <span class='ocrx_word' id='word_1_482' title='bbox 1796 3213 1941 3253; x_wconf 92' lang='lat' dir='ltr'>con-</span> 
     </span>
    </p>
   </div>
   <div class='ocr_carea' id='block_1_66' title="bbox 269 3289 1942 3367">
    <p class='ocr_par' dir='ltr' id='par_1_66' title="bbox 269 3289 1942 3367">
     <span class='ocr_line' id='line_1_66' title="bbox 269 3289 1942 3367; baseline -0.005 -15"><span class='ocrx_word' id='word_1_483' title='bbox 269 3300 530 3366; x_wconf 89' lang='lat' dir='ltr'>grueret,</span> <span class='ocrx_word' id='word_1_484' title='bbox 562 3294 667 3367; x_wconf 90' lang='lat' dir='ltr'>qui</span> <span class='ocrx_word' id='word_1_485' title='bbox 696 3294 869 3364; x_wconf 89' lang='lat' dir='ltr'>juxta</span> <span class='ocrx_word' id='word_1_486' title='bbox 897 3289 1253 3363; x_wconf 84' lang='lat' dir='ltr'>Apostolum</span> <span class='ocrx_word' id='word_1_487' title='bbox 1295 3289 1508 3357; x_wconf 90' lang='lat' dir='ltr'>sciunt,</span> <span class='ocrx_word' id='word_1_488' title='bbox 1533 3302 1666 3360; x_wconf 65' lang='lat' dir='ltr'>qua?</span> <span class='ocrx_word' id='word_1_489' title='bbox 1694 3292 1776 3343; x_wconf 89' lang='lat' dir='ltr'>est</span> <span class='ocrx_word' id='word_1_490' title='bbox 1808 3302 1942 3356; x_wconf 93' lang='lat' dir='ltr'>spes</span> 
     </span>
    </p>
   </div>
   <div class='ocr_carea' id='block_1_67' title="bbox 269 3375 1943 3452">
    <p class='ocr_par' dir='ltr' id='par_1_67' title="bbox 269 3375 1943 3452">
     <span class='ocr_line' id='line_1_67' title="bbox 269 3375 1943 3452; baseline -0.007 -10"><span class='ocrx_word' id='word_1_491' title='bbox 269 3385 601 3443; x_wconf 79' lang='lat' dir='ltr'>vocationis</span> <span class='ocrx_word' id='word_1_492' title='bbox 632 3383 743 3438; x_wconf 88' lang='lat' dir='ltr'>Dei</span> <span class='ocrx_word' id='word_1_493' title='bbox 766 3382 1004 3452; x_wconf 75' lang='lat' dir='ltr'>(Ep/tes.</span> <span class='ocrx_word' id='word_1_494' title='bbox 1039 3396 1076 3449; x_wconf 81' lang='grc' dir='ltr'>ι,</span> <span class='ocrx_word' id='word_1_495' title='bbox 1110 3381 1218 3446; x_wconf 83' lang='grc'>18).</span> <span class='ocrx_word' id='word_1_496' title='bbox 1255 3377 1540 3433; x_wconf 89' lang='lat' dir='ltr'>Videlicet</span> <span class='ocrx_word' id='word_1_497' title='bbox 1570 3380 1627 3432; x_wconf 91' lang='lat' dir='ltr'>et</span> <span class='ocrx_word' id='word_1_498' title='bbox 1654 3375 1809 3431; x_wconf 91' lang='lat' dir='ltr'>illius</span> <span class='ocrx_word' id='word_1_499' title='bbox 1838 3392 1943 3432; x_wconf 91' lang='lat' dir='ltr'>vo-</span> 
     </span>
    </p>
   </div>
   <div class='ocr_carea' id='block_1_68' title="bbox 268 3464 1938 3545">
    <p class='ocr_par' dir='ltr' id='par_1_68' title="bbox 268 3464 1938 3545">
     <span class='ocr_line' id='line_1_68' title="bbox 268 3464 1938 3545; baseline -0.005 -15"><span class='ocrx_word' id='word_1_500' title='bbox 268 3473 547 3539; x_wconf 88' lang='lat' dir='ltr'>cationis,</span> <span class='ocrx_word' id='word_1_501' title='bbox 603 3488 727 3545; x_wconf 88' lang='lat' dir='ltr'>qua</span> <span class='ocrx_word' id='word_1_502' title='bbox 779 3486 902 3527; x_wconf 92' lang='lat' dir='ltr'>non</span> <span class='ocrx_word' id='word_1_503' title='bbox 960 3469 1154 3524; x_wconf 89' lang='lat' dir='ltr'>solum</span> <span class='ocrx_word' id='word_1_504' title='bbox 1211 3484 1352 3523; x_wconf 92' lang='lat' dir='ltr'>cum</span> <span class='ocrx_word' id='word_1_505' title='bbox 1404 3466 1533 3523; x_wconf 89' lang='lat' dir='ltr'>aliis</span> <span class='ocrx_word' id='word_1_506' title='bbox 1591 3464 1938 3523; x_wconf 89' lang='lat' dir='ltr'>Christianis</span> 
     </span>
    </p>
   </div>
   <div class='ocr_carea' id='block_1_69' title="bbox 270 3555 1941 3620">
    <p class='ocr_par' dir='ltr' id='par_1_69' title="bbox 270 3555 1941 3620">
     <span class='ocr_line' id='line_1_69' title="bbox 270 3555 1941 3620; baseline -0.004 -1"><span class='ocrx_word' id='word_1_507' title='bbox 270 3564 675 3620; x_wconf 88' lang='lat' dir='ltr'>communiter</span> <span class='ocrx_word' id='word_1_508' title='bbox 703 3561 782 3617; x_wconf 91' lang='lat' dir='ltr'>ad</span> <span class='ocrx_word' id='word_1_509' title='bbox 813 3560 998 3616; x_wconf 86' lang='lat' dir='ltr'>ﬁdem</span> <span class='ocrx_word' id='word_1_510' title='bbox 1028 3558 1224 3614; x_wconf 89' lang='lat' dir='ltr'>vocati</span> <span class='ocrx_word' id='word_1_511' title='bbox 1255 3562 1414 3619; x_wconf 88' lang='lat' dir='ltr'>sunt,</span> <span class='ocrx_word' id='word_1_512' title='bbox 1474 3555 1583 3612; x_wconf 91' lang='lat' dir='ltr'>sed</span> <span class='ocrx_word' id='word_1_513' title='bbox 1632 3555 1810 3611; x_wconf 91' lang='lat' dir='ltr'>etiam</span> <span class='ocrx_word' id='word_1_514' title='bbox 1858 3556 1941 3612; x_wconf 91' lang='lat' dir='ltr'>ad</span> 
     </span>
    </p>
   </div>
   <div class='ocr_carea' id='block_1_70' title="bbox 272 3644 1939 3719">
    <p class='ocr_par' dir='ltr' id='par_1_70' title="bbox 272 3644 1939 3719">
     <span class='ocr_line' id='line_1_70' title="bbox 272 3644 1939 3719; baseline -0.004 -10"><span class='ocrx_word' id='word_1_515' title='bbox 272 3652 666 3709; x_wconf 84' lang='lat' dir='ltr'>subeundum</span> <span class='ocrx_word' id='word_1_516' title='bbox 696 3650 1010 3706; x_wconf 91' lang='lat' dir='ltr'>celsiorem</span> <span class='ocrx_word' id='word_1_517' title='bbox 1042 3647 1321 3717; x_wconf 89' lang='lat' dir='ltr'>gradum,</span> <span class='ocrx_word' id='word_1_518' title='bbox 1366 3661 1473 3719; x_wconf 90' lang='lat' dir='ltr'>per</span> <span class='ocrx_word' id='word_1_519' title='bbox 1522 3644 1803 3701; x_wconf 92' lang='lat' dir='ltr'>eumdem</span> <span class='ocrx_word' id='word_1_520' title='bbox 1833 3661 1939 3718; x_wconf 86' lang='lat' dir='ltr'>pa-</span> 
     </span>
    </p>
   </div>
   <div class='ocr_carea' id='block_1_71' title="bbox 270 3734 1938 3812">
    <p class='ocr_par' dir='ltr' id='par_1_71' title="bbox 270 3734 1938 3812">
     <span class='ocr_line' id='line_1_71' title="bbox 270 3734 1938 3812; baseline -0.006 -14"><span class='ocrx_word' id='word_1_521' title='bbox 270 3748 428 3798; x_wconf 88' lang='lat' dir='ltr'>trem</span> <span class='ocrx_word' id='word_1_522' title='bbox 455 3740 811 3806; x_wconf 89' lang='lat' dir='ltr'>institutum,</span> <span class='ocrx_word' id='word_1_523' title='bbox 844 3738 950 3812; x_wconf 91' lang='lat' dir='ltr'>qui</span> <span class='ocrx_word' id='word_1_524' title='bbox 982 3738 1045 3793; x_wconf 90' lang='lat' dir='ltr'>in</span> <span class='ocrx_word' id='word_1_525' title='bbox 1072 3752 1334 3792; x_wconf 90' lang='lat' dir='ltr'>vacuum</span> <span class='ocrx_word' id='word_1_526' title='bbox 1365 3735 1621 3806; x_wconf 88' lang='lat' dir='ltr'>gratiam</span> <span class='ocrx_word' id='word_1_527' title='bbox 1650 3734 1808 3789; x_wconf 90' lang='lat' dir='ltr'>hanc</span> <span class='ocrx_word' id='word_1_528' title='bbox 1836 3749 1938 3789; x_wconf 93' lang='lat' dir='ltr'>ne-</span> 
     </span>
    </p>
   </div>
   <div class='ocr_carea' id='block_1_72' title="bbox 271 3823 1943 3905">
    <p class='ocr_par' dir='ltr' id='par_1_72' title="bbox 271 3823 1943 3905">
     <span class='ocr_line' id='line_1_72' title="bbox 271 3823 1943 3905; baseline -0.004 -19"><span class='ocrx_word' id='word_1_529' title='bbox 271 3845 588 3905; x_wconf 87' lang='lat' dir='ltr'>quaquam</span> <span class='ocrx_word' id='word_1_530' title='bbox 643 3828 965 3895; x_wconf 78' lang='lat' dir='ltr'>aocipiunt,</span> <span class='ocrx_word' id='word_1_531' title='bbox 1024 3825 1130 3881; x_wconf 89' lang='lat' dir='ltr'>sed</span> <span class='ocrx_word' id='word_1_532' title='bbox 1165 3841 1301 3897; x_wconf 78' lang='lat' dir='ltr'>quae</span> <span class='ocrx_word' id='word_1_533' title='bbox 1334 3841 1369 3879; x_wconf 91' lang='lat' dir='ltr'>a</span> <span class='ocrx_word' id='word_1_534' title='bbox 1398 3827 1517 3880; x_wconf 89' lang='lat' dir='ltr'>Deo</span> <span class='ocrx_word' id='word_1_535' title='bbox 1547 3823 1771 3879; x_wconf 88' lang='lat' dir='ltr'>donata</span> <span class='ocrx_word' id='word_1_536' title='bbox 1802 3826 1943 3879; x_wconf 87' lang='lat' dir='ltr'>sunt</span> 
     </span>
    </p>
   </div>
   <div class='ocr_carea' id='block_1_73' title="bbox 273 3912 1943 3987">
    <p class='ocr_par' dir='ltr' id='par_1_73' title="bbox 273 3912 1943 3987">
     <span class='ocr_line' id='line_1_73' title="bbox 273 3912 1943 3987; baseline -0.004 -13"><span class='ocrx_word' id='word_1_537' title='bbox 273 3920 369 3987; x_wconf 89' lang='lat' dir='ltr'>(II</span> <span class='ocrx_word' id='word_1_538' title='bbox 389 3917 525 3974; x_wconf 84' lang='lat' dir='ltr'>Cor.</span> <span class='ocrx_word' id='word_1_539' title='bbox 556 3934 636 3984; x_wconf 70' lang='lat' dir='ltr'>vx,</span> <span class='ocrx_word' id='word_1_540' title='bbox 672 3917 745 3986; x_wconf 81' lang='grc'>1),</span> <span class='ocrx_word' id='word_1_541' title='bbox 777 3919 1020 3971; x_wconf 89' lang='lat' dir='ltr'>norunt.</span> <span class='ocrx_word' id='word_1_542' title='bbox 1055 3917 1133 3969; x_wconf 91' lang='lat' dir='ltr'>De</span> <span class='ocrx_word' id='word_1_543' title='bbox 1185 3912 1429 3985; x_wconf 86' lang='lat' dir='ltr'>quibus,</span> <span class='ocrx_word' id='word_1_544' title='bbox 1481 3914 1724 3985; x_wconf 90' lang='lat' dir='ltr'>propter</span> <span class='ocrx_word' id='word_1_545' title='bbox 1753 3924 1856 3964; x_wconf 93' lang='lat' dir='ltr'>cor</span> <span class='ocrx_word' id='word_1_546' title='bbox 1883 3914 1943 3967; x_wconf 87' lang='lat' dir='ltr'>et</span> 
     </span>
    </p>
   </div>
   <div class='ocr_carea' id='block_1_74' title="bbox 273 3998 1940 4073">
    <p class='ocr_par' dir='ltr' id='par_1_74' title="bbox 273 3998 1940 4073">
     <span class='ocr_line' id='line_1_74' title="bbox 273 3998 1940 4073; baseline -0.005 -11"><span class='ocrx_word' id='word_1_547' title='bbox 273 4008 546 4063; x_wconf 90' lang='lat' dir='ltr'>animam</span> <span class='ocrx_word' id='word_1_548' title='bbox 578 4021 787 4071; x_wconf 90' lang='lat' dir='ltr'>unam,</span> <span class='ocrx_word' id='word_1_549' title='bbox 822 4003 936 4063; x_wconf 87' lang='lat' dir='ltr'>sub</span> <span class='ocrx_word' id='word_1_550' title='bbox 968 4001 1144 4057; x_wconf 92' lang='lat' dir='ltr'>unius</span> <span class='ocrx_word' id='word_1_551' title='bbox 1171 4000 1380 4073; x_wconf 90' lang='lat' dir='ltr'>populi</span> <span class='ocrx_word' id='word_1_552' title='bbox 1427 3998 1725 4055; x_wconf 87' lang='lat' dir='ltr'>vocabulo</span> <span class='ocrx_word' id='word_1_553' title='bbox 1780 3999 1940 4054; x_wconf 87' lang='lat' dir='ltr'>Deus</span> 
     </span>
    </p>
   </div>
   <div class='ocr_carea' id='block_1_75' title="bbox 272 4087 1943 4161">
    <p class='ocr_par' dir='ltr' id='par_1_75' title="bbox 272 4087 1943 4161">
     <span class='ocr_line' id='line_1_75' title="bbox 272 4087 1943 4161; baseline -0.005 -9"><span class='ocrx_word' id='word_1_554' title='bbox 272 4096 421 4152; x_wconf 91' lang='lat' dir='ltr'>dicit</span> <span class='ocrx_word' id='word_1_555' title='bbox 450 4112 464 4149; x_wconf 88' lang='lat'><strong>:</strong></span> <span class='ocrx_word' id='word_1_556' title='bbox 498 4095 800 4151; x_wconf 78' lang='lat' dir='ltr'>Obauditu</span> <span class='ocrx_word' id='word_1_557' title='bbox 829 4094 948 4149; x_wconf 81' lang='lat' dir='ltr'>oris</span> <span class='ocrx_word' id='word_1_558' title='bbox 974 4091 1308 4148; x_wconf 79' lang='lat' dir='ltr'>obaudiunt</span> <span class='ocrx_word' id='word_1_559' title='bbox 1340 4091 1507 4156; x_wconf 80' lang='lat' dir='ltr'>mihi,</span> <span class='ocrx_word' id='word_1_560' title='bbox 1558 4102 1742 4161; x_wconf 89' lang='lat' dir='ltr'>quem</span> <span class='ocrx_word' id='word_1_561' title='bbox 1770 4087 1943 4143; x_wconf 89' lang='lat' dir='ltr'>nimi-</span> 
     </span>
    </p>
   </div>
   <div class='ocr_carea' id='block_1_76' title="bbox 272 4178 1940 4254">
    <p class='ocr_par' dir='ltr' id='par_1_76' title="bbox 272 4178 1940 4254">
     <span class='ocr_line' id='line_1_76' title="bbox 272 4178 1940 4254; baseline -0.006 -12"><span class='ocrx_word' id='word_1_562' title='bbox 272 4202 416 4242; x_wconf 90' lang='lat' dir='ltr'>rum</span> <span class='ocrx_word' id='word_1_563' title='bbox 442 4186 503 4241; x_wconf 81' lang='lat' dir='ltr'>in</span> <span class='ocrx_word' id='word_1_564' title='bbox 530 4187 755 4242; x_wconf 84' lang='lat' dir='ltr'>sanctis</span> <span class='ocrx_word' id='word_1_565' title='bbox 811 4184 940 4254; x_wconf 90' lang='lat' dir='ltr'>ejus</span> <span class='ocrx_word' id='word_1_566' title='bbox 974 4182 1227 4238; x_wconf 81' lang='lat' dir='ltr'>laudare</span> <span class='ocrx_word' id='word_1_567' title='bbox 1246 4181 1532 4250; x_wconf 80' lang='lat' dir='ltr'>jubemur</span> <span class='ocrx_word' id='word_1_568' title='bbox 1575 4178 1760 4249; x_wconf 86' lang='lat' dir='ltr'>(Psat.</span> <span class='ocrx_word' id='word_1_569' title='bbox 1787 4193 1940 4244; x_wconf 85' lang='lat' dir='ltr'>xvu,</span> 
     </span>
    </p>
   </div>
   <div class='ocr_carea' id='block_1_77' title="bbox 272 4267 1946 4345">
    <p class='ocr_par' dir='ltr' id='par_1_77' title="bbox 272 4267 1946 4345">
     <span class='ocr_line' id='line_1_77' title="bbox 272 4267 1946 4345; baseline -0.007 -12"><span class='ocrx_word' id='word_1_570' title='bbox 272 4279 387 4345; x_wconf 69' lang='lat'>45;</span> <span class='ocrx_word' id='word_1_571' title='bbox 428 4291 512 4344; x_wconf 79' lang='lat' dir='ltr'>CL,</span> <span class='ocrx_word' id='word_1_572' title='bbox 549 4280 620 4344; x_wconf 84' lang='lat' dir='ltr'>l).</span> <span class='ocrx_word' id='word_1_573' title='bbox 654 4273 771 4332; x_wconf 92' lang='lat' dir='ltr'>Sed</span> <span class='ocrx_word' id='word_1_574' title='bbox 801 4272 1012 4345; x_wconf 89' lang='lat' dir='ltr'>quales</span> <span class='ocrx_word' id='word_1_575' title='bbox 1036 4286 1175 4339; x_wconf 88' lang='lat' dir='ltr'>eum</span> <span class='ocrx_word' id='word_1_576' title='bbox 1200 4269 1452 4325; x_wconf 90' lang='lat' dir='ltr'>laudare</span> <span class='ocrx_word' id='word_1_577' title='bbox 1484 4267 1767 4335; x_wconf 90' lang='lat' dir='ltr'>debeant,</span> <span class='ocrx_word' id='word_1_578' title='bbox 1799 4267 1946 4323; x_wconf 88' lang='lat' dir='ltr'>Scri-</span> 
     </span>
    </p>
   </div>
   <div class='ocr_carea' id='block_1_78' title="bbox 274 4357 1944 4438">
    <p class='ocr_par' dir='ltr' id='par_1_78' title="bbox 274 4357 1944 4438">
     <span class='ocr_line' id='line_1_78' title="bbox 274 4357 1944 4438; baseline -0.005 -17"><span class='ocrx_word' id='word_1_579' title='bbox 274 4370 456 4438; x_wconf 89' lang='lat' dir='ltr'>ptura</span> <span class='ocrx_word' id='word_1_580' title='bbox 485 4381 607 4420; x_wconf 93' lang='lat' dir='ltr'>non</span> <span class='ocrx_word' id='word_1_581' title='bbox 636 4368 813 4431; x_wconf 89' lang='lat' dir='ltr'>tacet,</span> <span class='ocrx_word' id='word_1_582' title='bbox 843 4362 1049 4417; x_wconf 91' lang='lat' dir='ltr'>dicens</span> <span class='ocrx_word' id='word_1_583' title='bbox 1074 4359 1153 4416; x_wconf 83' lang='lat' dir='ltr'>ad</span> <span class='ocrx_word' id='word_1_584' title='bbox 1180 4359 1344 4432; x_wconf 91' lang='lat' dir='ltr'>ipsos</span> <span class='ocrx_word' id='word_1_585' title='bbox 1373 4376 1385 4414; x_wconf 92' lang='lat'>:</span> <span class='ocrx_word' id='word_1_586' title='bbox 1422 4359 1537 4425; x_wconf 85' lang='lat' dir='ltr'>Qui</span> <span class='ocrx_word' id='word_1_587' title='bbox 1563 4357 1777 4413; x_wconf 79' lang='lat' dir='ltr'>timetis</span> <span class='ocrx_word' id='word_1_588' title='bbox 1830 4357 1944 4413; x_wconf 90' lang='lat' dir='ltr'>Do-</span> 
     </span>
    </p>
   </div>
   <div class='ocr_carea' id='block_1_79' title="bbox 274 4446 1943 4521">
    <p class='ocr_par' dir='ltr' id='par_1_79' title="bbox 274 4446 1943 4521">
     <span class='ocr_line' id='line_1_79' title="bbox 274 4446 1943 4521; baseline -0.007 -10"><span class='ocrx_word' id='word_1_589' title='bbox 274 4456 508 4511; x_wconf 83' lang='lat' dir='ltr'>minum</span> <span class='ocrx_word' id='word_1_590' title='bbox 539 4455 786 4510; x_wconf 81' lang='lat' dir='ltr'>laudate</span> <span class='ocrx_word' id='word_1_591' title='bbox 815 4467 947 4508; x_wconf 90' lang='lat' dir='ltr'>eum</span> <span class='ocrx_word' id='word_1_592' title='bbox 968 4465 992 4521; x_wconf 86' lang='lat'><em>;</em></span> <span class='ocrx_word' id='word_1_593' title='bbox 1028 4455 1086 4504; x_wconf 92' lang='lat' dir='ltr'>et</span> <span class='ocrx_word' id='word_1_594' title='bbox 1110 4449 1251 4504; x_wconf 90' lang='lat' dir='ltr'>item</span> <span class='ocrx_word' id='word_1_595' title='bbox 1285 4467 1297 4504; x_wconf 88' lang='lat'>:</span> <span class='ocrx_word' id='word_1_596' title='bbox 1330 4446 1695 4503; x_wconf 85' lang='lat' dir='ltr'>Laudabunt</span> <span class='ocrx_word' id='word_1_597' title='bbox 1740 4446 1943 4501; x_wconf 86' lang='lat' dir='ltr'>Domi-</span> 
     </span>
    </p>
   </div>
   <div class='ocr_carea' id='block_1_80' title="bbox 278 4535 1944 4615">
    <p class='ocr_par' dir='ltr' id='par_1_80' title="bbox 278 4535 1944 4615">
     <span class='ocr_line' id='line_1_80' title="bbox 278 4535 1944 4615; baseline -0.006 -15"><span class='ocrx_word' id='word_1_598' title='bbox 278 4560 427 4600; x_wconf 84' lang='lat' dir='ltr'>num</span> <span class='ocrx_word' id='word_1_599' title='bbox 459 4544 565 4615; x_wconf 88' lang='lat' dir='ltr'>qui</span> <span class='ocrx_word' id='word_1_600' title='bbox 584 4547 863 4614; x_wconf 73' lang='lat' dir='ltr'>quaerunt</span> <span class='ocrx_word' id='word_1_601' title='bbox 903 4556 1034 4597; x_wconf 86' lang='lat' dir='ltr'>eum</span> <span class='ocrx_word' id='word_1_602' title='bbox 1087 4539 1278 4610; x_wconf 86' lang='lat' dir='ltr'>(Psat.</span> <span class='ocrx_word' id='word_1_603' title='bbox 1327 4553 1442 4607; x_wconf 78' lang='lat' dir='ltr'>xxi,</span> <span class='ocrx_word' id='word_1_604' title='bbox 1496 4538 1588 4606; x_wconf 72' lang='lat'>24,</span> <span class='ocrx_word' id='word_1_605' title='bbox 1632 4538 1751 4603; x_wconf 76' lang='lat'>25).</span> <span class='ocrx_word' id='word_1_606' title='bbox 1813 4535 1944 4600; x_wconf 88' lang='lat' dir='ltr'>Quo</span> 
     </span>
    </p>
   </div>
   <div class='ocr_carea' id='block_1_81' title="bbox 279 4625 1947 4702">
    <p class='ocr_par' dir='ltr' id='par_1_81' title="bbox 279 4625 1947 4702">
     <span class='ocr_line' id='line_1_81' title="bbox 279 4625 1947 4702; baseline -0.005 -13"><span class='ocrx_word' id='word_1_607' title='bbox 279 4637 491 4689; x_wconf 87' lang='lat' dir='ltr'>contra</span> <span class='ocrx_word' id='word_1_608' title='bbox 519 4651 532 4688; x_wconf 92' lang='lat'>:</span> <span class='ocrx_word' id='word_1_609' title='bbox 564 4634 699 4688; x_wconf 85' lang='lat' dir='ltr'>Non</span> <span class='ocrx_word' id='word_1_610' title='bbox 729 4637 833 4697; x_wconf 88' lang='lat' dir='ltr'>est,</span> <span class='ocrx_word' id='word_1_611' title='bbox 867 4629 1077 4702; x_wconf 91' lang='lat' dir='ltr'>inquit,</span> <span class='ocrx_word' id='word_1_612' title='bbox 1109 4629 1371 4698; x_wconf 83' lang='lat' dir='ltr'>speciosa</span> <span class='ocrx_word' id='word_1_613' title='bbox 1400 4628 1532 4683; x_wconf 88' lang='lat' dir='ltr'>taus</span> <span class='ocrx_word' id='word_1_614' title='bbox 1575 4625 1641 4680; x_wconf 87' lang='lat' dir='ltr'>in</span> <span class='ocrx_word' id='word_1_615' title='bbox 1688 4638 1790 4680; x_wconf 86' lang='lat' dir='ltr'>ore</span> <span class='ocrx_word' id='word_1_616' title='bbox 1812 4638 1947 4694; x_wconf 81' lang='lat' dir='ltr'>pee-</span> 
     </span>
    </p>
   </div>
   <div class='ocr_carea' id='block_1_82' title="bbox 280 4711 1944 4791">
    <p class='ocr_par' dir='ltr' id='par_1_82' title="bbox 280 4711 1944 4791">
     <span class='ocr_line' id='line_1_82' title="bbox 280 4711 1944 4791; baseline -0.007 -14"><span class='ocrx_word' id='word_1_617' title='bbox 280 4721 505 4777; x_wconf 84' lang='lat' dir='ltr'>catoris</span> <span class='ocrx_word' id='word_1_618' title='bbox 538 4721 743 4791; x_wconf 82' lang='lat' dir='ltr'>(Eccti.</span> <span class='ocrx_word' id='word_1_619' title='bbox 777 4736 876 4785; x_wconf 88' lang='lat' dir='ltr'>xv,</span> <span class='ocrx_word' id='word_1_620' title='bbox 909 4718 983 4786; x_wconf 91' lang='lat'>9).</span> <span class='ocrx_word' id='word_1_621' title='bbox 1035 4716 1189 4783; x_wconf 89' lang='lat' dir='ltr'>Quid</span> <span class='ocrx_word' id='word_1_622' title='bbox 1219 4730 1361 4785; x_wconf 91' lang='lat' dir='ltr'>ergo</span> <span class='ocrx_word' id='word_1_623' title='bbox 1392 4714 1466 4770; x_wconf 92' lang='lat' dir='ltr'>de</span> <span class='ocrx_word' id='word_1_624' title='bbox 1492 4711 1668 4769; x_wconf 90' lang='lat' dir='ltr'>nobis</span> <span class='ocrx_word' id='word_1_625' title='bbox 1700 4726 1944 4768; x_wconf 88' lang='lat' dir='ltr'>censen-</span> 
     </span>
    </p>
   </div>
   <div class='ocr_carea' id='block_1_83' title="bbox 279 4806 1947 4883">
    <p class='ocr_par' dir='ltr' id='par_1_83' title="bbox 279 4806 1947 4883">
     <span class='ocr_line' id='line_1_83' title="bbox 279 4806 1947 4883; baseline -0.006 -16"><span class='ocrx_word' id='word_1_626' title='bbox 279 4811 434 4867; x_wconf 88' lang='lat' dir='ltr'>dum</span> <span class='ocrx_word' id='word_1_627' title='bbox 463 4816 568 4878; x_wconf 91' lang='lat' dir='ltr'>est,</span> <span class='ocrx_word' id='word_1_628' title='bbox 595 4811 700 4883; x_wconf 92' lang='lat' dir='ltr'>qui</span> <span class='ocrx_word' id='word_1_629' title='bbox 722 4824 906 4881; x_wconf 89' lang='lat' dir='ltr'>supra</span> <span class='ocrx_word' id='word_1_630' title='bbox 937 4806 1189 4863; x_wconf 90' lang='lat' dir='ltr'>modum</span> <span class='ocrx_word' id='word_1_631' title='bbox 1214 4810 1558 4879; x_wconf 88' lang='lat' dir='ltr'>peccatores</span> <span class='ocrx_word' id='word_1_632' title='bbox 1608 4819 1838 4864; x_wconf 89' lang='lat' dir='ltr'>sumus,</span> <span class='ocrx_word' id='word_1_633' title='bbox 1889 4806 1947 4858; x_wconf 91' lang='lat' dir='ltr'>et</span> 
     </span>
    </p>
   </div>
   <div class='ocr_carea' id='block_1_84' title="bbox 280 4891 1944 4970">
    <p class='ocr_par' dir='ltr' id='par_1_84' title="bbox 280 4891 1944 4970">
     <span class='ocr_line' id='line_1_84' title="bbox 280 4891 1944 4970; baseline -0.007 -13"><span class='ocrx_word' id='word_1_634' title='bbox 280 4899 496 4957; x_wconf 89' lang='lat' dir='ltr'>laudes</span> <span class='ocrx_word' id='word_1_635' title='bbox 552 4901 681 4970; x_wconf 90' lang='lat' dir='ltr'>ejus</span> <span class='ocrx_word' id='word_1_636' title='bbox 739 4903 1028 4954; x_wconf 87' lang='lat' dir='ltr'>attentare</span> <span class='ocrx_word' id='word_1_637' title='bbox 1077 4894 1522 4969; x_wconf 67' lang='lat' dir='ltr'>praesuminus?</span> <span class='ocrx_word' id='word_1_638' title='bbox 1574 4892 1688 4949; x_wconf 89' lang='lat' dir='ltr'>Sed</span> <span class='ocrx_word' id='word_1_639' title='bbox 1730 4891 1944 4947; x_wconf 60' lang='lat' dir='ltr'>divinae</span> 
     </span>
    </p>
   </div>
   <div class='ocr_carea' id='block_1_85' title="bbox 280 4980 1947 5063">
    <p class='ocr_par' dir='ltr' id='par_1_85' title="bbox 280 4980 1947 5063">
     <span class='ocr_line' id='line_1_85' title="bbox 280 4980 1947 5063; baseline -0.005 -18"><span class='ocrx_word' id='word_1_640' title='bbox 280 4988 520 5063; x_wconf 88' lang='lat' dir='ltr'>pietatis</span> <span class='ocrx_word' id='word_1_641' title='bbox 551 4988 788 5044; x_wconf 89' lang='lat' dir='ltr'>divitias</span> <span class='ocrx_word' id='word_1_642' title='bbox 814 4985 1204 5049; x_wconf 84' lang='lat' dir='ltr'>attendentes,</span> <span class='ocrx_word' id='word_1_643' title='bbox 1229 4983 1302 5039; x_wconf 91' lang='lat' dir='ltr'>de</span> <span class='ocrx_word' id='word_1_644' title='bbox 1332 4981 1602 5054; x_wconf 89' lang='lat' dir='ltr'>ejusdem</span> <span class='ocrx_word' id='word_1_645' title='bbox 1634 4980 1947 5051; x_wconf 90' lang='lat' dir='ltr'>indulgen-</span> 
     </span>
    </p>
   </div>
   <div class='ocr_carea' id='block_1_86' title="bbox 279 5071 1672 5150">
    <p class='ocr_par' dir='ltr' id='par_1_86' title="bbox 279 5071 1672 5150">
     <span class='ocr_line' id='line_1_86' title="bbox 279 5071 1672 5150; baseline -0.007 -16"><span class='ocrx_word' id='word_1_646' title='bbox 279 5077 497 5134; x_wconf 90' lang='lat' dir='ltr'>tissimi</span> <span class='ocrx_word' id='word_1_647' title='bbox 525 5076 763 5150; x_wconf 90' lang='lat' dir='ltr'>patroni</span> <span class='ocrx_word' id='word_1_648' title='bbox 793 5072 1203 5131; x_wconf 89' lang='lat' dir='ltr'>misericordia</span> <span class='ocrx_word' id='word_1_649' title='bbox 1226 5071 1672 5145; x_wconf 63' lang='lat' dir='ltr'>praesumimus.</span> 
     </span>
    </p>
   </div>
   <div class='ocr_carea' id='block_1_87' title="bbox 364 5160 1949 5240">
    <p class='ocr_par' dir='ltr' id='par_1_87' title="bbox 364 5160 1949 5240">
     <span class='ocr_line' id='line_1_87' title="bbox 364 5160 1949 5240; baseline -0.008 -13"><span class='ocrx_word' id='word_1_650' title='bbox 364 5167 624 5240; x_wconf 90' lang='lat' dir='ltr'>Denique</span> <span class='ocrx_word' id='word_1_651' title='bbox 648 5166 862 5223; x_wconf 91' lang='lat' dir='ltr'>eadem</span> <span class='ocrx_word' id='word_1_652' title='bbox 894 5163 1214 5236; x_wconf 88' lang='lat' dir='ltr'>Scriptura,</span> <span class='ocrx_word' id='word_1_653' title='bbox 1237 5177 1374 5233; x_wconf 66' lang='lat' dir='ltr'>quae</span> <span class='ocrx_word' id='word_1_654' title='bbox 1400 5160 1461 5215; x_wconf 95' lang='lat' dir='ltr'>in</span> <span class='ocrx_word' id='word_1_655' title='bbox 1480 5174 1741 5231; x_wconf 88' lang='lat' dir='ltr'>persona</span> <span class='ocrx_word' id='word_1_656' title='bbox 1757 5160 1949 5230; x_wconf 88' lang='lat' dir='ltr'>justo-</span> 
     </span>
    </p>
   </div>
   <div class='ocr_carea' id='block_1_88' title="bbox 282 5247 1948 5319">
    <p class='ocr_par' dir='ltr' id='par_1_88' title="bbox 282 5247 1948 5319">
     <span class='ocr_line' id='line_1_88' title="bbox 282 5247 1948 5319; baseline -0.006 -5"><span class='ocrx_word' id='word_1_657' title='bbox 282 5274 422 5314; x_wconf 89' lang='lat' dir='ltr'>rum</span> <span class='ocrx_word' id='word_1_658' title='bbox 452 5257 591 5312; x_wconf 89' lang='lat' dir='ltr'>dicit</span> <span class='ocrx_word' id='word_1_659' title='bbox 617 5274 630 5312; x_wconf 88' lang='lat'>:</span> <span class='ocrx_word' id='word_1_660' title='bbox 661 5255 937 5312; x_wconf 83' lang='lat' dir='ltr'>Laudent</span> <span class='ocrx_word' id='word_1_661' title='bbox 963 5267 1095 5309; x_wconf 87' lang='lat' dir='ltr'>eum</span> <span class='ocrx_word' id='word_1_662' title='bbox 1126 5251 1279 5318; x_wconf 73' lang='lat' dir='ltr'>coeli,</span> <span class='ocrx_word' id='word_1_663' title='bbox 1328 5264 1470 5304; x_wconf 87' lang='lat' dir='ltr'>mox</span> <span class='ocrx_word' id='word_1_664' title='bbox 1514 5247 1843 5319; x_wconf 90' lang='lat' dir='ltr'>subjungit,</span> <span class='ocrx_word' id='word_1_665' title='bbox 1892 5253 1948 5304; x_wconf 90' lang='lat' dir='ltr'>et</span> 
     </span>
    </p>
   </div>
   <div class='ocr_carea' id='block_1_89' title="bbox 286 5337 1944 5417">
    <p class='ocr_par' dir='ltr' id='par_1_89' title="bbox 286 5337 1944 5417">
     <span class='ocr_line' id='line_1_89' title="bbox 286 5337 1944 5417; baseline -0.007 -12"><span class='ocrx_word' id='word_1_666' title='bbox 286 5354 453 5405; x_wconf 80' lang='lat' dir='ltr'>terra</span> <span class='ocrx_word' id='word_1_667' title='bbox 479 5348 662 5417; x_wconf 86' lang='lat' dir='ltr'>(Psal.</span> <span class='ocrx_word' id='word_1_668' title='bbox 697 5361 892 5416; x_wconf 81' lang='lat' dir='ltr'>LXVIII,</span> <span class='ocrx_word' id='word_1_669' title='bbox 918 5347 1009 5409; x_wconf 80' lang='lat'>35)</span> <span class='ocrx_word' id='word_1_670' title='bbox 1033 5359 1045 5396; x_wconf 88' lang='lat'>:</span> <span class='ocrx_word' id='word_1_671' title='bbox 1065 5357 1139 5396; x_wconf 91' lang='lat' dir='ltr'>ne</span> <span class='ocrx_word' id='word_1_672' title='bbox 1169 5343 1513 5413; x_wconf 88' lang='lat' dir='ltr'>peccatores</span> <span class='ocrx_word' id='word_1_673' title='bbox 1538 5337 1944 5409; x_wconf 89' lang='lat' dir='ltr'>desperarent.</span> 
     </span>
    </p>
   </div>
   <div class='ocr_carea' id='block_1_90' title="bbox 285 5425 1945 5497">
    <p class='ocr_par' dir='ltr' id='par_1_90' title="bbox 285 5425 1945 5497">
     <span class='ocr_line' id='line_1_90' title="bbox 285 5425 1945 5497; baseline -0.008 -3"><span class='ocrx_word' id='word_1_674' title='bbox 285 5441 436 5495; x_wconf 87' lang='lat' dir='ltr'>Nam</span> <span class='ocrx_word' id='word_1_675' title='bbox 468 5436 621 5493; x_wconf 92' lang='lat' dir='ltr'>adeo</span> <span class='ocrx_word' id='word_1_676' title='bbox 652 5432 1122 5491; x_wconf 89' lang='lat' dir='ltr'>misericordiam</span> <span class='ocrx_word' id='word_1_677' title='bbox 1153 5446 1326 5486; x_wconf 88' lang='lat' dir='ltr'>suam</span> <span class='ocrx_word' id='word_1_678' title='bbox 1376 5431 1528 5484; x_wconf 91' lang='lat' dir='ltr'>Deus</span> <span class='ocrx_word' id='word_1_679' title='bbox 1571 5425 1945 5497; x_wconf 89' lang='lat' dir='ltr'>multiplicat,</span> 
     </span>
    </p>
   </div>
   <div class='ocr_carea' id='block_1_91' title="bbox 286 5513 1944 5589">
    <p class='ocr_par' dir='ltr' id='par_1_91' title="bbox 286 5513 1944 5589">
     <span class='ocr_line' id='line_1_91' title="bbox 286 5513 1944 5589; baseline -0.008 -6"><span class='ocrx_word' id='word_1_680' title='bbox 286 5532 355 5583; x_wconf 92' lang='lat' dir='ltr'>ut</span> <span class='ocrx_word' id='word_1_681' title='bbox 380 5542 503 5582; x_wconf 92' lang='lat' dir='ltr'>non</span> <span class='ocrx_word' id='word_1_682' title='bbox 526 5525 721 5581; x_wconf 89' lang='lat' dir='ltr'>solum</span> <span class='ocrx_word' id='word_1_683' title='bbox 749 5523 1046 5589; x_wconf 89' lang='lat' dir='ltr'>homines,</span> <span class='ocrx_word' id='word_1_684' title='bbox 1090 5519 1197 5574; x_wconf 91' lang='lat' dir='ltr'>sed</span> <span class='ocrx_word' id='word_1_685' title='bbox 1227 5518 1407 5574; x_wconf 90' lang='lat' dir='ltr'>etiam</span> <span class='ocrx_word' id='word_1_686' title='bbox 1430 5517 1709 5587; x_wconf 91' lang='lat' dir='ltr'>jumenta</span> <span class='ocrx_word' id='word_1_687' title='bbox 1737 5513 1944 5571; x_wconf 89' lang='lat' dir='ltr'>salvet.</span> 
     </span>
    </p>
   </div>
   <div class='ocr_carea' id='block_1_92' title="bbox 290 5602 1952 5689">
    <p class='ocr_par' dir='ltr' id='par_1_92' title="bbox 290 5602 1952 5689">
     <span class='ocr_line' id='line_1_92' title="bbox 290 5602 1952 5689; baseline -0.008 -15"><span class='ocrx_word' id='word_1_688' title='bbox 290 5619 444 5689; x_wconf 76' lang='lat' dir='ltr'>Ergo</span> <span class='ocrx_word' id='word_1_689' title='bbox 473 5619 529 5683; x_wconf 72' lang='lat' dir='ltr'>et</span> <span class='ocrx_word' id='word_1_690' title='bbox 552 5630 687 5685; x_wconf 88' lang='lat' dir='ltr'>nos,</span> <span class='ocrx_word' id='word_1_691' title='bbox 717 5614 794 5683; x_wconf 72' lang='lat' dir='ltr'>de</span> <span class='ocrx_word' id='word_1_692' title='bbox 823 5610 1095 5686; x_wconf 85' lang='lat' dir='ltr'>ejusdem</span> <span class='ocrx_word' id='word_1_693' title='bbox 1142 5607 1331 5685; x_wconf 88' lang='lat' dir='ltr'>patris</span> <span class='ocrx_word' id='word_1_694' title='bbox 1374 5604 1575 5679; x_wconf 84' lang='lat' dir='ltr'>laude,</span> <span class='ocrx_word' id='word_1_695' title='bbox 1623 5603 1760 5662; x_wconf 85' lang='lat' dir='ltr'>licet</span> <span class='ocrx_word' id='word_1_696' title='bbox 1802 5602 1952 5662; x_wconf 90' lang='lat' dir='ltr'>indi-</span> 
     </span>
    </p>
   </div>
   <div class='ocr_carea' id='block_1_93' title="bbox 2055 3021 3722 3094">
    <p class='ocr_par' dir='ltr' id='par_1_93' title="bbox 2055 3021 3722 3094">
     <span class='ocr_line' id='line_1_93' title="bbox 2055 3021 3722 3094; baseline 0.005 -17"><span class='ocrx_word' id='word_1_697' title='bbox 2055 3022 2166 3078; x_wconf 91' lang='lat' dir='ltr'>dos</span> <span class='ocrx_word' id='word_1_698' title='bbox 2222 3021 2301 3077; x_wconf 90' lang='lat' dir='ltr'>ad</span> <span class='ocrx_word' id='word_1_699' title='bbox 2347 3024 2691 3079; x_wconf 90' lang='lat' dir='ltr'>convivium</span> <span class='ocrx_word' id='word_1_700' title='bbox 2742 3040 2925 3080; x_wconf 91' lang='lat' dir='ltr'>suum</span> <span class='ocrx_word' id='word_1_701' title='bbox 2975 3025 3257 3094; x_wconf 88' lang='lat' dir='ltr'>dignatus</span> <span class='ocrx_word' id='word_1_702' title='bbox 3304 3028 3394 3079; x_wconf 91' lang='lat' dir='ltr'>est</span> <span class='ocrx_word' id='word_1_703' title='bbox 3428 3027 3722 3085; x_wconf 80' lang='lat' dir='ltr'>asciscere</span> 
     </span>
    </p>
   </div>
   <div class='ocr_carea' id='block_1_94' title="bbox 2055 3113 3723 3189">
    <p class='ocr_par' dir='ltr' id='par_1_94' title="bbox 2055 3113 3723 3189">
     <span class='ocr_line' id='line_1_94' title="bbox 2055 3113 3723 3189; baseline 0.004 -22"><span class='ocrx_word' id='word_1_704' title='bbox 2055 3114 2221 3178; x_wconf 86' lang='lat' dir='ltr'>(Luc.</span> <span class='ocrx_word' id='word_1_705' title='bbox 2253 3127 2378 3182; x_wconf 74' lang='lat' dir='ltr'>xxv,</span> <span class='ocrx_word' id='word_1_706' title='bbox 2417 3115 2524 3184; x_wconf 82' lang='lat' dir='ltr'>l3).</span> <span class='ocrx_word' id='word_1_707' title='bbox 2560 3115 2713 3168; x_wconf 89' lang='lat' dir='ltr'>Bene</span> <span class='ocrx_word' id='word_1_708' title='bbox 2744 3128 2888 3184; x_wconf 88' lang='lat' dir='ltr'>ergo</span> <span class='ocrx_word' id='word_1_709' title='bbox 2916 3114 3235 3170; x_wconf 90' lang='lat' dir='ltr'>nobiscum</span> <span class='ocrx_word' id='word_1_710' title='bbox 3280 3113 3499 3183; x_wconf 87' lang='lat' dir='ltr'>agitur,</span> <span class='ocrx_word' id='word_1_711' title='bbox 3555 3117 3723 3189; x_wconf 87' lang='lat' dir='ltr'>quod</span> 
     </span>
    </p>
   </div>
   <div class='ocr_carea' id='block_1_95' title="bbox 2053 3200 3719 3273">
    <p class='ocr_par' dir='ltr' id='par_1_95' title="bbox 2053 3200 3719 3273">
     <span class='ocr_line' id='line_1_95' title="bbox 2053 3200 3719 3273; baseline 0.004 -17"><span class='ocrx_word' id='word_1_712' title='bbox 2053 3200 2215 3256; x_wconf 86' lang='lat' dir='ltr'>idem</span> <span class='ocrx_word' id='word_1_713' title='bbox 2240 3200 2672 3273; x_wconf 86' lang='lat' dir='ltr'>paterfamilias</span> <span class='ocrx_word' id='word_1_714' title='bbox 2698 3217 2810 3256; x_wconf 86' lang='lat' dir='ltr'>nos</span> <span class='ocrx_word' id='word_1_715' title='bbox 2832 3202 2957 3258; x_wconf 89' lang='lat' dir='ltr'>suis</span> <span class='ocrx_word' id='word_1_716' title='bbox 2975 3200 3279 3259; x_wconf 91' lang='lat' dir='ltr'>solemniis</span> <span class='ocrx_word' id='word_1_717' title='bbox 3294 3200 3580 3261; x_wconf 90' lang='lat' dir='ltr'>interesse</span> <span class='ocrx_word' id='word_1_718' title='bbox 3594 3219 3719 3262; x_wconf 91' lang='lat' dir='ltr'>non</span> 
     </span>
    </p>
   </div>
   <div class='ocr_carea' id='block_1_96' title="bbox 2052 3289 3720 3363">
    <p class='ocr_par' dir='ltr' id='par_1_96' title="bbox 2052 3289 3720 3363">
     <span class='ocr_line' id='line_1_96' title="bbox 2052 3289 3720 3363; baseline 0.004 -19"><span class='ocrx_word' id='word_1_719' title='bbox 2052 3289 2432 3356; x_wconf 80' lang='lat' dir='ltr'>dedignatur.</span> <span class='ocrx_word' id='word_1_720' title='bbox 2468 3292 2511 3348; x_wconf 92' lang='grc' dir='ltr'><strong>Ο</strong></span> <span class='ocrx_word' id='word_1_721' title='bbox 2538 3291 2751 3363; x_wconf 90' lang='lat' dir='ltr'>quanti</span> <span class='ocrx_word' id='word_1_722' title='bbox 2779 3297 2919 3348; x_wconf 90' lang='lat' dir='ltr'>sunt</span> <span class='ocrx_word' id='word_1_723' title='bbox 2963 3292 3141 3347; x_wconf 89' lang='lat' dir='ltr'>etiam</span> <span class='ocrx_word' id='word_1_724' title='bbox 3195 3290 3258 3346; x_wconf 92' lang='lat' dir='ltr'>in</span> <span class='ocrx_word' id='word_1_725' title='bbox 3302 3292 3720 3351; x_wconf 86' lang='lat' dir='ltr'>remotissimis</span> 
     </span>
    </p>
   </div>
   <div class='ocr_carea' id='block_1_97' title="bbox 2050 3374 3721 3452">
    <p class='ocr_par' dir='ltr' id='par_1_97' title="bbox 2050 3374 3721 3452">
     <span class='ocr_line' id='line_1_97' title="bbox 2050 3374 3721 3452; baseline 0.005 -20"><span class='ocrx_word' id='word_1_726' title='bbox 2050 3381 2217 3433; x_wconf 89' lang='lat' dir='ltr'>trans</span> <span class='ocrx_word' id='word_1_727' title='bbox 2245 3374 2441 3435; x_wconf 85' lang='lat' dir='ltr'>maria</span> <span class='ocrx_word' id='word_1_728' title='bbox 2465 3378 2832 3448; x_wconf 87' lang='lat' dir='ltr'>regionibus,</span> <span class='ocrx_word' id='word_1_729' title='bbox 2879 3379 2986 3452; x_wconf 92' lang='lat' dir='ltr'>qui</span> <span class='ocrx_word' id='word_1_730' title='bbox 3032 3383 3341 3452; x_wconf 86' lang='lat' dir='ltr'>tantopere</span> <span class='ocrx_word' id='word_1_731' title='bbox 3387 3380 3721 3451; x_wconf 88' lang='lat' dir='ltr'>gauderent</span> 
     </span>
    </p>
   </div>
   <div class='ocr_carea' id='block_1_98' title="bbox 2051 3466 3718 3538">
    <p class='ocr_par' dir='ltr' id='par_1_98' title="bbox 2051 3466 3718 3538">
     <span class='ocr_line' id='line_1_98' title="bbox 2051 3466 3718 3538; baseline 0.004 -17"><span class='ocrx_word' id='word_1_732' title='bbox 2051 3466 2101 3522; x_wconf 91' lang='lat' dir='ltr'>si</span> <span class='ocrx_word' id='word_1_733' title='bbox 2127 3466 2210 3522; x_wconf 92' lang='lat' dir='ltr'>eis</span> <span class='ocrx_word' id='word_1_734' title='bbox 2237 3466 2332 3522; x_wconf 90' lang='lat' dir='ltr'>vel</span> <span class='ocrx_word' id='word_1_735' title='bbox 2363 3467 2548 3524; x_wconf 90' lang='lat' dir='ltr'>semel</span> <span class='ocrx_word' id='word_1_736' title='bbox 2568 3466 2648 3523; x_wconf 89' lang='lat' dir='ltr'>ad</span> <span class='ocrx_word' id='word_1_737' title='bbox 2668 3468 2717 3538; x_wconf 91' lang='lat' dir='ltr'>ej</span> <span class='ocrx_word' id='word_1_738' title='bbox 2730 3483 2797 3522; x_wconf 91' lang='lat' dir='ltr'>us</span> <span class='ocrx_word' id='word_1_739' title='bbox 2814 3482 3054 3524; x_wconf 89' lang='lat' dir='ltr'>sacrum</span> <span class='ocrx_word' id='word_1_740' title='bbox 3069 3467 3370 3524; x_wconf 89' lang='lat' dir='ltr'>tumulum</span> <span class='ocrx_word' id='word_1_741' title='bbox 3392 3471 3718 3528; x_wconf 77' lang='lat' dir='ltr'>accedendi</span> 
     </span>
    </p>
   </div>
   <div class='ocr_carea' id='block_1_99' title="bbox 2048 3554 3718 3629">
    <p class='ocr_par' dir='ltr' id='par_1_99' title="bbox 2048 3554 3718 3629">
     <span class='ocr_line' id='line_1_99' title="bbox 2048 3554 3718 3629; baseline 0.004 -18"><span class='ocrx_word' id='word_1_742' title='bbox 2048 3554 2413 3629; x_wconf 89' lang='lat' dir='ltr'>possibilitas</span> <span class='ocrx_word' id='word_1_743' title='bbox 2444 3562 2597 3613; x_wconf 90' lang='lat' dir='ltr'>esset</span> <span class='ocrx_word' id='word_1_744' title='bbox 2625 3557 2637 3612; x_wconf 83' lang='lat' dir='ltr'>t</span> <span class='ocrx_word' id='word_1_745' title='bbox 2668 3556 2833 3613; x_wconf 94' lang='lat' dir='ltr'>Unde</span> <span class='ocrx_word' id='word_1_746' title='bbox 2859 3557 3041 3615; x_wconf 91' lang='lat' dir='ltr'>etiam</span> <span class='ocrx_word' id='word_1_747' title='bbox 3088 3557 3600 3616; x_wconf 90' lang='lat' dir='ltr'>considerandum</span> <span class='ocrx_word' id='word_1_748' title='bbox 3628 3562 3718 3618; x_wconf 85' lang='lat' dir='ltr'>est</span> 
     </span>
    </p>
   </div>
   <div class='ocr_carea' id='block_1_100' title="bbox 2048 3644 3714 3722">
    <p class='ocr_par' dir='ltr' id='par_1_100' title="bbox 2048 3644 3714 3722">
     <span class='ocr_line' id='line_1_100' title="bbox 2048 3644 3714 3722; baseline 0.005 -23"><span class='ocrx_word' id='word_1_749' title='bbox 2048 3644 2199 3717; x_wconf 91' lang='lat' dir='ltr'>quid</span> <span class='ocrx_word' id='word_1_750' title='bbox 2251 3660 2289 3700; x_wconf 90' lang='lat' dir='ltr'>a</span> <span class='ocrx_word' id='word_1_751' title='bbox 2331 3648 2452 3702; x_wconf 92' lang='lat' dir='ltr'>Deo</span> <span class='ocrx_word' id='word_1_752' title='bbox 2503 3646 2680 3703; x_wconf 91' lang='lat' dir='ltr'>nobis</span> <span class='ocrx_word' id='word_1_753' title='bbox 2732 3646 3027 3704; x_wconf 91' lang='lat' dir='ltr'>donatum</span> <span class='ocrx_word' id='word_1_754' title='bbox 3072 3647 3165 3704; x_wconf 84' lang='lat' dir='ltr'>sit.</span> <span class='ocrx_word' id='word_1_755' title='bbox 3210 3650 3291 3703; x_wconf 88' lang='lat' dir='ltr'>Ne</span> <span class='ocrx_word' id='word_1_756' title='bbox 3328 3648 3478 3706; x_wconf 84' lang='lat' dir='ltr'>forte</span> <span class='ocrx_word' id='word_1_757' title='bbox 3507 3649 3557 3706; x_wconf 89' lang='lat' dir='ltr'>si</span> <span class='ocrx_word' id='word_1_758' title='bbox 3581 3653 3714 3722; x_wconf 66' lang='lat' dir='ltr'>eius</span> 
     </span>
    </p>
   </div>
   <div class='ocr_carea' id='block_1_101' title="bbox 2048 3735 3716 3810">
    <p class='ocr_par' dir='ltr' id='par_1_101' title="bbox 2048 3735 3716 3810">
     <span class='ocr_line' id='line_1_101' title="bbox 2048 3735 3716 3810; baseline 0.005 -20"><span class='ocrx_word' id='word_1_759' title='bbox 2048 3735 2429 3808; x_wconf 71' lang='lat' dir='ltr'>praesentiam</span> <span class='ocrx_word' id='word_1_760' title='bbox 2458 3736 2662 3792; x_wconf 90' lang='lat' dir='ltr'>minus</span> <span class='ocrx_word' id='word_1_761' title='bbox 2690 3742 3028 3793; x_wconf 90' lang='lat' dir='ltr'>reverenter</span> <span class='ocrx_word' id='word_1_762' title='bbox 3055 3738 3441 3810; x_wconf 90' lang='lat' dir='ltr'>senserimus,</span> <span class='ocrx_word' id='word_1_763' title='bbox 3488 3745 3591 3797; x_wconf 89' lang='lat' dir='ltr'>aut</span> <span class='ocrx_word' id='word_1_764' title='bbox 3629 3742 3716 3797; x_wconf 58' lang='lat' dir='ltr'>ina</span> 
     </span>
    </p>
   </div>
   <div class='ocr_carea' id='block_1_102' title="bbox 2049 3822 3715 3899">
    <p class='ocr_par' dir='ltr' id='par_1_102' title="bbox 2049 3822 3715 3899">
     <span class='ocr_line' id='line_1_102' title="bbox 2049 3822 3715 3899; baseline 0.005 -22"><span class='ocrx_word' id='word_1_765' title='bbox 2049 3822 2204 3878; x_wconf 80' lang='lat' dir='ltr'>tecto</span> <span class='ocrx_word' id='word_1_766' title='bbox 2233 3822 2436 3893; x_wconf 89' lang='lat' dir='ltr'>corde,</span> <span class='ocrx_word' id='word_1_767' title='bbox 2469 3823 2639 3896; x_wconf 91' lang='lat' dir='ltr'>quod</span> <span class='ocrx_word' id='word_1_768' title='bbox 2669 3823 2845 3894; x_wconf 89' lang='lat' dir='ltr'>absit,</span> <span class='ocrx_word' id='word_1_769' title='bbox 2896 3824 2957 3880; x_wconf 92' lang='lat' dir='ltr'>in</span> <span class='ocrx_word' id='word_1_770' title='bbox 2993 3830 3320 3896; x_wconf 89' lang='lat' dir='ltr'>conspectu</span> <span class='ocrx_word' id='word_1_771' title='bbox 3370 3828 3501 3899; x_wconf 87' lang='lat' dir='ltr'>ejus</span> <span class='ocrx_word' id='word_1_772' title='bbox 3541 3828 3715 3885; x_wconf 89' lang='lat' dir='ltr'>vacui</span> 
     </span>
    </p>
   </div>
   <div class='ocr_carea' id='block_1_103' title="bbox 2051 3909 3714 3985">
    <p class='ocr_par' dir='ltr' id='par_1_103' title="bbox 2051 3909 3714 3985">
     <span class='ocr_line' id='line_1_103' title="bbox 2051 3909 3714 3985; baseline 0.003 -18"><span class='ocrx_word' id='word_1_773' title='bbox 2051 3909 2416 3979; x_wconf 89' lang='lat' dir='ltr'>venerimus,</span> <span class='ocrx_word' id='word_1_774' title='bbox 2443 3912 2605 3968; x_wconf 90' lang='lat' dir='ltr'>dicat</span> <span class='ocrx_word' id='word_1_775' title='bbox 2631 3911 2760 3984; x_wconf 90' lang='lat' dir='ltr'>ipse</span> <span class='ocrx_word' id='word_1_776' title='bbox 2789 3912 3206 3985; x_wconf 88' lang='lat' dir='ltr'>propheticum</span> <span class='ocrx_word' id='word_1_777' title='bbox 3235 3912 3383 3970; x_wconf 88' lang='lat' dir='ltr'>illud</span> <span class='ocrx_word' id='word_1_778' title='bbox 3410 3932 3425 3970; x_wconf 90' lang='lat'><strong>:</strong></span> <span class='ocrx_word' id='word_1_779' title='bbox 3453 3917 3586 3972; x_wconf 79' lang='lat' dir='ltr'>Non</span> <span class='ocrx_word' id='word_1_780' title='bbox 3626 3922 3714 3972; x_wconf 90' lang='lat' dir='ltr'>est</span> 
     </span>
    </p>
   </div>
   <div class='ocr_carea' id='block_1_104' title="bbox 2050 4001 3708 4073">
    <p class='ocr_par' dir='ltr' id='par_1_104' title="bbox 2050 4001 3708 4073">
     <span class='ocr_line' id='line_1_104' title="bbox 2050 4001 3708 4073; baseline 0.003 -17"><span class='ocrx_word' id='word_1_781' title='bbox 2050 4001 2257 4056; x_wconf 83' lang='lat' dir='ltr'>anima</span> <span class='ocrx_word' id='word_1_782' title='bbox 2281 4015 2413 4056; x_wconf 90' lang='lat' dir='ltr'>mea</span> <span class='ocrx_word' id='word_1_783' title='bbox 2441 4001 2523 4057; x_wconf 84' lang='lat' dir='ltr'>ad</span> <span class='ocrx_word' id='word_1_784' title='bbox 2537 4002 2835 4073; x_wconf 75' lang='lat' dir='ltr'>populum</span> <span class='ocrx_word' id='word_1_785' title='bbox 2852 4002 3032 4056; x_wconf 85' lang='lat' dir='ltr'>istum</span> <span class='ocrx_word' id='word_1_786' title='bbox 3048 4002 3214 4071; x_wconf 87' lang='lat' dir='ltr'>(Ista.</span> <span class='ocrx_word' id='word_1_787' title='bbox 3230 4017 3327 4066; x_wconf 87' lang='lat' dir='ltr'>xv,</span> <span class='ocrx_word' id='word_1_788' title='bbox 3349 4007 3399 4068; x_wconf 81' lang='lat' dir='ltr'>t)</span> <span class='ocrx_word' id='word_1_789' title='bbox 3417 4018 3431 4071; x_wconf 87' lang='lat'><strong>;</strong></span> <span class='ocrx_word' id='word_1_790' title='bbox 3448 4007 3507 4060; x_wconf 85' lang='lat' dir='ltr'>et</span> <span class='ocrx_word' id='word_1_791' title='bbox 3527 4004 3669 4059; x_wconf 85' lang='lat' dir='ltr'>item</span> <span class='ocrx_word' id='word_1_792' title='bbox 3693 4021 3708 4061; x_wconf 84' lang='lat'><strong>:</strong></span> 
     </span>
    </p>
   </div>
   <div class='ocr_carea' id='block_1_105' title="bbox 2050 4090 3711 4161">
    <p class='ocr_par' dir='ltr' id='par_1_105' title="bbox 2050 4090 3711 4161">
     <span class='ocr_line' id='line_1_105' title="bbox 2050 4090 3711 4161; baseline 0.002 -17"><span class='ocrx_word' id='word_1_793' title='bbox 2050 4090 2250 4157; x_wconf 81' lang='lat' dir='ltr'>Prope</span> <span class='ocrx_word' id='word_1_794' title='bbox 2268 4102 2327 4144; x_wconf 89' lang='lat' dir='ltr'>es</span> <span class='ocrx_word' id='word_1_795' title='bbox 2354 4094 2419 4143; x_wconf 88' lang='lat' dir='ltr'>tu</span> <span class='ocrx_word' id='word_1_796' title='bbox 2444 4090 2538 4145; x_wconf 81' lang='lat' dir='ltr'>ori</span> <span class='ocrx_word' id='word_1_797' title='bbox 2565 4104 2791 4158; x_wconf 87' lang='lat' dir='ltr'>eorum,</span> <span class='ocrx_word' id='word_1_798' title='bbox 2827 4094 2884 4145; x_wconf 90' lang='lat' dir='ltr'>et</span> <span class='ocrx_word' id='word_1_799' title='bbox 2927 4091 3104 4161; x_wconf 84' lang='lat' dir='ltr'>longe</span> <span class='ocrx_word' id='word_1_800' title='bbox 3149 4105 3186 4146; x_wconf 92' lang='lat' dir='ltr'>a</span> <span class='ocrx_word' id='word_1_801' title='bbox 3224 4091 3467 4148; x_wconf 83' lang='lat' dir='ltr'>renibus</span> <span class='ocrx_word' id='word_1_802' title='bbox 3508 4106 3711 4149; x_wconf 85' lang='lat' dir='ltr'>eorum</span> 
     </span>
    </p>
   </div>
   <div class='ocr_carea' id='block_1_106' title="bbox 2055 4176 3715 4251">
    <p class='ocr_par' dir='ltr' id='par_1_106' title="bbox 2055 4176 3715 4251">
     <span class='ocr_line' id='line_1_106' title="bbox 2055 4176 3715 4251; baseline 0.003 -20"><span class='ocrx_word' id='word_1_803' title='bbox 2055 4177 2196 4248; x_wconf 87' lang='lat' dir='ltr'>(Jer.</span> <span class='ocrx_word' id='word_1_804' title='bbox 2223 4192 2327 4243; x_wconf 86' lang='lat' dir='ltr'>xu,</span> <span class='ocrx_word' id='word_1_805' title='bbox 2355 4176 2436 4247; x_wconf 87' lang='lat'>2).</span> <span class='ocrx_word' id='word_1_806' title='bbox 2463 4180 2781 4248; x_wconf 89' lang='lat' dir='ltr'>Propterea</span> <span class='ocrx_word' id='word_1_807' title='bbox 2809 4193 2951 4233; x_wconf 90' lang='lat' dir='ltr'>cum</span> <span class='ocrx_word' id='word_1_808' title='bbox 2979 4178 3058 4234; x_wconf 90' lang='lat' dir='ltr'>ad</span> <span class='ocrx_word' id='word_1_809' title='bbox 3087 4177 3434 4251; x_wconf 88' lang='lat' dir='ltr'>exemplum</span> <span class='ocrx_word' id='word_1_810' title='bbox 3458 4193 3715 4250; x_wconf 85' lang='lat' dir='ltr'>evange-</span> 
     </span>
    </p>
   </div>
   <div class='ocr_carea' id='block_1_107' title="bbox 2051 4263 3710 4335">
    <p class='ocr_par' dir='ltr' id='par_1_107' title="bbox 2051 4263 3710 4335">
     <span class='ocr_line' id='line_1_107' title="bbox 2051 4263 3710 4335; baseline 0.003 -16"><span class='ocrx_word' id='word_1_811' title='bbox 2051 4264 2147 4320; x_wconf 91' lang='lat' dir='ltr'>lici</span> <span class='ocrx_word' id='word_1_812' title='bbox 2171 4263 2328 4319; x_wconf 90' lang='lat' dir='ltr'>illius</span> <span class='ocrx_word' id='word_1_813' title='bbox 2348 4264 2504 4335; x_wconf 86' lang='lat' dir='ltr'>regis</span> <span class='ocrx_word' id='word_1_814' title='bbox 2533 4263 2862 4335; x_wconf 88' lang='lat' dir='ltr'>intraverit,</span> <span class='ocrx_word' id='word_1_815' title='bbox 2893 4270 2959 4321; x_wconf 91' lang='lat' dir='ltr'>ut</span> <span class='ocrx_word' id='word_1_816' title='bbox 2979 4265 3194 4335; x_wconf 34' lang='lat' dir='ltr'>.videat</span> <span class='ocrx_word' id='word_1_817' title='bbox 3231 4266 3710 4334; x_wconf 84' lang='lat' dir='ltr'>solemnizantes,</span> 
     </span>
    </p>
   </div>
   <div class='ocr_carea' id='block_1_108' title="bbox 2054 4353 3714 4430">
    <p class='ocr_par' dir='ltr' id='par_1_108' title="bbox 2054 4353 3714 4430">
     <span class='ocr_line' id='line_1_108' title="bbox 2054 4353 3714 4430; baseline 0.001 -19"><span class='ocrx_word' id='word_1_818' title='bbox 2054 4359 2347 4427; x_wconf 90' lang='lat' dir='ltr'>tanquam</span> <span class='ocrx_word' id='word_1_819' title='bbox 2377 4353 2825 4410; x_wconf 88' lang='lat' dir='ltr'>discumbentes</span> <span class='ocrx_word' id='word_1_820' title='bbox 2853 4355 3021 4426; x_wconf 90' lang='lat' dir='ltr'>(nam</span> <span class='ocrx_word' id='word_1_821' title='bbox 3049 4372 3191 4412; x_wconf 90' lang='lat' dir='ltr'>cum</span> <span class='ocrx_word' id='word_1_822' title='bbox 3221 4356 3429 4430; x_wconf 90' lang='lat' dir='ltr'>spiritu</span> <span class='ocrx_word' id='word_1_823' title='bbox 3453 4357 3556 4413; x_wconf 88' lang='lat' dir='ltr'>Dei</span> <span class='ocrx_word' id='word_1_824' title='bbox 3591 4358 3714 4430; x_wconf 82' lang='lat' dir='ltr'>ple-</span> 
     </span>
    </p>
   </div>
   <div class='ocr_carea' id='block_1_109' title="bbox 2053 4442 3712 4518">
    <p class='ocr_par' dir='ltr' id='par_1_109' title="bbox 2053 4442 3712 4518">
     <span class='ocr_line' id='line_1_109' title="bbox 2053 4442 3712 4518; baseline 0.002 -19"><span class='ocrx_word' id='word_1_825' title='bbox 2053 4460 2169 4499; x_wconf 92' lang='lat' dir='ltr'>nus</span> <span class='ocrx_word' id='word_1_826' title='bbox 2197 4442 2290 4510; x_wconf 90' lang='lat' dir='ltr'>sit,</span> <span class='ocrx_word' id='word_1_827' title='bbox 2321 4442 2468 4505; x_wconf 90' lang='lat' dir='ltr'>nihil</span> <span class='ocrx_word' id='word_1_828' title='bbox 2492 4447 2580 4499; x_wconf 89' lang='lat' dir='ltr'>est</span> <span class='ocrx_word' id='word_1_829' title='bbox 2605 4443 2668 4498; x_wconf 88' lang='lat' dir='ltr'>in</span> <span class='ocrx_word' id='word_1_830' title='bbox 2700 4444 2986 4500; x_wconf 88' lang='lat' dir='ltr'>creaturis</span> <span class='ocrx_word' id='word_1_831' title='bbox 3015 4444 3117 4501; x_wconf 92' lang='lat' dir='ltr'>Dei</span> <span class='ocrx_word' id='word_1_832' title='bbox 3157 4445 3324 4518; x_wconf 92' lang='lat' dir='ltr'>quod</span> <span class='ocrx_word' id='word_1_833' title='bbox 3362 4461 3503 4502; x_wconf 90' lang='lat' dir='ltr'>eum</span> <span class='ocrx_word' id='word_1_834' title='bbox 3530 4445 3712 4503; x_wconf 88' lang='lat' dir='ltr'>latere</span> 
     </span>
    </p>
   </div>
   <div class='ocr_carea' id='block_1_110' title="bbox 2051 4531 3714 4607">
    <p class='ocr_par' dir='ltr' id='par_1_110' title="bbox 2051 4531 3714 4607">
     <span class='ocr_line' id='line_1_110' title="bbox 2051 4531 3714 4607; baseline 0.002 -20"><span class='ocrx_word' id='word_1_835' title='bbox 2051 4531 2285 4605; x_wconf 91' lang='lat' dir='ltr'>possit),</span> <span class='ocrx_word' id='word_1_836' title='bbox 2311 4531 2570 4604; x_wconf 88' lang='lat' dir='ltr'>quisque</span> <span class='ocrx_word' id='word_1_837' title='bbox 2599 4536 2874 4587; x_wconf 88' lang='lat' dir='ltr'>nostrum</span> <span class='ocrx_word' id='word_1_838' title='bbox 2897 4537 3195 4605; x_wconf 88' lang='lat' dir='ltr'>procuret,</span> <span class='ocrx_word' id='word_1_839' title='bbox 3239 4548 3317 4590; x_wconf 83' lang='lat' dir='ltr'>ne</span> <span class='ocrx_word' id='word_1_840' title='bbox 3340 4534 3489 4592; x_wconf 82' lang='lat' dir='ltr'>forte</span> <span class='ocrx_word' id='word_1_841' title='bbox 3517 4539 3714 4607; x_wconf 68' lang='lat' dir='ltr'>pater-~</span> 
     </span>
    </p>
   </div>
   <div class='ocr_carea' id='block_1_111' title="bbox 2052 4619 3712 4694">
    <p class='ocr_par' dir='ltr' id='par_1_111' title="bbox 2052 4619 3712 4694">
     <span class='ocr_line' id='line_1_111' title="bbox 2052 4619 3712 4694; baseline 0.001 -17"><span class='ocrx_word' id='word_1_842' title='bbox 2052 4636 2165 4677; x_wconf 92' lang='lat' dir='ltr'>nos</span> <span class='ocrx_word' id='word_1_843' title='bbox 2194 4620 2326 4692; x_wconf 89' lang='lat' dir='ltr'>ejus</span> <span class='ocrx_word' id='word_1_844' title='bbox 2354 4625 2567 4676; x_wconf 90' lang='lat' dir='ltr'>ocutos</span> <span class='ocrx_word' id='word_1_845' title='bbox 2598 4619 2796 4676; x_wconf 90' lang='lat' dir='ltr'>cordis</span> <span class='ocrx_word' id='word_1_846' title='bbox 2825 4621 3051 4677; x_wconf 88' lang='lat' dir='ltr'>amictu</span> <span class='ocrx_word' id='word_1_847' title='bbox 3094 4621 3191 4677; x_wconf 90' lang='lat' dir='ltr'>vel</span> <span class='ocrx_word' id='word_1_848' title='bbox 3227 4623 3495 4694; x_wconf 88' lang='lat' dir='ltr'>corporis</span> <span class='ocrx_word' id='word_1_849' title='bbox 3522 4622 3712 4679; x_wconf 75' lang='lat' dir='ltr'>oﬂ’en-</span> 
     </span>
    </p>
   </div>
   <div class='ocr_carea' id='block_1_112' title="bbox 2053 4709 3711 4782">
    <p class='ocr_par' dir='ltr' id='par_1_112' title="bbox 2053 4709 3711 4782">
     <span class='ocr_line' id='line_1_112' title="bbox 2053 4709 3711 4782; baseline 0.001 -16"><span class='ocrx_word' id='word_1_850' title='bbox 2053 4710 2378 4772; x_wconf 90' lang='lat' dir='ltr'>dat..Nam,</span> <span class='ocrx_word' id='word_1_851' title='bbox 2411 4714 2477 4766; x_wconf 91' lang='lat' dir='ltr'>ut</span> <span class='ocrx_word' id='word_1_852' title='bbox 2503 4709 2634 4782; x_wconf 92' lang='lat' dir='ltr'>ipse</span> <span class='ocrx_word' id='word_1_853' title='bbox 2660 4709 2803 4765; x_wconf 89' lang='lat' dir='ltr'>dicit</span> <span class='ocrx_word' id='word_1_854' title='bbox 2853 4726 2866 4765; x_wconf 90' lang='lat'>:</span> <span class='ocrx_word' id='word_1_855' title='bbox 2921 4710 3123 4766; x_wconf 82' lang='lat' dir='ltr'>Omnis</span> <span class='ocrx_word' id='word_1_856' title='bbox 3178 4713 3468 4767; x_wconf 71' lang='lat' dir='ltr'>exultatio</span> <span class='ocrx_word' id='word_1_857' title='bbox 3522 4726 3711 4782; x_wconf 80' lang='lat' dir='ltr'>genus</span> 
     </span>
    </p>
   </div>
   <div class='ocr_carea' id='block_1_113' title="bbox 2053 4798 3712 4871">
    <p class='ocr_par' dir='ltr' id='par_1_113' title="bbox 2053 4798 3712 4871">
     <span class='ocr_line' id='line_1_113' title="bbox 2053 4798 3712 4871; baseline 0.001 -15"><span class='ocrx_word' id='word_1_858' title='bbox 2053 4806 2137 4856; x_wconf 87' lang='lat' dir='ltr'>est</span> <span class='ocrx_word' id='word_1_859' title='bbox 2166 4799 2480 4870; x_wconf 68' lang='lat' dir='ltr'>superbiae,</span> <span class='ocrx_word' id='word_1_860' title='bbox 2511 4814 2618 4871; x_wconf 89' lang='lat' dir='ltr'>per</span> <span class='ocrx_word' id='word_1_861' title='bbox 2646 4813 2833 4870; x_wconf 89' lang='lat' dir='ltr'>quam</span> <span class='ocrx_word' id='word_1_862' title='bbox 2872 4798 3135 4854; x_wconf 90' lang='lat' dir='ltr'>maxime</span> <span class='ocrx_word' id='word_1_863' title='bbox 3162 4800 3402 4870; x_wconf 82' lang='lat' dir='ltr'>quisque</span> <span class='ocrx_word' id='word_1_864' title='bbox 3445 4800 3524 4856; x_wconf 86' lang='lat' dir='ltr'>sit</span> <span class='ocrx_word' id='word_1_865' title='bbox 3568 4801 3712 4857; x_wconf 83' lang='lat' dir='ltr'>abo-</span> 
     </span>
    </p>
   </div>
   <div class='ocr_carea' id='block_1_114' title="bbox 2053 4886 3710 4960">
    <p class='ocr_par' dir='ltr' id='par_1_114' title="bbox 2053 4886 3710 4960">
     <span class='ocr_line' id='line_1_114' title="bbox 2053 4886 3710 4960; baseline 0.002 -16"><span class='ocrx_word' id='word_1_866' title='bbox 2053 4888 2378 4954; x_wconf 81' lang='lat' dir='ltr'>minabitis,</span> <span class='ocrx_word' id='word_1_867' title='bbox 2412 4892 2474 4943; x_wconf 91' lang='lat' dir='ltr'>ut</span> <span class='ocrx_word' id='word_1_868' title='bbox 2503 4886 2789 4958; x_wconf 90' lang='lat' dir='ltr'>scriptum</span> <span class='ocrx_word' id='word_1_869' title='bbox 2819 4890 2926 4954; x_wconf 84' lang='lat' dir='ltr'>est,</span> <span class='ocrx_word' id='word_1_870' title='bbox 2958 4887 3124 4956; x_wconf 86' lang='lat' dir='ltr'>apud</span> <span class='ocrx_word' id='word_1_871' title='bbox 3152 4888 3470 4945; x_wconf 84' lang='lat' dir='ltr'>Dominum</span> <span class='ocrx_word' id='word_1_872' title='bbox 3512 4890 3710 4960; x_wconf 60' lang='lat' dir='ltr'>(Deut.</span> 
     </span>
    </p>
   </div>
   <div class='ocr_carea' id='block_1_115' title="bbox 2052 4974 3714 5051">
    <p class='ocr_par' dir='ltr' id='par_1_115' title="bbox 2052 4974 3714 5051">
     <span class='ocr_line' id='line_1_115' title="bbox 2052 4974 3714 5051; baseline 0 -19"><span class='ocrx_word' id='word_1_873' title='bbox 2052 4977 2291 5047; x_wconf 80' lang='lat' dir='ltr'>xxu,5).</span> <span class='ocrx_word' id='word_1_874' title='bbox 2322 4974 2760 5031; x_wconf 86' lang='lat' dir='ltr'>Meminerimus</span> <span class='ocrx_word' id='word_1_875' title='bbox 2785 4977 3008 5039; x_wconf 89' lang='lat' dir='ltr'>tamen,</span> <span class='ocrx_word' id='word_1_876' title='bbox 3058 4975 3204 5048; x_wconf 84' lang='lat' dir='ltr'>quia</span> <span class='ocrx_word' id='word_1_877' title='bbox 3253 4977 3333 5033; x_wconf 87' lang='lat' dir='ltr'>ad</span> <span class='ocrx_word' id='word_1_878' title='bbox 3378 4986 3714 5051; x_wconf 86' lang='lat' dir='ltr'>supernum</span> 
     </span>
    </p>
   </div>
   <div class='ocr_carea' id='block_1_116' title="bbox 2049 5062 3714 5137">
    <p class='ocr_par' dir='ltr' id='par_1_116' title="bbox 2049 5062 3714 5137">
     <span class='ocr_line' id='line_1_116' title="bbox 2049 5062 3714 5137; baseline -0.001 -16"><span class='ocrx_word' id='word_1_879' title='bbox 2049 5066 2339 5137; x_wconf 89' lang='lat' dir='ltr'>judicem,</span> <span class='ocrx_word' id='word_1_880' title='bbox 2370 5062 2462 5120; x_wconf 91' lang='lat' dir='ltr'>vel</span> <span class='ocrx_word' id='word_1_881' title='bbox 2491 5063 2571 5119; x_wconf 91' lang='lat' dir='ltr'>ad</span> <span class='ocrx_word' id='word_1_882' title='bbox 2599 5066 2903 5119; x_wconf 86' lang='lat' dir='ltr'>senatores</span> <span class='ocrx_word' id='word_1_883' title='bbox 2938 5062 3067 5119; x_wconf 65' lang='grc' dir='ltr'>ραδιὶ</span> <span class='ocrx_word' id='word_1_884' title='bbox 3097 5064 3457 5137; x_wconf 89' lang='lat' dir='ltr'>placandos,</span> <span class='ocrx_word' id='word_1_885' title='bbox 3488 5065 3714 5133; x_wconf 85' lang='lat' dir='ltr'>recogi-</span> 
     </span>
    </p>
   </div>
   <div class='ocr_carea' id='block_1_117' title="bbox 2054 5152 3713 5227">
    <p class='ocr_par' dir='ltr' id='par_1_117' title="bbox 2054 5152 3713 5227">
     <span class='ocr_line' id='line_1_117' title="bbox 2054 5152 3713 5227; baseline -0.002 -15"><span class='ocrx_word' id='word_1_886' title='bbox 2054 5155 2199 5212; x_wconf 87' lang='lat' dir='ltr'>tatio</span> <span class='ocrx_word' id='word_1_887' title='bbox 2230 5169 2336 5210; x_wconf 88' lang='lat' dir='ltr'>seu</span> <span class='ocrx_word' id='word_1_888' title='bbox 2359 5152 2654 5209; x_wconf 85' lang='lat' dir='ltr'>confessio</span> <span class='ocrx_word' id='word_1_889' title='bbox 2684 5153 2912 5225; x_wconf 83' lang='lat' dir='ltr'>peccati</span> <span class='ocrx_word' id='word_1_890' title='bbox 2942 5154 3273 5227; x_wconf 86' lang='lat' dir='ltr'>specialiter</span> <span class='ocrx_word' id='word_1_891' title='bbox 3286 5154 3477 5226; x_wconf 81' lang='lat' dir='ltr'>prosit</span> <span class='ocrx_word' id='word_1_892' title='bbox 3507 5154 3713 5223; x_wconf 27' lang='lat' dir='ltr'>:rjuxta</span> 
     </span>
    </p>
   </div>
   <div class='ocr_carea' id='block_1_118' title="bbox 2054 5240 3709 5314">
    <p class='ocr_par' dir='ltr' id='par_1_118' title="bbox 2054 5240 3709 5314">
     <span class='ocr_line' id='line_1_118' title="bbox 2054 5240 3709 5314; baseline -0.003 -13"><span class='ocrx_word' id='word_1_893' title='bbox 2054 5244 2202 5301; x_wconf 92' lang='lat' dir='ltr'>illud</span> <span class='ocrx_word' id='word_1_894' title='bbox 2233 5260 2246 5300; x_wconf 90' lang='lat'><strong>:</strong></span> <span class='ocrx_word' id='word_1_895' title='bbox 2276 5243 2487 5299; x_wconf 84' lang='lat' dir='ltr'>Narra</span> <span class='ocrx_word' id='word_1_896' title='bbox 2515 5242 2569 5298; x_wconf 85' lang='lat' dir='ltr'>si</span> <span class='ocrx_word' id='word_1_897' title='bbox 2609 5241 2755 5314; x_wconf 81' lang='lat' dir='ltr'>quid</span> <span class='ocrx_word' id='word_1_898' title='bbox 2803 5242 3005 5308; x_wconf 84' lang='lat' dir='ltr'>habes,</span> <span class='ocrx_word' id='word_1_899' title='bbox 3062 5248 3130 5299; x_wconf 94' lang='lat' dir='ltr'>ut</span> <span class='ocrx_word' id='word_1_900' title='bbox 3173 5242 3525 5314; x_wconf 82' lang='lat' dir='ltr'>justiﬁceris</span> <span class='ocrx_word' id='word_1_901' title='bbox 3563 5240 3709 5310; x_wconf 79' lang='lat' dir='ltr'>(Isa.</span> 
     </span>
    </p>
   </div>
   <div class='ocr_carea' id='block_1_119' title="bbox 2054 5332 3709 5404">
    <p class='ocr_par' dir='ltr' id='par_1_119' title="bbox 2054 5332 3709 5404">
     <span class='ocr_line' id='line_1_119' title="bbox 2054 5332 3709 5404; baseline -0.005 -12"><span class='ocrx_word' id='word_1_902' title='bbox 2054 5350 2212 5401; x_wconf 81' lang='lat' dir='ltr'>xmu,</span> <span class='ocrx_word' id='word_1_903' title='bbox 2233 5337 2346 5399; x_wconf 85' lang='lat'>26).</span> <span class='ocrx_word' id='word_1_904' title='bbox 2381 5333 2766 5404; x_wconf 86' lang='lat' dir='ltr'>Iniquitatem</span> <span class='ocrx_word' id='word_1_905' title='bbox 2796 5349 3009 5404; x_wconf 89' lang='lat' dir='ltr'>meam,</span> <span class='ocrx_word' id='word_1_906' title='bbox 3040 5332 3253 5404; x_wconf 89' lang='lat' dir='ltr'>inquit,</span> <span class='ocrx_word' id='word_1_907' title='bbox 3298 5346 3403 5400; x_wconf 86' lang='lat' dir='ltr'>ego</span> <span class='ocrx_word' id='word_1_908' title='bbox 3433 5344 3709 5400; x_wconf 77' lang='lat' dir='ltr'>agnosco.</span> 
     </span>
    </p>
   </div>
   <div class='ocr_carea' id='block_1_120' title="bbox 2058 5419 3715 5495">
    <p class='ocr_par' dir='ltr' id='par_1_120' title="bbox 2058 5419 3715 5495">
     <span class='ocr_line' id='line_1_120' title="bbox 2058 5419 3715 5495; baseline -0.002 -15"><span class='ocrx_word' id='word_1_909' title='bbox 2058 5427 2125 5480; x_wconf 89' lang='lat' dir='ltr'>Et</span> <span class='ocrx_word' id='word_1_910' title='bbox 2151 5424 2286 5479; x_wconf 93' lang='lat' dir='ltr'>ideo</span> <span class='ocrx_word' id='word_1_911' title='bbox 2329 5423 2504 5495; x_wconf 91' lang='lat' dir='ltr'>quasi</span> <span class='ocrx_word' id='word_1_912' title='bbox 2551 5438 2796 5479; x_wconf 90' lang='lat' dir='ltr'>securus</span> <span class='ocrx_word' id='word_1_913' title='bbox 2837 5421 3101 5495; x_wconf 88' lang='lat' dir='ltr'>postulat</span> <span class='ocrx_word' id='word_1_914' title='bbox 3153 5437 3166 5475; x_wconf 89' lang='lat'><strong>:</strong></span> <span class='ocrx_word' id='word_1_915' title='bbox 3226 5420 3441 5476; x_wconf 79' lang='lat' dir='ltr'>Averte</span> <span class='ocrx_word' id='word_1_916' title='bbox 3478 5419 3715 5489; x_wconf 71' lang='lat' dir='ltr'>facim</span> 
     </span>
    </p>
   </div>
   <div class='ocr_carea' id='block_1_121' title="bbox 2059 5507 3716 5582">
    <p class='ocr_par' dir='ltr' id='par_1_121' title="bbox 2059 5507 3716 5582">
     <span class='ocr_line' id='line_1_121' title="bbox 2059 5507 3716 5582; baseline -0.002 -13"><span class='ocrx_word' id='word_1_917' title='bbox 2059 5519 2222 5569; x_wconf 85' lang='lat' dir='ltr'>tuam</span> <span class='ocrx_word' id='word_1_918' title='bbox 2245 5527 2282 5566; x_wconf 81' lang='grc' dir='ltr'>α</span> <span class='ocrx_word' id='word_1_919' title='bbox 2307 5513 2569 5582; x_wconf 85' lang='lat' dir='ltr'>peccatis</span> <span class='ocrx_word' id='word_1_920' title='bbox 2602 5513 2744 5567; x_wconf 82' lang='lat' dir='ltr'>meis</span> <span class='ocrx_word' id='word_1_921' title='bbox 2770 5511 2962 5577; x_wconf 88' lang='lat' dir='ltr'>(Psat.</span> <span class='ocrx_word' id='word_1_922' title='bbox 2994 5524 3047 5572; x_wconf 86' lang='lat' dir='ltr'>L,</span> <span class='ocrx_word' id='word_1_923' title='bbox 3082 5508 3190 5579; x_wconf 79' lang='lat' dir='ltr'>tt).</span> <span class='ocrx_word' id='word_1_924' title='bbox 3245 5507 3524 5581; x_wconf 85' lang='lat' dir='ltr'>Quisquis</span> <span class='ocrx_word' id='word_1_925' title='bbox 3568 5522 3716 5567; x_wconf 70' lang='lat' dir='ltr'>vom</span> 
     </span>
    </p>
   </div>
   <div class='ocr_carea' id='block_1_122' title="bbox 2057 5595 3720 5674">
    <p class='ocr_par' dir='ltr' id='par_1_122' title="bbox 2057 5595 3720 5674">
     <span class='ocr_line' id='line_1_122' title="bbox 2057 5595 3720 5674; baseline -0.002 -15"><span class='ocrx_word' id='word_1_926' title='bbox 2057 5606 2332 5661; x_wconf 89' lang='lat' dir='ltr'>nostrum</span> <span class='ocrx_word' id='word_1_927' title='bbox 2359 5601 2487 5660; x_wconf 88' lang='lat' dir='ltr'>vult</span> <span class='ocrx_word' id='word_1_928' title='bbox 2521 5600 2614 5657; x_wconf 89' lang='lat' dir='ltr'>sui</span> <span class='ocrx_word' id='word_1_929' title='bbox 2660 5596 2853 5655; x_wconf 82' lang='lat' dir='ltr'>meriti</span> <span class='ocrx_word' id='word_1_930' title='bbox 2891 5595 3109 5654; x_wconf 82' lang='lat' dir='ltr'>faciem</span> <span class='ocrx_word' id='word_1_931' title='bbox 3146 5597 3570 5674; x_wconf 82' lang='lat' dir='ltr'>contemplari,</span> <span class='ocrx_word' id='word_1_932' title='bbox 3616 5610 3720 5655; x_wconf 78' lang='lat' dir='ltr'>no-</span> 
     </span>
    </p>
   </div>
  </div>
