4134 6114
373 146 481 198 727

1454 137 1512 194 S.
1543 136 1804 195 ODONIS
1830 124 2123 186 ABBATIS
2160 122 2660 179 CLUNlACENSlS
2692 124 2739 177 ll

3694 115 3813 169 728

380 279 548 321 casse
575 260 757 319 habet
777 265 844 317 ut
870 260 931 316 in
960 260 1079 317 hoc
1106 259 1418 334 speculum
1443 260 1733 329 intendat,
1750 258 1812 314 id
1840 258 1946 321 est,
1970 253 2037 306 ut
2075 249 2122 302 Α
2155 244 2430 334 pluribus
2456 242 2855 334 innotesceret
2877 262 2889 312 ;
2910 246 2967 300 et
2992 257 3117 334 non
3138 241 3335 334 solum
3356 238 3825 334 apudAlzatinos"

381 352 654 424 ejusdem
709 349 1037 405 beatissimi
1097 349 1454 405 confessoris
1514 354 1683 405 actus
1751 344 2036 402 sollicitus

380 439 732 515 perpendat.
759 439 1041 512 lnspectis
1067 439 1306 504 etenim,
1338 442 1518 511 prout
1546 442 1754 494 nostra
1771 434 2036 509 parvitas

382 536 487 595 est,
534 529 690 585 illius
743 528 946 599 gestis,
1000 528 1093 584 vel
1145 533 1440 601 quantum
1484 543 1595 583 nos
1641 526 1701 582 in
1751 525 1896 592 imo,
1946 521 2041 578 vel

382 622 681 692 quantum
709 617 837 690 ipse
865 617 926 673 in
958 617 1215 673 sublime
1245 617 1335 684 sit,
1384 616 1857 673 animadvertere
1880 616 2043 686 pote-

383 707 592 764 rimus.
646 706 789 761 Hinc
834 705 910 762 de
949 705 1217 778 quolibet
1238 705 1561 778 pmnitente
1589 704 1877 776 scriptum
1906 706 1994 758 est
2025 718 2037 756 :

386 796 676 864 Respiciet
706 795 989 861 homines,
1022 793 1081 849 id
1111 798 1220 861 est,
1255 796 1511 858 sanctos,
1554 800 1607 849 et
1637 793 1791 848 dicet
1837 808 1849 846 :
1903 791 2045 847 Pec-

388 885 525 941 ειαυὶ
551 883 685 955 (Job
710 898 907 949 XXXIII,
934 884 1045 953 Ξῖ).
1074 881 1369 947 Quoniam
1418 880 1498 936 ad
1536 880 1772 936 illorum
1820 878 2044 953 specio-

389 972 627 1027 sitatem
661 970 999 1027 considerat
1034 975 1331 1042 quantum
1377 986 1439 1024 se
1483 969 1815 1025 deformem
1864 972 2047 1025 atten-

391 1061 514 1119 dat.
545 1062 686 1125 Quae
717 1059 889 1115 utilas
916 1063 1117 1115 autem
1150 1059 1223 1113 de
1250 1058 1462 1115 eadem
1487 1058 1859 1115 confessione
1906 1074 2046 1131 pro-

390 1148 611 1216 veniat,
636 1147 859 1203 ibidem
891 1146 1194 1216 signatum
1214 1151 1320 1216 est,
1354 1163 1491 1201 cum
1524 1146 1776 1202 dicitur:
1810 1145 2047 1202 Libere-

392 1254 522 1292 mus
552 1252 683 1292 eum
713 1237 787 1291 de
813 1235 1114 1305 superbia,
1143 1239 1197 1290 et
1224 1235 1297 1291 de
1327 1235 1416 1290 his
1456 1250 1588 1307 qua:
1609 1236 1778 1305 fecit,
1826 1240 1886 1288 ut
1928 1249 2049 1289 non

392 1330 488 1381 eat
512 1327 575 1380 in
603 1324 994 1393 perditionem
1020 1324 1218 1392 (lbid.,
1257 1326 1361 1395 l7).
1408 1325 1481 1379 At
1522 1339 1661 1380 vero
1708 1322 1852 1397 quia
1902 1322 2051 1380 Scri-

392 1418 570 1485 ptura
595 1412 767 1483 jubet
795 1429 809 1466 :
842 1413 1100 1468 Sanctus
1133 1414 1285 1468 enim
1316 1412 1439 1469 dies
1470 1414 1712 1467 Domini
1737 1417 1841 1481 est,
1870 1412 2055 1467 nolite

394 1502 744 1557 contristari
766 1502 858 1569 (II
881 1501 1060 1556 Esdr.
1093 1517 1212 1566 vm,
1251 1501 1374 1573 10);
1432 1501 1599 1573 quod
1639 1518 1713 1557 ex
1752 1500 1929 1556 nobis
1965 1499 2056 1556 vel

2152 333 2258 390 sed
2288 332 2468 389 etiam
2498 332 2662 405 apud
2685 336 2916 389 Graecos
2945 330 3260 388 notissima
3291 329 3457 386 foret.
3514 332 3630 385 Nec
3659 325 3823 383 illud

2150 426 2465 496 praetereat
2485 423 2652 495 quod
2680 421 3046 478 omnimodis
3079 419 3468 490 gaudendum
3499 413 3675 474 nobis
3697 417 3819 484 est,

2150 512 2313 567 hunc
2342 514 2576 567 tantum
2606 510 2984 584 splendorem
3027 508 3086 565 in
3129 508 3285 565 hanc
3330 511 3598 564 nostram
3649 503 3824 561 occi-

2153 600 2341 657 duam
2368 600 2676 670 regionem
2700 599 2917 671 venire,
2943 598 3147 656 divino
3169 602 3317 654 nutu
3336 597 3628 654 donatum
3654 609 3822 651 esse.

2155 692 2270 746 Nec
2300 689 2411 745 abs
2439 705 2501 746 re
2526 689 2828 746 credimus
2853 688 3169 759 contigisse
3197 686 3363 761 quod
3385 685 3659 742 clientem
3681 683 3832 739 uni-

2155 792 2223 833 ce
2247 776 2553 842 dilectum,
2579 777 2825 833 beatum
2854 775 3123 832 videlicet
3149 778 3436 844 Maurum,
3457 773 3566 829 has
3591 773 3654 829 in
3678 787 3833 845 par-

2154 870 2241 921 tes
2271 865 2471 922 adhuc
2502 866 2703 922 vivens
2730 865 3025 927 direxerit.
3058 868 3115 922 et
3143 864 3385 920 demum
3417 877 3476 919 se
3504 856 3831 918 transferri

2153 954 2428 1012 voluerit.
2453 958 2623 1013 Forte
2649 954 2830 1024 enim,
2861 971 3002 1011 cum
3032 958 3238 1010 sancta
3276 968 3445 1009 mens
3492 953 3623 1024 ejus
3656 949 3832 1006 adeo

2156 1044 2402 1101 dilatata
2428 1050 2600 1114 esset,
2628 1050 2693 1102 ut
2721 1061 2965 1101 omnem
3004 1043 3302 1100 mundum
3346 1041 3524 1098 simul
3569 1039 3833 1113 conspi-

2158 1139 2314 1191 ceret
2347 1152 2360 1190 :
2393 1135 2554 1191 hunc
2578 1134 2801 1203 locum,
2835 1133 2948 1190 sibi
2976 1134 3245 1208 quodam
3285 1131 3513 1189 occulto
3560 1129 3833 1186 consilio

2161 1223 2496 1297 specialiter
2521 1223 2757 1293 delegit.
2813 1223 3028 1280 Viderit
3079 1238 3220 1293 ergo
3263 1221 3533 1296 quisquis
3578 1225 3693 1288 est,
3727 1212 3834 1274 cui

2159 1312 2329 1368 locus
2359 1317 2482 1369 tam
2512 1312 2713 1369 multis
2737 1327 3175 1386 usquequaque
3197 1316 3428 1367 tantum
3455 1308 3837 1366 desiderabi-

2161 1400 2233 1457 lis
2261 1417 2386 1458 non
2414 1406 2706 1483 negatur:
2738 1401 2948 1475 quanti
2973 1401 3288 1458 habendus
3330 1400 3422 1465 sit,
3469 1394 3836 1472 quantaque

2162 1491 2489 1548 reverentia
2516 1489 2897 1549 excolendas.
2941 1490 3181 1546 Pondus
3223 1489 3447 1563 quippe
3502 1486 3836 1558 cujuslibet

391 1588 660 1646 innobis
679 1588 840 1645 triste
869 1593 957 1653 est
985 1588 1333 1644 omittamus
1379 1606 1390 1643 :
1438 1593 1495 1645 et
1535 1588 1710 1662 quasi
1734 1588 2052 1645 nobiscum
2092 1598 2136 1652 Β
2161 1584 2382 1649 reatuS,
2412 1596 2537 1637 non
2568 1580 2761 1636 solum
2825 1594 2894 1636 ex
2924 1579 3219 1636 intellectu
3249 1577 3523 1649 gerentis,
3563 1575 3654 1632 vel
3680 1580 3839 1631 tem-

396 1679 472 1734 sit
500 1678 681 1734 hodie
711 1694 995 1751 sponsus,
1028 1677 1288 1747 gaudere
1335 1692 1794 1749 praesumamus.
1841 1681 2050 1735 Munus

393 1772 785 1823 veronostrae
812 1765 1225 1833 confessionis,
1253 1766 1416 1823 velut
1443 1772 1580 1824 ante
1626 1767 1811 1839 pedes
1855 1773 2054 1841 pater-

395 1872 490 1912 nae
519 1855 754 1929 pietatis
785 1856 1123 1926 offerentes,
1141 1859 1411 1912 nostrum
1433 1872 1610 1929 posse
1630 1856 1691 1912 in
1718 1858 1849 1928 ejus
1877 1857 2056 1913 laude

397 1950 463 2001 et.
476 1944 894 2008 admiratione,
939 1948 1123 2001 totum
1149 1944 1554 2002 sublevemus.
1592 1946 1730 2016 Ejus
1759 1961 1902 2002 vero
1932 1945 2057 2002 lau-

395 2035 525 2097 des,
572 2033 830 2106 quisque
888 2037 1052 2090 tanto
1100 2033 1330 2089 celsiori
1380 2050 1523 2090 voce
1568 2034 1784 2090 clamet
1830 2039 2058 2107 quanto

396 2122 558 2179 hunc
584 2123 893 2179 ardentius
917 2127 1103 2187 amat,
1133 2123 1229 2179 vel
1258 2124 1388 2194 ejus
1427 2124 1607 2180 vitam
1654 2124 2059 2198 perspicacius

396 2217 630 2284 pensat,
661 2228 797 2285 quae
828 2212 1114 2268 nimirum
1138 2228 1173 2268 a
1197 2214 1287 2269 sui
1314 2214 1666 2286 primordio,
1708 2219 1833 2271 tota
1873 2215 2060 2271 admi-

396 2301 626 2357 ratione
670 2301 1025 2371 dignissima
1072 2305 1183 2357 est.
1235 2306 1382 2358 Nam
1436 2320 1624 2376 quam
1668 2303 2058 2374 magniﬁcum

396 2388 544 2446 illud
595 2394 703 2457 est,
754 2390 921 2462 quod
962 2396 1263 2462 paternas,
1315 2397 1382 2447 ut
1408 2393 1611 2460 fertur,
1652 2409 1723 2449 eo
1752 2393 2059 2450 deserente

399 2495 566 2552 opes,
600 2478 934 2535 admodum
964 2479 1334 2535 domicilium
1371 2480 1483 2537 sibi
1516 2481 1765 2553 Spiritus
1795 2486 2058 2554 sanctus,

398 2567 864 2638 inejussacro
911 2567 1261 2631 pectusculo
1310 2568 1724 2632 collocaverat,
1776 2570 1878 2643 qui
1932 2586 2061 2626 esse

400 2655 903 2728 philosophorum
955 2654 1160 2711 inania
1215 2655 1410 2712 studia
1462 2656 1660 2714 adhuc
1710 2658 2061 2715 tenerrimus

400 2742 709 2811 cognovit;
764 2742 866 2815 qui
922 2742 1248 2812 grandaavo
1295 2744 1498 2800 animo
1543 2746 1674 2816 jam
1710 2750 1851 2801 tunc
1880 2747 2062 2803 eremi

300 2866 313 2879 ο
399 2831 734 2887 vastitatem
763 2831 964 2887 subire
995 2847 1181 2887 ausus
1206 2837 1316 2888 est.
1337 2834 1507 2899 Quod
1524 2850 1634 2891 nec
1660 2834 1787 2906 ipse
1815 2834 2061 2909 quidem

401 2919 703 2989 Martinus,
737 2923 858 2975 toto
888 2919 1033 2976 orbe
1059 2919 1373 2986 mirabilis,
1420 2923 1631 2979 fecisse
1675 2923 1942 2979 refertur.
1998 2927 2063 2980 Et
2099 2950 2142 3006 ο

402 3006 547 3079 quia
565 3008 782 3078 iugum
811 3024 935 3064 non
962 3008 1159 3065 solum
1188 3010 1266 3065 ab
1295 3010 1717 3078 adolescentia,
1751 3011 1856 3067 sed
1886 3013 2063 3069 etiam

401 3095 481 3153 ab
508 3096 645 3169 ipsa.
669 3096 922 3155 infantia
951 3099 1210 3171 portavit
1238 3100 1382 3169 (Jer.
1415 3117 1501 3163 ιιι,
1552 3101 1664 3172 25),
1727 3106 1793 3157 ut
1839 3101 2064 3158 ibidem

397 3184 681 3241 Jeremias
709 3185 1111 3258 prosequitur,
1141 3186 1200 3241 in
1232 3187 1331 3243 illo
1363 3188 1589 3245 caelesti
1621 3188 1899 3262 capitolia
1950 3189 2070 3246 sin-

400 3272 683 3342 gulariter
700 3273 949 3330 sedebit.
984 3277 1098 3331 Nec
1129 3275 1254 3331 sine
1275 3276 1482 3332 divino
1513 3278 1926 3335 moderamine
1967 3294 2066 3348 ge-

400 3364 560 3417 stum
588 3359 767 3416 fuisse
797 3365 1061 3432 constat,
1105 3363 1270 3434 quod
1328 3363 1570 3421 aculeos
1624 3366 1963 3422 tentationis
2004 3367 2066 3423 in

400 3463 530 3504 sese
561 3452 687 3505 tam
712 3449 974 3515 validos,
1006 3449 1232 3507 ibidem
1262 3458 1541 3524 expertus
1572 3459 1680 3510 est.
1717 3455 1877 3511 Sicut
1904 3456 2064 3512 enim

402 3535 528 3593 dux
554 3537 858 3593 bonorum
890 3541 1110 3604 Petrus,
1128 3540 1325 3611 primo
1356 3541 1469 3597 sibi
1494 3524 1789 3606 ostensu's,
1808 3548 1896 3600 est
1922 3548 2064 3602 tunc

399 3625 709 3685 Dominico
734 3625 900 3696 gregi
926 3627 1207 3699 prtelatus
1224 3645 1238 3695 ;
1257 3629 1340 3686 sic
1369 3629 1475 3686 iste
1500 3630 1780 3704 princeps
1810 3633 1910 3689 Dei
1939 3638 2066 3690 tan-

402 3715 601 3770 torum
621 3713 886 3771 millibus
914 3716 1353 3773 monachorum
1397 3717 1826 3791 praeferendus,
1883 3737 2063 3795 Opor-

402 3801 514 3859 tuit
535 3806 601 3858 ut
624 3802 877 3875 proprio.
890 3802 1233 3871 discrimine
1262 3806 1831 3881 probaret3qualiter
1856 3809 2066 3866 subdi-

404 3890 474 3949 tis
502 3890 769 3948 misereri
797 3891 1118 3950 debuisset.
1152 3895 1301 3960 Quia
1330 3901 1531 3952 tamen
1556 3896 1752 3969 primo
1794 3898 2066 3955 certami-

400 3978 494 4039 nis
515 3979 809 4052 impetum
835 3980 1087 4038 ,fortiter
1135 3983 1369 4052 devicit,
1425 3984 1539 4040 tale
1593 3985 1740 4058 quid
1782 3985 2065 4060 deinceps

400 4082 718 4141 nunquam
742 4070 942 4127 sensit.
979 4071 1172 4136 Quam
1202 4071 1551 4130 obedienter
1579 4090 1747 4139 sane,
1791 4080 1849 4130 et
1875 4091 2062 4148 quam

400 4153 616 4215 diserte
645 4156 879 4227 privato
904 4156 1068 4213 bono
1096 4159 1353 4233 quisque
1380 4159 1596 4217 debeat
1617 4178 1939 4219 commune
1965 4163 2066 4219 bo-

400 4259 551 4301 num
574 4244 868 4315 praeferre,
899 4246 995 4301 hic
1027 4246 1304 4318 spiritalis
1332 4248 1663 4321 disciplinae
1690 4251 1973 4320 magister
2002 4252 2060 4306 in

400 4331 517 4386 hoc
546 4347 655 4386 suo
682 4333 839 4388 facto
867 4332 1257 4403 demonstrat.
1289 4338 1461 4402 Quod
1492 4354 1634 4394 mox
1665 4344 1729 4395 ut
1766 4340 2061 4412 expetitus

403 4424 510 4483 est,
541 4419 822 4477 dilectam
848 4421 1229 4480 solitudinem
1278 4440 1340 4481 se
1390 4426 1635 4484 vincens
1678 4428 1960 4497 deseruit,
2008 4436 2065 4487 et

401 4513 541 4564 voto
571 4508 910 4581 supplicum
962 4511 1257 4570 satisfecit.
1320 4514 1615 4580 Quoniam
1669 4533 1811 4574 vero
1857 4524 2065 4576 sancta

401 4603 583 4672 atque
611 4599 972 4658 admiranda
992 4602 1120 4674 ejus
1153 4608 1321 4675 gesta
1350 4604 1410 4660 in
1441 4612 1726 4679 promptu
1742 4608 2060 4677 habentur,

398 4704 512 4744 nos
536 4689 773 4746 interim
806 4693 1107 4748 taceamus
1137 4694 1212 4749 de
1240 4693 1374 4750 illis.
1409 4697 1528 4751 Hoc
1550 4698 1751 4752 tamen
1773 4696 1852 4753 ad
1871 4697 2064 4771 ipsius

398 4777 920 4836 honoriﬁcentiam
949 4782 1300 4856 referamus,
1332 4784 1498 4858 quod
1528 4801 1650 4843 non
1690 4784 1843 4843 alius
1886 4787 2063 4860 quili-

400 4865 501 4920 bet
526 4881 597 4921 ex
626 4867 926 4935 magistris
972 4864 1244 4928 Ecclesiae
1275 4873 1456 4930 vitam
1487 4875 1633 4930 tanti
1663 4875 1846 4948 patris
1869 4876 2064 4946 diges-

401 4954 496 5025 sit,
507 4969 695 5025 quam
710 4954 961 5025 insignis
980 4957 1074 5015 ille
1095 4960 1518 5018 disertissimus
1540 4980 1701 5036 papa
1724 4965 2059 5037 Gregorius,

398 5041 505 5116 qui
530 5046 720 5099 totum
750 5044 918 5114 quod
948 5046 1203 5119 scripsit,
1235 5051 1409 5122 quasi
1440 5067 1657 5108 aurum
1682 5054 1950 5125 refulget.

469 5130 761 5189 Divinitus
793 5132 953 5188 enim
976 5133 1333 5208 dispositum
1357 5144 1465 5206 est,
1493 5144 1557 5196 ut
1585 5157 1724 5198 cum
1749 5141 1943 5199 isdem
1965 5159 2062 5199 ex-

397 5220 851 5279 cellentissimus
871 5221 1174 5294 legislator
1196 5224 1259 5280 in
1287 5228 1513 5285 steteris
1541 5230 1738 5287 modis
1770 5232 1844 5286 sit
1874 5247 1911 5288 a
1939 5232 2061 5288 Deo

395 5310 730 5381 decoratus,
758 5310 938 5381 etiam
967 5310 1108 5383 hinc
1135 5313 1353 5385 majori
1382 5318 1728 5375 auctoritate
1774 5324 1895 5375 tam
1943 5319 2060 5391 ipsi

396 5414 584 5478 (mam
611 5398 900 5471 lcgislatio
929 5400 1059 5473 ejus
1087 5402 1419 5472 roboretur,
1451 5406 1617 5478 quod
1653 5408 1935 5465 eamdem
1977 5408 2061 5464 vi-

396 5492 829 5574 wuuupus
861 5492 1206 5565 apostolicae
1254 5493 1413 5550 sedis
1442 5494 1708 5568 pontifex
1737 5496 2055 5553 ordinavit.

395 5578 541 5660 (δη
567 5577 789 5648 scilicet
814 5580 951 5651 vita,
972 5581 1152 5640 etiam
1183 5600 1256 5643 ex
1282 5585 1617 5645 occasione
1645 5583 1876 5657 Dialogi
1904 5585 1954 5656 ej
1965 5601 2053 5654 us,

2166 1685 2334 1742 pore,
2362 1668 2468 1726 sed
2496 1669 2677 1726 etiam
2704 1684 2777 1726 ex
2805 1668 2938 1725 loco
2982 1668 3129 1725 solet
3157 1667 3413 1741 pensari.
3472 1667 3618 1722 Hinc
3660 1664 3833 1721 enim

2166 1756 2329 1813 velut
2356 1774 2392 1814 a
2421 1756 2637 1828 majori
2666 1756 3147 1830 exprobratione,
3176 1759 3382 1811 contra
3423 1752 3677 1827 impium
3712 1761 3833 1808 vox

2165 1846 2371 1904 divina
2399 1847 2687 1920 queritur,
2718 1847 2923 1903 dicens
2958 1862 2970 1902 ε
3006 1848 3080 1902 In
3111 1851 3272 1903 terra
3320 1852 3663 1901 sanctorum
3717 1843 3836 1898 ini-

2167 1951 2280 2008 que
2319 1937 2521 2007 gessit,
2575 1942 2633 1993 et
2678 1951 2800 1994 non
2851 1936 3066 1993 videbit
3113 1936 3367 2006 gloriam
3410 1933 3649 1991 Domini
3678 1932 3829 2004 (Isa.

2165 2041 2330 2087 xxvr,
2373 2024 2490 2097 10);
2524 2027 2583 2082 et
2607 2024 2750 2081 item
2788 2043 2801 2080 :
2856 2026 3125 2082 Dilectus
3159 2040 3322 2107 meus
3366 2025 3430 2079 in
3476 2023 3649 2079 domo
3694 2036 3835 2078 mea

2166 2115 2325 2171 male
2364 2118 2645 2184 operatus
2687 2120 2771 2171 est
2826 2113 2966 2185 (Jer.
2998 2130 3079 2178 xx,
3123 2118 3229 2182 15).
3289 2112 3587 2186 Alioquin,
3638 2127 3833 2184 quem

2167 2202 2482 2276 praesentia
2507 2202 2654 2261 tanti
2675 2202 2859 2276 patris
2890 2202 2970 2259 ad
2999 2202 3092 2258 sui
3120 2202 3510 2259 reverentiam
3558 2217 3682 2257 non
3722 2200 3834 2256 ﬂe-

2168 2292 2287 2362 ctit,
2320 2292 2595 2366 spiritum
2621 2292 2786 2348 Judae
2819 2292 3055 2349 videtur
3075 2291 3449 2366 participare.
3502 2289 3686 2363 Cujus
3714 2289 3835 2346 du-

2166 2381 2384 2449 ritiam,
2415 2396 2524 2437 nec
2553 2379 2719 2447 visio,
2753 2396 2863 2436 nec
2883 2380 3246 2449 locutio,nec
3272 2380 3615 2437 convivium
3637 2379 3836 2452 ipsius

2170 2468 2405 2525 Domini
2435 2468 2738 2525 emollivit.
2781 2469 3178 2542 Inspiciamus
3214 2484 3375 2540 ergo,
3433 2467 3582 2541 quid
3624 2484 3661 2524 a
3711 2470 3837 2523 Deo

2168 2558 2461 2615 donatum
2490 2562 2583 2615 est
2611 2557 2811 2627 nobis,
2841 2562 2899 2614 et
2927 2558 3194 2615 ablatam
3217 2558 3468 2627 gratiam
3487 2556 3838 2614 nullatenus

2168 2647 2231 2704 in
2258 2662 2520 2703 vacuum
2552 2646 2934 2719 recipiemur.
2981 2650 3203 2704 Tantus
3235 2647 3450 2716 fulgor,
3501 2645 3836 2702 caecitatem

2168 2736 2384 2793 mentis
2415 2740 2630 2793 nostrae
2672 2735 2986 2792 illuminat.
3045 2740 3228 2794 Tanta
3273 2736 3494 2810 pietas,
3545 2735 3837 2791 duritiam

2168 2825 2448 2883 emolliat.
2507 2828 2652 2881 Tam
2707 2831 2918 2899 potens
2967 2824 3286 2897 medicina,
3331 2825 3582 2882 vulnera
3625 2825 3836 2881 nostra

2170 2920 2357 2971 sanet.
2394 2915 2451 2971 Si
2480 2914 2641 2970 enim
2671 2914 2869 2971 adhuc
2892 2914 3180 2988 puerulus
3220 2916 3300 2972 ita
3328 2914 3714 2987 capisterium
3748 2929 3839 2969 re-

2171 3002 2422 3076 paravit,
2455 2996 2654 3059 utnec
2706 3003 2967 3061 scissura
3011 3003 3257 3077 quidem
3302 3007 3648 3077 appareret;
3692 3019 3836 3065 nos,

2171 3092 2278 3165 qui
2332 3107 2482 3148 vasa
2524 3090 2603 3148 ad
2658 3092 2952 3149 honorem
2999 3092 3060 3149 in
3087 3092 3272 3149 domo
3312 3093 3411 3150 Dei
3439 3109 3546 3166 per
3576 3092 3838 3163 gratiam

2174 3181 2365 3238 vocati
2396 3198 2625 3249 sumus,
2659 3182 2801 3250 quia
2839 3182 3056 3239 multas
3103 3189 3486 3256 peccatorum
3535 3183 3841 3239 scissuras

2171 3269 2553 3339 incurrimus,
2593 3285 2701 3344 per
2741 3270 3026 3328 eumdem
3059 3271 3362 3328 medicum
3413 3272 3518 3345 qui
3556 3272 3687 3343 jam
3720 3288 3841 3327 suo

2169 3358 2298 3429 regi
2324 3359 2585 3415 sociatus
2615 3362 2721 3429 est,
2752 3359 3019 3432 reparari
3055 3359 3406 3432 poterimus.
3466 3360 3525 3416 Si
3580 3359 3840 3431 nigredo

2173 3448 2466 3505 scelerum
2497 3464 2610 3504 nos
2639 3448 3022 3512 decoloravit,
3055 3464 3179 3505 non
3209 3449 3395 3506 simus
3418 3454 3482 3506 ut
3509 3448 3865 3523 :Ethiopes;

2171 3536 2277 3611 qui
2302 3552 2424 3593 non
2454 3541 2691 3593 mutant
2717 3536 2936 3611 pellem
2960 3554 3165 3607 suam;
3188 3538 3294 3594 sed
3318 3539 3395 3595 ad
3424 3540 3474 3610 ej
3485 3555 3555 3594 us
3578 3554 3839 3594 manum

2173 3630 2566 3691 recurrentes,
2600 3641 2908 3683 annonam
2941 3626 3379 3691 misericordiae,
3406 3628 3559 3684 sicut
3584 3627 3680 3683 ille
3708 3643 3840 3683 cor-

2172 3731 2306 3784 vus,
2339 3714 2417 3770 ab
2440 3731 2511 3770 eo
2548 3714 2947 3788 requiramus.
2996 3716 3055 3772 Si
3090 3716 3270 3773 etiam
3307 3716 3460 3773 inter
3508 3717 3841 3789 injuriosos

2173 3803 2386 3860 merito
2414 3804 2807 3878 computandi
2838 3821 3067 3869 sumus,
3098 3805 3269 3862 illum
3296 3811 3498 3864 tamen
3527 3808 3837 3869 aﬁ‘ectum,

2170 3908 2296 3965 quo
2323 3908 2434 3966 pro
2456 3910 2518 3950 se
2547 3893 2784 3949 odiente
2810 3892 2987 3962 ﬂevit,
3021 3894 3100 3951 ab
3126 3895 3259 3968 ipso
3288 3912 3701 3969 reposcamus.
3730 3900 3839 3952 Ne-

2170 3998 2289 4055 que
2318 3981 2479 4039 enim
2506 3982 2824 4056 supplices,
2857 3984 3139 4057 quamvis
3186 3984 3486 4055 indignos,
3533 3986 3838 4042 aversabi-

2172 4076 2284 4134 tur,
2313 4072 2420 4144 qui
2450 4088 2560 4144 pro
2585 4078 3000 4144 perseverante
3031 4073 3091 4129 in
3122 4073 3349 4130 malitia
3383 4073 3649 4145 lugebat.
3682 4078 3840 4131 Gau-

2171 4161 2427 4218 deamus
2479 4177 2645 4233 ergo,
2695 4167 2752 4218 et
2805 4178 2949 4233 erga
3007 4166 3328 4220 Dominum
3372 4169 3670 4223 nostrum.
3712 4181 3841 4237 quo

2169 4250 2442 4308 valemus
2466 4251 2683 4308 adnisu
2712 4251 3047 4308 dilectionis
3087 4254 3365 4309 affectum
3417 4253 3836 4311 exhibeamus.

2172 4344 2321 4396 Nam
2376 4341 2598 4396 idcirco
2645 4341 2894 4396 dimissa
2947 4347 3086 4397 sunt
3144 4343 3335 4398 Mariae
3390 4349 3641 4415 peccata
3684 4343 3841 4399 mul-

2172 4434 2251 4500 ta,
2276 4430 2418 4503 quia
2442 4430 2644 4486 dilexit
2670 4430 2925 4486 multum
2958 4433 3124 4499 (Luc.
3161 4448 3257 4502 vu,
3287 4433 3397 4502 47).

2243 4522 2532 4577 Caeterum
2555 4519 2631 4575 ad
2653 4518 2863 4576 laudes
2892 4520 3167 4591 ejusdem
3199 4520 3485 4592 principis
3532 4521 3631 4576 Dei
3682 4538 3835 4577 sem-

2169 4624 2297 4681 per,
2323 4609 2495 4680 juxta
2524 4608 2926 4675 Psalmistam,
2960 4609 3238 4680 adjicere,
3280 4610 3565 4682 cuiquam
3605 4610 3842 4666 deside-

2168 4697 2432 4755 randum
2487 4702 2595 4754 est.
2650 4697 2765 4755 Sed
2828 4713 2940 4754 nos
3012 4697 3292 4754 affectum
3352 4697 3603 4770 quidem
3675 4698 3842 4754 exhi-

2167 4785 2310 4843 bere
2374 4802 2724 4859 possumus,
2795 4787 3221 4861 perfectionem
3287 4802 3428 4843 vero
3502 4790 3686 4843 tantre
3755 4788 3839 4843 rei

2170 4890 2561 4947 nequaquam
2618 4876 2854 4949 explere
2903 4875 3233 4932 sufﬁcimus
3321 4878 3704 4948 Quapropter
3740 4892 3843 4932 ea-

2171 4962 2342 5018 sdem
2398 4960 2555 5017 illius
2605 4962 2854 5028 laudes,
2912 4974 3055 5019 'non
3112 4979 3235 5020 una
3292 4980 3405 5020 vox
3432 5007 3445 5028 ,
3530 4979 3657 5019 non
3714 4980 3843 5021 una

2170 5051 2576 5122 congregatio,
2631 5067 2827 5126 neque
2868 5069 2992 5109 una
3025 5053 3169 5109 urbs
3211 5052 3306 5109 vel
3347 5052 3662 5126 provincia
3700 5070 3845 5126 pro—

2169 5140 2431 5208 clamat;
2475 5139 2582 5197 sed
2610 5139 2956 5214 ubicunque
2995 5147 3203 5199 sancta
3248 5141 3508 5198 Ecclesia
3552 5140 3843 5211 diffundi-

2169 5233 2283 5298 tur,
2315 5245 2422 5303 per
2453 5229 2663 5302 tribus,
2690 5247 2799 5303 per
2826 5231 3121 5303 nationes,
3152 5247 3259 5304 per
3287 5230 3545 5301 linguas,
3576 5229 3717 5286 laus
3742 5235 3847 5288 Be-

2168 5319 2386 5376 nedicti
2416 5319 2842 5392 frequentatur.
2878 5320 2935 5377 Si
2964 5321 3124 5377 enim
3153 5322 3216 5377 in
3243 5320 3633 5377 multitudine
3648 5336 3844 5390 popu-

2169 5408 2217 5462 li
2232 5407 2498 5478 dignitas
2523 5408 2693 5479 regis
2721 5414 2805 5464 est
2822 5408 3028 5479 (Prov.
3046 5409 3298 5480 x1v,28),
3321 5413 3387 5465 ut
3414 5408 3495 5464 ait
3522 5406 3837 5473 Salomon,

2166 5498 2462 5568 quantum
2522 5501 2805 5569 putamus
2860 5513 2991 5555 esse
3044 5498 3392 5569 dignitatem
3435 5496 3606 5554 istius
3652 5500 3836 5569 regis.

2168 5600 2352 5665 quem
2379 5592 2501 5644 tam
2527 5602 2886 5646 numerosus
2912 5588 3292 5662 prosequitur
3309 5587 3601 5648 exercitus
3622 5603 3839 5646 mona-
