4096 6138
224 118 329 172 729

223 240 476 296 chorum
505 242 533 296 ‘3
561 241 700 306 Quis
727 258 995 316 unquam
1023 261 1122 300 rex
1150 252 1253 302 aut
1291 247 1615 320 imperator
1658 247 1718 303 in
1753 251 1874 302 tan-

223 328 296 384 tis
318 329 528 386 mundi
559 329 827 402 partibus
852 329 1184 406 imperavit,
1219 341 1321 392 aut
1349 351 1420 393 ex
1476 341 1598 392 tam
1628 331 1873 392 diversis

220 417 568 473 nationibus
599 419 711 474 sibi
741 425 931 476 tantas
971 421 1232 491 legiones
1264 425 1566 494 conduxit,
1613 430 1871 498 quantas

220 507 491 564 videlicet
515 508 640 578 iste,
666 510 983 579 cujuslibet
1014 528 1189 568 sexus
1229 519 1283 570 et
1333 516 1518 572 relatis
1569 516 1628 572 in
1663 515 1870 572 Christi

221 595 450 665 militia,
480 598 810 654 voluntarie
853 600 1084 669 juratas
1116 603 1425 676 disponit?
1483 607 1669 671 Quem
1700 604 1873 677 quasi

219 690 574 758 praesentem
604 685 916 754 intuentes,
956 694 1012 745 et
1035 691 1317 748 vexillum
1354 693 1734 750 institutionis
1783 709 1871 748 se-

219 779 491 848 quentes,
513 775 842 833 diabolicas
873 780 1028 836 acies
1056 780 1297 838 viriliter
1324 783 1674 853 infringunt.
1736 783 1870 850 Qui~

217 866 336 922 bus
368 865 502 922 illuc
532 867 946 939 propheticum
977 877 1310 945 coaptatur,
1344 880 1521 930 erant
1563 877 1726 931 oculi
1761 875 1866 942 tui,

221 955 482 1010 videntes
509 961 929 1024 praeceptorem
962 964 1127 1015 tuum
1171 961 1310 1030 (Isa.
1354 978 1490 1033 xxx,
1524 965 1633 1034 20).
1705 962 1870 1016 Deni-

215 1059 336 1116 que
361 1043 552 1100 fidelis
581 1044 784 1117 opinio
827 1051 932 1116 est,
973 1048 1140 1121 quod
1194 1051 1606 1124 unusquisque
1637 1056 1868 1107 sancto-

214 1150 353 1189 rum
388 1151 528 1189 cum
552 1134 662 1190 illis
694 1141 896 1205 surget
945 1138 1004 1192 in
1053 1141 1516 1208 regeneratione,
1567 1158 1719 1214 quos
1758 1143 1866 1196 Do-

215 1217 382 1278 mino
413 1221 741 1296 acquisivit.
777 1228 925 1282 Cum
953 1223 1131 1298 igitur
1165 1229 1422 1286 universi
1450 1221 1701 1302 hujusce
1749 1229 1867 1286 ins-

215 1311 500 1367 titutionis
529 1313 658 1382 ejus
704 1329 1011 1386 sequaces,
1069 1316 1127 1372 in
1161 1334 1349 1373 unum
1399 1319 1586 1375 coacti
1616 1319 1864 1386 fuerint;

213 1401 391 1476 quale
425 1401 661 1472 signum
688 1405 1058 1475 apostolatus
1098 1409 1411 1464 Benedicto
1450 1414 1591 1464 tunc
1635 1409 1728 1466 ille
1764 1425 1865 1465 co-

213 1491 422 1563 piosus
456 1491 743 1548 exercitus
770 1496 1035 1566 seipsum
1067 1497 1416 1553 exhibebit?
1443 1501 1486 1556 Ο
1513 1498 1678 1571 ψιτΙὶ
1724 1513 1865 1567 gau-

213 1580 314 1636 dio
345 1585 483 1637 tunc
523 1579 617 1637 ille
658 1583 1022 1654 tripudiabit,
1055 1586 1158 1659 qui
1208 1604 1334 1644 sese
1378 1587 1490 1644 illis
1519 1588 1866 1644 cohortibus

212 1668 548 1728 immiscere
602 1674 897 1745 potuerit!
951 1679 1115 1732 Nunc
1181 1693 1410 1745 omnes,
1471 1678 1566 1735 vel
1604 1677 1736 1734 loco
1771 1678 1866 1734 vel

213 1762 428 1818 affectu
487 1763 679 1833 vicini,
743 1765 802 1818 in
853 1781 992 1820 eum
1023 1767 1218 1822 cordis
1275 1768 1554 1824 intuitum
1585 1769 1862 1839 dirigant.

213 1851 429 1908 Omnia
453 1853 611 1908 enim
639 1853 920 1910 omnibus
953 1854 1145 1912 factus
1175 1859 1280 1912 est.
1308 1850 1491 1912 Habet
1509 1857 1665 1913 enim
1696 1858 1865 1930 pueri

212 1942 472 1998 formam
502 1944 563 1996 in
591 1958 778 2014 puero
809 1959 998 2014 quam
1046 1950 1411 2017 sequantur;
1463 1951 1527 2001 ut
1573 1946 1864 2018 quoniam

210 2029 294 2086 ad
319 2029 659 2100 exemplum
687 2034 850 2085 Isaac
878 2034 995 2087 Deo
1022 2032 1186 2089 obliti
1218 2038 1374 2100 sunt,
1409 2034 1736 2106 primordia
1757 2050 1864 2089 sua

209 2121 467 2172 caveant
489 2117 862 2174 fermentare.
897 2121 980 2174 Ac
1011 2120 1295 2194 deinceps
1336 2121 1560 2194 quique
1590 2138 1697 2195 per
1722 2125 1864 2178 teta-

204 2209 341 2261 tum
373 2205 778 2262 successiones
803 2207 920 2263 sint
949 2209 1188 2280 perfecti
1218 2226 1396 2266 sensu
1421 2229 1433 2276 ;
1462 2215 1525 2266 ut
1550 2228 1586 2267 a
1616 2217 1865 2283 paterna

207 2292 301 2350 Sui
331 2290 550 2349 nutritii
585 2295 800 2367 pietate
833 2310 952 2352 non
983 2297 1364 2367 degenerant.
1411 2303 1488 2355 Ne
1519 2299 1665 2355 forte
1698 2300 1744 2354 si
1785 2301 1864 2356 ab

205 2382 604 2438 excellentiori
631 2385 822 2452 gradu
867 2386 1208 2453 ceciderint,
1253 2388 1494 2455 gravius
1540 2384 1858 2443 elidantur.

207 2472 320 2528 Sed
349 2476 404 2527 et
433 2487 544 2527 nos
573 2472 917 2546 quicunque
943 2475 1330 2548 deliquimus,
1357 2476 1524 2532 nullo
1566 2476 1750 2532 modo
1781 2477 1860 2532 ab

204 2562 509 2636 speranda
537 2562 848 2620 clementia
895 2564 1290 2633 deficiamus;
1348 2567 1494 2639 quia
1541 2567 1750 2622 vivens
1804 2572 1862 2623 et

173 2657 340 2725 -post
368 2652 595 2708 obitum
629 2657 898 2709 mortuos
923 2655 1240 2718 suscitavit,
1282 2658 1587 2713 confracta
1633 2661 1862 2713 restau-

200 2742 376 2808 ravit,
409 2741 724 2814 desperata
745 2745 991 2800 curavit.

280 2827 344 2886 Et
371 2827 646 2903 quamvis
679 2848 796 2888 non
829 2827 1144 2889 fecerimus
1173 2830 1303 2904 ejus
1322 2833 1714 2901 voluntatem,
1746 2835 1858 2890 Do-

1541 121 1903 179 SERMONES
1943 121 2277 191 QUINQUE.
2337 139 2340 142 '

3520 137 3634 195 730

1981 247 2146 303 sione
2175 249 2424 321 quidam
2451 252 2626 323 quasi
2654 253 2772 309 ﬁde
2798 255 3095 325 vacillant,
3115 257 3366 330 quidam
3387 258 3636 333 insuper

1979 333 2137 392 stulti
2167 336 2453 408 garriunt,
2477 357 2584 396 cur
2613 341 2959 400 incendium
2983 361 3102 401 non
3127 349 3498 421 represserit;
3529 350 3633 406 do-

1976 425 2066 482 lor
2090 426 2194 499 qui
2223 427 2297 484 de
2327 424 2507 500 priori
2539 423 2858 486 adustione
2889 436 3234 505 contigerat,
3266 438 3442 494 nobis
3465 455 3635 495 reno-

1976 520 2148 570 vatus
2179 521 2289 587 est,
2334 522 2388 572 et
2443 518 2521 574 ob
2571 520 2684 576 hoc
2737 519 2988 590 exigitis,
3050 529 3112 580 ut
3142 526 3423 596 quaedam
3457 528 3633 598 quasi

1977 605 2163 662 Sicera
2195 606 2517 664 verborum
2544 609 2714 665 vobis
2746 610 3115 678 conficiatur,
3148 630 3284 685 quae
3339 616 3636 672 maerenti-

1973 693 2091 749 bus
2149 696 2518 768 propinetur,
2569 702 2624 753 et
2675 698 2785 753 illis
2845 699 3223 772 aliquatenus
3257 709 3630 763 succenseat.

1977 783 2145 846 Quod
2168 784 2416 856 quidem
2447 801 2560 854 ego
2588 786 2692 842 diu
2720 793 3034 844 cunctatus
3090 789 3301 859 refugi.
3353 794 3632 850 Martinus

1976 872 2214 937 etenim,
2249 867 2420 945 cujus
2448 869 2739 948 obsequio
2765 875 2944 933 debet
2964 877 3074 933 iste
3105 893 3302 934 sermo
3332 879 3632 951 famulari,

1976 962 2172 1033 major
2195 967 2286 1019 est
2309 979 2497 1035 quam
2519 965 2635 1020 dici
2669 970 2868 1038 queat.
2906 968 3115 1033 Quem,
3142 968 3293 1024 sicut
3311 968 3384 1024 de
3415 986 3485 1026 eo
3506 986 3637 1042 per-

1975 1050 2228 1119 hibetur,
2263 1069 2696 1126 usquequaque
2744 1058 2895 1110 Deus
2953 1054 3298 1125 miriﬁcans,
3354 1058 3533 1114 etiam
3571 1058 3635 1114 in

1976 1141 2091 1196 hoc
2114 1141 2425 1211 gloriﬁcat,
2457 1144 2622 1216 quod
2652 1145 2850 1200 omnis
2892 1145 2995 1217 qui
3025 1146 3098 1201 de
3124 1146 3224 1202 illo
3254 1151 3310 1203 et
3362 1146 3633 1219 prosaice

1973 1233 2030 1285 et
2059 1223 2318 1298 metrice,
2380 1232 2498 1288 sive
2531 1233 2710 1290 etiam
2763 1234 3098 1306 rhythmice
3143 1236 3528 1309 scripserunt,
3577 1242 3635 1294 et

1974 1320 2160 1375 sancti
2209 1325 2264 1376 et
2319 1321 2486 1393 periti
2521 1321 2724 1384 fuisse,
2773 1327 2829 1378 et
2882 1323 3040 1379 dulci
3073 1324 3406 1381 admodum
3454 1331 3633 1400 atque

1975 1413 2216 1480 compto
2247 1408 2484 1480 eloquio
2513 1415 2862 1477 noscuntur,
2898 1427 3032 1483 qua:
3090 1413 3458 1484 pertulerunt
3506 1411 3632 1470 edi-

1973 1494 2151 1552 disse.
2209 1499 2276 1551 Et
2311 1496 2620 1564 nimirum,
2679 1498 2792 1553 nisi
2845 1499 3186 1569 jubentium
3228 1502 3548 1558 auctoritas
3577 1505 3635 1559 et.

1973 1585 2056 1640 rei
2079 1585 2398 1640 necessitas
2427 1591 2681 1654 urgeret,
2738 1586 3183 1659 inconsequens
3228 1590 3546 1656 videretur,
3568 1596 3635 1646 ut

1973 1673 2044 1741 is,
2104 1674 2209 1746 qui
2262 1675 2335 1730 de
2377 1675 2620 1731 homine
2651 1681 2707 1731 et
2747 1676 2891 1731 nihil
2951 1677 3153 1747 habet,
3199 1683 3256 1734 et
3300 1694 3537 1751 parum,
3569 1681 3632 1736 id

1974 1769 2198 1820 tentare
2216 1771 2623 1836 praesumeret.
2653 1764 2764 1820 Sed
2791 1765 2866 1820 ad
2897 1781 3066 1837 spem
3093 1782 3479 1823 communem
3501 1783 3630 1824 cor—

1973 1852 2066 1907 dis
2099 1852 2305 1907 oculos
2338 1853 2654 1919 reducens,
2679 1869 2875 1926 spero,
2906 1852 3198 1926 quoniam
3221 1855 3505 1923 Christus,
3527 1854 3632 1928 qui

1972 1935 2271 1995 benedicit
2300 1941 2530 2011 pusillis
2556 1947 2612 1996 et
2634 1941 2988 2012 majoribus,
3021 1958 3144 1998 non
3172 1943 3469 2000 desereret
3513 1945 3629 2000 hoc

1973 2029 2141 2101 quod
2171 2029 2511 2084 obedientia
2544 2034 2795 2085 conatur
2825 2030 3172 2103 obsequens
3211 2031 3464 2106 imperio
3494 2033 3632 2089 cha-

1973 2117 2180 2172 ritatis.
2218 2121 2364 2173 Nam
2393 2118 2520 2190 ipse
2575 2118 2738 2174 volat
2790 2134 2971 2190 super
2999 2132 3230 2191 pennas
3287 2126 3626 2192 ventorum,
3689 2180 3699 2188 _

1972 2207 2264 2262 excellens
2320 2223 2565 2263 omnem
2621 2208 3188 2281 contemplationem
3240 2209 3623 2278 angelorum:

1970 2297 2098 2370 ipse
2129 2297 2437 2353 descendit
2467 2297 2546 2353 ad
2575 2298 2857 2354 inferiora
2887 2303 3073 2369 terrae,
3099 2298 3428 2354 lactescens
3471 2303 3628 2355 tene-

1968 2385 2290 2441 ritudinem
2321 2385 2732 2457 parvulorum.
2774 2391 2903 2458 Ipse
2953 2386 3092 2443 facit
3119 2392 3183 2442 ut
3212 2387 3496 2443 animalia
3523 2404 3625 2443 vo-

1967 2473 2090 2530 lent
2120 2474 2511 2547 sequentibus
2546 2475 2708 2544 rotis,
2742 2474 2868 2548 ipse
2911 2480 2972 2531 ut
3005 2475 3195 2532 stellio
3231 2476 3490 2532 brachiis
3533 2477 3624 2532 ni-

1967 2567 2096 2619 tens
2121 2570 2387 2620 moretur
2403 2565 2464 2619 in
2495 2563 2726 2620 aedibus
2756 2563 2930 2634 regis.
2953 2563 3017 2620 Et
3039 2565 3132 2621 cui
3156 2565 3509 2638 patriarchas
3531 2566 3621 2621 vel

1964 2655 2270 2727 prophetae
2301 2655 2659 2721 cecinerunt,
2683 2655 2811 2725 ejus
2835 2654 3046 2710 laudes
3073 2654 3458 2710 Hebraeorum
3483 2667 3627 2725 pue-

1963 2743 2012 2798 ri
2043 2743 2466 2798 clamaverunt.
2495 2746 2562 2799 Ut
2583 2759 2726 2814 ergo
2755 2743 2919 2799 dedit
2938 2742 3291 2798 excellentes
3315 2743 3490 2813 viros,
3519 2741 3626 2814 qui

1966 2831 2285 2887 mandatas
2318 2831 2602 2886 excubias
2628 2831 2914 2886 ducentes
2944 2831 3004 2886 in
3028 2829 3274 2886 laudem
3305 2830 3464 2885 beati
3484 2831 3624 2886 Mar-

201 2918 437 2974 minum
465 2922 665 2974 tamen
696 2919 1049 2980 invocemus
1075 2937 1238 2988 eum,
1263 2921 1452 2976 etsint
1481 2921 1637 2977 oculi
1666 2920 1855 2977 nostri
1968 2920 2070 2976 tini
2103 2919 2290 2976 multo
2345 2919 2621 2974 nobiliter
2650 2919 3005 2996 scriberent;
3046 2919 3128 2973 ita
3155 2917 3407 2973 inﬁrmis
3433 2934 3621 2989 prais-

199 3008 262 3062 in
297 3006 576 3062 manibus
604 3008 733 3078 ejus
764 3007 1154 3075 intendentes,
1187 3009 1379 3066 donec
1419 3010 1548 3082 ipse
1601 3026 1742 3066 suos
1776 3015 1858 3066 at-

197 3097 369 3153 tollat
407 3112 588 3169 super
642 3113 776 3164 nos,
832 3102 887 3152 et
919 3098 1268 3154 misereatur
1300 3099 1506 3155 nostri.
1550 3099 1630 3156 Sit
1678 3099 1872 3155 nobis

199 3199 440 3255 semper
493 3183 839 3240 Benedictus
891 3185 950 3240 in
997 3187 1198 3256 corde,
1249 3187 1603 3242 Benedictus
1632 3188 1692 3242 in
1729 3203 1853 3257 ore,

201 3271 554 3327 Benedictus
611 3276 768 3342 actu,
809 3278 1107 3345 quatenus
1149 3275 1198 3330 si
1254 3291 1377 3348 qua
1409 3275 1610 3343 virtus,
1644 3275 1692 3330 si
1730 3291 1855 3347 qua

194 3361 334 3416 laus
372 3360 721 3432 disciplima,
773 3368 834 3417 ut
878 3362 1024 3417 illud
1079 3363 1475 3435 apostolicum
1533 3363 1852 3434 imitantes,

193 3465 334 3522 qltze
362 3448 621 3505 vidimus
650 3450 710 3505 in
730 3449 852 3516 illo,
879 3456 936 3507 et
963 3452 1302 3508 audivimus
1343 3452 1405 3508 in
1434 3451 1556 3522 illo,
1585 3457 1641 3508 et
1688 3453 1854 3509 audi-

193 3539 395 3594 vimus
443 3539 521 3594 ab
577 3538 698 3610 illo,
759 3546 1071 3608 sectemur,
1112 3546 1178 3597 ut
1214 3541 1531 3598 nobiscum
1565 3541 1638 3598 sit
1697 3536 1852 3598 D'eus

193 3627 363 3701 pacis
385 3643 490 3700 per
517 3627 740 3699 ipsum,
774 3629 832 3684 in
863 3630 1082 3686 saecula
1109 3630 1487 3686 saeculorum.
1519 3635 1732 3687 Amen.

848 3738 1075 3792 SERMO
1117 3738 1203 3791 ιν.
1265 3769 1274 3781 -

406 3823 468 3861 Dii
508 3823 882 3863 COMBLTSTIONl-l
923 3823 1186 3862 BASILICE
1218 3824 1371 3862 ΒΕΔΤΙ
1413 3824 1657 3863 MARTINI.

271 3895 533 3966 Exigitis,
555 3895 785 3952 domini
810 3897 946 3957 mei,
981 3896 1192 3951 divites
1221 3897 1489 3968 inopem,
1509 3896 1854 3968 eloquentes

192 3985 518 4053 elinguem.
541 3989 687 4041 Nam
718 3986 860 4058 quia
886 4001 1079 4057 nuper
1107 3985 1420 4041 basilicam
1453 3987 1598 4056 (124)
1646 3985 1854 4040 domni

191 4075 388 4130 nostri
415 4075 637 4130 Martini
669 4075 919 4130 flamma
945 4075 1148 4130 denuo
1178 4076 1430 4144 voravit,
1461 4079 1518 4130 et
1541 4075 1655 4130 hac
1685 4090 1854 4130 occa-

268 4218 418 4284 (124)
468 4218 794 4273 Basilicam
838 4217 1045 4272 damni
1073 4217 1329 4274 Martini
1364 4219 1608 4285 ﬂamma
1659 4219 1852 4273 denuo

1966 3013 2088 3064 tare
2135 3008 2431 3077 dignetur,
2483 3012 2546 3062 ut
2607 3007 2818 3062 saltem
2877 3006 3033 3062 velut
3083 3021 3263 3061 canes
3313 3005 3624 3060 modicum

1963 3097 2110 3169 quid
2139 3114 2250 3170 pro
2279 3097 2408 3167 ejus
2438 3095 2562 3152 zelo
2597 3095 2910 3152 delatrent.

2035 3185 2286 3251 Quando
2317 3186 2482 3256 [quo]
2515 3185 2710 3257 primo
2741 3184 2918 3253 igitur
2945 3187 3123 3240 tanta;
3138 3181 3493 3238 calamitatis
3524 3198 3625 3236 ru-

1962 3291 2114 3342 mor,
2147 3279 2204 3330 et
2241 3274 2469 3330 vicinas
2499 3278 2556 3330 et
2583 3273 2932 3329 remotiores
2961 3288 3240 3344 quasque
3287 3271 3630 3344 provincias

1961 3363 2280 3435 derepente
2310 3362 2660 3435 pervolavit,
2692 3363 2904 3432 ingens
2935 3377 3157 3417 maeror
3180 3366 3235 3417 et
3262 3361 3456 3416 luctus
3495 3375 3627 3414 om-

1955 3453 2126 3509 nium
2155 3452 2339 3508 corda
2369 3451 2728 3524 perstrinxit,
2754 3453 2836 3508 ita
2857 3456 2939 3521 ut,
2972 3451 3124 3506 sicut
3146 3451 3325 3506 nobis
3356 3449 3621 3505 relatum

1960 3547 2070 3612 est,
2121 3557 2243 3598 non
2299 3541 2495 3597 solum
2547 3541 2798 3614 quilibet
2855 3541 3158 3607 rusticani,
3217 3539 3323 3614 qui
3371 3539 3616 3594 beatum

1960 3632 2155 3688 virum
2176 3631 2354 3703 quasi
2383 3631 2742 3702 peculiarius
2763 3631 3006 3700 diligere
3037 3633 3497 3697 consueverunt,
3519 3627 3625 3684 sed

1961 3725 2017 3776 et
2054 3720 2369 3792 optimates
2399 3719 2624 3792 quique
2651 3719 2987 3790 lacrymati,
3041 3719 3188 3790 quin
3217 3719 3397 3774 etiam
3424 3723 3480 3773 et
3526 3733 3619 3772 re-

1962 3804 2304 3880 gestuisse
2365 3807 2657 3862 dicantur.
2721 3807 2948 3872 Quibus
3003 3806 3285 3878 equidem
3352 3805 3474 3860 vim
3524 3805 3628 3860 do-

1961 3889 2105 3953 loris
2132 3897 2247 3952 hoc
2281 3896 2543 3951 maxime
2571 3895 3000 3964 exaggerabat,
3055 3895 3221 3964 quod
3250 3894 3464 3948 eadem
3520 3893 3626 3947 do-

1964 4002 2100 4041 mus
2121 3989 2258 4039 ante
2278 3999 2398 4038 non
2422 3983 2643 4038 multos
2670 3998 2862 4038 annos
2883 3981 3202 4037 combusta
3227 3980 3418 4035 fuerat
3450 3981 3621 4048 (125):

1964 4078 2022 4129 et
2049 4087 2211 4128 nunc
2242 4070 2429 4126 multo
2481 4075 2748 4142 sumptu,
2799 4069 3109 4142 multaque
3161 4083 3412 4123 suorum
3453 4065 3625 4121 indu-

1967 4216 2114 4271 nicze
2145 4217 2268 4282 994,
2291 4211 2537 4268 ecclesia
2561 4211 2720 4268 beati
2747 4211 2971 4267 Martini
3006 4211 3222 4266 iterum
3243 4213 3627 4282 concremata

193 4279 452 4360 voravit.
475 4291 594 4360 Non
621 4289 823 4349 semel,
854 4287 956 4343 sed
974 4288 1194 4360 plurics
1215 4279 1466 4344 ecclesia
1498 4289 1684 4344 sancti
1711 4291 1854 4344 Mar-
1897 4290 1935 4342 Π
1968 4291 2054 4341 est
2085 4302 2206 4341 una
2247 4279 2384 4360 cum
2407 4283 2709 4360 castroab
2731 4282 2978 4360 oriente,
3008 4298 3044 4336 a
3069 4280 3402 4360 fine_sancti
3429 4279 3626 4360 Hilarii

196 4358 301 4431 tini
335 4359 649 4431 combusta
673 4360 779 4414 fuit
809 4364 944 4415 ante
969 4358 1024 4431 ii.
1059 4375 1306 4415 annum.
1341 4361 1559 4427 Primo,
1585 4364 1852 4431 tempore

197 4429 486 4502 Clotharii,
537 4431 713 4502 regis,
782 4447 888 4502 per
946 4429 1343 4486 Wilicharium
1411 4429 1852 4502 conjugemque

195 4501 350 4569 ejus,
412 4501 492 4555 uti
553 4501 757 4556 scribit
787 4501 1118 4570 ’Gregorius
1191 4502 1573 4570 Turonensis,
1628 4501 1728 4555 lib.
1755 4501 1852 4555 "iv

200 4572 415 4646 Histor,
474 4574 678 4628 Franc.
731 4588 861 4646 cap.
916 4569 1004 4641 20,
1061 4577 1117 4627 et
1162 4569 1313 4627 libro
1361 4589 1588 4646 x,‘cap.
1620 4571 1722 4646 ult.
1759 4574 1854 4628 Se-

195 4642 402 4714 cundo
431 4659 539 4714 per
571 4642 990 4712 Nortma’nnos,
1025 4659 1185 4698 anno
1217 4648 1339 4708 853,
1394 4642 1549 4698 sicut
1596 4642 1858 4697 referunt

194 4713 450 4768 annales
499 4715 703 4768 incerti
763 4715 1040 4770 auctoris.
1091 4715 1182 4769 his
1212 4715 1408 4769 verbis
1442 4733 1453 4768 :
1489 4736 1516 4762 «
1549 4720 1722 4768 Anno
1752 4718 1853 4769 853

195 4786 546 4841 Nortmanni
577 4801 686 4857 per
728 4785 976 4857 Ligerim
1031 4786 1280 4841 fluvium
1331 4786 1634 4841 venientes
1680 4787 1858 4857 Turo-

194 4871 347 4910 num
398 4855 597 4912 Galliaé
653 4856 949 4912 civitatem
991 4857 1358 4928 praedantur,
1389 4861 1470 4928 et
1528 4857 1679 4911 inter
1707 4855 1855 4928 alias

189 4928 358 5000 zedes
397 4928 708 5000 ecclesiam
741 4927 1210 5000 quoque’sancti
1243 4927 1466 5000 Martini
1497 4927 1855 5000 confessoris

192 4999 436 5054 nemine
461 4997 784 5063 resistente,
814 4997 1242 5053 succendunt.»
1272 4997 1500 5062 Quibus
1534 4997 1858 5053 concordat

192 5075 253 5124 et
315 5071 652 5138 Sigebertus
683 5068 1129 5124 Gemblacensis
1171 5069 1506 5123 monachus
1564 5069 1622 5122 in
1678 5069 1857 5125 Chro-

192 5141 353 5196 nico.
381 5142 569 5197 Tertio
598 5157 805 5196 rursus
836 5156 942 5197 Der
980 5139 1224 5195 eosdem
1267 5142 1662 5194 Nortmannos
1694 5154 1855 5194 anno

192 5212 406 5285 Christi
435 5213 561 5277 903,
594 5209 1116 5285 quemadmodum
1155 5214 1410 5285 testatur
1461 5209 1709 5285 Historia
1753 5209 1858 5285 do-

191 5283 502 5338 minorum
552 5280 1061 5349 Ambaziensiam,
1133 5280 1280 5335 dum
1333 5280 1413 5335 ait
1473 5297 1485 5333 :
1543 5302 1568 5327 ‹‹
1633 5281 1855 5334 Mortuo

194 5354 408 5429 (idone
455 5370 612 5429 rege,
665 5354 766 5426 qui
809 5371 860 5429 _x
880 5352 1090 5429 _a_n_nis
1136 5351 1428 5429 regnavit,
1478 5350 1538 5429 in
1577 5365 1659 5404 vn
1693 5364 1854 5429 anno

191 5431 334 5497 post
361 5426 490 5492 ejus
516 5424 744 5480 obitum
767 5425 845 5480 ab
880 5425 1036 5479 Erith
1059 5429 1113 5478 et
1136 5424 1341 5497 Bathet
1372 5424 1854 5497 Nortmannisci:

190 5491 346 5550 vitas
371 5491 622 5551 Turonis
642 5511 930 5551 succensa
947 5500 1054 5560 est,
1072 5495 1438 5564 ecclesiaque
1453 5491 1854 5564 beatiMartini

192 5583 336 5642 cum
371 5572 506 5642 toto
559 5573 779 5642 castro,
829 5571 1217 5642 atquecum
1273 5562 1457 5618 xxvm
1508 5562 1787 5642 ecclesiis.
1810 5586 1853 5642 'n

193 5639 420 5701 Quarto
466 5633 944 5711 deniquepsicut
973 5635 1154 5692 habet
1193 5638 1569 5711 anonymus,
1593 5704 1601 5711 _
1624 5633 1855 5711 M_ajoris

193 5710 533 5772 Monasterii
562 5704 931 5771 monachus:
961 5730 989 5757 «
1022 5704 1640 5786 Annolncarnat'wnb
1658 5704 1878 5765 Βοιώ-θ

1497 5878 1551 5898 .o.
1630 5843 1812 5910 ερέ-η,
1909 5873 1942 5903 τι

1970 4374 2162 4429 usque
2193 4355 2272 4412 ad
2302 4361 2588 4429 sanctam,
2614 4351 3351 4429 Mariainpauperculam,
3390 4367 3426 4406 a
3455 4351 3628 4429 meri-

1969 4422 2117 4484 die’a
2148 4432 2318 4500 porta
2349 4427 2533 4480 sancti
2565 4424 2916 4500 Petrutionis
2967 4422 3158 4500 usque
3190 4423 3267 4478 ad
3297 4422 3623 4500 Ligerim.»

1970 4503 2094 4554 Non
2116 4493 2175 4554 in
2205 4500 2319 4553 hac
2349 4502 2570 4562 autem,
2595 4495 2881 4568 nequein
2903 4493 3191 4561 secunda,
3220 4493 3326 4548 sed
3346 4496 3406 4548 in
3457 4493 3627 4547 tertia

1971 4569 2407 4640 combustione,
2457 4584 2593 4640 quas
2652 4567 2898 4633 contigit
2945 4581 3106 4620 anno
3130 4568 3232 4640 903
3283 4577 3625 4640 sermonem

1967 4641 2128 4695 hunc
2155 4639 2233 4695 ab
2275 4631 2752 4703 Oddne‘dictum,
2787 4631 2842 4691 et
2867 4641 3104 4706 tempus
3129 4635 3331 4705 ipsum
3359 4649 3481 4704 quo
3509 4631 3624 4706 cla:

1968 4712 2100 4770 ruit.
2133 4716 2189 4766 ct
2216 4709 2401 4765 verba
2431 4725 2566 4779 qua:
2598 4702 2795 4762 statim
2817 4702 3169 4779 sequuntur;
3201 4702 3440 4774 nempe,
3459 4702 3624 4779 quod

1969 4783 2170 4838 eadem
2211 4782 2418 4836 domus
2450 4775 2598 4833 ante
2647 4793 2764 4832 non
2812 4775 3031 4831 multos
3087 4790 3278 4831 annos
3321 4775 3627 4830 combusta

1967 4854 2195 4922 fuerat,
2228 4856 2427 4922 aperte
2453 4848 2888 4922 demonstrant.

2040 4924 2188 4992 (125)
2221 4918 2296 4976 Et
2320 4936 2480 4975 nunc
2506 4920 2696 4974 multo
2728 4924 2992 4992 smnpm,
3025 4918 3332 4992 maitaque
3380 4932 3625 4992 suorum

1968 4962 2268 5048 indita/rid
2297 4997 2602 5059 reparata.
2662 4962 2921 5044 Primalm
2976 4962 3447 5044 basilicse‘lsancti
3479 4991 3625 5059 Mar-

1968 5066 2070 5119 tini
2103 5058 2581 5120 combustionem
2616 5060 2968 5116 restauravit
3026 5061 3406 5132 Euphronius
3437 5058 3626 5113 archi-

1969 5138 2309 5206 episcopus,
2342 5133 2626 5206 illamque
2648 5137 2880 5206 ‘stanno
2922 5131 3082 5206 texit,
3116 5131 3444 5206 ppitulante
3487 5142 3626 5193 rege

1968 5197 2304 5274 Clothario,
2337 5204 2489 5258 sicut
2528 5197 2685 5257 'dicit
2741 5203 3080 5275 Gregorius
3115 5197 3330 5275 'l‘iiron.
3380 5197 3482 5250 lib.
3545 5213 3624 5275 iv,

1967 5294 2100 5348 cap.
2125 5281 2214 5339 ‘20,
2249 5270 2304 5330 et
2331 5275 2434 5348 lib.
2467 5291 2526 5342 x,
2555 5290 2686 5346 cap.
2719 5273 2820 5328 ult.
2851 5271 3187 5348 Secundam
3214 5270 3326 5348 ᾕρει
3353 5270 3626 5348 canonici

1967 5337 2154 5403 sancti
2184 5337 2428 5412 Martini,
2483 5337 2606 5417 qua
2631 5337 2970 5417 'potuerunt
3026 5337 3318 5417 industria
3341 5341 3416 5417 et
3437 5337 3627 5417 excel-

1965 5419 2145 5474 lentia
2172 5407 2619 5490 reparaverunt,
2649 5407 2734 5469 'ut
2754 5415 2847 5490 hi_c_
2879 5413 3050 5490 docet
3073 5412 3313 5490 sanctus
3335 5407 3482 5490 Qdo.
3514 5409 3626 5490 Pro

1967 5491 2134 5545 tertia
2165 5479 2570 5546 resarcienda,
2609 5479 2883 5558 pecuniis
2911 5482 3040 5550 jam
3077 5479 3515 5558 deficientibus,
3548 5479 3627 5558 ad

1965 5561 2333 5616 Adefonsum
2409 5554 2700 5630 Hispania;
2756 5568 2957 5630 regem
2992 5555 3488 5630 _1‘ecursumuest‘,
3536 5554 3628 5630 "ut

1965 5636 2132 5704 patet
2159 5631 2466 5704 exips‘ius‘
2505 5619 3040 5704 I_\defopsi__litteris
3067 5637 3275 5704 “anno.
3314 5625 3417 5704 90B
3447 5619 3623 5704 datis,

1963 5689 2106 5774 qua
2119 5689 2471 5773 benignitati
2500 5695 2749 5758 Joannis
2777 5693 3036 5754 Massoni
3066 5692 3281 5766 Papirii
3308 5690 3505 5750 fratris
3523 5689 3626 5747 de-
