4096 6138
267 170 372 223 7'83

1602 170 1977 228 ΒΕΒΙῢΝΕΒ
2002 170 2348 238 'QUlNQUE'.

3578 176 3683 234 Μ

256 290 452 346 viores
494 290 707 347 fratres
759 291 1038 357 vidimus,
1094 293 1197 365 qui
1249 293 1330 349 ita
1386 293 1777 359 testabantur,
1831 292 1916 349 ἀί-
1944 303 1991 355 Α
2028 310 2296 363 exosum,
2337 310 2453 352 nec
2482 302 2661 373 more
2691 314 2808 353 suo
2856 314 3063 371 preces
3109 299 3452 374 supplicum
3498 302 3686 355 attens

258 383 481 446 centes,
565 380 729 451 quod
804 382 1088 437 machina
1154 382 1374 438 domus
1439 387 1645 438 contra
1724 381 1915 436 solem

256 468 649 540 resplendens
686 471 877 541 quasi
931 472 1295 528 monticulus
1332 487 1551 529 aureus
1581 472 1916 538 videbatur,

258 561 317 613 et
358 562 487 612 tam
540 559 1078 632 gratamgsperiem
1123 561 1507 617 cernentibus
1535 565 1918 633 repraesenta-

255 645 383 711 bat,
412 650 478 701 ut
504 646 756 715 gloriam
784 647 943 703 beati
988 649 1215 705 Martini
1256 649 1716 721 quodammodo
1742 653 1920 704 testas

257 740 439 791 retur.
474 736 537 789 In
582 736 844 792 arcuatis
872 750 1014 793 vero
1054 743 1194 809 port
1220 738 1389 794 cibus
1436 738 1754 794 voluerunt
1782 753 1916 793 eam

258 823 437 897 prisci
492 830 932 885 constructores
990 828 1415 895 architectari;
1476 829 1767 900 quoniam
1813 827 1918 883 do-

258 928 397 969 mus
460 913 588 979 illa,
640 915 917 986 quamvis
982 916 1273 973 latissima
1329 919 1421 983 sit,
1476 917 1664 974 turbis
1714 920 1920 973 tamen

259 1018 389 1058 sese
419 1003 920 1075 imprimentibus
974 1010 1207 1062 tantum
1262 1006 1409 1062 solet
1464 1022 1592 1062 esse
1637 1010 1914 1075 angusta,

257 1095 325 1148 ut
366 1091 682 1164 antmodia
736 1093 902 1150 chori
950 1099 1009 1149 et
1055 1095 1195 1163 angi
1252 1094 1580 1167 posticulas
1637 1095 1916 1167 quamvis

254 1179 526 1236 nolentes
575 1180 890 1237 subruunt.
948 1183 1143 1247 Quam
1201 1182 1485 1238 devotam
1548 1182 1913 1244 violentiam,

257 1269 459 1334 credo,
505 1275 744 1339 gratam
786 1270 969 1328 habet
1013 1271 1276 1327 domnus
1324 1273 1451 1344 ipse
1504 1273 1804 1341 Martinus,
1837 1271 1918 1326 ad

257 1358 602 1430 exemplum
654 1358 927 1433 videlicet
996 1360 1236 1417 Domini
1304 1363 1417 1427 sui,
1468 1378 1652 1434 quem
1728 1361 1916 1416 turbae

254 1447 754 1519 comprimebant.
786 1451 953 1504 Nunc
1006 1453 1204 1505 tamen
1260 1454 1319 1508 et
1370 1450 1654 1505 histriatis
1682 1448 1917 1521 parieti-

254 1536 396 1602 bus,
424 1541 486 1592 et
529 1536 728 1592 vitreis
772 1537 1061 1609 sapphiro
1099 1538 1463 1599 subornatis.
1493 1539 1643 1611 quin
1691 1542 1749 1594 et
1775 1538 1847 1593 br
1870 1558 1914 1585 ι-

2025 382 2148 450 dat,
2176 400 2318 439 cum
2347 400 2409 440 se
2437 392 2545 456 per
2592 385 2883 442 miracula
2932 394 3287 460 praesentem
3334 403 3459 444 non
3486 393 3684 444 esten-5

2025 471 2148 527 dat.
2181 473 2289 529 Alii
2326 474 2721 529 nihilominus
2763 477 2941 547 quasi
2982 477 3351 534 discuterent
3386 478 3682 551 quidnam

2026 561 2119 633 sit,
2179 562 2282 618 ubi
2368 568 2539 619 tanta
2594 563 2963 635 psalmodia,
3020 570 3308 638 tantaque
3357 568 3681 623 missarum

2024 650 2357 724 frequentia
2402 653 2752 720 celebretun,
2809 653 2909 709 ubi
2968 655 3148 710 etiam
3200 657 3500 712 temeritas
3549 672 3681 728 pre-

2026 740 2205 796 candi
2250 744 2486 798 tantum
2534 742 2896 815 reprimatur
2916 786 2930 812 ,
2977 757 3089 798 cur
3144 742 3347 800 divina
3392 745 3681 801 severitas

2025 830 2180 886 adeo
2219 830 2460 888 domari
2506 832 2857 903 {dominari}
2909 832 3209 904 permissa
3256 832 3351 897 sit,
3393 848 3532 888 eum
3574 833 3683 888 uti;

2025 933 2143 989 que
2183 918 2245 974 in
2290 919 2495 976 multis
2540 920 2675 977 aliis
2716 921 2868 977 locis
2925 925 2983 976 et
3031 920 3234 976 minus
3289 920 3407 975 Deo
3458 921 3681 976 servia-

2025 1012 2139 1071 tur,
2170 1012 2227 1062 et
2253 1008 2543 1079 precandi
2588 1009 2830 1065 libertas
2870 1007 3213 1065 effrenatior
3239 1007 3531 1065 videatur.
3562 1009 3681 1063 Hoc

2024 1102 2136 1149 nes
2178 1095 2493 1152 audientes
2547 1102 2792 1169 stupore
2860 1096 3175 1169 percussit,
3216 1102 3281 1152 et
3336 1094 3544 1151 dolore
3598 1099 3683 1151 at—

2026 1184 2215 1246 toniti,
2248 1183 2493 1241 fraudes
2546 1186 2775 1259 antiqui
2819 1184 3153 1259 deceptoris
3201 1185 3356 1242 illico
3396 1199 3682 1253 recogno-

2024 1272 2242 1328 vimus.
2279 1276 2429 1330 Nam
2482 1290 2621 1332 cum
2669 1275 2929 1348 apostoli
2976 1275 3093 1331 sint
3137 1275 3333 1331 bonus
3357 1274 3509 1330 odor
3536 1276 3679 1337 Deo,

2026 1360 2163 1416 facit
2210 1367 2412 1418 tamen
2463 1363 2626 1419 idem
2669 1364 2975 1435 deceptor,
3026 1368 3089 1419 ut
3141 1362 3510 1435 quibusdam
3564 1361 3685 1417 sint

2025 1448 2178 1504 odor
2207 1451 2414 1505 mortis
2456 1453 2517 1506 in
2565 1456 2840 1507 mortem.
2874 1452 3049 1517 Quod
3073 1452 3358 1507 nimirum
3386 1449 3513 1505 istis
3537 1464 3681 1506 con-

2028 1536 2250 1606 tingere
2302 1539 2632 1599 timuimus,
2689 1540 2792 1612 qui
2847 1540 2922 1595 de
2977 1540 3418 1597 medicamento
3462 1538 3682 1595 vulnus

257 1626 459 1681 ctaolis
480 1624 683 1681 aureis
710 1625 995 1684 deeusata
1023 1643 1146 1682 non
1175 1644 1391 1700 parum
1421 1628 1718 1683 intuentes
1748 1626 1913 1682 oble-
1954 1636 1996 1705 Β
2027 1626 2139 1680 sibi
2185 1633 2553 1696 exaggerant
2598 1628 3110 1684 murmurationis.
3144 1628 3295 1693 Quia
3345 1640 3488 1683 vero
3536 1626 3682 1683 bea-

257 1714 474 1770 ctabat.
526 1715 779 1775 Quando
818 1720 1051 1785 autem,
1086 1716 1451 1787 utdiximu’s,
1556 1717 1715 1772 fama
1792 1722 1914 1771 tam

256 1801 368 1857 diri
399 1804 589 1858 nuntii
623 1804 1093 1875 circumquaque
1144 1806 1492 1877 pervolavit,
1520 1811 1758 1877 tempus
1786 1806 1915 1875 jam

254 1891 541 1957 instabat,
586 1908 710 1964 quo
756 1892 1032 1961 ejusdem
1085 1893 1244 1948 beati
1298 1895 1525 1950 Martini
1570 1892 1918 1950 solemnitas

257 1979 405 2035 solet
454 1979 762 2034 celebrari.
797 1984 948 2036 Cum
1000 1980 1246 2052 quidem
1294 1988 1504 2037 turmae
1552 1982 1915 2054 populorum

256 2069 605 2123 catervatim
635 2068 867 2123 irruunt
912 2070 1131 2139 partim
1176 2085 1359 2125 causa.
1406 2070 1796 2125 solemnitatis
1828 2075 1916 2123 at-

258 2156 450 2224 tracti,
501 2156 720 2229 partim
773 2162 834 2211 ut
882 2156 1278 2227 dejectionem
1348 2158 1569 2214 domus
1626 2158 1912 2214 viderent.

259 2245 567 2317 Siquidem
618 2262 692 2301 ea
736 2247 822 2301 vis
864 2252 1096 2305 natura:
1151 2253 1257 2310 est,
1307 2254 1367 2303 ut
1416 2248 1665 2320 quilibet
1707 2248 1918 2303 dolens

255 2333 445 2389 oculis
498 2333 699 2389 videre
746 2335 957 2404 gestiat
1012 2336 1127 2391 hoc
1184 2335 1385 2408 ipsum
1430 2336 1591 2391 unde
1643 2336 1822 2391 dolet.
1856 2339 1919 2391 Et

255 2438 398 2476 cum
453 2438 547 2477 res
606 2423 733 2478 visa
776 2422 913 2494 plus
956 2439 1061 2478 cor
1104 2424 1459 2490 moestiticet,
1495 2429 1693 2479 tamen
1737 2424 1914 2495 quasi

257 2512 336 2566 ad
375 2511 653 2567 solatium
698 2512 897 2567 videre
941 2513 1124 2584 cupit,
1171 2513 1331 2568 unde
1382 2513 1575 2583 magis
1628 2512 1923 2570 indoleat:

258 2599 577 2655 Ferebatur
603 2605 804 2656 autem
854 2600 1004 2656 inter
1050 2600 1362 2673 plurimos,
1395 2602 1560 2674 quod
1611 2602 1763 2658 inter
1803 2603 1916 2658 fra-

256 2693 377 2744 tres
403 2689 624 2744 nudius
656 2690 857 2745 tertius
900 2694 1076 2746 antea
1105 2690 1405 2746 discordia
1434 2692 1706 2757 saevierit,
1738 2694 1914 2763 quin-

250 2778 436 2833 etiam
483 2778 673 2850 pridie
715 2794 904 2851 quam
951 2785 1160 2835 sancta
1189 2780 1347 2835 aedes
1376 2786 1761 2839 cremaretur,
1789 2781 1918 2852 qui-

250 2866 401 2922 dam
446 2872 583 2922 ante
640 2872 919 2923 sanctum
964 2867 1159 2927 altare
1210 2874 1268 2923 et
1315 2869 1616 2935 conviciis,
1678 2874 1735 2924 et
1790 2886 1917 2924 ver-

248 2954 503 3011 beribus
554 2956 854 3048 quosdam
930 2972 1004 3048 ex
1058 2956 1343 3048 fratribus
1395 2957 1911 3048 dehonestaverit:
1955 2976 1996 3048 ὁ

251 3050 501 3099 sanctus
525 3060 769 3117 quoque
794 3044 1080 3106 Martinus
1123 3045 1365 3100 cuidam
1412 3045 1780 3118 pauperculo
1810 3062 1917 3118 per

249 3132 454 3188 visum
511 3134 889 3205 apparuerit,
929 3139 986 3188 et
1025 3134 1201 3206 quasi
1249 3149 1624 3206 conquerens
1681 3132 1911 3198 dixerit,

248 3220 423 3295 quod
474 3222 536 3277 in
587 3239 698 3277 sua
750 3222 936 3278 domo
985 3223 1061 3278 sit
1109 3222 1444 3294 injuriatus,
1478 3228 1535 3278 et
1584 3222 1811 3278 concite
1842 3221 1917 3277 sit

248 3309 395 3365 inde
446 3310 829 3380 migraturus,
892 3316 1071 3383 atque
1142 3310 1220 3367 ad
1288 3309 1660 3366 Tutelensem
1718 3309 1913 3365 vicum

248 3404 673 3472 perventurus.
710 3403 794 3455 ita
846 3401 1007 3455 enim
1064 3399 1406 3455 confluebat
1452 3400 1666 3470 ingens
1712 3398 1912 3466 turba,

252 3493 323 3543 ut
364 3494 603 3559 putares
649 3488 811 3560 quod
859 3488 1146 3544 afﬂictum
1194 3489 1309 3545 Job
1356 3488 1570 3545 vellent
1616 3488 1793 3544 amici
1840 3503 1915 3542 ex

248 3575 533 3632 condicto
582 3577 834 3632 visitare.
887 3579 1034 3633 Tum
1090 3578 1337 3649 quidem
1392 3584 1448 3633 et
1496 3592 1608 3632 nos
1661 3576 1917 3632 occurri-

249 3682 411 3720 mus.
446 3665 643 3722 Oculis
686 3679 828 3721 vero
870 3670 1086 3721 cuncta
1129 3666 1613 3738 percurrentibus
1656 3665 1915 3721 inunda-

247 3754 406 3810 bant
446 3753 748 3825 lacrymaa.
779 3758 843 3811 Et
889 3771 1027 3810 cum
1078 3753 1317 3825 singula
1363 3755 1617 3827 qualiter
1660 3760 1795 3811 ante
1824 3755 1913 3810 vi-

248 3844 500 3905 debant,
534 3843 741 3899 flentes
770 3843 1150 3915 inspicerent,
1187 3844 1445 3912 gemitus
1476 3844 1912 3915 irrumpebanh

249 3920 464 3988 tlordis
510 3948 650 3988 vero
697 3932 1012 4002 sanguine,
1044 3931 1120 3987 de
1162 3946 1286 4004 quo
1331 3931 1616 4002 lacrymin
1659 3946 1915 3988 nascun-

248 4027 371 4083 tur,
420 4022 548 4091 jam
615 4021 906 4077 exhausto
977 4028 1161 4088 (nam
1220 4020 1296 4074 de
1350 4020 1565 4075 eodem
1621 4020 1915 4088 sanguine

248 4110 472 4178 ﬂuunt,
501 4116 559 4167 et
602 4110 740 4167 ideo
788 4127 924 4167 cum
970 4126 1080 4182 pro
1122 4109 1341 4182 pietate
1370 4108 1723 4174 funduntur,
1758 4125 1915 4164 mar-

251 4199 476 4272 tyrium
522 4199 981 4272 quodammodo
1028 4199 1377 4270 imitantur),
1422 4197 1501 4253 ad
1548 4197 1913 4253 auditorium

249 4289 633 4344 secessimus.
680 4291 828 4346 Tum
879 4305 1022 4345 vero
1072 4288 1274 4345 nescio
1331 4286 1479 4361 quid
1536 4287 1642 4342 diu
1692 4302 1913 4342 sermo-

248 4378 435 4434 cinati
482 4395 714 4434 sumus.
749 4380 1055 4451 Siquidem
1102 4378 1444 4457 dolentibus
1494 4394 1624 4434 mos
1653 4382 1759 4447 est,
1788 4393 1913 4433 non

246 4466 319 4523 id
364 4467 531 4539 quod
583 4468 733 4524 ratio
780 4468 989 4539 poscit,
1016 4468 1127 4547 sed
1174 4467 1342 4541 quod
1396 4467 1569 4524 dolor
1602 4470 1916 4547 extorquet

246 4555 586 4613 identitare.
640 4556 907 4613 Tandem
953 4544 1032 4612 ad
1079 4557 1192 4613 hoc
1244 4562 1492 4613 ventum
1547 4544 1652 4621 est,
1712 4560 1776 4610 ut
1834 4554 1912 4610 ad

249 4644 479 4700 doloris
499 4650 890 4715 augmentum
918 4644 1231 4714 diceretur,
1254 4645 1420 4717 quod
1440 4642 1713 4700 nonnulli
1733 4643 1913 4699 beato

249 4734 501 4791 Martino
556 4734 953 4801 detraherent,
1012 4734 1189 4806 quasi
1236 4735 1341 4806 qui
1394 4749 1519 4789 non
1575 4737 1781 4805 posset
1825 4732 1913 4787 in-

250 4824 537 4879 cendium
589 4825 932 4897 reprimere,
986 4840 1109 4896 quo
1178 4823 1431 4879 domum
1505 4839 1678 4879 suam
1744 4822 1913 4879 toties

247 4913 623 4986 permisisset
660 4914 796 4981 igne
840 4911 1082 4984 depasci
1108 4928 1121 4967 :
1146 4911 1440 4967 nonnulli
1471 4927 1714 4983 quoque
1759 4910 1915 4966 dice-

250 5007 407 5067 rent,
458 5003 623 5075 quod
672 5002 829 5058 hanc
880 5006 1150 5057 nostram
1204 5004 1437 5056 aetatem
1485 5001 1612 5071 jam
1666 5001 1916 5058 haberet

252 5199 441 5266 Hanc,
473 5197 637 5270 quia,
673 5194 1128 5270 parvulaqnimls
1158 5198 1304 5263 erat,
1332 5197 1677 5270 Perpetuus,
1701 5199 1757 5248 et
1786 5195 1914 5267 ipse

250 5264 469 5325 Turon.
491 5264 836 5340 episcopus,
860 5281 897 5323 a
929 5266 1149 5340 Briccio
1175 5264 1500 5340 secundus,
1521 5264 1911 5340 submove’ns,

254 5336 775 5407 construxitaliam
792 5337 1143 5407 ampliorem
1160 5336 1311 5391 miro
1324 5352 1524 5407 opere,
1544 5351 1730 5407 quam
1742 5336 1911 5407 idem

251 5411 572 5477 Gregorius
596 5402 1002 5465 describitlib.
1031 5425 1086 5473 η,
1111 5402 1427 5479 οᾶρ.ῌ,ἒι
1452 5407 1511 5460 in
1544 5402 1671 5479 ejus
1701 5404 1913 5479 absida

251 5483 501 5537 beatum
534 5497 750 5553 corpus
776 5477 1345 5553 ipsiusuve‘nerabilis
1376 5477 1562 5533 sancti
1597 5477 1910 5553 transtulit,

254 5555 475 5609 Verum
504 5557 560 5609 et
598 5548 713 5609 hac
743 5548 849 5624 per
881 5549 1293 5607 Wilicharium
1323 5564 1634 5619 succensa,
1661 5557 1802 5603 cum
1830 5548 1914 5604 ibt

2026 1714 2217 1771 tissmi
2244 1717 2454 1773 domni
2485 1719 2671 1772 nostri
2728 1718 2978 1787 injurias
3026 1717 3369 1772 audivimus
3401 1716 3680 1783 exerceris,

2026 1810 2204 1876 prout
2248 1806 2551 1861 charitatis
2579 1807 2808 1862 viscera
2836 1805 3165 1877 quisquam
3185 1804 3390 1871 sensit,
3422 1802 3683 1875 amplius

2025 1893 2204 1965 erepit
2247 1894 2467 1949 dolere.
2502 1898 2629 1950 Non
2678 1895 2822 1950 satis
2866 1894 3057 1950 fuerat
3105 1892 3273 1965 quod
3318 1892 3536 1947 nostris
3563 1891 3685 1947 exi-

2026 1983 2304 2051 gentibus
2346 1983 2558 2055 culpis,
2588 1984 2923 2039 secundum
2970 1982 3118 2037 illud
3169 1981 3463 2053 templum
3490 1986 3685 2054 pertu-

2025 2071 2088 2126 lit
2134 2072 2514 2141 contlagrari,
2564 2071 2783 2137 adhuc,
2830 2072 2984 2143 proh
3025 2070 3236 2126 dolor!
3294 2070 3355 2137 ii,
3400 2085 3511 2141 pro
3554 2068 3685 2141 qui-

2026 2160 2138 2215 bus
2196 2160 2352 2217 hanc
2410 2160 2694 2231 injuriam
2751 2160 2964 2231 sensit,
3019 2160 3289 2215 nituntur
3344 2158 3397 2216 ei
3460 2158 3685 2214 calum:

2025 2248 2191 2302 niari.
2227 2251 2511 2305 Memores
2551 2254 2752 2303 tamen
2781 2247 2939 2303 illius
2968 2247 3136 2320 quod
3178 2247 3393 2303 dicitur
3420 2246 3496 2301 de
3541 2248 3679 2311 Deo,

2024 2336 2168 2409 quia
2212 2336 2376 2392 dedit
2419 2337 2691 2392 carmina
2738 2337 2800 2391 in
2844 2342 3036 2401 nocte,
3081 2336 3143 2391 id
3186 2341 3293 2401 est,
3331 2334 3684 2392 consolatio-

2025 2439 2161 2479 nem
2192 2425 2629 2496 Scripturarum
2673 2425 2733 2480 in
2784 2423 3185 2494 tribulatione,
3219 2422 3681 2479 conferebamus

2026 2513 2286 2568 vicissim
2315 2514 2479 2585 quod
2521 2515 2705 2569 menti
2745 2513 2823 2568 ad
2871 2512 3150 2569 solatium
3198 2511 3571 2570 occurrebat.
3602 2516 3683 2567 Ac

2025 2606 2150 2657 tum
2195 2601 2343 2657 forte
2395 2601 2470 2657 de
2517 2603 2630 2657 hoc
2677 2601 2841 2673 quod
2890 2601 3222 2668 dicebatur,
3256 2617 3389 2657 sese
3436 2599 3686 2669 ingessit

2024 2692 2280 2760 occasio,
2316 2697 2377 2747 ut
2424 2690 2587 2746 idem
2644 2692 2983 2761 diligentius
3032 2696 3417 2748 retractatum
3465 2688 3684 2745 scribe-

2025 2786 2203 2836 retur.
2264 2783 2414 2851 Ergo
2458 2781 2631 2851 juxta
2682 2786 2949 2837 tenorem
3015 2785 3157 2841 tunc
3213 2779 3432 2836 habita:
3483 2778 3686 2835 confa-

2025 2868 2368 2935 bulationis,
2408 2870 2555 2940 quid
2610 2884 2772 2926 nunc
2819 2869 3025 2925 divina
3067 2869 3335 2939 dignatio
3372 2867 3686 2925 indulserit

2026 2956 2391 3026 adoriamur,
2449 2957 2645 3028 primo
2699 2958 3041 3024 suadentes,
3098 2961 3160 3011 ut
3208 2957 3381 3025 juxta
3426 2955 3685 3028 prophe-

2028 3050 2170 3114 tam,
2248 3045 2483 3100 vexatio
2552 3045 2748 3101 saltim
2827 3044 2929 3101 det
2992 3043 3355 3099 intellectum
3430 3043 3682 3111 auditui,

2025 3139 2322 3205 quatenus
2370 3134 2890 3203 comminationes,
2920 3149 3075 3206 quas
3124 3135 3277 3188 Deus
3328 3129 3684 3203 pecccatori-

2024 3224 2139 3279 bus
2192 3224 2463 3290 intentat,
2515 3223 2604 3279 vel
2658 3239 2766 3295 per
2811 3223 2925 3278 hoc
2979 3221 3146 3294 quod
3205 3220 3422 3277 accidit
3473 3233 3680 3290 exper-

2026 3316 2136 3379 tas,
2169 3312 2519 3379 timeamus;
2572 3316 2854 3381 rogantes
2909 3310 3120 3368 Christi
3170 3308 3571 3375 clementiam,
3617 3310 3683 3362 ut

2022 3402 2193 3473 juxta
2235 3401 2384 3457 illud
2434 3401 2565 3471 Job,
2601 3400 2832 3457 molliat
2880 3416 2983 3456 cor
3039 3404 3337 3464 nostrum,
3377 3402 3433 3453 et
3481 3396 3681 3452 cibare

2024 3507 2136 3548 nos
2163 3491 2443 3560 dignetur
2483 3504 2652 3565 pane
2687 3491 3118 3562 lacrymarum,
3149 3504 3225 3545 ne
3273 3489 3419 3543 forte
3449 3486 3682 3542 dicatur

2022 3581 2096 3636 de
2116 3581 2320 3636 nobis:
2353 3581 2662 3637 Altrivisti
2698 3596 2811 3647 eos,
2843 3594 2951 3637 nec
2979 3580 3304 3653 doluerunt
3325 3578 3470 3648 (Jer.
3496 3592 3548 3642 v,
3580 3576 3676 3645 3);

2022 3676 2079 3725 et
2103 3670 2282 3727 item:
2329 3671 2609 3725 Percussi
2631 3670 2923 3738 populum
2972 3683 3183 3732 meum,
3217 3670 3272 3722 et
3319 3681 3356 3721 a
3396 3664 3506 3719 viis
3558 3663 3679 3718 suis

2022 3776 2141 3816 non
2189 3765 2274 3815 est
2332 3774 2601 3816 reversus
2653 3759 2799 3828 (Jer.
2856 3774 2954 3825 xv,
3009 3758 3084 3827 7,).
3148 3758 3417 3829 Et‘cum
3475 3756 3681 3807 nostra

2023 3848 2380 3920 perversitas
2425 3862 2527 3902 cor
2575 3846 2737 3916 justi,
2790 3844 3007 3900 scilicet
3053 3842 3265 3899 domui
3316 3840 3564 3906 Martini,
3606 3839 3682 3894 si-

2022 3939 2123 3990 cut
2169 3934 2315 3990 alias
2362 3933 2644 3997 diximus,
2679 3946 2929 3987 moerere
2985 3930 3184 3991 faciat,
3213 3944 3352 3984 cum
3404 3944 3517 3983 nos
3577 3942 3680 3997 po-‘

2024 4024 2138 4079 tius
2189 4021 2401 4077 viderit
2451 4021 2512 4076 in
2566 4020 2746 4075 rebus
2803 4018 3080 4090 pessimis
3132 4016 3485 4081 exultantes,
3536 4029 3680 4085 que-

2022 4116 2187 4167 ratur
2215 4110 2422 4165 dicens
2449 4126 2462 4163 :
2514 4108 2785 4163 Sustinui
2827 4107 2931 4178 qui
2958 4106 3187 4179 saltem
3217 4103 3680 4170 contristantur

2024 4206 2076 4257 et
2126 4215 2245 4255 non
2290 4198 2409 4267 fuit
2441 4196 2850 4267 (Psal.i.xvm,
2882 4195 3008 4265 2t);
3057 4194 3352 4265 itemque:
3406 4192 3544 4246 Non
3593 4194 3677 4246 est

2024 4291 2131 4360 qui
2184 4278 2367 4345 vicem
2440 4300 2629 4342 meam
2679 4284 2877 4341 doleat
2927 4284 3002 4355 (Ι
3037 4285 3179 4354 Reg.
3236 4297 3381 4349 xxii,
3430 4282 3503 4352 8).
3550 4282 3678 4336 Non

2024 4379 2186 4435 enim
2213 4377 2354 4433 satis
2379 4392 2490 4431 nos
2520 4373 2901 4431 remordebat
2929 4372 3221 4429 memoria
3240 4370 3487 4444 peccati.
3506 4368 3679 4435 Quod

2022 4468 2135 4525 illis
2190 4482 2353 4538 saepe
2398 4464 2704 4534 contingit,
2732 4464 2838 4536 qui
2889 4467 2947 4520 et
2999 4467 3250 4536 peccata
3291 4476 3402 4516 sua
3429 4475 3555 4515 non
3584 4459 3680 4515 de-

2022 4557 2186 4620 ﬂent,
2213 4553 2317 4610 sed
2346 4553 2546 4627 potius
2590 4551 3002 4624 multiplicant,
3035 4556 3094 4607 et
3132 4548 3281 4605 nihil
3332 4547 3546 4604 accidit
3592 4547 3677 4602 eis

2022 4645 2201 4701 triste.
2254 4642 2419 4699 Unde
2461 4640 2748 4712 scriptum
2805 4645 2938 4694 est:
2993 4638 3146 4705 Quia
3196 4652 3315 4692 non
3358 4636 3679 4704 profertur

2023 4736 2137 4790 cito
2186 4739 2396 4789 contra
2444 4731 2631 4785 malos
2681 4727 2994 4792 sententia,
3045 4726 3267 4796 absque
3299 4724 3425 4779 ullo
3467 4722 3679 4803 timore

2018 4821 2138 4888 ﬁlii
2178 4821 2482 4875 hominum
2527 4820 2881 4886 perpetrant
2926 4815 3092 4869 mala
3136 4814 3355 4883 (Eccle.
3400 4827 3518 4880 vui,
3568 4812 3675 4882 tl).

2022 4908 2133 4964 Sed
2168 4906 2562 4964 conveniebat
2608 4903 2784 4959 nobis
2813 4902 2915 4958 illa
2940 4919 3059 4971 vox
3088 4919 3214 4975 qua
3241 4901 3492 4958 dicitur:
3529 4902 3678 4958 Tra-

2020 5003 2244 5055 xerunt
2287 5012 2399 5066 me,
2448 5001 2504 5052 et
2559 5010 2682 5051 non
2739 4995 2895 5051 sensi
2941 4994 3145 5065 (Prov.
3210 5007 3363 5058 χχιιι,
3417 4995 3530 5057 35).
3581 4990 3680 5046 Ad

2023 5191 2369 5260 confugium
2398 5205 2517 5263 pro
2534 5188 2838 5263 Chrammi
2880 5186 3195 5263 quondam
3226 5182 3679 5263 circumventio-

2022 5279 2097 5319 ne
2128 5259 2377 5335 fecisset,
2400 5259 2757 5335 'Eufronius,
2771 5259 3040 5335 decimus
3060 5262 3309 5335 octavus
3335 5259 3675 5335 episcopus,

2024 5334 2233 5406 eamin
2259 5326 2505 5406 illaqua
2537 5334 2710 5406 prius,
2730 5326 2922 5406 fuerat
2950 5326 3242 5403 elegantia
3273 5326 3588 5406 reparavit,
3614 5326 3679 5406 et

2024 5396 2484 5476 Clbthario‘rege
2523 5396 2839 5476 ordinante
2867 5396 3440 5476 stannoucooper'uit,
3474 5396 3675 5476 u‘tnh’af

2022 5460 2121 5533 bet
2146 5476 2274 5547 jam
2304 5460 2499 5547 dictus
2537 5479 2778 5545 Gregor.
2807 5475 3047 5534 Tur-011.,
3082 5466 3183 5521 lib.
3218 5460 3295 5534 iv,
3330 5460 3462 5539 cap.
3496 5464 3588 5533 20',
3621 5460 3678 5520 et

2021 5548 2124 5605 lib.
2151 5546 2213 5602 at
2240 5562 2373 5620 cap.
2408 5546 2512 5603 ult.
