4096 6138
427 182 530 235 735

427 301 688 356 nihilum
742 299 1019 354 redactus
1075 313 1225 366 sum,
1265 304 1334 354 et
1381 297 1606 352 nescivi
1653 296 1840 367 (Psal.
1899 309 2075 362 Lxxu,

429 394 546 455 22).
579 391 956 458 Congregata
985 393 1124 442 sunt
1153 402 1332 456 super
1372 402 1462 444 me
1512 386 1780 456 ﬂagella,
1814 389 1868 439 et
1912 385 2078 452 igno-

431 479 566 535 ravi
619 477 808 548 (Psal.
867 493 1071 546 xxxiv,
1131 479 1238 534 18).
1300 478 1368 531 Et
1431 474 1652 530 idcirco
1725 477 1900 537 Deus,
1977 469 2081 542 qui

430 566 702 624 terribilis
756 569 845 621 est
899 567 958 620 in
1007 565 1288 634 consiliis,
1333 564 1663 620 vindictam
1719 578 1906 635 quam
1963 575 2083 615 me-

430 671 652 724 remur,
683 654 745 710 in
773 655 927 711 illius
979 655 1167 710 sancti
1196 654 1402 726 templi
1455 651 1869 709 combustione
1907 665 2082 706 mon-

433 746 658 812 stravit,
687 745 861 816 quasi
904 744 1191 800 ministris
1226 743 1499 799 vindictae
1551 742 1802 798 diceret:
1863 739 1960 796 Isti
1985 739 2086 794 do-

433 851 569 892 mus
593 848 958 906 exasperans
988 834 1134 889 mihi
1168 838 1323 888 sunt.
1361 832 1653 888 Ultionem
1681 847 1718 887 a
1743 829 2084 886 sanctuario

432 940 569 981 meo
626 923 886 994 incipite,
937 927 1002 978 ut
1037 923 1190 992 ignis
1247 921 1694 993 indignationis,
1751 919 1855 993 qui
1908 921 2086 990 abys-

435 1029 572 1069 sum
621 1011 818 1068 cordis
845 1013 1097 1068 humani
1140 1011 1564 1068 combusturus
1611 1015 1700 1067 est
1725 1014 1959 1083 partem
1985 1009 2088 1064 do—

434 1116 570 1156 mus
607 1100 845 1157 interim
897 1105 1190 1171 assumat,
1221 1104 1287 1156 ut
1330 1117 1472 1156 cum
1511 1116 1547 1155 a
1600 1115 1661 1154 se
1692 1095 2085 1154 desiderabile

436 1190 749 1246 oculorum
803 1190 1020 1246 auferri
1060 1190 1332 1253 viderint,
1361 1207 1458 1246 me
1507 1189 1586 1245 ad
1639 1189 1858 1246 ostium
1890 1185 2086 1243 cordis

437 1280 528 1335 sui
581 1279 924 1352 pulsantem
979 1281 1412 1353 contempsisse
1459 1279 1764 1352 paeniteat.
1813 1281 1918 1334 Per
1973 1278 2088 1332 hoc

436 1384 577 1438 ergo
603 1369 768 1440 quod
797 1368 856 1424 in
889 1369 1112 1441 templo
1138 1369 1371 1436 accidit,
1405 1367 1750 1438 arrogantia
1773 1370 1997 1435 nostra,
2025 1368 2090 1420 ut

434 1457 516 1513 ita
543 1457 815 1528 dixerim,
841 1458 1016 1514 nobis
1067 1459 1128 1513 in
1179 1458 1394 1514 faciem
1439 1457 1766 1530 respondit.
1797 1459 1863 1511 Et
1892 1454 2088 1511 omni-

435 1545 632 1601 modis
662 1547 1002 1602 cavendum
1025 1551 1132 1611 est,
1165 1561 1239 1600 ne
1269 1546 1436 1614 forte,
1467 1545 1620 1600 sicut
1641 1544 1757 1600 illic
1800 1542 2085 1616 sequitur,

1461 174 1517 229 S.
1559 170 1816 229 ODONIS
1855 167 2154 224 ABBATIS
2192 169 2695 228 CLUNIACENSIS
2735 170 2802 226 ll.

3737 171 3844 222 736

2189 291 2284 348 ille
2313 298 2637 368 postquam
2664 298 2829 352 tanta
2859 311 2930 351 ac
2959 293 3102 350 talia
3153 291 3412 365 pertulit,
3443 307 3581 347 cum
3605 289 3846 346 interim

2189 381 2331 454 ipsis
2361 383 2704 440 verberibus
2735 385 2956 454 gratior
2981 388 3157 450 esset,
3191 387 3257 438 ut
3287 385 3442 438 Deus
3466 381 3544 437 ad
3569 382 3734 436 hunc
3765 379 3852 434 vi-

2191 474 2494 531 sitandum
2523 477 2723 532 venire
2752 476 3117 546 dignaretur,
3151 475 3350 531 adhuc
3377 489 3439 529 se
3469 469 3852 528 humiliatdi—

2191 578 2331 617 cens
2358 581 2369 618 :
2402 566 2853 634 Reprehendam
2874 581 2966 622 me
2981 571 3034 622 et
3055 580 3234 636 agam
3258 563 3674 633 paenitentiam
3691 559 3850 630 (Job.

2189 667 2325 720 XLII,
2363 653 2436 723 6).
2496 656 2644 708 Nam
2671 658 2807 727 post
2859 653 3024 709 illam
3077 653 3418 725 pridianam
3505 647 3850 704 succensio-

2189 755 2352 804 nem,
2380 742 2566 796 muris
2597 759 2736 798 cum
2783 739 3008 811 ingenti
3051 741 3248 797 studio
3293 737 3643 811 compactis,
3677 740 3856 808 septa

2190 830 2536 886 monasterii
2577 831 3012 900 communistis,
3044 831 3158 886 hoc
3189 829 3472 885 nimirum
3511 839 3854 900 praecavere

2191 918 2556 990 volentes,ne
2587 925 2793 977 sancta
2822 921 3044 976 domus
3069 919 3223 975 ultra
3248 921 3455 992 posset
3475 916 3552 972 ab
3569 914 3856 971 hostibus

2189 1007 2346 1064 laedi.
2373 1009 2486 1066 Sed
2515 1025 2638 1066 non
2666 1010 2808 1066 satis
2835 1009 3206 1066 attendentes
3227 1007 3288 1064 in
3315 1011 3543 1080 quanta
3570 1019 3857 1060 reveren-

2193 1093 2273 1150 tia
2302 1101 2545 1153 sanctus
2574 1097 2681 1154 iste
2710 1097 2878 1154 locus
2895 1098 2974 1154 ab
2996 1097 3258 1170 antiquis
3281 1094 3652 1168 temporibus
3685 1091 3860 1148 eﬂ‘ul-

2196 1185 2352 1254 serit,
2379 1187 2652 1259 protinus
2685 1188 2970 1259 religione
2997 1188 3218 1258 relicta,
3235 1200 3557 1243 commune
3581 1183 3858 1240 diverso-

2193 1273 2350 1330 rium
2376 1291 2505 1331 esse
2530 1277 2884 1348 permisistis
2911 1295 2922 1344 ;
2971 1277 3054 1333 ita
3099 1281 3164 1332 ut
3191 1275 3429 1332 feminis
3461 1273 3540 1330 ad
3567 1271 3858 1328 haurien-

2195 1361 2342 1417 dum
2373 1379 2619 1435 aquam,
2651 1368 2707 1420 et
2758 1364 2836 1422 ad
2879 1363 3344 1420 diseurrendum
3385 1377 3510 1436 quo
3555 1359 3862 1416 voluerint

2197 1451 2440 1523 portarit
2468 1468 2592 1508 non
2616 1453 2926 1522 resistant;
2975 1469 3116 1509 cum
3143 1451 3469 1508 viderimus
3493 1449 3660 1523 quod
3704 1447 3861 1503 nulli

2197 1539 2352 1595 intra
2381 1542 2730 1598 monasterii
2759 1547 2964 1614 portas
2977 1541 3074 1598 vel
3100 1557 3317 1614 parum
3341 1540 3562 1595 intrare
3591 1535 3854 1600 licuerit;

437 1634 677 1706 spiritus
724 1633 1132 1690 fornicationis
1187 1633 1263 1689 sit
1311 1633 1371 1688 in
1429 1633 1629 1688 medio
1681 1635 1973 1700 nostrum,
2033 1635 2092 1686 et
2118 1621 2162 1672 Β
2199 1645 2394 1702 neque
2416 1630 2632 1703 aliquis
2661 1631 2986 1703 equitando
3010 1631 3208 1687 statim
3233 1645 3341 1702 per
3361 1629 3580 1685 atrium
3601 1625 3856 1682 transine

435 1722 672 1777 interim
717 1721 873 1777 illius
937 1722 1092 1791 ignis
1173 1721 1485 1793 pernicies,
1536 1722 1629 1777 isti
1677 1721 1950 1777 exteriori
2000 1723 2089 1776 to-

437 1808 546 1864 ties
618 1809 690 1864 sit
760 1809 972 1864 fomes.
1037 1811 1203 1881 Stepe
1272 1815 1472 1866 autem
1551 1810 1616 1865 tit
1687 1813 1754 1864 ut
1811 1813 2090 1881 peccator

437 1901 664 1969 quanto
686 1897 942 1954 deterior
965 1902 1074 1970 est,
1091 1903 1254 1955 tanto
1275 1898 1534 1954 densiori
1551 1897 1810 1954 caecitate
1840 1914 1942 1954 cor
1957 1898 2088 1969 ejus

439 1986 910 2059 obtenebrescat,
953 1993 1010 2044 et
1052 2005 1189 2044 cum
1237 1988 1384 2044 boni
1435 1987 1664 2060 atiquid
1707 1987 1926 2056 fecerit,
1975 1988 2090 2042 hoc

438 2076 603 2147 apud
629 2091 711 2140 se,
741 2076 890 2132 sicut
936 2077 1030 2132 ille
1073 2077 1423 2147 Phariseeus,
1449 2078 1650 2148 jactet,
1681 2077 1882 2132 minus
1911 2081 2093 2132 atten-

438 2165 588 2221 dens
633 2166 778 2239 quia
822 2167 986 2224 bona
1018 2167 1300 2240 quaelibet
1347 2170 1466 2223 Deo
1515 2183 1638 2222 non
1669 2167 1926 2239 placent,
1954 2183 2090 2239 quae

435 2254 736 2312 malorum
764 2257 1120 2313 admistione
1149 2257 1548 2313 maculantur.
1583 2257 1711 2314 Tali
1737 2255 1976 2312 cuilibet
2001 2256 2090 2311 di-

435 2344 576 2401 vina
600 2361 715 2401 vox
757 2345 1042 2402 inclamat
1069 2365 1081 2402 :
1125 2347 1276 2402 Dicis
1303 2347 1447 2419 quia
1485 2347 1653 2402 dives
1683 2362 1840 2415 sum,
1875 2351 1932 2400 et
1953 2361 2090 2401 nes-

437 2434 521 2489 cis
548 2435 694 2506 quia
721 2435 1075 2491 miserabilis
1099 2440 1206 2502 est,
1236 2439 1294 2491 et
1317 2453 1512 2491 caecus
1535 2440 1592 2490 et
1616 2435 1853 2490 nudus:
1889 2435 2090 2490 nudus

441 2521 710 2578 videlicet
731 2522 991 2593 justitia;
1026 2539 1222 2578 caecus
1261 2539 1424 2591 vero,
1457 2523 1730 2578 nesciens
1757 2523 1951 2595 ipsam
1984 2539 2091 2578 nu-

437 2609 682 2672 ditatem
735 2627 910 2666 suam
961 2611 1181 2666 videre.
1217 2611 1433 2668 Effudit
1483 2627 1623 2682 ergo
1673 2613 1980 2682 Dominus,
2033 2617 2095 2667 ut

439 2697 727 2770 scriptum
776 2704 884 2766 est,
945 2700 1146 2769 ignem
1204 2700 1266 2755 in
1317 2699 1476 2768 Sion,
1510 2705 1566 2756 et
1613 2701 1798 2757 voluit
1844 2701 2092 2756 reddere

437 2786 837 2843 vastationem
883 2789 944 2844 in
980 2789 1264 2858 ﬂamma;
1295 2795 1359 2846 ut
1387 2790 1660 2847 videlicet
1688 2807 1794 2863 per
1822 2791 2095 2860 indigna-

439 2875 682 2947 tionem,
732 2893 868 2950 quae
922 2878 984 2933 in
1039 2879 1330 2936 materiali
1378 2879 1586 2935 domo.
1629 2879 1895 2946 desaevit,
1953 2880 2096 2935 exti-

2199 1735 2382 1774 ausus
2408 1719 2600 1775 fuerit.
2632 1720 2747 1776 Sed
2773 1735 2936 1775 nunc
2981 1721 3062 1776 ita
3109 1718 3446 1788 negligitur,
3479 1721 3776 1788 tanquam
3807 1715 3858 1769 si

2199 1826 2409 1864 murus
2429 1809 2522 1865 ille
2547 1827 2671 1866 non
2693 1810 2771 1866 ad
2797 1810 3060 1866 hostium
3081 1808 3507 1882 repulsionem,
3527 1805 3637 1862 sed
3656 1805 3740 1860 ad
3759 1819 3858 1860 ex-

2200 1898 2560 1954 cludendam
2587 1898 2702 1955 loci
2727 1899 3120 1955 reverentiam
3146 1903 3302 1954 esset
3327 1901 3576 1953 erectus.
3607 1898 3726 1950 Nec
3751 1909 3859 1948 va-

2199 1987 2305 2043 luit
2333 1987 2526 2044 isdem
2556 2005 2766 2044 murus
2791 1989 2994 2058 ignem
3021 1987 3359 2060 prohibere,
3382 1984 3630 2058 quidem
3661 1983 3862 2052 negle-

2200 2082 2289 2133 cte
2319 2083 2697 2150 contemptus
2726 2078 3003 2149 exigebat
3047 2076 3348 2133 succendi.
3380 2073 3715 2132 Mordacius
3745 2073 3860 2128 hoc

2200 2167 2470 2234 dixerim,
2503 2168 2668 2239 quia,
2703 2183 2848 2232 vere
2887 2167 3146 2241 .fatebor,
3181 2165 3508 2222 multorum
3538 2163 3726 2219 corda
3753 2177 3862 2234 per

2194 2256 2315 2314 hoc
2362 2256 2834 2326 mmstiticantur,
2862 2255 3028 2329 quod
3071 2255 3274 2312 locum
3322 2269 3432 2326 pro
3461 2268 3668 2309 amore
3699 2252 3858 2307 beati

2201 2345 2438 2400 Martini
2499 2351 2952 2402 sacrosanctum
3018 2361 3142 2401 non
3188 2343 3454 2412 videant,
3523 2341 3860 2397 secundum

2201 2435 2462 2507 priscam
2491 2435 2904 2504 reverentiam,
2943 2433 3229 2490 venerari.
3263 2437 3464 2505 Neque
3493 2432 3610 2488 hoc
3639 2447 3862 2504 parum

2202 2522 2490 2595 displicet,
2522 2523 2688 2595 quod
2727 2523 2978 2596 quidam
3017 2525 3078 2578 in
3117 2522 3332 2578 eodem
3377 2521 3511 2577 loco
3541 2520 3770 2588 nutriti,
3799 2535 3862 2574 se

2201 2611 2570 2685 quibusdam
2598 2613 2909 2669 laicalibus
2933 2612 3029 2668 vel
3053 2612 3310 2668 nimium
3337 2610 3651 2684 pomposis
3679 2609 3862 2664 vesti—

2199 2703 2315 2758 bus
2341 2703 2750 2766 dehonestent,
2775 2719 2913 2758 cum
2935 2701 3068 2758 talis
3092 2717 3223 2758 esse
3245 2699 3620 2757 consueverit
3646 2714 3862 2754 eorum

2203 2793 2598 2860 conversatio,
2629 2796 2694 2848 ut
2721 2792 2878 2847 hanc
2909 2791 3089 2847 etiam
3127 2793 3330 2846 Roma;
3353 2789 3588 2846 laudari
3620 2788 3862 2844 audive—

2201 2883 2412 2954 rimus,
2443 2881 2814 2954 quibusdam
2847 2879 3129 2936 Romanis
3157 2879 3498 2935 dicentibus
3522 2897 3534 2934 :
3560 2878 3714 2943 Quia
3739 2893 3864 2933 non

437 2981 713 3021 meamus
742 2965 961 3023 domus
989 2983 1354 3040 exasperans
1386 2969 2094 3037 esse,animadvertentes
2123 2973 2164 3026 C
2204 2975 2361 3026 esset
2403 2986 2644 3026 necesse
2689 2974 2941 3026 Romam
2993 2968 3254 3042 proﬁsci,
3286 2968 3390 3040 qui
3435 2966 3658 3039 templo
3703 2967 3866 3022 beati

437 3055 584 3127 quid
602 3057 664 3110 in
688 3055 922 3112 occulto
942 3057 1070 3126 ejus
1091 3057 1318 3128 judicio
1339 3061 1908 3130 mereamur.Neque
1931 3058 2091 3113 enim

436 3160 661 3218 parvus
701 3150 900 3202 reatus
929 3150 1034 3208 est,
1081 3147 1188 3219 qui
1241 3151 1515 3204 sanctam
1545 3147 1710 3204 illam
1753 3147 2007 3204 domum
2037 3152 2095 3204 et

439 3249 471 3289 e
497 3233 766 3304 vestigio,
786 3238 844 3290 et
871 3233 1040 3290 toties
1069 3235 1251 3304 exigit
1270 3236 1660 3305 concremari,
1691 3240 1755 3290 ut
1777 3252 1915 3290 cum
1947 3252 2092 3308 pau-

437 3322 496 3377 lo
525 3327 660 3378 ante
681 3337 973 3378 succensa
1000 3322 1190 3390 fuerit,
1216 3340 1338 3379 non
1370 3325 1443 3380 sit
1470 3341 1712 3381 aversus
1743 3323 1908 3380 furor
1937 3327 2093 3395 ejus,

439 3410 544 3466 sed
575 3411 774 3466 adhuc
793 3427 1013 3466 manus
1037 3412 1169 3482 ejus
1197 3417 1453 3469 extenta.
1485 3413 1594 3469 Sed
1619 3429 1729 3469 nec
1751 3413 2090 3486 putandum

439 3503 527 3554 est
553 3499 719 3570 quod
749 3497 863 3554 hoc
889 3515 1038 3554 casu
1062 3500 1342 3555 acciderit
1360 3505 1604 3572 propter
1622 3501 1768 3556 illud
1783 3501 2051 3556 Jeremiae
2076 3521 2088 3557 :

443 3587 584 3653 Quis
614 3592 698 3642 est
721 3588 831 3642 iste
855 3589 957 3658 qui
983 3588 1138 3643 dixit
1170 3595 1237 3643 ut
1259 3591 1710 3658 ﬁeret,Domino
1736 3606 1856 3646 non
1884 3591 2095 3659 juben-

442 3677 542 3732 te?
573 3675 810 3747 (Thren.
838 3692 918 3743 ιιι,
949 3676 1060 3746 37.)
1097 3680 1156 3732 Et
1201 3676 1376 3734 item:
1409 3678 1482 3734 Si
1503 3685 1588 3734 est
1611 3681 1839 3736 malum
1871 3682 1933 3736 in
1957 3682 2096 3737 civi-

441 3771 584 3837 tate,
629 3767 790 3837 quod
839 3781 943 3837 ego
999 3782 1118 3822 non
1165 3771 1568 3837 praeceperim.
1613 3769 1756 3824 dicit
1807 3771 2096 3825 Dominus

443 3855 634 3926 (Amos
665 3871 747 3924 Ill,
779 3857 853 3926 6),
907 3856 999 3912 vel
1048 3857 1180 3927 quis
1222 3856 1385 3912 dedit
1439 3859 1633 3915 Israel
1677 3859 2048 3915 vastantibus
2073 3863 2100 3914 ?

438 3944 654 4000 Nonne
691 3944 979 4000 Dominus
1017 3945 1118 4000 cui
1159 3946 1474 4014 peccavit?
1522 3947 1644 4017 (Isa
1672 3963 1806 4014 xm,
1839 3949 1951 4018 24).
1984 3951 2124 4004 Νοεο

375 4051 384 4056 ·’
439 4033 641 4106 itaque
671 4033 920 4090 scientes
947 4034 1092 4107 quia
1134 4040 1382 4108 peccata
1429 4041 1636 4092 nostra
1674 4037 1918 4093 fecerint
1946 4038 2096 4109 haec,

441 4139 818 4196 consequens
845 4128 956 4194 est,
991 4128 1052 4180 ut
1102 4124 1571 4195 ingemiscamus
1626 4141 1808 4198 super
1845 4126 2098 4198 injurias

441 4209 650 4265 domni
696 4211 920 4267 Martini
947 4230 959 4278 ;
1004 4212 1128 4267 imo
1156 4212 1356 4286 potius
1387 4229 1568 4285 super
1595 4229 1730 4280 nos,
1761 4214 1906 4286 quia
1958 4214 2008 4270 si
2034 4215 2095 4270 in

441 4297 616 4353 viridi
643 4298 808 4368 ligno
831 4299 960 4355 haec
1013 4300 1257 4371 faciunt,
1288 4301 1350 4356 in
1401 4301 1570 4356 arido
1618 4301 1722 4374 qui
1752 4301 1854 4358 ﬁet
1875 4303 1904 4358 ?
1943 4303 2096 4358 Alio-
2125 4317 2167 4369 ι)

441 4385 588 4457 quin
609 4385 824 4441 dicitur
847 4404 858 4440 :
891 4389 1182 4457 Dissipati
1207 4395 1346 4444 sunt
1373 4395 1428 4444 et
1455 4405 1576 4444 non
1597 4395 1738 4444 sunt
1758 4392 2100 4460 compuncti

445 4475 631 4542 (Psal.
666 4491 867 4546 xxxrv,
899 4479 1004 4546 l6).
1047 4479 1113 4531 Et
1140 4475 1313 4532 item:
1345 4478 1539 4532 Frons
1577 4481 1904 4535 meretricis
1924 4482 2098 4550 facta

443 4568 528 4620 est
558 4563 683 4631 tibi,
717 4565 956 4620 nescisti
979 4566 1478 4636 erubescere(Jer.
1506 4579 1588 4633 ιιι,
1614 4571 1688 4634 3).
1721 4567 1830 4632 Qui
1853 4584 1998 4624 vero
2019 4569 2096 4625 ad

443 4657 659 4708 nutum
710 4655 812 4709 Dei
856 4653 1340 4722 contremiscunt,
1373 4659 1428 4711 et
1479 4654 1590 4710 sub
1635 4655 1862 4728 potenti
1909 4673 2099 4713 manu

441 4743 571 4814 ejus
598 4743 792 4798 sciunt
845 4743 1165 4810 humiliari,
1208 4744 1459 4800 audiant
1513 4745 1986 4802 consolationem
2029 4747 2096 4802 il-

441 4831 586 4898 lam,
607 4849 743 4904 quae
769 4841 905 4904 post
931 4833 1394 4889 destructionem
1417 4834 1784 4894 Hierusalem
1815 4835 1972 4892 facta
1989 4842 2094 4904 est,

442 4917 674 4974 dicente
705 4921 957 4976 Domino
983 4923 1362 4991 :zEdiﬁcabo
1390 4939 1511 4990 vos,
1529 4929 1584 4980 et
1611 4939 1732 4980 non
1759 4925 2100 4992 destruam,‘

432 5007 568 5077 jam
597 5009 754 5064 enim
781 5011 1061 5078 placatus
1103 5027 1230 5067 sum
1262 5027 1442 5082 super
1471 5015 1632 5069 malo
1669 5015 1827 5085 quod
1850 5015 1974 5084 feci
2003 5031 2098 5070 vo-

443 5097 547 5165 bis,
579 5104 634 5154 et
666 5098 962 5154 vobiscum
991 5115 1120 5156 sum
1151 5101 1296 5171 (Jer.
1329 5118 1468 5168 xLu,
1492 5103 1594 5172 l0).
1615 5105 1679 5157 Et
1705 5101 1800 5158 ille
1825 5103 2093 5174 quidem,

443 5186 594 5243 sicut
621 5187 930 5251 Dominus,
962 5189 1068 5260 qui
1115 5205 1255 5245 cum
1297 5189 1723 5261 tranquillitate
1761 5191 2013 5262 judicat,
2043 5195 2100 5246 et

441 5291 582 5332 cum
627 5293 854 5349 magna
898 5279 1226 5334 reverentia
1272 5278 1536 5351 disponit
1583 5295 1714 5347 nos,
1762 5280 2099 5352 placabitur

443 5366 627 5421 servis
676 5367 822 5424 suis.
869 5368 1048 5424 Nobis
1099 5373 1300 5424 tamen
1359 5369 1662 5442 competit,
1709 5375 1771 5426 ut
1823 5369 1984 5426 hunc
2035 5370 2096 5426 in

443 5450 724 5506 omnibus
749 5451 988 5523 judiciis
1030 5452 1152 5508 suis
1203 5451 1545 5523 laudemus,
1578 5457 1636 5510 et
1681 5455 1730 5509 si
1772 5471 1895 5526 qua
1935 5455 2098 5510 bona

443 5553 628 5612 opera
656 5539 717 5594 in
745 5539 920 5595 nobis
965 5547 1124 5609 sunt,
1151 5541 1213 5597 in
1248 5541 1392 5615 ipsis
1437 5542 1776 5599 timeamus.
1819 5543 2094 5610 Verebar,

351 5635 368 5658 '
440 5627 634 5701 inquit
657 5627 790 5701 Job,
823 5630 1020 5686 omnia
1063 5645 1244 5701 opera
1275 5647 1403 5689 mea
1428 5631 1582 5704 (Job.
1614 5648 1697 5698 ix,
1723 5635 1834 5704 28).
1866 5634 2012 5690 Nam
2042 5637 2100 5690 et

2204 3059 2429 3117 Martini
2441 3062 2813 3114 morerentur
2823 3057 3120 3114 vicinari.J
3126 3057 3378 3113 eremias
3388 3057 3684 3130 propheta
3695 3055 3866 3128 plan-

2205 3147 2308 3216 git,
2337 3147 2598 3203 colorem
2628 3146 2900 3216 religioni
2930 3160 3268 3216 congruum
3297 3144 3622 3200 immutari.
3645 3144 3867 3199 Dicitur

2205 3237 2396 3293 alias:
2446 3237 2536 3292 Ne
2559 3236 2838 3306 glorieris
2869 3237 2931 3290 in
2977 3236 3190 3291 vestitu
3235 3249 3502 3306 unquam
3547 3234 3760 3304 (Eccli.
3791 3249 3862 3298 ιιι,

2201 3327 2280 3397 4).
2302 3325 2566 3380 Viderint
2595 3339 2738 3392 ergo
2766 3324 2862 3380 isti
2891 3339 3077 3396 quam
3099 3322 3348 3379 stultum
3365 3322 3459 3392 sit,
3487 3322 3706 3378 decore
3737 3338 3866 3376 ves-

2205 3413 2342 3470 titus
2373 3413 2624 3482 gloriam
2673 3412 3072 3475 emendicare,
3107 3416 3164 3468 et
3214 3411 3430 3468 decore
3471 3409 3703 3466 virtutis
3735 3411 3862 3466 ani-

2205 3519 2372 3558 mam
2401 3501 2652 3558 nudare.
2688 3504 2975 3559 Caeterum
3030 3501 3118 3568 iis,
3151 3502 3257 3575 qui
3305 3501 3379 3557 de
3407 3501 3678 3573 potentia
3703 3499 3864 3556 beati

2205 3589 2432 3647 Martini
2461 3589 2733 3656 delirant,
2765 3593 2996 3646 amator
3021 3589 3170 3659 ejus,
3195 3593 3253 3645 et
3279 3587 3743 3644 decentissimus
3773 3603 3864 3642 re-

2203 3679 2356 3736 lator
2378 3677 2658 3750 Sulpitius
2678 3678 2806 3749 jam
2833 3678 2976 3734 olim
3009 3679 3154 3735 satis
3181 3677 3509 3751 respondit.
3543 3680 3694 3732 Nam
3725 3693 3864 3732 cum

2207 3767 2535 3842 aliquando
2566 3767 2918 3823 vestimenta
2963 3769 3093 3839 ejus
3147 3767 3367 3840 pariter
3409 3765 3642 3822 amaret
3669 3767 3870 3821 incen-

2208 3858 2397 3924 dium,
2425 3855 2591 3929 quod
2621 3860 2822 3912 tamen
2848 3856 2944 3912 ille
2967 3855 3316 3928 protinusin
3341 3855 3610 3911 medium
3643 3871 3706 3910 se
3727 3871 3866 3927 pro-

2206 3946 2421 4018 jiciens
2452 3945 2736 4015 frigidum
2767 3945 2972 4014 sensit,
3005 3945 3258 4018 quidam
3307 3944 3574 4000 similiter
3599 3945 3870 4000 occasio-

2207 4053 2348 4093 nem
2375 4035 2728 4092 detrahendi
2758 4038 3164 4108 sumpserunt.
3199 4033 3528 4106 Responsio
3571 4038 3716 4089 tunc
3761 4033 3872 4088 illis

2209 4127 2384 4192 facta,
2416 4125 2545 4180 istis
2579 4123 2851 4180 sufﬁcere
2903 4123 3166 4191 deberet,
3201 4123 3306 4196 qui
3331 4139 3726 4196 nequaquam
3759 4123 3872 4178 hoc

2209 4215 2589 4282 mirarentur,
2632 4212 2680 4268 si
2708 4213 3162 4286 dispositionem
3213 4228 3338 4284 qua
3385 4216 3538 4268 Deus
3570 4212 3872 4268 mundum

2209 4303 2380 4373 regit,
2409 4301 2505 4357 vel
2533 4301 2804 4366 tenuerit,
2834 4299 3245 4357 attendissent.
3276 4304 3496 4356 Parum
3525 4305 3614 4356 est
3644 4305 3710 4356 ut
3761 4301 3870 4356 mi-

2209 4396 2430 4458 rentur,
2461 4391 2510 4446 si
2537 4391 2651 4447 hoc
2673 4389 2961 4463 templum
2983 4394 3040 4446 et
3059 4389 3374 4463 superbiai,
3393 4389 3490 4445 vel
3507 4389 3763 4446 luxuria:
3787 4390 3872 4445 vi-

2207 4481 2298 4536 tiis
2328 4480 2476 4536 forte
2505 4479 2822 4552 pollutum,
2845 4479 3063 4534 talibus
3083 4478 3450 4551 quibusdam
3473 4482 3592 4534 Deo
3614 4479 3872 4550 cognitis

2206 4569 2406 4626 causis
2434 4567 2826 4640 exigentibus,
2855 4567 3106 4624 ﬂamma
3135 4568 3499 4640 purgaverit.
3537 4567 3868 4623 Discutiant

2207 4659 2403 4731 potius
2430 4655 2722 4730 quidnam
2755 4657 2828 4712 sit
2868 4657 3030 4730 quod
3090 4657 3169 4712 ab
3199 4657 3425 4727 origine
3453 4657 3674 4712 mundi
3707 4657 3870 4712 mala

2205 4747 2591 4821 praevaleant.
2623 4749 2738 4802 Cur
2767 4745 2954 4819 impio
3003 4745 3148 4802 Cain
3175 4747 3406 4817 justum
3431 4745 3580 4801 Abel
3609 4747 3868 4803 subrue-

2205 4853 2266 4892 re
2299 4840 2452 4891 Deus
2481 4835 2861 4906 permiserit?
2911 4839 2976 4891 Et
3006 4851 3111 4890 cur
3151 4835 3260 4890 Job
3315 4835 3870 4908 incomparabiliter

2207 4931 2346 4981 tunc
2377 4923 2661 4995 temporis
2701 4923 2953 4995 justum,
2981 4940 3174 4996 usque
3221 4923 3310 4980 ad‘
3339 4924 3784 4996 sterquilinium
3817 4931 3871 4980 et

2205 5029 2438 5070 vermes
2467 5015 2719 5069 Satanas
2745 5014 3100 5087 compulerit
3121 5015 3148 5068 ‘I
3179 5017 3293 5071 Cur
3317 5016 3598 5082 Joannes,
3621 5031 3750 5086 quo
3771 5031 3870 5070 ne-

2206 5119 2307 5159 mo
2353 5103 2548 5173 major
2577 5102 2729 5158 iuter
2783 5107 2957 5160 natos
2993 5103 3335 5172 mulierum,
3367 5108 3582 5174 rogatu
3613 5103 3866 5160 saltatri-

2205 5193 2290 5248 cis
2318 5191 2529 5264 puellae
2557 5191 2888 5250 decollatus
2925 5193 3055 5249 sit?
3105 5195 3270 5249 Certe
3301 5192 3348 5247 si
3425 5191 3520 5247 isti
3571 5193 3870 5248 Christum

2204 5277 2267 5333 in
2296 5293 2470 5333 cruce
2499 5277 2808 5346 vidissent,
2849 5293 2995 5342 non,
3043 5277 3194 5334 sicut
3247 5277 3342 5333 ille
3389 5277 3560 5340 latro,
3613 5295 3866 5350 regnum

2205 5367 2259 5422 ei
2285 5371 2507 5422 restare
2557 5367 2884 5424 crederent.
2920 5367 3028 5431 Qui
3082 5367 3260 5423 etiam
3311 5367 3358 5439 si
3401 5366 3713 5440 apostolos
3757 5383 3866 5422 cae-

2205 5471 2304 5510 sos
2332 5455 2570 5527 publice
2597 5455 2903 5522 vidissent,
2935 5459 2991 5512 et
3023 5456 3394 5529 Stephanum
3425 5457 3574 5512 forte
3607 5461 3782 5512 nocte
3813 5461 3864 5510 et

2203 5543 2298 5599 die
2341 5543 2544 5600 bestiis
2596 5545 2934 5617 expositum
2975 5543 3408 5615 conspicerent,
3439 5543 3625 5600 ﬁdem
3658 5545 3862 5600 Christi

2207 5633 2451 5692 inanem
2479 5638 2807 5709 putassent.
2842 5635 2954 5692 Sed
2984 5639 3309 5712 postquam
3335 5650 3406 5692 ex
3449 5633 3568 5692 ﬁde
3599 5633 3861 5692 mundus
