  <div class='ocr_page' id='page_1' title='image "/cluster/home/n/w/nwhite01/storage/ocr_20150623/133/hvd.32044054759949/374.png"; bbox 0 0 4134 6114; ppageno 0'>
   <div class='ocr_carea' id='block_1_1' title="bbox 231 77 3697 172">
    <p class='ocr_par' dir='ltr' id='par_1_1' title="bbox 231 77 3697 172">
     <span class='ocr_line' id='line_1_1' title="bbox 231 77 3697 172; baseline 0.01 -49"><span class='ocrx_word' id='word_1_1' title='bbox 231 89 339 143; x_wconf 72' lang='lat'>737</span> <span class='ocrx_word' id='word_1_2' title='bbox 1609 77 1984 135; x_wconf 79' lang='lat' dir='ltr'>SERMONES</span> <span class='ocrx_word' id='word_1_3' title='bbox 2023 79 2365 152; x_wconf 79' lang='lat' dir='ltr'>QUINQUE.</span> <span class='ocrx_word' id='word_1_4' title='bbox 3092 157 3107 170; x_wconf 59' lang='grc'>,</span> <span class='ocrx_word' id='word_1_5' title='bbox 3589 116 3697 172; x_wconf 72' lang='grc' dir='ltr'>τεε</span> 
     </span>
    </p>
   </div>
   <div class='ocr_carea' id='block_1_2' title="bbox 228 201 3693 305">
    <p class='ocr_par' dir='ltr' id='par_1_2' title="bbox 228 201 3693 305">
     <span class='ocr_line' id='line_1_2' title="bbox 228 201 3693 305; baseline 0.008 -39"><span class='ocrx_word' id='word_1_6' title='bbox 228 209 437 305; x_wconf 4' lang='lat' dir='ltr'>vivere,</span> <span class='ocrx_word' id='word_1_7' title='bbox 461 208 670 305; x_wconf 72' lang='lat' dir='ltr'>erepit,</span> <span class='ocrx_word' id='word_1_8' title='bbox 706 208 1027 305; x_wconf 65' lang='lat' dir='ltr'>consilium</span> <span class='ocrx_word' id='word_1_9' title='bbox 1048 203 1269 305; x_wconf 64' lang='lat' dir='ltr'>divinae</span> <span class='ocrx_word' id='word_1_10' title='bbox 1296 203 1741 305; x_wconf 76' lang='lat' dir='ltr'>dispositionis,</span> <span class='ocrx_word' id='word_1_11' title='bbox 1770 201 1817 258; x_wconf 89' lang='lat' dir='ltr'>si</span> <span class='ocrx_word' id='word_1_12' title='bbox 1844 219 1931 259; x_wconf 89' lang='lat' dir='ltr'>re-</span> <span class='ocrx_word' id='word_1_13' title='bbox 1964 207 2011 259; x_wconf 83' lang='lat' dir='ltr'><strong>A</strong></span> <span class='ocrx_word' id='word_1_14' title='bbox 2042 206 2307 305; x_wconf 82' lang='lat' dir='ltr'>rabiliter</span> <span class='ocrx_word' id='word_1_15' title='bbox 2333 218 2567 305; x_wconf 85' lang='lat' dir='ltr'>reperta</span> <span class='ocrx_word' id='word_1_16' title='bbox 2594 221 2981 291; x_wconf 86' lang='lat' dir='ltr'>postmodum</span> <span class='ocrx_word' id='word_1_17' title='bbox 3036 242 3074 283; x_wconf 91' lang='lat' dir='ltr'>a</span> <span class='ocrx_word' id='word_1_18' title='bbox 3118 230 3374 301; x_wconf 87' lang='lat' dir='ltr'>profano</span> <span class='ocrx_word' id='word_1_19' title='bbox 3404 250 3542 305; x_wconf 89' lang='lat' dir='ltr'>rege</span> <span class='ocrx_word' id='word_1_20' title='bbox 3596 252 3693 294; x_wconf 86' lang='lat' dir='ltr'>as-</span> 
     </span>
    </p>
   </div>
   <div class='ocr_carea' id='block_1_3' title="bbox 234 294 3689 383">
    <p class='ocr_par' dir='ltr' id='par_1_3' title="bbox 234 294 3689 383">
     <span class='ocr_line' id='line_1_3' title="bbox 234 294 3689 383; baseline 0.008 -28"><span class='ocrx_word' id='word_1_21' title='bbox 234 303 514 356; x_wconf 87' lang='lat' dir='ltr'>verenter</span> <span class='ocrx_word' id='word_1_22' title='bbox 541 298 818 368; x_wconf 85' lang='lat' dir='ltr'>attendit,</span> <span class='ocrx_word' id='word_1_23' title='bbox 840 294 1127 365; x_wconf 83' lang='lat' dir='ltr'>intelligit,</span> <span class='ocrx_word' id='word_1_24' title='bbox 1160 294 1309 383; x_wconf 83' lang='lat' dir='ltr'>quia</span> <span class='ocrx_word' id='word_1_25' title='bbox 1344 310 1614 364; x_wconf 76' lang='lat' dir='ltr'>regnum</span> <span class='ocrx_word' id='word_1_26' title='bbox 1643 295 1782 383; x_wconf 75' lang='lat' dir='ltr'>.lesu</span> <span class='ocrx_word' id='word_1_27' title='bbox 1806 308 1929 383; x_wconf 84' lang='lat' dir='ltr'>non</span> <span class='ocrx_word' id='word_1_28' title='bbox 2040 300 2270 366; x_wconf 88' lang='lat' dir='ltr'>portari</span> <span class='ocrx_word' id='word_1_29' title='bbox 2289 304 2581 374; x_wconf 85' lang='lat' dir='ltr'>permissa</span> <span class='ocrx_word' id='word_1_30' title='bbox 2608 313 2712 365; x_wconf 89' lang='lat' dir='ltr'>est.</span> <span class='ocrx_word' id='word_1_31' title='bbox 2749 311 3013 371; x_wconf 85' lang='lat' dir='ltr'>Viderint</span> <span class='ocrx_word' id='word_1_32' title='bbox 3049 294 3144 374; x_wconf 85' lang='lat' dir='ltr'>isti</span> <span class='ocrx_word' id='word_1_33' title='bbox 3170 294 3538 382; x_wconf 63' lang='lat' dir='ltr'>secretorum</span> <span class='ocrx_word' id='word_1_34' title='bbox 3567 326 3689 383; x_wconf 82' lang='lat' dir='ltr'>dis-</span> 
     </span>
    </p>
   </div>
   <div class='ocr_carea' id='block_1_4' title="bbox 235 380 3692 474">
    <p class='ocr_par' dir='ltr' id='par_1_4' title="bbox 235 380 3692 474">
     <span class='ocr_line' id='line_1_4' title="bbox 235 380 3692 474; baseline 0.009 -31"><span class='ocrx_word' id='word_1_35' title='bbox 235 387 431 444; x_wconf 87' lang='lat' dir='ltr'>estde</span> <span class='ocrx_word' id='word_1_36' title='bbox 456 387 578 443; x_wconf 91' lang='lat' dir='ltr'>hoc</span> <span class='ocrx_word' id='word_1_37' title='bbox 634 387 889 454; x_wconf 90' lang='lat' dir='ltr'>mundo,</span> <span class='ocrx_word' id='word_1_38' title='bbox 917 389 973 442; x_wconf 90' lang='lat' dir='ltr'>et</span> <span class='ocrx_word' id='word_1_39' title='bbox 1003 382 1198 474; x_wconf 79' lang='lat' dir='ltr'>sancti</span> <span class='ocrx_word' id='word_1_40' title='bbox 1230 383 1359 454; x_wconf 88' lang='lat' dir='ltr'>ejus</span> <span class='ocrx_word' id='word_1_41' title='bbox 1388 400 1533 474; x_wconf 86' lang='lat' dir='ltr'>non</span> <span class='ocrx_word' id='word_1_42' title='bbox 1564 380 1794 437; x_wconf 89' lang='lat' dir='ltr'>habent</span> <span class='ocrx_word' id='word_1_43' title='bbox 1832 381 1926 437; x_wconf 90' lang='lat' dir='ltr'>hic</span> <span class='ocrx_word' id='word_1_44' title='bbox 2041 399 2342 474; x_wconf 76' lang='lat' dir='ltr'>cussores,</span> <span class='ocrx_word' id='word_1_45' title='bbox 2367 408 2489 465; x_wconf 90' lang='lat' dir='ltr'>qua</span> <span class='ocrx_word' id='word_1_46' title='bbox 2541 397 2775 454; x_wconf 88' lang='lat' dir='ltr'>Domini</span> <span class='ocrx_word' id='word_1_47' title='bbox 2824 401 3268 474; x_wconf 85' lang='lat' dir='ltr'>dispensatione</span> <span class='ocrx_word' id='word_1_48' title='bbox 3322 416 3379 468; x_wconf 88' lang='lat' dir='ltr'>et</span> <span class='ocrx_word' id='word_1_49' title='bbox 3424 380 3692 474; x_wconf 37' lang='lat' dir='ltr'>taliafet</span> 
     </span>
    </p>
   </div>
   <div class='ocr_carea' id='block_1_5' title="bbox 238 457 3693 560">
    <p class='ocr_par' dir='ltr' id='par_1_5' title="bbox 238 457 3693 560">
     <span class='ocr_line' id='line_1_5' title="bbox 238 457 3693 560; baseline 0.005 -25"><span class='ocrx_word' id='word_1_50' title='bbox 238 480 594 535; x_wconf 90' lang='lat' dir='ltr'>manentem</span> <span class='ocrx_word' id='word_1_51' title='bbox 626 476 946 545; x_wconf 87' lang='lat' dir='ltr'>civitatem,</span> <span class='ocrx_word' id='word_1_52' title='bbox 979 478 1035 530; x_wconf 87' lang='lat' dir='ltr'>et</span> <span class='ocrx_word' id='word_1_53' title='bbox 1064 471 1290 529; x_wconf 87' lang='lat' dir='ltr'>idcirco</span> <span class='ocrx_word' id='word_1_54' title='bbox 1340 473 1432 529; x_wconf 92' lang='lat' dir='ltr'>hic</span> <span class='ocrx_word' id='word_1_55' title='bbox 1472 487 1613 529; x_wconf 89' lang='lat' dir='ltr'>non</span> <span class='ocrx_word' id='word_1_56' title='bbox 1655 477 1927 543; x_wconf 77' lang='lat' dir='ltr'>quaerunt</span> <span class='ocrx_word' id='word_1_57' title='bbox 2038 470 2139 529; x_wconf 80' lang='lat' dir='ltr'>his</span> <span class='ocrx_word' id='word_1_58' title='bbox 2167 457 2535 539; x_wconf 51' lang='lat' dir='ltr'>similia-ﬁeri</span> <span class='ocrx_word' id='word_1_59' title='bbox 2559 485 2848 544; x_wconf 91' lang='lat' dir='ltr'>sinantur.</span> <span class='ocrx_word' id='word_1_60' title='bbox 3075 457 3693 560; x_wconf 33' lang='lat' dir='ltr'>“EJJLnthzﬁv;</span> 
     </span>
    </p>
   </div>
   <div class='ocr_carea' id='block_1_6' title="bbox 240 559 3690 658">
    <p class='ocr_par' dir='ltr' id='par_1_6' title="bbox 240 559 3690 658">
     <span class='ocr_line' id='line_1_6' title="bbox 240 559 3690 658; baseline 0.008 -36"><span class='ocrx_word' id='word_1_61' title='bbox 240 566 522 638; x_wconf 84' lang='lat' dir='ltr'>gloriam,</span> <span class='ocrx_word' id='word_1_62' title='bbox 554 581 747 639; x_wconf 90' lang='lat' dir='ltr'>quam</span> <span class='ocrx_word' id='word_1_63' title='bbox 778 565 841 621; x_wconf 94' lang='lat' dir='ltr'>in</span> <span class='ocrx_word' id='word_1_64' title='bbox 870 565 1071 621; x_wconf 89' lang='lat' dir='ltr'>futuro</span> <span class='ocrx_word' id='word_1_65' title='bbox 1101 566 1368 633; x_wconf 82' lang='lat' dir='ltr'>sperant,</span> <span class='ocrx_word' id='word_1_66' title='bbox 1401 579 1506 619; x_wconf 92' lang='lat' dir='ltr'>nec</span> <span class='ocrx_word' id='word_1_67' title='bbox 1543 559 1787 630; x_wconf 85' lang='lat' dir='ltr'>signum</span> <span class='ocrx_word' id='word_1_68' title='bbox 1819 560 1921 617; x_wconf 88' lang='lat' dir='ltr'>ali-</span> <span class='ocrx_word' id='word_1_69' title='bbox 2035 562 2168 621; x_wconf 87' lang='lat' dir='ltr'>nire</span> <span class='ocrx_word' id='word_1_70' title='bbox 2195 567 2442 639; x_wconf 89' lang='lat' dir='ltr'>videtur,</span> <span class='ocrx_word' id='word_1_71' title='bbox 2477 576 2541 629; x_wconf 92' lang='lat' dir='ltr'>ut</span> <span class='ocrx_word' id='word_1_72' title='bbox 2568 590 2605 630; x_wconf 88' lang='lat' dir='ltr'>a</span> <span class='ocrx_word' id='word_1_73' title='bbox 2644 574 2856 632; x_wconf 87' lang='lat' dir='ltr'>divinis</span> <span class='ocrx_word' id='word_1_74' title='bbox 2884 578 3128 649; x_wconf 91' lang='lat' dir='ltr'>judiciis</span> <span class='ocrx_word' id='word_1_75' title='bbox 3159 585 3494 658; x_wconf 83' lang='lat' dir='ltr'>timeamus,</span> <span class='ocrx_word' id='word_1_76' title='bbox 3528 595 3585 648; x_wconf 92' lang='lat' dir='ltr'>et</span> <span class='ocrx_word' id='word_1_77' title='bbox 3608 559 3690 647; x_wconf 86' lang='lat' dir='ltr'>vi-</span> 
     </span>
    </p>
   </div>
   <div class='ocr_carea' id='block_1_7' title="bbox 240 650 3684 742">
    <p class='ocr_par' dir='ltr' id='par_1_7' title="bbox 240 650 3684 742">
     <span class='ocr_line' id='line_1_7' title="bbox 240 650 3684 742; baseline 0.002 -31"><span class='ocrx_word' id='word_1_78' title='bbox 240 655 410 729; x_wconf 90' lang='lat' dir='ltr'>quod</span> <span class='ocrx_word' id='word_1_79' title='bbox 469 669 751 727; x_wconf 85' lang='lat' dir='ltr'>unquam</span> <span class='ocrx_word' id='word_1_80' title='bbox 788 655 884 710; x_wconf 89' lang='lat' dir='ltr'>hic</span> <span class='ocrx_word' id='word_1_81' title='bbox 913 650 1029 709; x_wconf 91' lang='lat' dir='ltr'>nisi</span> <span class='ocrx_word' id='word_1_82' title='bbox 1072 666 1185 722; x_wconf 89' lang='lat' dir='ltr'>pro</span> <span class='ocrx_word' id='word_1_83' title='bbox 1234 651 1475 708; x_wconf 74' lang='lat' dir='ltr'>utilitate</span> <span class='ocrx_word' id='word_1_84' title='bbox 1500 650 1921 742; x_wconf 78' lang='lat' dir='ltr'>proximorum</span> <span class='ocrx_word' id='word_1_85' title='bbox 2035 651 2247 711; x_wconf 87' lang='lat' dir='ltr'>dentes</span> <span class='ocrx_word' id='word_1_86' title='bbox 2291 658 2405 715; x_wconf 90' lang='lat' dir='ltr'>hoc</span> <span class='ocrx_word' id='word_1_87' title='bbox 2433 663 2597 733; x_wconf 90' lang='lat' dir='ltr'>quod</span> <span class='ocrx_word' id='word_1_88' title='bbox 2629 665 2860 734; x_wconf 89' lang='lat' dir='ltr'>accidit,</span> <span class='ocrx_word' id='word_1_89' title='bbox 2901 669 3157 742; x_wconf 88' lang='lat' dir='ltr'>quisque</span> <span class='ocrx_word' id='word_1_90' title='bbox 3185 681 3456 735; x_wconf 67' lang='lat' dir='ltr'>nostrum</span> <span class='ocrx_word' id='word_1_91' title='bbox 3480 650 3684 737; x_wconf 55' lang='lat' dir='ltr'>&#39;dicat:</span> 
     </span>
    </p>
   </div>
   <div class='ocr_carea' id='block_1_8' title="bbox 241 740 1929 817">
    <p class='ocr_par' dir='ltr' id='par_1_8' title="bbox 241 740 1929 817">
     <span class='ocr_line' id='line_1_8' title="bbox 241 740 1929 817; baseline -0.005 -16"><span class='ocrx_word' id='word_1_92' title='bbox 241 748 547 817; x_wconf 66' lang='lat' dir='ltr'>quaerunt.</span> <span class='ocrx_word' id='word_1_93' title='bbox 581 743 733 800; x_wconf 87' lang='lat' dir='ltr'>Hinc</span> <span class='ocrx_word' id='word_1_94' title='bbox 762 743 1061 817; x_wconf 83' lang='lat' dir='ltr'>propheta</span> <span class='ocrx_word' id='word_1_95' title='bbox 1091 754 1220 795; x_wconf 88' lang='lat' dir='ltr'>non</span> <span class='ocrx_word' id='word_1_96' title='bbox 1249 745 1490 814; x_wconf 83' lang='lat' dir='ltr'>propter</span> <span class='ocrx_word' id='word_1_97' title='bbox 1518 757 1588 797; x_wconf 90' lang='lat' dir='ltr'>se</span> <span class='ocrx_word' id='word_1_98' title='bbox 1611 740 1712 796; x_wconf 82' lang='lat' dir='ltr'>sed</span> <span class='ocrx_word' id='word_1_99' title='bbox 1742 756 1929 814; x_wconf 81' lang='lat' dir='ltr'>prop-.</span> 
     </span>
    </p>
   </div>
   <div class='ocr_carea' id='block_1_9' title="bbox 243 827 1923 901">
    <p class='ocr_par' dir='ltr' id='par_1_9' title="bbox 243 827 1923 901">
     <span class='ocr_line' id='line_1_9' title="bbox 243 827 1923 901; baseline -0.002 -11"><span class='ocrx_word' id='word_1_100' title='bbox 243 839 334 890; x_wconf 90' lang='lat' dir='ltr'>ter</span> <span class='ocrx_word' id='word_1_101' title='bbox 360 832 641 889; x_wconf 90' lang='lat' dir='ltr'>inimicos</span> <span class='ocrx_word' id='word_1_102' title='bbox 673 849 815 888; x_wconf 91' lang='lat' dir='ltr'>suos</span> <span class='ocrx_word' id='word_1_103' title='bbox 844 835 977 889; x_wconf 90' lang='lat' dir='ltr'>orat</span> <span class='ocrx_word' id='word_1_104' title='bbox 1004 827 1251 893; x_wconf 86' lang='lat' dir='ltr'>salvari,</span> <span class='ocrx_word' id='word_1_105' title='bbox 1269 829 1504 888; x_wconf 90' lang='lat' dir='ltr'>dicens:</span> <span class='ocrx_word' id='word_1_106' title='bbox 1534 833 1795 901; x_wconf 81' lang='lat' dir='ltr'>Propter</span> <span class='ocrx_word' id='word_1_107' title='bbox 1813 832 1923 887; x_wconf 87' lang='lat' dir='ltr'>ini-</span> 
     </span>
    </p>
   </div>
   <div class='ocr_carea' id='block_1_10' title="bbox 244 920 1922 995">
    <p class='ocr_par' dir='ltr' id='par_1_10' title="bbox 244 920 1922 995">
     <span class='ocr_line' id='line_1_10' title="bbox 244 920 1922 995; baseline 0.001 -17"><span class='ocrx_word' id='word_1_108' title='bbox 244 924 427 979; x_wconf 77' lang='lat' dir='ltr'>micos</span> <span class='ocrx_word' id='word_1_109' title='bbox 452 937 611 978; x_wconf 84' lang='lat' dir='ltr'>meos</span> <span class='ocrx_word' id='word_1_110' title='bbox 650 924 814 991; x_wconf 80' lang='lat' dir='ltr'>eripe</span> <span class='ocrx_word' id='word_1_111' title='bbox 866 936 959 977; x_wconf 89' lang='lat' dir='ltr'>me</span> <span class='ocrx_word' id='word_1_112' title='bbox 988 920 1184 991; x_wconf 79' lang='lat' dir='ltr'>(Psal.</span> <span class='ocrx_word' id='word_1_113' title='bbox 1214 936 1412 988; x_wconf 79' lang='lat' dir='ltr'>vaux,</span> <span class='ocrx_word' id='word_1_114' title='bbox 1450 923 1557 995; x_wconf 81' lang='grc'>19),</span> <span class='ocrx_word' id='word_1_115' title='bbox 1590 921 1648 978; x_wconf 88' lang='lat' dir='ltr'>id</span> <span class='ocrx_word' id='word_1_116' title='bbox 1682 926 1787 989; x_wconf 88' lang='lat' dir='ltr'>est,</span> <span class='ocrx_word' id='word_1_117' title='bbox 1816 938 1922 995; x_wconf 90' lang='lat' dir='ltr'>per</span> 
     </span>
    </p>
   </div>
   <div class='ocr_carea' id='block_1_11' title="bbox 246 1006 1918 1083">
    <p class='ocr_par' dir='ltr' id='par_1_11' title="bbox 246 1006 1918 1083">
     <span class='ocr_line' id='line_1_11' title="bbox 246 1006 1918 1083; baseline 0.001 -16"><span class='ocrx_word' id='word_1_118' title='bbox 246 1027 451 1068; x_wconf 87' lang='lat' dir='ltr'>meam</span> <span class='ocrx_word' id='word_1_119' title='bbox 497 1010 868 1083; x_wconf 91' lang='lat' dir='ltr'>ereptionem</span> <span class='ocrx_word' id='word_1_120' title='bbox 914 1006 1317 1077; x_wconf 87' lang='lat' dir='ltr'>intelligentes</span> <span class='ocrx_word' id='word_1_121' title='bbox 1374 1012 1703 1082; x_wconf 83' lang='lat' dir='ltr'>potentiam</span> <span class='ocrx_word' id='word_1_122' title='bbox 1752 1016 1918 1067; x_wconf 89' lang='lat' dir='ltr'>tuam</span> 
     </span>
    </p>
   </div>
   <div class='ocr_carea' id='block_1_12' title="bbox 245 1095 1920 1173">
    <p class='ocr_par' dir='ltr' id='par_1_12' title="bbox 245 1095 1920 1173">
     <span class='ocr_line' id='line_1_12' title="bbox 245 1095 1920 1173; baseline 0 -17"><span class='ocrx_word' id='word_1_123' title='bbox 245 1101 678 1156; x_wconf 84' lang='lat' dir='ltr'>convertantur</span> <span class='ocrx_word' id='word_1_124' title='bbox 732 1097 812 1153; x_wconf 92' lang='lat' dir='ltr'>ad</span> <span class='ocrx_word' id='word_1_125' title='bbox 864 1102 937 1154; x_wconf 91' lang='lat' dir='ltr'>te.</span> <span class='ocrx_word' id='word_1_126' title='bbox 988 1095 1255 1154; x_wconf 90' lang='lat' dir='ltr'>Scientes</span> <span class='ocrx_word' id='word_1_127' title='bbox 1300 1097 1456 1152; x_wconf 89' lang='lat' dir='ltr'>enim</span> <span class='ocrx_word' id='word_1_128' title='bbox 1504 1100 1646 1173; x_wconf 88' lang='lat' dir='ltr'>quia</span> <span class='ocrx_word' id='word_1_129' title='bbox 1695 1115 1920 1172; x_wconf 90' lang='lat' dir='ltr'>nequa-</span> 
     </span>
    </p>
   </div>
   <div class='ocr_carea' id='block_1_13' title="bbox 244 1184 1918 1262">
    <p class='ocr_par' dir='ltr' id='par_1_13' title="bbox 244 1184 1918 1262">
     <span class='ocr_line' id='line_1_13' title="bbox 244 1184 1918 1262; baseline 0.001 -18"><span class='ocrx_word' id='word_1_130' title='bbox 244 1204 436 1262; x_wconf 88' lang='lat' dir='ltr'>quam</span> <span class='ocrx_word' id='word_1_131' title='bbox 463 1191 722 1261; x_wconf 90' lang='lat' dir='ltr'>possunt</span> <span class='ocrx_word' id='word_1_132' title='bbox 748 1187 906 1243; x_wconf 90' lang='lat' dir='ltr'>hanc</span> <span class='ocrx_word' id='word_1_133' title='bbox 961 1186 1149 1241; x_wconf 87' lang='lat' dir='ltr'>vitam</span> <span class='ocrx_word' id='word_1_134' title='bbox 1181 1184 1307 1240; x_wconf 88' lang='lat' dir='ltr'>sine</span> <span class='ocrx_word' id='word_1_135' title='bbox 1337 1192 1583 1258; x_wconf 87' lang='lat' dir='ltr'>peccato</span> <span class='ocrx_word' id='word_1_136' title='bbox 1622 1193 1918 1245; x_wconf 89' lang='lat' dir='ltr'>transcur-</span> 
     </span>
    </p>
   </div>
   <div class='ocr_carea' id='block_1_14' title="bbox 246 1273 1919 1350">
    <p class='ocr_par' dir='ltr' id='par_1_14' title="bbox 246 1273 1919 1350">
     <span class='ocr_line' id='line_1_14' title="bbox 246 1273 1919 1350; baseline 0.001 -16"><span class='ocrx_word' id='word_1_137' title='bbox 246 1294 396 1348; x_wconf 90' lang='lat' dir='ltr'>rere,</span> <span class='ocrx_word' id='word_1_138' title='bbox 429 1280 642 1350; x_wconf 90' lang='lat' dir='ltr'>optant</span> <span class='ocrx_word' id='word_1_139' title='bbox 687 1274 891 1349; x_wconf 89' lang='lat' dir='ltr'>potius</span> <span class='ocrx_word' id='word_1_140' title='bbox 918 1279 981 1332; x_wconf 90' lang='lat' dir='ltr'>ut</span> <span class='ocrx_word' id='word_1_141' title='bbox 1017 1273 1117 1330; x_wconf 89' lang='lat' dir='ltr'>hic</span> <span class='ocrx_word' id='word_1_142' title='bbox 1164 1274 1243 1329; x_wconf 88' lang='lat' dir='ltr'>ad</span> <span class='ocrx_word' id='word_1_143' title='bbox 1289 1275 1384 1331; x_wconf 91' lang='lat' dir='ltr'>sui</span> <span class='ocrx_word' id='word_1_144' title='bbox 1434 1278 1919 1335; x_wconf 89' lang='lat' dir='ltr'>emendationem</span> 
     </span>
    </p>
   </div>
   <div class='ocr_carea' id='block_1_15' title="bbox 247 1365 1917 1439">
    <p class='ocr_par' dir='ltr' id='par_1_15' title="bbox 247 1365 1917 1439">
     <span class='ocr_line' id='line_1_15' title="bbox 247 1365 1917 1439; baseline 0.001 -16"><span class='ocrx_word' id='word_1_145' title='bbox 247 1366 608 1437; x_wconf 80' lang='lat' dir='ltr'>afﬂigantur.</span> <span class='ocrx_word' id='word_1_146' title='bbox 638 1369 786 1422; x_wconf 85' lang='lat' dir='ltr'>Nam</span> <span class='ocrx_word' id='word_1_147' title='bbox 818 1365 1118 1439; x_wconf 88' lang='lat' dir='ltr'>propheta</span> <span class='ocrx_word' id='word_1_148' title='bbox 1140 1368 1313 1433; x_wconf 86' lang='lat' dir='ltr'>rogat</span> <span class='ocrx_word' id='word_1_149' title='bbox 1345 1383 1358 1420; x_wconf 91' lang='lat'>:</span> <span class='ocrx_word' id='word_1_150' title='bbox 1391 1367 1616 1434; x_wconf 82' lang='lat' dir='ltr'>Proba,</span> <span class='ocrx_word' id='word_1_151' title='bbox 1646 1370 1917 1436; x_wconf 81' lang='lat' dir='ltr'>Domine,</span> 
     </span>
    </p>
   </div>
   <div class='ocr_carea' id='block_1_16' title="bbox 248 1453 1919 1527">
    <p class='ocr_par' dir='ltr' id='par_1_16' title="bbox 248 1453 1919 1527">
     <span class='ocr_line' id='line_1_16' title="bbox 248 1453 1919 1527; baseline -0.001 -14"><span class='ocrx_word' id='word_1_152' title='bbox 248 1464 302 1513; x_wconf 85' lang='lat' dir='ltr'>et</span> <span class='ocrx_word' id='word_1_153' title='bbox 336 1462 504 1513; x_wconf 85' lang='lat' dir='ltr'>tenta</span> <span class='ocrx_word' id='word_1_154' title='bbox 533 1471 624 1513; x_wconf 92' lang='lat' dir='ltr'>me</span> <span class='ocrx_word' id='word_1_155' title='bbox 648 1456 842 1522; x_wconf 86' lang='lat' dir='ltr'>(Psal.</span> <span class='ocrx_word' id='word_1_156' title='bbox 874 1471 1012 1518; x_wconf 83' lang='lat' dir='ltr'>xxv,</span> <span class='ocrx_word' id='word_1_157' title='bbox 1030 1454 1108 1525; x_wconf 83' lang='lat'>2).</span> <span class='ocrx_word' id='word_1_158' title='bbox 1137 1458 1278 1509; x_wconf 86' lang='lat' dir='ltr'>Item</span> <span class='ocrx_word' id='word_1_159' title='bbox 1305 1453 1501 1511; x_wconf 90' lang='lat' dir='ltr'>alius:</span> <span class='ocrx_word' id='word_1_160' title='bbox 1528 1458 1919 1527; x_wconf 81' lang='lat' dir='ltr'>lngrediatur</span> 
     </span>
    </p>
   </div>
   <div class='ocr_carea' id='block_1_17' title="bbox 2032 742 3685 835">
    <p class='ocr_par' dir='ltr' id='par_1_17' title="bbox 2032 742 3685 835">
     <span class='ocr_line' id='line_1_17' title="bbox 2032 742 3685 835; baseline 0.018 -38"><span class='ocrx_word' id='word_1_161' title='bbox 2032 742 2304 835; x_wconf 63' lang='lat' dir='ltr'>Domine,</span> <span class='ocrx_word' id='word_1_162' title='bbox 2337 749 2545 805; x_wconf 79' lang='lat' dir='ltr'>audivi</span> <span class='ocrx_word' id='word_1_163' title='bbox 2571 753 2845 810; x_wconf 86' lang='lat' dir='ltr'>auditum</span> <span class='ocrx_word' id='word_1_164' title='bbox 2868 760 3058 828; x_wconf 83' lang='lat' dir='ltr'>tuum,</span> <span class='ocrx_word' id='word_1_165' title='bbox 3088 765 3143 816; x_wconf 86' lang='lat' dir='ltr'>et</span> <span class='ocrx_word' id='word_1_166' title='bbox 3182 763 3357 819; x_wconf 80' lang='lat' dir='ltr'>timui</span> <span class='ocrx_word' id='word_1_167' title='bbox 3378 784 3390 833; x_wconf 93' lang='lat'><strong>;</strong></span> <span class='ocrx_word' id='word_1_168' title='bbox 3418 769 3685 835; x_wconf 81' lang='lat' dir='ltr'>Domine,</span> 
     </span>
    </p>
   </div>
   <div class='ocr_carea' id='block_1_18' title="bbox 2034 833 3690 927">
    <p class='ocr_par' dir='ltr' id='par_1_18' title="bbox 2034 833 3690 927">
     <span class='ocr_line' id='line_1_18' title="bbox 2034 833 3690 927; baseline 0.015 -42"><span class='ocrx_word' id='word_1_169' title='bbox 2034 833 2613 927; x_wconf 54' lang='lat' dir='ltr'>consideraviopera</span> <span class='ocrx_word' id='word_1_170' title='bbox 2643 845 2771 912; x_wconf 84' lang='lat' dir='ltr'>tua,</span> <span class='ocrx_word' id='word_1_171' title='bbox 2798 848 2852 898; x_wconf 86' lang='lat' dir='ltr'>et</span> <span class='ocrx_word' id='word_1_172' title='bbox 2879 847 3099 913; x_wconf 62' lang='grc' dir='ltr'>θη)αυί</span> <span class='ocrx_word' id='word_1_173' title='bbox 3122 849 3374 915; x_wconf 84' lang='lat' dir='ltr'>(Habac.</span> <span class='ocrx_word' id='word_1_174' title='bbox 3400 856 3481 916; x_wconf 84' lang='lat' dir='ltr'>iu,</span> <span class='ocrx_word' id='word_1_175' title='bbox 3509 855 3584 925; x_wconf 85' lang='lat'>2).</span> <span class='ocrx_word' id='word_1_176' title='bbox 3623 833 3690 910; x_wconf 86' lang='lat' dir='ltr'>Et</span> 
     </span>
    </p>
   </div>
   <div class='ocr_carea' id='block_1_19' title="bbox 2030 922 3688 1008">
    <p class='ocr_par' dir='ltr' id='par_1_19' title="bbox 2030 922 3688 1008">
     <span class='ocr_line' id='line_1_19' title="bbox 2030 922 3688 1008; baseline 0.016 -34"><span class='ocrx_word' id='word_1_177' title='bbox 2030 922 2214 976; x_wconf 90' lang='lat' dir='ltr'>item:</span> <span class='ocrx_word' id='word_1_178' title='bbox 2266 923 2602 1006; x_wconf 77' lang='lat' dir='ltr'>Conﬁtebpr</span> <span class='ocrx_word' id='word_1_179' title='bbox 2630 929 2759 996; x_wconf 80' lang='lat' dir='ltr'>tibi,</span> <span class='ocrx_word' id='word_1_180' title='bbox 2790 931 3058 1001; x_wconf 78' lang='lat' dir='ltr'>Domine,</span> <span class='ocrx_word' id='word_1_181' title='bbox 3092 940 3374 1008; x_wconf 83' lang='lat' dir='ltr'>quoniam</span> <span class='ocrx_word' id='word_1_182' title='bbox 3395 922 3592 998; x_wconf 85' lang='lat' dir='ltr'>iratus</span> <span class='ocrx_word' id='word_1_183' title='bbox 3630 958 3688 999; x_wconf 85' lang='lat' dir='ltr'>es</span> 
     </span>
    </p>
   </div>
   <div class='ocr_carea' id='block_1_20' title="bbox 2030 1008 3688 1100">
    <p class='ocr_par' dir='ltr' id='par_1_20' title="bbox 2030 1008 3688 1100">
     <span class='ocr_line' id='line_1_20' title="bbox 2030 1008 3688 1100; baseline 0.015 -37"><span class='ocrx_word' id='word_1_184' title='bbox 2030 1008 2183 1100; x_wconf 82' lang='lat' dir='ltr'>mihi</span> <span class='ocrx_word' id='word_1_185' title='bbox 2199 1010 2339 1100; x_wconf 71' lang='lat' dir='ltr'>_(Isa.</span> <span class='ocrx_word' id='word_1_186' title='bbox 2370 1030 2469 1080; x_wconf 82' lang='lat' dir='ltr'>xu,</span> <span class='ocrx_word' id='word_1_187' title='bbox 2508 1016 2581 1086; x_wconf 82' lang='grc'>1),</span> <span class='ocrx_word' id='word_1_188' title='bbox 2608 1021 2666 1073; x_wconf 91' lang='lat' dir='ltr'>et</span> <span class='ocrx_word' id='word_1_189' title='bbox 2693 1023 2926 1075; x_wconf 77' lang='lat' dir='ltr'>caetera.</span> <span class='ocrx_word' id='word_1_190' title='bbox 2956 1023 3024 1078; x_wconf 89' lang='lat' dir='ltr'>Et</span> <span class='ocrx_word' id='word_1_191' title='bbox 3070 1025 3213 1096; x_wconf 89' lang='lat' dir='ltr'>quia</span> <span class='ocrx_word' id='word_1_192' title='bbox 3243 1043 3352 1100; x_wconf 91' lang='lat' dir='ltr'>per</span> <span class='ocrx_word' id='word_1_193' title='bbox 3379 1029 3688 1087; x_wconf 84' lang='lat' dir='ltr'>materiale</span> 
     </span>
    </p>
   </div>
   <div class='ocr_carea' id='block_1_21' title="bbox 2031 1097 3691 1186">
    <p class='ocr_par' dir='ltr' id='par_1_21' title="bbox 2031 1097 3691 1186">
     <span class='ocr_line' id='line_1_21' title="bbox 2031 1097 3691 1186; baseline 0.016 -35"><span class='ocrx_word' id='word_1_194' title='bbox 2031 1097 2325 1186; x_wconf 76' lang='lat' dir='ltr'>templum</span> <span class='ocrx_word' id='word_1_195' title='bbox 2378 1101 2542 1159; x_wconf 87' lang='lat' dir='ltr'>dedit</span> <span class='ocrx_word' id='word_1_196' title='bbox 2586 1104 2991 1176; x_wconf 89' lang='lat' dir='ltr'>spiritualibus</span> <span class='ocrx_word' id='word_1_197' title='bbox 3045 1097 3564 1186; x_wconf 75' lang='lat' dir='ltr'>signiﬁcationem,</span> <span class='ocrx_word' id='word_1_198' title='bbox 3626 1122 3691 1175; x_wconf 87' lang='lat' dir='ltr'>ut</span> 
     </span>
    </p>
   </div>
   <div class='ocr_carea' id='block_1_22' title="bbox 2030 1184 3686 1277">
    <p class='ocr_par' dir='ltr' id='par_1_22' title="bbox 2030 1184 3686 1277">
     <span class='ocr_line' id='line_1_22' title="bbox 2030 1184 3686 1277; baseline 0.015 -37"><span class='ocrx_word' id='word_1_199' title='bbox 2030 1184 2264 1277; x_wconf 76' lang='lat' dir='ltr'>fugiant</span> <span class='ocrx_word' id='word_1_200' title='bbox 2291 1204 2328 1245; x_wconf 91' lang='lat' dir='ltr'>a</span> <span class='ocrx_word' id='word_1_201' title='bbox 2382 1190 2532 1247; x_wconf 85' lang='lat' dir='ltr'>facie</span> <span class='ocrx_word' id='word_1_202' title='bbox 2562 1208 2762 1262; x_wconf 91' lang='lat' dir='ltr'>arcus,</span> <span class='ocrx_word' id='word_1_203' title='bbox 2790 1195 2853 1250; x_wconf 91' lang='lat' dir='ltr'>id</span> <span class='ocrx_word' id='word_1_204' title='bbox 2910 1198 3075 1270; x_wconf 91' lang='lat' dir='ltr'>quod</span> <span class='ocrx_word' id='word_1_205' title='bbox 3118 1201 3235 1259; x_wconf 90' lang='lat' dir='ltr'>illic</span> <span class='ocrx_word' id='word_1_206' title='bbox 3288 1184 3686 1277; x_wconf 70' lang='lat' dir='ltr'>praemittitur,</span> 
     </span>
    </p>
   </div>
   <div class='ocr_carea' id='block_1_23' title="bbox 2031 1275 3690 1359">
    <p class='ocr_par' dir='ltr' id='par_1_23' title="bbox 2031 1275 3690 1359">
     <span class='ocr_line' id='line_1_23' title="bbox 2031 1275 3690 1359; baseline 0.015 -30"><span class='ocrx_word' id='word_1_207' title='bbox 2031 1275 2462 1351; x_wconf 90' lang='lat' dir='ltr'>supplicemus,</span> <span class='ocrx_word' id='word_1_208' title='bbox 2492 1285 2554 1337; x_wconf 93' lang='lat' dir='ltr'>ut</span> <span class='ocrx_word' id='word_1_209' title='bbox 2577 1284 2871 1355; x_wconf 89' lang='lat' dir='ltr'>quoniam</span> <span class='ocrx_word' id='word_1_210' title='bbox 2900 1285 3086 1344; x_wconf 87' lang='lat' dir='ltr'>iratus</span> <span class='ocrx_word' id='word_1_211' title='bbox 3112 1295 3219 1359; x_wconf 89' lang='lat' dir='ltr'>est,</span> <span class='ocrx_word' id='word_1_212' title='bbox 3253 1275 3327 1348; x_wconf 83' lang='lat' dir='ltr'>sit</span> <span class='ocrx_word' id='word_1_213' title='bbox 3369 1294 3551 1351; x_wconf 90' lang='lat' dir='ltr'>etiam</span> <span class='ocrx_word' id='word_1_214' title='bbox 3579 1275 3690 1352; x_wconf 86' lang='lat' dir='ltr'>mi-</span> 
     </span>
    </p>
   </div>
   <div class='ocr_carea' id='block_1_24' title="bbox 2030 1365 3685 1455">
    <p class='ocr_par' dir='ltr' id='par_1_24' title="bbox 2030 1365 3685 1455">
     <span class='ocr_line' id='line_1_24' title="bbox 2030 1365 3685 1455; baseline 0.015 -37"><span class='ocrx_word' id='word_1_215' title='bbox 2030 1369 2242 1455; x_wconf 80' lang='lat' dir='ltr'>sertus,</span> <span class='ocrx_word' id='word_1_216' title='bbox 2268 1365 2530 1425; x_wconf 87' lang='lat' dir='ltr'>dicentes</span> <span class='ocrx_word' id='word_1_217' title='bbox 2555 1387 2567 1424; x_wconf 90' lang='lat'><strong>:</strong></span> <span class='ocrx_word' id='word_1_218' title='bbox 2603 1373 3077 1446; x_wconf 87' lang='lat' dir='ltr'>Increpationem</span> <span class='ocrx_word' id='word_1_219' title='bbox 3098 1380 3333 1437; x_wconf 91' lang='lat' dir='ltr'>Domini</span> <span class='ocrx_word' id='word_1_220' title='bbox 3355 1384 3685 1455; x_wconf 89' lang='lat' dir='ltr'>sustinebo,</span> 
     </span>
    </p>
   </div>
   <div class='ocr_carea' id='block_1_25' title="bbox 2027 1452 3688 1535">
    <p class='ocr_par' dir='ltr' id='par_1_25' title="bbox 2027 1452 3688 1535">
     <span class='ocr_line' id='line_1_25' title="bbox 2027 1452 3688 1535; baseline 0.015 -29"><span class='ocrx_word' id='word_1_221' title='bbox 2027 1452 2174 1525; x_wconf 88' lang='lat' dir='ltr'>quia</span> <span class='ocrx_word' id='word_1_222' title='bbox 2204 1456 2444 1525; x_wconf 89' lang='lat' dir='ltr'>peccavi</span> <span class='ocrx_word' id='word_1_223' title='bbox 2468 1457 2541 1515; x_wconf 93' lang='lat' dir='ltr'>ei.</span> <span class='ocrx_word' id='word_1_224' title='bbox 2575 1459 2743 1517; x_wconf 89' lang='lat' dir='ltr'>Tunc</span> <span class='ocrx_word' id='word_1_225' title='bbox 2769 1468 3054 1535; x_wconf 78' lang='lat' dir='ltr'>praeterea</span> <span class='ocrx_word' id='word_1_226' title='bbox 3099 1484 3225 1524; x_wconf 91' lang='lat' dir='ltr'>non</span> <span class='ocrx_word' id='word_1_227' title='bbox 3260 1470 3485 1528; x_wconf 90' lang='lat' dir='ltr'>incidat</span> <span class='ocrx_word' id='word_1_228' title='bbox 3507 1452 3688 1531; x_wconf 87' lang='lat' dir='ltr'>nobis</span> 
     </span>
    </p>
   </div>
   <div class='ocr_carea' id='block_1_26' title="bbox 248 1540 3690 1626">
    <p class='ocr_par' dir='ltr' id='par_1_26' title="bbox 248 1540 3690 1626">
     <span class='ocr_line' id='line_1_26' title="bbox 248 1540 3690 1626; baseline 0.006 -27"><span class='ocrx_word' id='word_1_229' title='bbox 248 1544 501 1615; x_wconf 81' lang='lat' dir='ltr'>putredo</span> <span class='ocrx_word' id='word_1_230' title='bbox 529 1545 593 1599; x_wconf 86' lang='lat' dir='ltr'>in</span> <span class='ocrx_word' id='word_1_231' title='bbox 626 1559 758 1600; x_wconf 86' lang='lat' dir='ltr'>ossa</span> <span class='ocrx_word' id='word_1_232' title='bbox 797 1558 933 1599; x_wconf 87' lang='lat' dir='ltr'>mea</span> <span class='ocrx_word' id='word_1_233' title='bbox 989 1542 1244 1615; x_wconf 82' lang='lat' dir='ltr'>(Babae.</span> <span class='ocrx_word' id='word_1_234' title='bbox 1277 1559 1361 1613; x_wconf 83' lang='grc' dir='ltr'>ιιι,</span> <span class='ocrx_word' id='word_1_235' title='bbox 1401 1548 1512 1612; x_wconf 79' lang='grc'>16).</span> <span class='ocrx_word' id='word_1_236' title='bbox 1566 1547 1761 1611; x_wconf 88' lang='lat' dir='ltr'>Quam</span> <span class='ocrx_word' id='word_1_237' title='bbox 1804 1544 1917 1601; x_wconf 89' lang='lat' dir='ltr'>sibi</span> <span class='ocrx_word' id='word_1_238' title='bbox 1956 1559 2001 1611; x_wconf 82' lang='grc' dir='ltr'>Β</span> <span class='ocrx_word' id='word_1_239' title='bbox 2027 1540 2178 1603; x_wconf 87' lang='lat' dir='ltr'>illud</span> <span class='ocrx_word' id='word_1_240' title='bbox 2207 1542 2917 1623; x_wconf 87' lang='lat' dir='ltr'>diabolicumsuspicari,</span> <span class='ocrx_word' id='word_1_241' title='bbox 2943 1555 3112 1626; x_wconf 91' lang='lat' dir='ltr'>quod</span> <span class='ocrx_word' id='word_1_242' title='bbox 3133 1555 3235 1613; x_wconf 89' lang='lat' dir='ltr'>illa</span> <span class='ocrx_word' id='word_1_243' title='bbox 3263 1558 3449 1616; x_wconf 90' lang='lat' dir='ltr'>virtus</span> <span class='ocrx_word' id='word_1_244' title='bbox 3475 1561 3690 1621; x_wconf 93' lang='lat' dir='ltr'>domni</span> 
     </span>
    </p>
   </div>
   <div class='ocr_carea' id='block_1_27' title="bbox 249 1630 1917 1706">
    <p class='ocr_par' dir='ltr' id='par_1_27' title="bbox 249 1630 1917 1706">
     <span class='ocr_line' id='line_1_27' title="bbox 249 1630 1917 1706; baseline 0.001 -17"><span class='ocrx_word' id='word_1_245' title='bbox 249 1632 556 1689; x_wconf 87' lang='lat' dir='ltr'>utilitatem</span> <span class='ocrx_word' id='word_1_246' title='bbox 585 1631 724 1689; x_wconf 91' lang='lat' dir='ltr'>inde</span> <span class='ocrx_word' id='word_1_247' title='bbox 757 1633 1109 1706; x_wconf 86' lang='lat' dir='ltr'>speraverit,</span> <span class='ocrx_word' id='word_1_248' title='bbox 1143 1630 1509 1701; x_wconf 86' lang='lat' dir='ltr'>manifestat,</span> <span class='ocrx_word' id='word_1_249' title='bbox 1534 1633 1822 1702; x_wconf 89' lang='lat' dir='ltr'>subdens,</span> <span class='ocrx_word' id='word_1_250' title='bbox 1852 1640 1917 1690; x_wconf 81' lang='lat' dir='ltr'>ut</span> 
     </span>
    </p>
   </div>
   <div class='ocr_carea' id='block_1_28' title="bbox 252 1722 1920 1794">
    <p class='ocr_par' dir='ltr' id='par_1_28' title="bbox 252 1722 1920 1794">
     <span class='ocr_line' id='line_1_28' title="bbox 252 1722 1920 1794; baseline 0.001 -15"><span class='ocrx_word' id='word_1_251' title='bbox 252 1724 610 1794; x_wconf 81' lang='lat' dir='ltr'>requiescam</span> <span class='ocrx_word' id='word_1_252' title='bbox 653 1723 718 1778; x_wconf 85' lang='lat' dir='ltr'>in</span> <span class='ocrx_word' id='word_1_253' title='bbox 775 1723 877 1779; x_wconf 87' lang='lat' dir='ltr'>die</span> <span class='ocrx_word' id='word_1_254' title='bbox 927 1722 1335 1778; x_wconf 76' lang='lat' dir='ltr'>tribulationis</span> <span class='ocrx_word' id='word_1_255' title='bbox 1384 1722 1613 1794; x_wconf 60' lang='lat' dir='ltr'>(Ibid).</span> <span class='ocrx_word' id='word_1_256' title='bbox 1654 1723 1920 1780; x_wconf 84' lang='lat' dir='ltr'>Aﬂlictus</span> 
     </span>
    </p>
   </div>
   <div class='ocr_carea' id='block_1_29' title="bbox 255 1811 1919 1885">
    <p class='ocr_par' dir='ltr' id='par_1_29' title="bbox 255 1811 1919 1885">
     <span class='ocr_line' id='line_1_29' title="bbox 255 1811 1919 1885; baseline 0.001 -17"><span class='ocrx_word' id='word_1_257' title='bbox 255 1829 498 1885; x_wconf 88' lang='lat' dir='ltr'>quoque</span> <span class='ocrx_word' id='word_1_258' title='bbox 525 1812 637 1869; x_wconf 87' lang='lat' dir='ltr'>Job</span> <span class='ocrx_word' id='word_1_259' title='bbox 662 1830 674 1869; x_wconf 93' lang='lat'>:</span> <span class='ocrx_word' id='word_1_260' title='bbox 706 1814 871 1880; x_wconf 77' lang='lat' dir='ltr'>Haec,</span> <span class='ocrx_word' id='word_1_261' title='bbox 894 1811 1116 1885; x_wconf 80' lang='lat' dir='ltr'>inquit,</span> <span class='ocrx_word' id='word_1_262' title='bbox 1151 1813 1264 1868; x_wconf 81' lang='lat' dir='ltr'>erit</span> <span class='ocrx_word' id='word_1_263' title='bbox 1292 1812 1447 1869; x_wconf 82' lang='lat' dir='ltr'>mihi</span> <span class='ocrx_word' id='word_1_264' title='bbox 1471 1815 1821 1881; x_wconf 79' lang='lat' dir='ltr'>consolatio,</span> <span class='ocrx_word' id='word_1_265' title='bbox 1856 1821 1919 1870; x_wconf 86' lang='lat' dir='ltr'>ut</span> 
     </span>
    </p>
   </div>
   <div class='ocr_carea' id='block_1_30' title="bbox 253 1900 1921 1974">
    <p class='ocr_par' dir='ltr' id='par_1_30' title="bbox 253 1900 1921 1974">
     <span class='ocr_line' id='line_1_30' title="bbox 253 1900 1921 1974; baseline 0.001 -17"><span class='ocrx_word' id='word_1_266' title='bbox 253 1902 530 1972; x_wconf 80' lang='lat' dir='ltr'>afﬂigens</span> <span class='ocrx_word' id='word_1_267' title='bbox 560 1902 893 1967; x_wconf 83' lang='lat' dir='ltr'>medolore,</span> <span class='ocrx_word' id='word_1_268' title='bbox 933 1916 1053 1956; x_wconf 86' lang='lat' dir='ltr'>non</span> <span class='ocrx_word' id='word_1_269' title='bbox 1101 1905 1324 1969; x_wconf 81' lang='lat' dir='ltr'>parcat</span> <span class='ocrx_word' id='word_1_270' title='bbox 1349 1900 1484 1971; x_wconf 85' lang='lat' dir='ltr'>(Job</span> <span class='ocrx_word' id='word_1_271' title='bbox 1514 1918 1591 1970; x_wconf 81' lang='lat' dir='ltr'>v1,</span> <span class='ocrx_word' id='word_1_272' title='bbox 1629 1903 1738 1974; x_wconf 79' lang='grc'>10).</span> <span class='ocrx_word' id='word_1_273' title='bbox 1771 1905 1921 1958; x_wconf 90' lang='lat' dir='ltr'>Nam</span> 
     </span>
    </p>
   </div>
   <div class='ocr_carea' id='block_1_31' title="bbox 256 1988 1922 2063">
    <p class='ocr_par' dir='ltr' id='par_1_31' title="bbox 256 1988 1922 2063">
     <span class='ocr_line' id='line_1_31' title="bbox 256 1988 1922 2063; baseline 0.002 -19"><span class='ocrx_word' id='word_1_274' title='bbox 256 1995 314 2044; x_wconf 87' lang='lat' dir='ltr'>et</span> <span class='ocrx_word' id='word_1_275' title='bbox 343 1988 659 2061; x_wconf 76' lang='lat' dir='ltr'>Apostolus</span> <span class='ocrx_word' id='word_1_276' title='bbox 688 2005 811 2045; x_wconf 93' lang='lat' dir='ltr'>non</span> <span class='ocrx_word' id='word_1_277' title='bbox 839 1988 1150 2059; x_wconf 86' lang='lat' dir='ltr'>gloriatur,</span> <span class='ocrx_word' id='word_1_278' title='bbox 1180 1988 1349 2061; x_wconf 89' lang='lat' dir='ltr'>quod</span> <span class='ocrx_word' id='word_1_279' title='bbox 1375 1990 1438 2045; x_wconf 92' lang='lat' dir='ltr'>in</span> <span class='ocrx_word' id='word_1_280' title='bbox 1463 1991 1844 2063; x_wconf 86' lang='lat' dir='ltr'>paradisum,</span> <span class='ocrx_word' id='word_1_281' title='bbox 1866 1996 1922 2048; x_wconf 90' lang='lat' dir='ltr'>et</span> 
     </span>
    </p>
   </div>
   <div class='ocr_carea' id='block_1_32' title="bbox 257 2077 1920 2152">
    <p class='ocr_par' dir='ltr' id='par_1_32' title="bbox 257 2077 1920 2152">
     <span class='ocr_line' id='line_1_32' title="bbox 257 2077 1920 2152; baseline 0.001 -19"><span class='ocrx_word' id='word_1_282' title='bbox 257 2077 435 2134; x_wconf 88' lang='lat' dir='ltr'>etiam</span> <span class='ocrx_word' id='word_1_283' title='bbox 454 2094 643 2150; x_wconf 90' lang='lat' dir='ltr'>usque</span> <span class='ocrx_word' id='word_1_284' title='bbox 663 2078 741 2135; x_wconf 93' lang='lat' dir='ltr'>ad</span> <span class='ocrx_word' id='word_1_285' title='bbox 772 2077 1015 2134; x_wconf 88' lang='lat' dir='ltr'>tertium</span> <span class='ocrx_word' id='word_1_286' title='bbox 1030 2077 1250 2134; x_wconf 85' lang='lat' dir='ltr'>coelum</span> <span class='ocrx_word' id='word_1_287' title='bbox 1274 2083 1484 2151; x_wconf 89' lang='lat' dir='ltr'>raptus</span> <span class='ocrx_word' id='word_1_288' title='bbox 1507 2079 1598 2146; x_wconf 87' lang='lat' dir='ltr'>sit,</span> <span class='ocrx_word' id='word_1_289' title='bbox 1622 2095 1735 2135; x_wconf 91' lang='lat' dir='ltr'>nec</span> <span class='ocrx_word' id='word_1_290' title='bbox 1751 2079 1920 2152; x_wconf 93' lang='lat' dir='ltr'>quod</span> 
     </span>
    </p>
   </div>
   <div class='ocr_carea' id='block_1_33' title="bbox 255 2165 1918 2241">
    <p class='ocr_par' dir='ltr' id='par_1_33' title="bbox 255 2165 1918 2241">
     <span class='ocr_line' id='line_1_33' title="bbox 255 2165 1918 2241; baseline 0.002 -20"><span class='ocrx_word' id='word_1_291' title='bbox 255 2165 552 2223; x_wconf 69' lang='lat' dir='ltr'>ineffabile</span> <span class='ocrx_word' id='word_1_292' title='bbox 580 2182 869 2223; x_wconf 88' lang='lat' dir='ltr'>arcanum</span> <span class='ocrx_word' id='word_1_293' title='bbox 909 2166 1059 2222; x_wconf 90' lang='lat' dir='ltr'>inibi</span> <span class='ocrx_word' id='word_1_294' title='bbox 1089 2165 1378 2234; x_wconf 90' lang='lat' dir='ltr'>audierit;</span> <span class='ocrx_word' id='word_1_295' title='bbox 1411 2166 1516 2222; x_wconf 86' lang='lat' dir='ltr'>sed</span> <span class='ocrx_word' id='word_1_296' title='bbox 1541 2167 1744 2241; x_wconf 90' lang='lat' dir='ltr'>potius</span> <span class='ocrx_word' id='word_1_297' title='bbox 1773 2183 1918 2237; x_wconf 87' lang='lat' dir='ltr'>gau—</span> 
     </span>
    </p>
   </div>
   <div class='ocr_carea' id='block_1_34' title="bbox 253 2254 1919 2329">
    <p class='ocr_par' dir='ltr' id='par_1_34' title="bbox 253 2254 1919 2329">
     <span class='ocr_line' id='line_1_34' title="bbox 253 2254 1919 2329; baseline 0.001 -18"><span class='ocrx_word' id='word_1_298' title='bbox 253 2255 357 2312; x_wconf 88' lang='lat' dir='ltr'>det</span> <span class='ocrx_word' id='word_1_299' title='bbox 384 2255 548 2329; x_wconf 89' lang='lat' dir='ltr'>quod</span> <span class='ocrx_word' id='word_1_300' title='bbox 583 2260 672 2313; x_wconf 90' lang='lat' dir='ltr'>ter</span> <span class='ocrx_word' id='word_1_301' title='bbox 719 2255 1109 2325; x_wconf 86' lang='lat' dir='ltr'>naufragium</span> <span class='ocrx_word' id='word_1_302' title='bbox 1155 2254 1373 2323; x_wconf 87' lang='lat' dir='ltr'>fecerit,</span> <span class='ocrx_word' id='word_1_303' title='bbox 1406 2257 1573 2328; x_wconf 91' lang='lat' dir='ltr'>quod</span> <span class='ocrx_word' id='word_1_304' title='bbox 1612 2261 1699 2313; x_wconf 89' lang='lat' dir='ltr'>ter</span> <span class='ocrx_word' id='word_1_305' title='bbox 1735 2257 1919 2327; x_wconf 90' lang='lat' dir='ltr'>virgis</span> 
     </span>
    </p>
   </div>
   <div class='ocr_carea' id='block_1_35' title="bbox 253 2344 1915 2419">
    <p class='ocr_par' dir='ltr' id='par_1_35' title="bbox 253 2344 1915 2419">
     <span class='ocr_line' id='line_1_35' title="bbox 253 2344 1915 2419; baseline 0.001 -18"><span class='ocrx_word' id='word_1_306' title='bbox 253 2361 467 2417; x_wconf 82' lang='lat' dir='ltr'>caesus,</span> <span class='ocrx_word' id='word_1_307' title='bbox 494 2346 657 2419; x_wconf 90' lang='lat' dir='ltr'>quod</span> <span class='ocrx_word' id='word_1_308' title='bbox 687 2345 873 2402; x_wconf 89' lang='lat' dir='ltr'>semel</span> <span class='ocrx_word' id='word_1_309' title='bbox 903 2344 1210 2418; x_wconf 90' lang='lat' dir='ltr'>lapidatus</span> <span class='ocrx_word' id='word_1_310' title='bbox 1260 2344 1352 2401; x_wconf 90' lang='lat' dir='ltr'>sit.</span> <span class='ocrx_word' id='word_1_311' title='bbox 1385 2345 1500 2401; x_wconf 89' lang='lat' dir='ltr'>Sed</span> <span class='ocrx_word' id='word_1_312' title='bbox 1529 2346 1625 2401; x_wconf 91' lang='lat' dir='ltr'>isti</span> <span class='ocrx_word' id='word_1_313' title='bbox 1654 2345 1915 2419; x_wconf 87' lang='lat' dir='ltr'>queruli,</span> 
     </span>
    </p>
   </div>
   <div class='ocr_carea' id='block_1_36' title="bbox 251 2428 1915 2508">
    <p class='ocr_par' dir='ltr' id='par_1_36' title="bbox 251 2428 1915 2508">
     <span class='ocr_line' id='line_1_36' title="bbox 251 2428 1915 2508; baseline 0.001 -18"><span class='ocrx_word' id='word_1_314' title='bbox 251 2435 361 2508; x_wconf 90' lang='lat' dir='ltr'>qui</span> <span class='ocrx_word' id='word_1_315' title='bbox 387 2435 674 2492; x_wconf 89' lang='lat' dir='ltr'>miracula</span> <span class='ocrx_word' id='word_1_316' title='bbox 703 2450 941 2508; x_wconf 88' lang='lat' dir='ltr'>semper</span> <span class='ocrx_word' id='word_1_317' title='bbox 984 2428 1283 2507; x_wconf 60' lang='lat' dir='ltr'>quaerunt,</span> <span class='ocrx_word' id='word_1_318' title='bbox 1311 2434 1467 2490; x_wconf 88' lang='lat' dir='ltr'>hanc</span> <span class='ocrx_word' id='word_1_319' title='bbox 1514 2434 1915 2507; x_wconf 90' lang='lat' dir='ltr'>dispensatio-</span> 
     </span>
    </p>
   </div>
   <div class='ocr_carea' id='block_1_37' title="bbox 251 2522 1915 2595">
    <p class='ocr_par' dir='ltr' id='par_1_37' title="bbox 251 2522 1915 2595">
     <span class='ocr_line' id='line_1_37' title="bbox 251 2522 1915 2595; baseline 0.001 -16"><span class='ocrx_word' id='word_1_320' title='bbox 251 2540 395 2580; x_wconf 89' lang='lat' dir='ltr'>nem</span> <span class='ocrx_word' id='word_1_321' title='bbox 427 2524 726 2581; x_wconf 90' lang='lat' dir='ltr'>attendere</span> <span class='ocrx_word' id='word_1_322' title='bbox 750 2524 1048 2581; x_wconf 90' lang='lat' dir='ltr'>nesciunt.</span> <span class='ocrx_word' id='word_1_323' title='bbox 1078 2526 1227 2579; x_wconf 84' lang='lat' dir='ltr'>Nam</span> <span class='ocrx_word' id='word_1_324' title='bbox 1265 2522 1510 2595; x_wconf 90' lang='lat' dir='ltr'>superbi</span> <span class='ocrx_word' id='word_1_325' title='bbox 1534 2529 1589 2580; x_wconf 88' lang='lat' dir='ltr'>et</span> <span class='ocrx_word' id='word_1_326' title='bbox 1627 2524 1768 2579; x_wconf 87' lang='lat' dir='ltr'>vani</span> <span class='ocrx_word' id='word_1_327' title='bbox 1799 2525 1915 2581; x_wconf 91' lang='lat' dir='ltr'>hoc</span> 
     </span>
    </p>
   </div>
   <div class='ocr_carea' id='block_1_38' title="bbox 251 2609 1920 2685">
    <p class='ocr_par' dir='ltr' id='par_1_38' title="bbox 251 2609 1920 2685">
     <span class='ocr_line' id='line_1_38' title="bbox 251 2609 1920 2685; baseline 0.001 -18"><span class='ocrx_word' id='word_1_328' title='bbox 251 2627 494 2684; x_wconf 83' lang='lat' dir='ltr'>semper</span> <span class='ocrx_word' id='word_1_329' title='bbox 542 2611 670 2668; x_wconf 89' lang='lat' dir='ltr'>tieri</span> <span class='ocrx_word' id='word_1_330' title='bbox 722 2611 998 2683; x_wconf 86' lang='lat' dir='ltr'>gestiunt,</span> <span class='ocrx_word' id='word_1_331' title='bbox 1032 2609 1194 2666; x_wconf 91' lang='lat' dir='ltr'>unde</span> <span class='ocrx_word' id='word_1_332' title='bbox 1248 2626 1455 2666; x_wconf 91' lang='lat' dir='ltr'>rumor</span> <span class='ocrx_word' id='word_1_333' title='bbox 1500 2610 1812 2685; x_wconf 89' lang='lat' dir='ltr'>popularis</span> <span class='ocrx_word' id='word_1_334' title='bbox 1860 2618 1920 2669; x_wconf 90' lang='lat' dir='ltr'>et</span> 
     </span>
    </p>
   </div>
   <div class='ocr_carea' id='block_1_39' title="bbox 176 2688 1911 2773">
    <p class='ocr_par' dir='ltr' id='par_1_39' title="bbox 176 2688 1911 2773">
     <span class='ocr_line' id='line_1_39' title="bbox 176 2688 1911 2773; baseline 0.001 -17"><span class='ocrx_word' id='word_1_335' title='bbox 176 2688 179 2691; x_wconf 5' lang='lat' dir='ltr'>i</span> <span class='ocrx_word' id='word_1_336' title='bbox 250 2700 454 2756; x_wconf 89' lang='lat' dir='ltr'>inanis</span> <span class='ocrx_word' id='word_1_337' title='bbox 482 2700 668 2772; x_wconf 85' lang='lat' dir='ltr'>gloria</span> <span class='ocrx_word' id='word_1_338' title='bbox 697 2704 944 2756; x_wconf 90' lang='lat' dir='ltr'>crescat.</span> <span class='ocrx_word' id='word_1_339' title='bbox 963 2696 1079 2755; x_wconf 91' lang='lat' dir='ltr'>Sed</span> <span class='ocrx_word' id='word_1_340' title='bbox 1095 2698 1461 2772; x_wconf 89' lang='lat' dir='ltr'>quicumque</span> <span class='ocrx_word' id='word_1_341' title='bbox 1477 2700 1733 2757; x_wconf 89' lang='lat' dir='ltr'>timorati</span> <span class='ocrx_word' id='word_1_342' title='bbox 1749 2705 1911 2773; x_wconf 88' lang='lat' dir='ltr'>sunt,</span> 
     </span>
    </p>
   </div>
   <div class='ocr_carea' id='block_1_40' title="bbox 251 2787 1915 2861">
    <p class='ocr_par' dir='ltr' id='par_1_40' title="bbox 251 2787 1915 2861">
     <span class='ocr_line' id='line_1_40' title="bbox 251 2787 1915 2861; baseline 0.001 -16"><span class='ocrx_word' id='word_1_343' title='bbox 251 2790 372 2846; x_wconf 92' lang='lat' dir='ltr'>hoc</span> <span class='ocrx_word' id='word_1_344' title='bbox 403 2790 593 2861; x_wconf 89' lang='lat' dir='ltr'>magis</span> <span class='ocrx_word' id='word_1_345' title='bbox 618 2789 986 2855; x_wconf 90' lang='lat' dir='ltr'>desiderant,</span> <span class='ocrx_word' id='word_1_346' title='bbox 1017 2787 1180 2844; x_wconf 92' lang='lat' dir='ltr'>unde</span> <span class='ocrx_word' id='word_1_347' title='bbox 1205 2788 1301 2844; x_wconf 88' lang='lat' dir='ltr'>vel</span> <span class='ocrx_word' id='word_1_348' title='bbox 1328 2789 1607 2861; x_wconf 83' lang='lat' dir='ltr'>purgatio</span> <span class='ocrx_word' id='word_1_349' title='bbox 1636 2795 1915 2861; x_wconf 89' lang='lat' dir='ltr'>peccato-</span> 
     </span>
    </p>
   </div>
   <div class='ocr_carea' id='block_1_41' title="bbox 2030 1630 3689 1714">
    <p class='ocr_par' dir='ltr' id='par_1_41' title="bbox 2030 1630 3689 1714">
     <span class='ocr_line' id='line_1_41' title="bbox 2030 1630 3689 1714; baseline 0.015 -29"><span class='ocrx_word' id='word_1_350' title='bbox 2030 1630 2260 1687; x_wconf 88' lang='lat' dir='ltr'>Martini</span> <span class='ocrx_word' id='word_1_351' title='bbox 2308 1632 2605 1692; x_wconf 87' lang='lat' dir='ltr'>defecerit.</span> <span class='ocrx_word' id='word_1_352' title='bbox 2639 1637 2744 1695; x_wconf 91' lang='lat' dir='ltr'>Illa</span> <span class='ocrx_word' id='word_1_353' title='bbox 2790 1655 2901 1712; x_wconf 91' lang='lat' dir='ltr'>pro</span> <span class='ocrx_word' id='word_1_354' title='bbox 2955 1642 3047 1697; x_wconf 92' lang='lat' dir='ltr'>sui</span> <span class='ocrx_word' id='word_1_355' title='bbox 3095 1646 3508 1714; x_wconf 88' lang='lat' dir='ltr'>magnitudine</span> <span class='ocrx_word' id='word_1_356' title='bbox 3565 1656 3689 1710; x_wconf 93' lang='lat' dir='ltr'>toto</span> 
     </span>
    </p>
   </div>
   <div class='ocr_carea' id='block_1_42' title="bbox 2031 1718 3687 1811">
    <p class='ocr_par' dir='ltr' id='par_1_42' title="bbox 2031 1718 3687 1811">
     <span class='ocr_line' id='line_1_42' title="bbox 2031 1718 3687 1811; baseline 0.016 -39"><span class='ocrx_word' id='word_1_357' title='bbox 2031 1718 2178 1811; x_wconf 82' lang='lat' dir='ltr'>orbe</span> <span class='ocrx_word' id='word_1_358' title='bbox 2208 1720 2500 1811; x_wconf 84' lang='lat' dir='ltr'>mirabilis</span> <span class='ocrx_word' id='word_1_359' title='bbox 2533 1741 2546 1792; x_wconf 92' lang='lat'><strong>;</strong></span> <span class='ocrx_word' id='word_1_360' title='bbox 2576 1724 2698 1796; x_wconf 91' lang='lat' dir='ltr'>illa,</span> <span class='ocrx_word' id='word_1_361' title='bbox 2731 1732 2797 1784; x_wconf 89' lang='lat' dir='ltr'>ut</span> <span class='ocrx_word' id='word_1_362' title='bbox 2823 1730 2907 1786; x_wconf 89' lang='lat' dir='ltr'>ita</span> <span class='ocrx_word' id='word_1_363' title='bbox 2938 1730 3160 1803; x_wconf 90' lang='lat' dir='ltr'>dicam,</span> <span class='ocrx_word' id='word_1_364' title='bbox 3194 1735 3449 1805; x_wconf 87' lang='lat' dir='ltr'>probata</span> <span class='ocrx_word' id='word_1_365' title='bbox 3478 1738 3687 1811; x_wconf 89' lang='lat' dir='ltr'>signis.</span> 
     </span>
    </p>
   </div>
   <div class='ocr_carea' id='block_1_43' title="bbox 2032 1806 3694 1897">
    <p class='ocr_par' dir='ltr' id='par_1_43' title="bbox 2032 1806 3694 1897">
     <span class='ocr_line' id='line_1_43' title="bbox 2032 1806 3694 1897; baseline 0.016 -37"><span class='ocrx_word' id='word_1_366' title='bbox 2032 1806 2187 1872; x_wconf 88' lang='lat' dir='ltr'>Quin</span> <span class='ocrx_word' id='word_1_367' title='bbox 2216 1808 2414 1880; x_wconf 88' lang='lat' dir='ltr'>potius</span> <span class='ocrx_word' id='word_1_368' title='bbox 2444 1812 2815 1872; x_wconf 90' lang='lat' dir='ltr'>credendum</span> <span class='ocrx_word' id='word_1_369' title='bbox 2870 1823 2979 1890; x_wconf 90' lang='lat' dir='ltr'>est,</span> <span class='ocrx_word' id='word_1_370' title='bbox 3002 1820 3169 1891; x_wconf 90' lang='lat' dir='ltr'>quod</span> <span class='ocrx_word' id='word_1_371' title='bbox 3199 1820 3299 1878; x_wconf 87' lang='lat' dir='ltr'>illa</span> <span class='ocrx_word' id='word_1_372' title='bbox 3344 1824 3473 1897; x_wconf 89' lang='lat' dir='ltr'>ejus</span> <span class='ocrx_word' id='word_1_373' title='bbox 3503 1806 3694 1886; x_wconf 80' lang='lat' dir='ltr'>chari-</span> 
     </span>
    </p>
   </div>
   <div class='ocr_carea' id='block_1_44' title="bbox 2031 1897 3690 1992">
    <p class='ocr_par' dir='ltr' id='par_1_44' title="bbox 2031 1897 3690 1992">
     <span class='ocr_line' id='line_1_44' title="bbox 2031 1897 3690 1992; baseline 0.017 -43"><span class='ocrx_word' id='word_1_374' title='bbox 2031 1897 2141 1963; x_wconf 89' lang='lat' dir='ltr'>tas,</span> <span class='ocrx_word' id='word_1_375' title='bbox 2171 1912 2303 1967; x_wconf 84' lang='lat' dir='ltr'>quae</span> <span class='ocrx_word' id='word_1_376' title='bbox 2330 1915 2597 1992; x_wconf 65' lang='lat' dir='ltr'>semper</span> <span class='ocrx_word' id='word_1_377' title='bbox 2651 1902 2833 1960; x_wconf 90' lang='lat' dir='ltr'>etiam</span> <span class='ocrx_word' id='word_1_378' title='bbox 2884 1922 3028 1978; x_wconf 88' lang='lat' dir='ltr'>erga</span> <span class='ocrx_word' id='word_1_379' title='bbox 3066 1908 3198 1979; x_wconf 89' lang='lat' dir='ltr'>ejus</span> <span class='ocrx_word' id='word_1_380' title='bbox 3252 1914 3502 1972; x_wconf 63' lang='lat' dir='ltr'>aemulos</span> <span class='ocrx_word' id='word_1_381' title='bbox 3548 1934 3690 1992; x_wconf 92' lang='lat' dir='ltr'>pro-</span> 
     </span>
    </p>
   </div>
   <div class='ocr_carea' id='block_1_45' title="bbox 2030 1986 3693 2075">
    <p class='ocr_par' dir='ltr' id='par_1_45' title="bbox 2030 1986 3693 2075">
     <span class='ocr_line' id='line_1_45' title="bbox 2030 1986 3693 2075; baseline 0.018 -37"><span class='ocrx_word' id='word_1_382' title='bbox 2030 1999 2222 2075; x_wconf 84' lang='lat' dir='ltr'>pensa</span> <span class='ocrx_word' id='word_1_383' title='bbox 2252 1986 2599 2075; x_wconf 83' lang='lat' dir='ltr'>etbeneﬁca</span> <span class='ocrx_word' id='word_1_384' title='bbox 2628 1991 2757 2061; x_wconf 88' lang='lat' dir='ltr'>fuit,</span> <span class='ocrx_word' id='word_1_385' title='bbox 2779 1993 2865 2052; x_wconf 88' lang='lat' dir='ltr'>ita</span> <span class='ocrx_word' id='word_1_386' title='bbox 2894 1995 3065 2052; x_wconf 90' lang='lat' dir='ltr'>illum</span> <span class='ocrx_word' id='word_1_387' title='bbox 3096 1997 3378 2075; x_wconf 85' lang='lat' dir='ltr'>adegerit,</span> <span class='ocrx_word' id='word_1_388' title='bbox 3404 2011 3469 2063; x_wconf 89' lang='lat' dir='ltr'>ut</span> <span class='ocrx_word' id='word_1_389' title='bbox 3494 1986 3611 2066; x_wconf 60' lang='lat' dir='ltr'>hdc</span> <span class='ocrx_word' id='word_1_390' title='bbox 3654 2027 3693 2067; x_wconf 88' lang='lat' dir='ltr'>a</span> 
     </span>
    </p>
   </div>
   <div class='ocr_carea' id='block_1_46' title="bbox 2032 2072 3690 2161">
    <p class='ocr_par' dir='ltr' id='par_1_46' title="bbox 2032 2072 3690 2161">
     <span class='ocr_line' id='line_1_46' title="bbox 2032 2072 3690 2161; baseline 0.02 -36"><span class='ocrx_word' id='word_1_391' title='bbox 2032 2072 2286 2161; x_wconf 87' lang='lat' dir='ltr'>Domino</span> <span class='ocrx_word' id='word_1_392' title='bbox 2313 2073 2675 2148; x_wconf 88' lang='lat' dir='ltr'>impetraret.</span> <span class='ocrx_word' id='word_1_393' title='bbox 2710 2082 2864 2137; x_wconf 88' lang='lat' dir='ltr'>Nam</span> <span class='ocrx_word' id='word_1_394' title='bbox 2885 2086 3296 2155; x_wconf 91' lang='lat' dir='ltr'>quorumdam</span> <span class='ocrx_word' id='word_1_395' title='bbox 3325 2072 3690 2161; x_wconf 73' lang='lat' dir='ltr'>sanctorum.</span> 
     </span>
    </p>
   </div>
   <div class='ocr_carea' id='block_1_47' title="bbox 2029 2160 3693 2250">
    <p class='ocr_par' dir='ltr' id='par_1_47' title="bbox 2029 2160 3693 2250">
     <span class='ocr_line' id='line_1_47' title="bbox 2029 2160 3693 2250; baseline 0.018 -37"><span class='ocrx_word' id='word_1_396' title='bbox 2029 2160 2135 2250; x_wconf 80' lang='lat' dir='ltr'>qui</span> <span class='ocrx_word' id='word_1_397' title='bbox 2165 2177 2349 2218; x_wconf 89' lang='lat' dir='ltr'>causa</span> <span class='ocrx_word' id='word_1_398' title='bbox 2386 2163 2641 2222; x_wconf 89' lang='lat' dir='ltr'>aliorum</span> <span class='ocrx_word' id='word_1_399' title='bbox 2669 2167 2749 2239; x_wconf 88' lang='lat' dir='ltr'>inj</span> <span class='ocrx_word' id='word_1_400' title='bbox 2760 2170 2948 2228; x_wconf 88' lang='lat' dir='ltr'>uriari</span> <span class='ocrx_word' id='word_1_401' title='bbox 2977 2173 3337 2250; x_wconf 85' lang='lat' dir='ltr'>maluerunt,</span> <span class='ocrx_word' id='word_1_402' title='bbox 3367 2182 3525 2243; x_wconf 90' lang='lat' dir='ltr'>facta</span> <span class='ocrx_word' id='word_1_403' title='bbox 3552 2202 3693 2244; x_wconf 91' lang='lat' dir='ltr'>con-</span> 
     </span>
    </p>
   </div>
   <div class='ocr_carea' id='block_1_48' title="bbox 2030 2247 3697 2332">
    <p class='ocr_par' dir='ltr' id='par_1_48' title="bbox 2030 2247 3697 2332">
     <span class='ocr_line' id='line_1_48' title="bbox 2030 2247 3697 2332; baseline 0.017 -30"><span class='ocrx_word' id='word_1_404' title='bbox 2030 2247 2359 2307; x_wconf 86' lang='lat' dir='ltr'>siderantes</span> <span class='ocrx_word' id='word_1_405' title='bbox 2384 2270 2397 2320; x_wconf 93' lang='lat'><strong>;</strong></span> <span class='ocrx_word' id='word_1_406' title='bbox 2423 2251 2486 2308; x_wconf 91' lang='lat' dir='ltr'>in</span> <span class='ocrx_word' id='word_1_407' title='bbox 2538 2254 2695 2310; x_wconf 89' lang='lat' dir='ltr'>hanc</span> <span class='ocrx_word' id='word_1_408' title='bbox 2743 2257 3104 2330; x_wconf 90' lang='lat' dir='ltr'>opinionem</span> <span class='ocrx_word' id='word_1_409' title='bbox 3134 2281 3256 2324; x_wconf 92' lang='lat' dir='ltr'>non</span> <span class='ocrx_word' id='word_1_410' title='bbox 3287 2247 3396 2329; x_wconf 88' lang='lat' dir='ltr'>abs</span> <span class='ocrx_word' id='word_1_411' title='bbox 3418 2289 3484 2332; x_wconf 91' lang='lat' dir='ltr'>re</span> <span class='ocrx_word' id='word_1_412' title='bbox 3532 2274 3697 2332; x_wconf 84' lang='lat' dir='ltr'>veni-</span> 
     </span>
    </p>
   </div>
   <div class='ocr_carea' id='block_1_49' title="bbox 2027 2339 3696 2423">
    <p class='ocr_par' dir='ltr' id='par_1_49' title="bbox 2027 2339 3696 2423">
     <span class='ocr_line' id='line_1_49' title="bbox 2027 2339 3696 2423; baseline 0.018 -33"><span class='ocrx_word' id='word_1_413' title='bbox 2027 2352 2187 2392; x_wconf 91' lang='lat' dir='ltr'>mus.</span> <span class='ocrx_word' id='word_1_414' title='bbox 2221 2339 2528 2412; x_wconf 89' lang='lat' dir='ltr'>Siquidem</span> <span class='ocrx_word' id='word_1_415' title='bbox 2569 2345 2801 2415; x_wconf 85' lang='lat' dir='ltr'>Moyses</span> <span class='ocrx_word' id='word_1_416' title='bbox 2828 2350 3095 2419; x_wconf 83' lang='lat' dir='ltr'>rogabat</span> <span class='ocrx_word' id='word_1_417' title='bbox 3140 2359 3459 2422; x_wconf 90' lang='lat' dir='ltr'>Dominum</span> <span class='ocrx_word' id='word_1_418' title='bbox 3505 2370 3696 2423; x_wconf 87' lang='lat' dir='ltr'>Deum</span> 
     </span>
    </p>
   </div>
   <div class='ocr_carea' id='block_1_50' title="bbox 2027 2432 3689 2522">
    <p class='ocr_par' dir='ltr' id='par_1_50' title="bbox 2027 2432 3689 2522">
     <span class='ocr_line' id='line_1_50' title="bbox 2027 2432 3689 2522; baseline 0.019 -43"><span class='ocrx_word' id='word_1_419' title='bbox 2027 2441 2228 2522; x_wconf 77' lang='lat' dir='ltr'>suum,</span> <span class='ocrx_word' id='word_1_420' title='bbox 2265 2432 2328 2484; x_wconf 88' lang='lat' dir='ltr'>ut</span> <span class='ocrx_word' id='word_1_421' title='bbox 2352 2436 2578 2522; x_wconf 52' lang='lat' dir='ltr'>nonam</span> <span class='ocrx_word' id='word_1_422' title='bbox 2601 2434 2832 2505; x_wconf 89' lang='lat' dir='ltr'>populo</span> <span class='ocrx_word' id='word_1_423' title='bbox 2864 2436 3223 2516; x_wconf 87' lang='lat' dir='ltr'>dimitteret;</span> <span class='ocrx_word' id='word_1_424' title='bbox 3258 2449 3347 2507; x_wconf 88' lang='lat' dir='ltr'>sin</span> <span class='ocrx_word' id='word_1_425' title='bbox 3377 2453 3551 2522; x_wconf 88' lang='lat' dir='ltr'>alias,</span> <span class='ocrx_word' id='word_1_426' title='bbox 3582 2453 3689 2511; x_wconf 89' lang='lat' dir='ltr'>de-</span> 
     </span>
    </p>
   </div>
   <div class='ocr_carea' id='block_1_51' title="bbox 2024 2513 3702 2610">
    <p class='ocr_par' dir='ltr' id='par_1_51' title="bbox 2024 2513 3702 2610">
     <span class='ocr_line' id='line_1_51' title="bbox 2024 2513 3702 2610; baseline 0.019 -42"><span class='ocrx_word' id='word_1_427' title='bbox 2024 2513 2171 2610; x_wconf 75' lang='lat' dir='ltr'>leret</span> <span class='ocrx_word' id='word_1_428' title='bbox 2190 2532 2329 2572; x_wconf 91' lang='lat' dir='ltr'>eum</span> <span class='ocrx_word' id='word_1_429' title='bbox 2357 2518 2434 2610; x_wconf 84' lang='lat' dir='ltr'>de</span> <span class='ocrx_word' id='word_1_430' title='bbox 2460 2518 2616 2576; x_wconf 89' lang='lat' dir='ltr'>libro</span> <span class='ocrx_word' id='word_1_431' title='bbox 2644 2522 2803 2579; x_wconf 69' lang='lat' dir='ltr'>vitae.</span> <span class='ocrx_word' id='word_1_432' title='bbox 2840 2529 3031 2586; x_wconf 91' lang='lat' dir='ltr'>David</span> <span class='ocrx_word' id='word_1_433' title='bbox 3065 2513 3309 2610; x_wconf 89' lang='lat' dir='ltr'>quoque</span> <span class='ocrx_word' id='word_1_434' title='bbox 3338 2513 3559 2602; x_wconf 78' lang='lat' dir='ltr'>videns</span> <span class='ocrx_word' id='word_1_435' title='bbox 3601 2558 3702 2600; x_wconf 86' lang='lat' dir='ltr'>an-</span> 
     </span>
    </p>
   </div>
   <div class='ocr_carea' id='block_1_52' title="bbox 2032 2603 3706 2707">
    <p class='ocr_par' dir='ltr' id='par_1_52' title="bbox 2032 2603 3706 2707">
     <span class='ocr_line' id='line_1_52' title="bbox 2032 2603 3706 2707; baseline 0.022 -50"><span class='ocrx_word' id='word_1_436' title='bbox 2032 2603 2233 2707; x_wconf 80' lang='lat' dir='ltr'>gelum</span> <span class='ocrx_word' id='word_1_437' title='bbox 2264 2606 2596 2707; x_wconf 76' lang='lat' dir='ltr'>caedentem</span> <span class='ocrx_word' id='word_1_438' title='bbox 2626 2614 2945 2707; x_wconf 79' lang='lat' dir='ltr'>populum,</span> <span class='ocrx_word' id='word_1_439' title='bbox 2977 2603 3247 2693; x_wconf 65' lang='lat' dir='ltr'>postulat</span> <span class='ocrx_word' id='word_1_440' title='bbox 3274 2633 3549 2707; x_wconf 89' lang='lat' dir='ltr'>utsuper</span> <span class='ocrx_word' id='word_1_441' title='bbox 3565 2650 3628 2691; x_wconf 90' lang='lat' dir='ltr'>se</span> <span class='ocrx_word' id='word_1_442' title='bbox 3649 2637 3706 2691; x_wconf 86' lang='lat' dir='ltr'>et</span> 
     </span>
    </p>
   </div>
   <div class='ocr_carea' id='block_1_53' title="bbox 2027 2691 3705 2783">
    <p class='ocr_par' dir='ltr' id='par_1_53' title="bbox 2027 2691 3705 2783">
     <span class='ocr_line' id='line_1_53' title="bbox 2027 2691 3705 2783; baseline 0.024 -38"><span class='ocrx_word' id='word_1_443' title='bbox 2027 2691 2281 2783; x_wconf 88' lang='lat' dir='ltr'>domum</span> <span class='ocrx_word' id='word_1_444' title='bbox 2330 2697 2518 2767; x_wconf 90' lang='lat' dir='ltr'>patris</span> <span class='ocrx_word' id='word_1_445' title='bbox 2567 2699 2659 2754; x_wconf 90' lang='lat' dir='ltr'>sui</span> <span class='ocrx_word' id='word_1_446' title='bbox 2686 2700 2926 2771; x_wconf 85' lang='lat' dir='ltr'>gladius</span> <span class='ocrx_word' id='word_1_447' title='bbox 2958 2691 3241 2771; x_wconf 77' lang='lat' dir='ltr'>vertatur.</span> <span class='ocrx_word' id='word_1_448' title='bbox 3278 2719 3389 2782; x_wconf 89' lang='lat' dir='ltr'>Qui</span> <span class='ocrx_word' id='word_1_449' title='bbox 3431 2691 3705 2783; x_wconf 84' lang='lat' dir='ltr'>inter-</span> 
     </span>
    </p>
   </div>
   <div class='ocr_carea' id='block_1_54' title="bbox 2028 2780 3704 2887">
    <p class='ocr_par' dir='ltr' id='par_1_54' title="bbox 2028 2780 3704 2887">
     <span class='ocr_line' id='line_1_54' title="bbox 2028 2780 3704 2887; baseline 0.026 -55"><span class='ocrx_word' id='word_1_450' title='bbox 2028 2780 2182 2887; x_wconf 69' lang='lat' dir='ltr'>fecto</span> <span class='ocrx_word' id='word_1_451' title='bbox 2200 2783 2495 2884; x_wconf 81' lang='lat' dir='ltr'>patricida</span> <span class='ocrx_word' id='word_1_452' title='bbox 2518 2786 2643 2844; x_wconf 88' lang='lat' dir='ltr'>ﬁlio</span> <span class='ocrx_word' id='word_1_453' title='bbox 2668 2788 2933 2863; x_wconf 89' lang='lat' dir='ltr'>lugebat,</span> <span class='ocrx_word' id='word_1_454' title='bbox 2968 2796 3206 2856; x_wconf 90' lang='lat' dir='ltr'>dicens:</span> <span class='ocrx_word' id='word_1_455' title='bbox 3233 2780 3375 2872; x_wconf 78' lang='lat' dir='ltr'>Quis</span> <span class='ocrx_word' id='word_1_456' title='bbox 3402 2780 3704 2887; x_wconf 64' lang='lat' dir='ltr'>miliidet,</span> 
     </span>
    </p>
   </div>
   <div class='ocr_carea' id='block_1_55' title="bbox 251 2874 3701 2976">
    <p class='ocr_par' dir='ltr' id='par_1_55' title="bbox 251 2874 3701 2976">
     <span class='ocr_line' id='line_1_55' title="bbox 251 2874 3701 2976; baseline 0.009 -41"><span class='ocrx_word' id='word_1_457' title='bbox 251 2896 412 2976; x_wconf 38' lang='lat' dir='ltr'>rum.</span> <span class='ocrx_word' id='word_1_458' title='bbox 438 2880 560 2952; x_wconf 84' lang='lat' dir='ltr'>ﬁat,</span> <span class='ocrx_word' id='word_1_459' title='bbox 583 2885 844 2976; x_wconf 67' lang='lat' dir='ltr'>etmens</span> <span class='ocrx_word' id='word_1_460' title='bbox 876 2895 913 2976; x_wconf 66' lang='grc' dir='ltr'>ειἶ</span> <span class='ocrx_word' id='word_1_461' title='bbox 953 2878 1237 2952; x_wconf 86' lang='lat' dir='ltr'>superbia</span> <span class='ocrx_word' id='word_1_462' title='bbox 1274 2877 1844 2976; x_wconf 35' lang='lat' dir='ltr'>dmefendatur.-Nam.</span> <span class='ocrx_word' id='word_1_463' title='bbox 1866 2882 1914 2936; x_wconf 93' lang='lat' dir='ltr'>si</span> <span class='ocrx_word' id='word_1_464' title='bbox 1950 2907 1992 2960; x_wconf 75' lang='grc' dir='ltr'>ο</span> <span class='ocrx_word' id='word_1_465' title='bbox 2027 2874 2092 2976; x_wconf 40' lang='grc' dir='ltr'>αιε</span> <span class='ocrx_word' id='word_1_466' title='bbox 2116 2884 2229 2976; x_wconf 55' lang='grc' dir='ltr'>ξθο</span> <span class='ocrx_word' id='word_1_467' title='bbox 2272 2874 2505 2971; x_wconf 43' lang='lat'>77.10740&quot;</span> <span class='ocrx_word' id='word_1_468' title='bbox 2523 2891 2640 2945; x_wconf 78' lang='grc' dir='ltr'>Ρνο</span> <span class='ocrx_word' id='word_1_469' title='bbox 2671 2883 2746 2945; x_wconf 66' lang='grc' dir='ltr'>τε,</span> <span class='ocrx_word' id='word_1_470' title='bbox 2776 2881 2875 2948; x_wconf 61' lang='lat' dir='ltr'>ﬁli</span> <span class='ocrx_word' id='word_1_471' title='bbox 2914 2884 2943 2938; x_wconf 73' lang='lat'><strong>?</strong></span> <span class='ocrx_word' id='word_1_472' title='bbox 2965 2885 3210 2959; x_wconf 72' lang='grc' dir='ltr'>(ῘῙΒΘΩ.</span> <span class='ocrx_word' id='word_1_473' title='bbox 3247 2909 3412 2967; x_wconf 75' lang='lat' dir='ltr'>xvur,</span> <span class='ocrx_word' id='word_1_474' title='bbox 3442 2904 3560 2976; x_wconf 80' lang='lat'>22).</span> <span class='ocrx_word' id='word_1_475' title='bbox 3586 2874 3701 2964; x_wconf 79' lang='lat' dir='ltr'>Sed</span> 
     </span>
    </p>
   </div>
   <div class='ocr_carea' id='block_1_56' title="bbox 253 2966 1914 3043">
    <p class='ocr_par' dir='ltr' id='par_1_56' title="bbox 253 2966 1914 3043">
     <span class='ocr_line' id='line_1_56' title="bbox 253 2966 1914 3043; baseline -0.001 -16"><span class='ocrx_word' id='word_1_476' title='bbox 253 2969 533 3027; x_wconf 80' lang='lat' dir='ltr'>Martinus</span> <span class='ocrx_word' id='word_1_477' title='bbox 550 2969 662 3026; x_wconf 91' lang='lat' dir='ltr'>sibi</span> <span class='ocrx_word' id='word_1_478' title='bbox 689 2969 956 3043; x_wconf 89' lang='lat' dir='ltr'>potentia</span> <span class='ocrx_word' id='word_1_479' title='bbox 981 2971 1268 3025; x_wconf 86' lang='lat' dir='ltr'>consueta</span> <span class='ocrx_word' id='word_1_480' title='bbox 1294 2966 1613 3024; x_wconf 89' lang='lat' dir='ltr'>ﬂammam</span> <span class='ocrx_word' id='word_1_481' title='bbox 1642 2968 1914 3041; x_wconf 89' lang='lat' dir='ltr'>depulis-</span> 
     </span>
    </p>
   </div>
   <div class='ocr_carea' id='block_1_57' title="bbox 251 3057 1915 3132">
    <p class='ocr_par' dir='ltr' id='par_1_57' title="bbox 251 3057 1915 3132">
     <span class='ocr_line' id='line_1_57' title="bbox 251 3057 1915 3132; baseline 0 -17"><span class='ocrx_word' id='word_1_482' title='bbox 251 3063 364 3130; x_wconf 88' lang='lat' dir='ltr'>set,</span> <span class='ocrx_word' id='word_1_483' title='bbox 389 3059 588 3132; x_wconf 91' lang='lat' dir='ltr'>utique</span> <span class='ocrx_word' id='word_1_484' title='bbox 605 3059 749 3115; x_wconf 88' lang='lat' dir='ltr'>ultio</span> <span class='ocrx_word' id='word_1_485' title='bbox 766 3058 1024 3132; x_wconf 85' lang='lat' dir='ltr'>peccatis</span> <span class='ocrx_word' id='word_1_486' title='bbox 1041 3057 1244 3113; x_wconf 89' lang='lat' dir='ltr'>debita</span> <span class='ocrx_word' id='word_1_487' title='bbox 1267 3061 1533 3125; x_wconf 89' lang='lat' dir='ltr'>restaret,</span> <span class='ocrx_word' id='word_1_488' title='bbox 1557 3060 1613 3114; x_wconf 92' lang='lat' dir='ltr'>et</span> <span class='ocrx_word' id='word_1_489' title='bbox 1636 3057 1915 3130; x_wconf 89' lang='lat' dir='ltr'>impietas</span> 
     </span>
    </p>
   </div>
   <div class='ocr_carea' id='block_1_58' title="bbox 249 3147 1914 3223">
    <p class='ocr_par' dir='ltr' id='par_1_58' title="bbox 249 3147 1914 3223">
     <span class='ocr_line' id='line_1_58' title="bbox 249 3147 1914 3223; baseline 0 -18"><span class='ocrx_word' id='word_1_490' title='bbox 249 3149 431 3223; x_wconf 91' lang='lat' dir='ltr'>quasi</span> <span class='ocrx_word' id='word_1_491' title='bbox 479 3149 774 3223; x_wconf 86' lang='lat' dir='ltr'>impunita</span> <span class='ocrx_word' id='word_1_492' title='bbox 824 3149 970 3205; x_wconf 89' lang='lat' dir='ltr'>forte</span> <span class='ocrx_word' id='word_1_493' title='bbox 1001 3153 1416 3204; x_wconf 89' lang='lat' dir='ltr'>succresceret.</span> <span class='ocrx_word' id='word_1_494' title='bbox 1468 3147 1567 3204; x_wconf 90' lang='lat' dir='ltr'>Sin</span> <span class='ocrx_word' id='word_1_495' title='bbox 1612 3151 1814 3203; x_wconf 90' lang='lat' dir='ltr'>autem</span> <span class='ocrx_word' id='word_1_496' title='bbox 1842 3165 1914 3205; x_wconf 81' lang='lat' dir='ltr'>ex</span> 
     </span>
    </p>
   </div>
   <div class='ocr_carea' id='block_1_59' title="bbox 250 3235 1914 3310">
    <p class='ocr_par' dir='ltr' id='par_1_59' title="bbox 250 3235 1914 3310">
     <span class='ocr_line' id='line_1_59' title="bbox 250 3235 1914 3310; baseline -0.001 -15"><span class='ocrx_word' id='word_1_497' title='bbox 250 3239 371 3295; x_wconf 91' lang='lat' dir='ltr'>hoc</span> <span class='ocrx_word' id='word_1_498' title='bbox 395 3237 560 3310; x_wconf 92' lang='lat' dir='ltr'>quod</span> <span class='ocrx_word' id='word_1_499' title='bbox 582 3242 789 3294; x_wconf 90' lang='lat' dir='ltr'>sancto</span> <span class='ocrx_word' id='word_1_500' title='bbox 816 3237 1057 3294; x_wconf 90' lang='lat' dir='ltr'>cuilibet</span> <span class='ocrx_word' id='word_1_501' title='bbox 1074 3236 1136 3291; x_wconf 91' lang='lat' dir='ltr'>in</span> <span class='ocrx_word' id='word_1_502' title='bbox 1168 3236 1447 3308; x_wconf 68' lang='lat' dir='ltr'>praesenti</span> <span class='ocrx_word' id='word_1_503' title='bbox 1469 3235 1701 3305; x_wconf 87' lang='lat' dir='ltr'>accidit,</span> <span class='ocrx_word' id='word_1_504' title='bbox 1725 3236 1914 3294; x_wconf 89' lang='lat' dir='ltr'>virtus</span> 
     </span>
    </p>
   </div>
   <div class='ocr_carea' id='block_1_60' title="bbox 251 3325 1912 3399">
    <p class='ocr_par' dir='ltr' id='par_1_60' title="bbox 251 3325 1912 3399">
     <span class='ocr_line' id='line_1_60' title="bbox 251 3325 1912 3399; baseline 0 -17"><span class='ocrx_word' id='word_1_505' title='bbox 251 3329 301 3398; x_wconf 89' lang='lat' dir='ltr'>ej</span> <span class='ocrx_word' id='word_1_506' title='bbox 312 3344 385 3382; x_wconf 91' lang='lat' dir='ltr'>us</span> <span class='ocrx_word' id='word_1_507' title='bbox 402 3326 715 3399; x_wconf 89' lang='lat' dir='ltr'>pensanda</span> <span class='ocrx_word' id='word_1_508' title='bbox 738 3330 847 3396; x_wconf 89' lang='lat' dir='ltr'>est,</span> <span class='ocrx_word' id='word_1_509' title='bbox 865 3327 993 3398; x_wconf 90' lang='lat' dir='ltr'>jam</span> <span class='ocrx_word' id='word_1_510' title='bbox 1011 3340 1136 3381; x_wconf 94' lang='lat' dir='ltr'>non</span> <span class='ocrx_word' id='word_1_511' title='bbox 1152 3339 1330 3394; x_wconf 90' lang='lat' dir='ltr'>unus,</span> <span class='ocrx_word' id='word_1_512' title='bbox 1347 3325 1453 3381; x_wconf 90' lang='lat' dir='ltr'>sed</span> <span class='ocrx_word' id='word_1_513' title='bbox 1468 3339 1680 3380; x_wconf 91' lang='lat' dir='ltr'>omnes</span> <span class='ocrx_word' id='word_1_514' title='bbox 1703 3326 1912 3393; x_wconf 87' lang='lat' dir='ltr'>sancti;</span> 
     </span>
    </p>
   </div>
   <div class='ocr_carea' id='block_1_61' title="bbox 249 3413 1759 3484">
    <p class='ocr_par' dir='ltr' id='par_1_61' title="bbox 249 3413 1759 3484">
     <span class='ocr_line' id='line_1_61' title="bbox 249 3413 1759 3484; baseline -0.003 -11"><span class='ocrx_word' id='word_1_515' title='bbox 249 3433 378 3473; x_wconf 93' lang='lat' dir='ltr'>non</span> <span class='ocrx_word' id='word_1_516' title='bbox 408 3416 757 3484; x_wconf 90' lang='lat' dir='ltr'>mediocres,</span> <span class='ocrx_word' id='word_1_517' title='bbox 788 3416 895 3471; x_wconf 90' lang='lat' dir='ltr'>sed</span> <span class='ocrx_word' id='word_1_518' title='bbox 925 3414 1148 3471; x_wconf 91' lang='lat' dir='ltr'>summi</span> <span class='ocrx_word' id='word_1_519' title='bbox 1178 3413 1759 3471; x_wconf 88' lang='lat' dir='ltr'>dehonestabuntur.</span> 
     </span>
    </p>
   </div>
   <div class='ocr_carea' id='block_1_62' title="bbox 327 3501 1915 3578">
    <p class='ocr_par' dir='ltr' id='par_1_62' title="bbox 327 3501 1915 3578">
     <span class='ocr_line' id='line_1_62' title="bbox 327 3501 1915 3578; baseline -0.004 -15"><span class='ocrx_word' id='word_1_520' title='bbox 327 3508 580 3563; x_wconf 83' lang='lat' dir='ltr'>Sanctus</span> <span class='ocrx_word' id='word_1_521' title='bbox 602 3520 867 3578; x_wconf 89' lang='lat' dir='ltr'>namque</span> <span class='ocrx_word' id='word_1_522' title='bbox 893 3501 1243 3560; x_wconf 88' lang='lat' dir='ltr'>Benedictus</span> <span class='ocrx_word' id='word_1_523' title='bbox 1263 3502 1695 3559; x_wconf 90' lang='lat' dir='ltr'>monasterium</span> <span class='ocrx_word' id='word_1_524' title='bbox 1727 3501 1915 3558; x_wconf 69' lang='lat' dir='ltr'>aedifi-</span> 
     </span>
    </p>
   </div>
   <div class='ocr_carea' id='block_1_63' title="bbox 249 3590 1916 3664">
    <p class='ocr_par' dir='ltr' id='par_1_63' title="bbox 249 3590 1916 3664">
     <span class='ocr_line' id='line_1_63' title="bbox 249 3590 1916 3664; baseline -0.001 -13"><span class='ocrx_word' id='word_1_525' title='bbox 249 3600 513 3663; x_wconf 86' lang='lat' dir='ltr'>caverat,</span> <span class='ocrx_word' id='word_1_526' title='bbox 542 3594 815 3663; x_wconf 88' lang='lat' dir='ltr'>religiose</span> <span class='ocrx_word' id='word_1_527' title='bbox 842 3591 1118 3649; x_wconf 88' lang='lat' dir='ltr'>videlicet</span> <span class='ocrx_word' id='word_1_528' title='bbox 1146 3608 1215 3648; x_wconf 89' lang='lat' dir='ltr'>ac</span> <span class='ocrx_word' id='word_1_529' title='bbox 1245 3591 1361 3664; x_wconf 90' lang='lat' dir='ltr'>pie,</span> <span class='ocrx_word' id='word_1_530' title='bbox 1394 3592 1546 3648; x_wconf 89' lang='lat' dir='ltr'>sicut</span> <span class='ocrx_word' id='word_1_531' title='bbox 1576 3590 1778 3664; x_wconf 89' lang='lat' dir='ltr'>utique</span> <span class='ocrx_word' id='word_1_532' title='bbox 1808 3591 1916 3649; x_wconf 89' lang='lat' dir='ltr'>be-</span> 
     </span>
    </p>
   </div>
   <div class='ocr_carea' id='block_1_64' title="bbox 248 3679 1912 3755">
    <p class='ocr_par' dir='ltr' id='par_1_64' title="bbox 248 3679 1912 3755">
     <span class='ocr_line' id='line_1_64' title="bbox 248 3679 1912 3755; baseline -0.003 -15"><span class='ocrx_word' id='word_1_533' title='bbox 248 3684 548 3740; x_wconf 90' lang='lat' dir='ltr'>nedictus.</span> <span class='ocrx_word' id='word_1_534' title='bbox 576 3683 681 3741; x_wconf 88' lang='lat' dir='ltr'>Cui</span> <span class='ocrx_word' id='word_1_535' title='bbox 717 3687 919 3739; x_wconf 89' lang='lat' dir='ltr'>tamen</span> <span class='ocrx_word' id='word_1_536' title='bbox 939 3680 1269 3737; x_wconf 89' lang='lat' dir='ltr'>revelatum</span> <span class='ocrx_word' id='word_1_537' title='bbox 1300 3685 1407 3753; x_wconf 89' lang='lat' dir='ltr'>est,</span> <span class='ocrx_word' id='word_1_538' title='bbox 1438 3679 1608 3755; x_wconf 91' lang='lat' dir='ltr'>quod</span> <span class='ocrx_word' id='word_1_539' title='bbox 1635 3679 1912 3736; x_wconf 89' lang='lat' dir='ltr'>hostibus</span> 
     </span>
    </p>
   </div>
   <div class='ocr_carea' id='block_1_65' title="bbox 248 3768 1911 3844">
    <p class='ocr_par' dir='ltr' id='par_1_65' title="bbox 248 3768 1911 3844">
     <span class='ocr_line' id='line_1_65' title="bbox 248 3768 1911 3844; baseline -0.002 -15"><span class='ocrx_word' id='word_1_540' title='bbox 248 3777 410 3829; x_wconf 90' lang='lat' dir='ltr'>esset</span> <span class='ocrx_word' id='word_1_541' title='bbox 434 3772 635 3828; x_wconf 86' lang='lat' dir='ltr'>divino</span> <span class='ocrx_word' id='word_1_542' title='bbox 677 3771 903 3844; x_wconf 90' lang='lat' dir='ltr'>judicio</span> <span class='ocrx_word' id='word_1_543' title='bbox 954 3769 1350 3839; x_wconf 89' lang='lat' dir='ltr'>tradendum;</span> <span class='ocrx_word' id='word_1_544' title='bbox 1378 3771 1494 3826; x_wconf 93' lang='lat' dir='ltr'>hoc</span> <span class='ocrx_word' id='word_1_545' title='bbox 1528 3768 1641 3825; x_wconf 90' lang='lat' dir='ltr'>sibi</span> <span class='ocrx_word' id='word_1_546' title='bbox 1680 3773 1911 3825; x_wconf 88' lang='lat' dir='ltr'>tantum</span> 
     </span>
    </p>
   </div>
   <div class='ocr_carea' id='block_1_66' title="bbox 251 3857 1914 3934">
    <p class='ocr_par' dir='ltr' id='par_1_66' title="bbox 251 3857 1914 3934">
     <span class='ocr_line' id='line_1_66' title="bbox 251 3857 1914 3934; baseline -0.002 -16"><span class='ocrx_word' id='word_1_547' title='bbox 251 3878 563 3932; x_wconf 86' lang='lat' dir='ltr'>concesso,</span> <span class='ocrx_word' id='word_1_548' title='bbox 597 3877 672 3917; x_wconf 91' lang='lat' dir='ltr'>ne</span> <span class='ocrx_word' id='word_1_549' title='bbox 703 3860 967 3934; x_wconf 89' lang='lat' dir='ltr'>qualibet</span> <span class='ocrx_word' id='word_1_550' title='bbox 990 3876 1063 3916; x_wconf 82' lang='lat' dir='ltr'>ex</span> <span class='ocrx_word' id='word_1_551' title='bbox 1093 3858 1414 3915; x_wconf 89' lang='lat' dir='ltr'>animabus</span> <span class='ocrx_word' id='word_1_552' title='bbox 1434 3857 1668 3922; x_wconf 80' lang='lat' dir='ltr'>periret.</span> <span class='ocrx_word' id='word_1_553' title='bbox 1697 3859 1914 3915; x_wconf 89' lang='lat' dir='ltr'>Parum</span> 
     </span>
    </p>
   </div>
   <div class='ocr_carea' id='block_1_67' title="bbox 252 3946 1914 4024">
    <p class='ocr_par' dir='ltr' id='par_1_67' title="bbox 252 3946 1914 4024">
     <span class='ocr_line' id='line_1_67' title="bbox 252 3946 1914 4024; baseline -0.002 -16"><span class='ocrx_word' id='word_1_554' title='bbox 252 3968 408 4009; x_wconf 88' lang='lat' dir='ltr'>sane</span> <span class='ocrx_word' id='word_1_555' title='bbox 460 3950 710 4007; x_wconf 79' lang='lat' dir='ltr'>dixerim</span> <span class='ocrx_word' id='word_1_556' title='bbox 761 3949 927 4024; x_wconf 92' lang='lat' dir='ltr'>quod</span> <span class='ocrx_word' id='word_1_557' title='bbox 988 3954 1045 4006; x_wconf 91' lang='lat' dir='ltr'>et</span> <span class='ocrx_word' id='word_1_558' title='bbox 1098 3948 1452 4013; x_wconf 87' lang='lat' dir='ltr'>forinsecus,</span> <span class='ocrx_word' id='word_1_559' title='bbox 1481 3951 1540 4004; x_wconf 90' lang='lat' dir='ltr'>et</span> <span class='ocrx_word' id='word_1_560' title='bbox 1587 3946 1914 4004; x_wconf 87' lang='lat' dir='ltr'>confessori</span> 
     </span>
    </p>
   </div>
   <div class='ocr_carea' id='block_1_68' title="bbox 250 4036 1915 4114">
    <p class='ocr_par' dir='ltr' id='par_1_68' title="bbox 250 4036 1915 4114">
     <span class='ocr_line' id='line_1_68' title="bbox 250 4036 1915 4114; baseline -0.002 -18"><span class='ocrx_word' id='word_1_561' title='bbox 250 4040 536 4114; x_wconf 88' lang='lat' dir='ltr'>quamvis</span> <span class='ocrx_word' id='word_1_562' title='bbox 586 4054 810 4110; x_wconf 90' lang='lat' dir='ltr'>magno</span> <span class='ocrx_word' id='word_1_563' title='bbox 866 4036 1164 4094; x_wconf 90' lang='lat' dir='ltr'>acciderit.</span> <span class='ocrx_word' id='word_1_564' title='bbox 1200 4037 1314 4093; x_wconf 93' lang='lat' dir='ltr'>Sed</span> <span class='ocrx_word' id='word_1_565' title='bbox 1344 4036 1524 4093; x_wconf 91' lang='lat' dir='ltr'>credo</span> <span class='ocrx_word' id='word_1_566' title='bbox 1548 4050 1671 4091; x_wconf 91' lang='lat' dir='ltr'>non</span> <span class='ocrx_word' id='word_1_567' title='bbox 1696 4050 1915 4108; x_wconf 91' lang='lat' dir='ltr'>parum</span> 
     </span>
    </p>
   </div>
   <div class='ocr_carea' id='block_1_69' title="bbox 252 4124 1918 4202">
    <p class='ocr_par' dir='ltr' id='par_1_69' title="bbox 252 4124 1918 4202">
     <span class='ocr_line' id='line_1_69' title="bbox 252 4124 1918 4202; baseline -0.002 -16"><span class='ocrx_word' id='word_1_568' title='bbox 252 4135 312 4186; x_wconf 85' lang='lat' dir='ltr'>et</span> <span class='ocrx_word' id='word_1_569' title='bbox 358 4128 645 4202; x_wconf 90' lang='lat' dir='ltr'>insipiens</span> <span class='ocrx_word' id='word_1_570' title='bbox 692 4127 974 4195; x_wconf 90' lang='lat' dir='ltr'>censebit,</span> <span class='ocrx_word' id='word_1_571' title='bbox 1006 4126 1172 4200; x_wconf 93' lang='lat' dir='ltr'>quod</span> <span class='ocrx_word' id='word_1_572' title='bbox 1227 4125 1606 4199; x_wconf 90' lang='lat' dir='ltr'>supradictus</span> <span class='ocrx_word' id='word_1_573' title='bbox 1658 4124 1918 4197; x_wconf 86' lang='lat' dir='ltr'>Baptista</span> 
     </span>
    </p>
   </div>
   <div class='ocr_carea' id='block_1_70' title="bbox 252 4212 1989 4311">
    <p class='ocr_par' dir='ltr' id='par_1_70' title="bbox 252 4212 1989 4311">
     <span class='ocr_line' id='line_1_70' title="bbox 252 4212 1989 4311; baseline -0.004 -37"><span class='ocrx_word' id='word_1_574' title='bbox 252 4222 472 4292; x_wconf 90' lang='lat' dir='ltr'>potens</span> <span class='ocrx_word' id='word_1_575' title='bbox 498 4216 595 4274; x_wconf 86' lang='lat' dir='ltr'>ille</span> <span class='ocrx_word' id='word_1_576' title='bbox 613 4216 675 4273; x_wconf 90' lang='lat' dir='ltr'>in</span> <span class='ocrx_word' id='word_1_577' title='bbox 699 4215 1024 4311; x_wconf 76' lang='lat' dir='ltr'>miraculis,</span> <span class='ocrx_word' id='word_1_578' title='bbox 1067 4217 1234 4311; x_wconf 76' lang='lat' dir='ltr'>utero</span> <span class='ocrx_word' id='word_1_579' title='bbox 1265 4214 1563 4311; x_wconf 73' lang='lat' dir='ltr'>Christum</span> <span class='ocrx_word' id='word_1_580' title='bbox 1592 4212 1914 4311; x_wconf 81' lang='lat' dir='ltr'>Dominum</span> <span class='ocrx_word' id='word_1_581' title='bbox 1947 4257 1989 4311; x_wconf 69' lang='grc' dir='ltr'><strong>Β</strong></span> 
     </span>
    </p>
   </div>
   <div class='ocr_carea' id='block_1_71' title="bbox 254 4302 1915 4374">
    <p class='ocr_par' dir='ltr' id='par_1_71' title="bbox 254 4302 1915 4374">
     <span class='ocr_line' id='line_1_71' title="bbox 254 4302 1915 4374; baseline -0.002 -11"><span class='ocrx_word' id='word_1_582' title='bbox 254 4307 541 4374; x_wconf 86' lang='lat' dir='ltr'>sentiens,</span> <span class='ocrx_word' id='word_1_583' title='bbox 585 4305 1025 4362; x_wconf 89' lang='lat' dir='ltr'>sanctissimam</span> <span class='ocrx_word' id='word_1_584' title='bbox 1077 4302 1265 4359; x_wconf 87' lang='lat' dir='ltr'>vitam</span> <span class='ocrx_word' id='word_1_585' title='bbox 1321 4302 1571 4373; x_wconf 89' lang='lat' dir='ltr'>ducens,</span> <span class='ocrx_word' id='word_1_586' title='bbox 1619 4316 1731 4374; x_wconf 91' lang='lat' dir='ltr'>pro</span> <span class='ocrx_word' id='word_1_587' title='bbox 1761 4302 1915 4359; x_wconf 90' lang='lat' dir='ltr'>testi-</span> 
     </span>
    </p>
   </div>
   <div class='ocr_carea' id='block_1_72' title="bbox 252 4390 1917 4464">
    <p class='ocr_par' dir='ltr' id='par_1_72' title="bbox 252 4390 1917 4464">
     <span class='ocr_line' id='line_1_72' title="bbox 252 4390 1917 4464; baseline -0.002 -12"><span class='ocrx_word' id='word_1_588' title='bbox 252 4395 465 4452; x_wconf 91' lang='lat' dir='ltr'>monio</span> <span class='ocrx_word' id='word_1_589' title='bbox 494 4394 753 4451; x_wconf 88' lang='lat' dir='ltr'>veritatis</span> <span class='ocrx_word' id='word_1_590' title='bbox 789 4392 1178 4462; x_wconf 90' lang='lat' dir='ltr'>occumbens,</span> <span class='ocrx_word' id='word_1_591' title='bbox 1204 4390 1299 4447; x_wconf 91' lang='lat' dir='ltr'>ille</span> <span class='ocrx_word' id='word_1_592' title='bbox 1345 4390 1917 4464; x_wconf 88' lang='lat' dir='ltr'>imcomparabiliter</span> 
     </span>
    </p>
   </div>
   <div class='ocr_carea' id='block_1_73' title="bbox 250 4479 1918 4556">
    <p class='ocr_par' dir='ltr' id='par_1_73' title="bbox 250 4479 1918 4556">
     <span class='ocr_line' id='line_1_73' title="bbox 250 4479 1918 4556; baseline -0.004 -15"><span class='ocrx_word' id='word_1_593' title='bbox 250 4499 520 4555; x_wconf 90' lang='lat' dir='ltr'>magnus</span> <span class='ocrx_word' id='word_1_594' title='bbox 545 4483 606 4539; x_wconf 92' lang='lat' dir='ltr'>in</span> <span class='ocrx_word' id='word_1_595' title='bbox 628 4483 968 4556; x_wconf 90' lang='lat' dir='ltr'>semetipso,</span> <span class='ocrx_word' id='word_1_596' title='bbox 994 4483 1110 4538; x_wconf 91' lang='lat' dir='ltr'>hoc</span> <span class='ocrx_word' id='word_1_597' title='bbox 1135 4484 1227 4538; x_wconf 90' lang='lat' dir='ltr'>est</span> <span class='ocrx_word' id='word_1_598' title='bbox 1255 4481 1317 4537; x_wconf 92' lang='lat' dir='ltr'>in</span> <span class='ocrx_word' id='word_1_599' title='bbox 1357 4480 1482 4537; x_wconf 86' lang='lat' dir='ltr'>suis</span> <span class='ocrx_word' id='word_1_600' title='bbox 1513 4479 1733 4536; x_wconf 91' lang='lat' dir='ltr'>sanctis</span> <span class='ocrx_word' id='word_1_601' title='bbox 1771 4480 1918 4536; x_wconf 83' lang='lat' dir='ltr'>ossi-</span> 
     </span>
    </p>
   </div>
   <div class='ocr_carea' id='block_1_74' title="bbox 251 4568 1916 4646">
    <p class='ocr_par' dir='ltr' id='par_1_74' title="bbox 251 4568 1916 4646">
     <span class='ocr_line' id='line_1_74' title="bbox 251 4568 1916 4646; baseline -0.004 -16"><span class='ocrx_word' id='word_1_602' title='bbox 251 4576 373 4631; x_wconf 90' lang='lat' dir='ltr'>bus</span> <span class='ocrx_word' id='word_1_603' title='bbox 403 4573 544 4630; x_wconf 89' lang='lat' dir='ltr'>talia</span> <span class='ocrx_word' id='word_1_604' title='bbox 570 4572 828 4646; x_wconf 89' lang='lat' dir='ltr'>pertulit,</span> <span class='ocrx_word' id='word_1_605' title='bbox 858 4587 991 4645; x_wconf 83' lang='lat' dir='ltr'>quae</span> <span class='ocrx_word' id='word_1_606' title='bbox 1020 4571 1333 4642; x_wconf 90' lang='lat' dir='ltr'>ingentem</span> <span class='ocrx_word' id='word_1_607' title='bbox 1370 4568 1752 4627; x_wconf 88' lang='lat' dir='ltr'>audientibus</span> <span class='ocrx_word' id='word_1_608' title='bbox 1781 4569 1916 4625; x_wconf 87' lang='lat' dir='ltr'>hor-</span> 
     </span>
    </p>
   </div>
   <div class='ocr_carea' id='block_1_75' title="bbox 252 4658 1916 4721">
    <p class='ocr_par' dir='ltr' id='par_1_75' title="bbox 252 4658 1916 4721">
     <span class='ocr_line' id='line_1_75' title="bbox 252 4658 1916 4721; baseline -0.004 -1"><span class='ocrx_word' id='word_1_609' title='bbox 252 4680 458 4721; x_wconf 86' lang='lat' dir='ltr'>rorem</span> <span class='ocrx_word' id='word_1_610' title='bbox 487 4663 794 4719; x_wconf 90' lang='lat' dir='ltr'>incutiant.</span> <span class='ocrx_word' id='word_1_611' title='bbox 839 4665 987 4718; x_wconf 83' lang='lat' dir='ltr'>Nam</span> <span class='ocrx_word' id='word_1_612' title='bbox 1012 4665 1078 4717; x_wconf 90' lang='lat' dir='ltr'>ut</span> <span class='ocrx_word' id='word_1_613' title='bbox 1108 4659 1398 4717; x_wconf 88' lang='lat' dir='ltr'>Eusebius</span> <span class='ocrx_word' id='word_1_614' title='bbox 1440 4659 1502 4715; x_wconf 93' lang='lat' dir='ltr'>in</span> <span class='ocrx_word' id='word_1_615' title='bbox 1527 4658 1916 4715; x_wconf 88' lang='lat' dir='ltr'>Historiarum</span> 
     </span>
    </p>
   </div>
   <div class='ocr_carea' id='block_1_76' title="bbox 251 4746 1917 4822">
    <p class='ocr_par' dir='ltr' id='par_1_76' title="bbox 251 4746 1917 4822">
     <span class='ocr_line' id='line_1_76' title="bbox 251 4746 1917 4822; baseline -0.004 -12"><span class='ocrx_word' id='word_1_616' title='bbox 251 4754 411 4810; x_wconf 90' lang='lat' dir='ltr'>libro</span> <span class='ocrx_word' id='word_1_617' title='bbox 442 4769 496 4808; x_wconf 77' lang='lat' dir='ltr'><strong>x1</strong></span> <span class='ocrx_word' id='word_1_618' title='bbox 521 4756 741 4820; x_wconf 89' lang='lat' dir='ltr'>narrat,</span> <span class='ocrx_word' id='word_1_619' title='bbox 773 4754 1048 4808; x_wconf 87' lang='lat' dir='ltr'>sanctum</span> <span class='ocrx_word' id='word_1_620' title='bbox 1079 4750 1208 4820; x_wconf 90' lang='lat' dir='ltr'>ejus</span> <span class='ocrx_word' id='word_1_621' title='bbox 1239 4748 1586 4822; x_wconf 90' lang='lat' dir='ltr'>sepulcrum</span> <span class='ocrx_word' id='word_1_622' title='bbox 1616 4746 1782 4821; x_wconf 91' lang='lat' dir='ltr'>apud</span> <span class='ocrx_word' id='word_1_623' title='bbox 1821 4748 1917 4804; x_wconf 88' lang='lat' dir='ltr'>Se-</span> 
     </span>
    </p>
   </div>
   <div class='ocr_carea' id='block_1_77' title="bbox 250 4837 1917 4913">
    <p class='ocr_par' dir='ltr' id='par_1_77' title="bbox 250 4837 1917 4913">
     <span class='ocr_line' id='line_1_77' title="bbox 250 4837 1917 4913; baseline -0.004 -16"><span class='ocrx_word' id='word_1_624' title='bbox 250 4842 470 4898; x_wconf 89' lang='lat' dir='ltr'>basten</span> <span class='ocrx_word' id='word_1_625' title='bbox 520 4840 782 4913; x_wconf 89' lang='lat' dir='ltr'>positum</span> <span class='ocrx_word' id='word_1_626' title='bbox 834 4838 1058 4911; x_wconf 89' lang='lat' dir='ltr'>pagani</span> <span class='ocrx_word' id='word_1_627' title='bbox 1116 4837 1554 4908; x_wconf 87' lang='lat' dir='ltr'>confregerunt,</span> <span class='ocrx_word' id='word_1_628' title='bbox 1585 4841 1727 4893; x_wconf 90' lang='lat' dir='ltr'>tunc</span> <span class='ocrx_word' id='word_1_629' title='bbox 1775 4853 1917 4892; x_wconf 90' lang='lat' dir='ltr'>ossa</span> 
     </span>
    </p>
   </div>
   <div class='ocr_carea' id='block_1_78' title="bbox 250 4926 1913 5001">
    <p class='ocr_par' dir='ltr' id='par_1_78' title="bbox 250 4926 1913 5001">
     <span class='ocr_line' id='line_1_78' title="bbox 250 4926 1913 5001; baseline -0.004 -13"><span class='ocrx_word' id='word_1_630' title='bbox 250 4930 744 4997; x_wconf 88' lang='lat' dir='ltr'>combusserunt,</span> <span class='ocrx_word' id='word_1_631' title='bbox 772 4943 907 5001; x_wconf 64' lang='lat' dir='ltr'>qua:</span> <span class='ocrx_word' id='word_1_632' title='bbox 932 4931 1119 4983; x_wconf 87' lang='lat' dir='ltr'>terreo</span> <span class='ocrx_word' id='word_1_633' title='bbox 1151 4926 1385 5000; x_wconf 87' lang='lat' dir='ltr'>pulveri</span> <span class='ocrx_word' id='word_1_634' title='bbox 1432 4926 1913 4995; x_wconf 90' lang='lat' dir='ltr'>immiscuerunt,</span> 
     </span>
    </p>
   </div>
   <div class='ocr_carea' id='block_1_79' title="bbox 251 5014 1917 5091">
    <p class='ocr_par' dir='ltr' id='par_1_79' title="bbox 251 5014 1917 5091">
     <span class='ocr_line' id='line_1_79' title="bbox 251 5014 1917 5091; baseline -0.004 -15"><span class='ocrx_word' id='word_1_635' title='bbox 251 5024 313 5077; x_wconf 86' lang='lat' dir='ltr'>et</span> <span class='ocrx_word' id='word_1_636' title='bbox 342 5019 426 5075; x_wconf 89' lang='lat' dir='ltr'>ita</span> <span class='ocrx_word' id='word_1_637' title='bbox 455 5034 560 5091; x_wconf 89' lang='lat' dir='ltr'>per</span> <span class='ocrx_word' id='word_1_638' title='bbox 589 5033 838 5090; x_wconf 90' lang='lat' dir='ltr'>campos</span> <span class='ocrx_word' id='word_1_639' title='bbox 867 5015 1094 5090; x_wconf 90' lang='lat' dir='ltr'>passim</span> <span class='ocrx_word' id='word_1_640' title='bbox 1118 5014 1545 5087; x_wconf 89' lang='lat' dir='ltr'>disperserunt.</span> <span class='ocrx_word' id='word_1_641' title='bbox 1575 5015 1687 5071; x_wconf 93' lang='lat' dir='ltr'>Sed</span> <span class='ocrx_word' id='word_1_642' title='bbox 1708 5029 1917 5071; x_wconf 90' lang='lat' dir='ltr'>mona-</span> 
     </span>
    </p>
   </div>
   <div class='ocr_carea' id='block_1_80' title="bbox 249 5102 1918 5181">
    <p class='ocr_par' dir='ltr' id='par_1_80' title="bbox 249 5102 1918 5181">
     <span class='ocr_line' id='line_1_80' title="bbox 249 5102 1918 5181; baseline -0.005 -15"><span class='ocrx_word' id='word_1_643' title='bbox 249 5108 354 5167; x_wconf 87' lang='lat' dir='ltr'>chi</span> <span class='ocrx_word' id='word_1_644' title='bbox 403 5107 655 5181; x_wconf 87' lang='lat' dir='ltr'>quidam</span> <span class='ocrx_word' id='word_1_645' title='bbox 714 5104 1220 5180; x_wconf 90' lang='lat' dir='ltr'>supervenientes,</span> <span class='ocrx_word' id='word_1_646' title='bbox 1254 5103 1467 5160; x_wconf 89' lang='lat' dir='ltr'>eadem</span> <span class='ocrx_word' id='word_1_647' title='bbox 1522 5104 1673 5159; x_wconf 90' lang='lat' dir='ltr'>hora</span> <span class='ocrx_word' id='word_1_648' title='bbox 1729 5102 1918 5160; x_wconf 89' lang='lat' dir='ltr'>sancti</span> 
     </span>
    </p>
   </div>
   <div class='ocr_carea' id='block_1_81' title="bbox 249 5191 1912 5270">
    <p class='ocr_par' dir='ltr' id='par_1_81' title="bbox 249 5191 1912 5270">
     <span class='ocr_line' id='line_1_81' title="bbox 249 5191 1912 5270; baseline -0.005 -14"><span class='ocrx_word' id='word_1_649' title='bbox 249 5198 527 5270; x_wconf 88' lang='lat' dir='ltr'>corporis</span> <span class='ocrx_word' id='word_1_650' title='bbox 574 5196 759 5253; x_wconf 85' lang='lat' dir='ltr'>frusta</span> <span class='ocrx_word' id='word_1_651' title='bbox 801 5194 1004 5251; x_wconf 89' lang='lat' dir='ltr'>divino</span> <span class='ocrx_word' id='word_1_652' title='bbox 1043 5198 1193 5249; x_wconf 89' lang='lat' dir='ltr'>nutu</span> <span class='ocrx_word' id='word_1_653' title='bbox 1253 5196 1486 5265; x_wconf 88' lang='lat' dir='ltr'>reperta</span> <span class='ocrx_word' id='word_1_654' title='bbox 1530 5191 1912 5263; x_wconf 88' lang='lat' dir='ltr'>collegerunt.</span> 
     </span>
    </p>
   </div>
   <div class='ocr_carea' id='block_1_82' title="bbox 250 5280 1916 5359">
    <p class='ocr_par' dir='ltr' id='par_1_82' title="bbox 250 5280 1916 5359">
     <span class='ocr_line' id='line_1_82' title="bbox 250 5280 1916 5359; baseline -0.004 -16"><span class='ocrx_word' id='word_1_655' title='bbox 250 5287 345 5344; x_wconf 73' lang='lat' dir='ltr'>Ad</span> <span class='ocrx_word' id='word_1_656' title='bbox 416 5286 759 5359; x_wconf 90' lang='lat' dir='ltr'>sepulcrum</span> <span class='ocrx_word' id='word_1_657' title='bbox 809 5298 1052 5356; x_wconf 90' lang='lat' dir='ltr'>quoque</span> <span class='ocrx_word' id='word_1_658' title='bbox 1105 5280 1483 5338; x_wconf 90' lang='lat' dir='ltr'>Dominicum</span> <span class='ocrx_word' id='word_1_659' title='bbox 1535 5297 1643 5354; x_wconf 90' lang='lat' dir='ltr'>per</span> <span class='ocrx_word' id='word_1_660' title='bbox 1696 5280 1916 5337; x_wconf 89' lang='lat' dir='ltr'>multos</span> 
     </span>
    </p>
   </div>
   <div class='ocr_carea' id='block_1_83' title="bbox 250 5368 1917 5443">
    <p class='ocr_par' dir='ltr' id='par_1_83' title="bbox 250 5368 1917 5443">
     <span class='ocr_line' id='line_1_83' title="bbox 250 5368 1917 5443; baseline -0.005 -10"><span class='ocrx_word' id='word_1_661' title='bbox 250 5392 455 5433; x_wconf 90' lang='lat' dir='ltr'>annos</span> <span class='ocrx_word' id='word_1_662' title='bbox 483 5374 714 5430; x_wconf 91' lang='lat' dir='ltr'>idolum</span> <span class='ocrx_word' id='word_1_663' title='bbox 737 5376 1025 5429; x_wconf 90' lang='lat' dir='ltr'>statutum</span> <span class='ocrx_word' id='word_1_664' title='bbox 1050 5376 1156 5438; x_wconf 89' lang='lat' dir='ltr'>est,</span> <span class='ocrx_word' id='word_1_665' title='bbox 1186 5374 1251 5426; x_wconf 93' lang='lat' dir='ltr'>ut</span> <span class='ocrx_word' id='word_1_666' title='bbox 1274 5370 1547 5443; x_wconf 91' lang='lat' dir='ltr'>quisquis</span> <span class='ocrx_word' id='word_1_667' title='bbox 1566 5386 1630 5424; x_wconf 91' lang='lat' dir='ltr'>se</span> <span class='ocrx_word' id='word_1_668' title='bbox 1661 5368 1799 5423; x_wconf 90' lang='lat' dir='ltr'>illuc</span> <span class='ocrx_word' id='word_1_669' title='bbox 1828 5368 1917 5424; x_wconf 93' lang='lat' dir='ltr'>in-</span> 
     </span>
    </p>
   </div>
   <div class='ocr_carea' id='block_1_84' title="bbox 250 5457 1915 5534">
    <p class='ocr_par' dir='ltr' id='par_1_84' title="bbox 250 5457 1915 5534">
     <span class='ocr_line' id='line_1_84' title="bbox 250 5457 1915 5534; baseline -0.007 -13"><span class='ocrx_word' id='word_1_670' title='bbox 250 5466 561 5534; x_wconf 89' lang='lat' dir='ltr'>clinasset,</span> <span class='ocrx_word' id='word_1_671' title='bbox 592 5461 823 5519; x_wconf 88' lang='lat' dir='ltr'>idolum</span> <span class='ocrx_word' id='word_1_672' title='bbox 880 5459 1164 5516; x_wconf 86' lang='lat' dir='ltr'>adorasse</span> <span class='ocrx_word' id='word_1_673' title='bbox 1216 5457 1531 5513; x_wconf 86' lang='lat' dir='ltr'>videretur.</span> <span class='ocrx_word' id='word_1_674' title='bbox 1583 5458 1720 5528; x_wconf 92' lang='lat' dir='ltr'>Ipsa</span> <span class='ocrx_word' id='word_1_675' title='bbox 1772 5472 1915 5511; x_wconf 85' lang='lat' dir='ltr'>crux</span> 
     </span>
    </p>
   </div>
   <div class='ocr_carea' id='block_1_85' title="bbox 252 5542 1914 5616">
    <p class='ocr_par' dir='ltr' id='par_1_85' title="bbox 252 5542 1914 5616">
     <span class='ocr_line' id='line_1_85' title="bbox 252 5542 1914 5616; baseline -0.007 -7"><span class='ocrx_word' id='word_1_676' title='bbox 252 5552 497 5610; x_wconf 89' lang='lat' dir='ltr'>Domini</span> <span class='ocrx_word' id='word_1_677' title='bbox 525 5551 632 5607; x_wconf 89' lang='lat' dir='ltr'>diu</span> <span class='ocrx_word' id='word_1_678' title='bbox 660 5550 1010 5607; x_wconf 70' lang='lat' dir='ltr'>Judaaorum</span> <span class='ocrx_word' id='word_1_679' title='bbox 1051 5547 1242 5605; x_wconf 88' lang='lat' dir='ltr'>celata</span> <span class='ocrx_word' id='word_1_680' title='bbox 1268 5544 1752 5616; x_wconf 84' lang='lat' dir='ltr'>fraude,tandem</span> <span class='ocrx_word' id='word_1_681' title='bbox 1801 5542 1914 5599; x_wconf 91' lang='lat' dir='ltr'>mi-</span> 
     </span>
    </p>
   </div>
   <div class='ocr_carea' id='block_1_86' title="bbox 2023 2960 3696 3065">
    <p class='ocr_par' dir='ltr' id='par_1_86' title="bbox 2023 2960 3696 3065">
     <span class='ocr_line' id='line_1_86' title="bbox 2023 2960 3696 3065; baseline 0.023 -56"><span class='ocrx_word' id='word_1_682' title='bbox 2023 2962 2081 3065; x_wconf 58' lang='grc' dir='ltr'>(Ξῖ.</span> <span class='ocrx_word' id='word_1_683' title='bbox 2109 2960 2394 3065; x_wconf 78' lang='lat' dir='ltr'>Jeremias</span> <span class='ocrx_word' id='word_1_684' title='bbox 2422 2980 2665 3065; x_wconf 38' lang='lat' dir='ltr'>cum-ex</span> <span class='ocrx_word' id='word_1_685' title='bbox 2691 2983 2793 3065; x_wconf 82' lang='lat' dir='ltr'>ore</span> <span class='ocrx_word' id='word_1_686' title='bbox 2955 2976 3327 3046; x_wconf 83' lang='lat' dir='ltr'>populumin</span> 
     </span>
    </p>
   </div>
   <div class='ocr_carea' id='block_1_87' title="bbox 2022 3048 3693 3142">
    <p class='ocr_par' dir='ltr' id='par_1_87' title="bbox 2022 3048 3693 3142">
     <span class='ocr_line' id='line_1_87' title="bbox 2022 3048 3693 3142; baseline 0.021 -39"><span class='ocrx_word' id='word_1_687' title='bbox 2022 3048 2389 3142; x_wconf 77' lang='lat' dir='ltr'>descendere</span> <span class='ocrx_word' id='word_1_688' title='bbox 2406 3054 2769 3125; x_wconf 89' lang='lat' dir='ltr'>prohiberet,</span> <span class='ocrx_word' id='word_1_689' title='bbox 2788 3062 2845 3113; x_wconf 92' lang='lat' dir='ltr'>et</span> <span class='ocrx_word' id='word_1_690' title='bbox 2865 3059 2962 3117; x_wconf 86' lang='lat' dir='ltr'>ille</span> <span class='ocrx_word' id='word_1_691' title='bbox 2993 3069 3424 3138; x_wconf 87' lang='lat' dir='ltr'>contemneret,</span> <span class='ocrx_word' id='word_1_692' title='bbox 3436 3048 3589 3137; x_wconf 44' lang='lat' dir='ltr'>&quot;ﬁéc&#39;</span> 
     </span>
    </p>
   </div>
   <div class='ocr_carea' id='block_1_88' title="bbox 2021 3138 3692 3233">
    <p class='ocr_par' dir='ltr' id='par_1_88' title="bbox 2021 3138 3692 3233">
     <span class='ocr_line' id='line_1_88' title="bbox 2021 3138 3692 3233; baseline 0.023 -43"><span class='ocrx_word' id='word_1_693' title='bbox 2021 3153 2171 3233; x_wconf 80' lang='lat' dir='ltr'>eum</span> <span class='ocrx_word' id='word_1_694' title='bbox 2183 3138 2487 3233; x_wconf 54' lang='lat' dir='ltr'>deserere</span> <span class='ocrx_word' id='word_1_695' title='bbox 2542 3145 2755 3233; x_wconf 90' lang='lat' dir='ltr'>potuit,</span> <span class='ocrx_word' id='word_1_696' title='bbox 2786 3148 2891 3205; x_wconf 90' lang='lat' dir='ltr'>sed</span> <span class='ocrx_word' id='word_1_697' title='bbox 2938 3167 3077 3209; x_wconf 92' lang='lat' dir='ltr'>cum</span> <span class='ocrx_word' id='word_1_698' title='bbox 3120 3153 3253 3227; x_wconf 90' lang='lat' dir='ltr'>ipso</span> <span class='ocrx_word' id='word_1_699' title='bbox 3280 3144 3537 3233; x_wconf 51' lang='lat' dir='ltr'>populo’</span> <span class='ocrx_word' id='word_1_700' title='bbox 3561 3138 3692 3228; x_wconf 63' lang='lat' dir='ltr'>des:</span> 
     </span>
    </p>
   </div>
   <div class='ocr_carea' id='block_1_89' title="bbox 2021 3225 3688 3330">
    <p class='ocr_par' dir='ltr' id='par_1_89' title="bbox 2021 3225 3688 3330">
     <span class='ocr_line' id='line_1_89' title="bbox 2021 3225 3688 3330; baseline 0.019 -51"><span class='ocrx_word' id='word_1_701' title='bbox 2021 3225 2240 3330; x_wconf 50' lang='lat' dir='ltr'>ce‘ndit,</span> <span class='ocrx_word' id='word_1_702' title='bbox 2269 3244 2306 3284; x_wconf 91' lang='lat' dir='ltr'>a</span> <span class='ocrx_word' id='word_1_703' title='bbox 2324 3245 2450 3330; x_wconf 78' lang='lat' dir='ltr'>quo</span> <span class='ocrx_word' id='word_1_704' title='bbox 2555 3232 2897 3330; x_wconf 75' lang='lat' dir='ltr'>interfectus</span> <span class='ocrx_word' id='word_1_705' title='bbox 2923 3244 3034 3296; x_wconf 90' lang='lat' dir='ltr'>est.</span> <span class='ocrx_word' id='word_1_706' title='bbox 3062 3225 3484 3308; x_wconf 53' lang='lat' dir='ltr'>Paulus-etiam</span> <span class='ocrx_word' id='word_1_707' title='bbox 3508 3225 3688 3330; x_wconf 63' lang='lat' dir='ltr'>apos-</span> 
     </span>
    </p>
   </div>
   <div class='ocr_carea' id='block_1_90' title="bbox 2020 3313 3684 3413">
    <p class='ocr_par' dir='ltr' id='par_1_90' title="bbox 2020 3313 3684 3413">
     <span class='ocr_line' id='line_1_90' title="bbox 2020 3313 3684 3413; baseline 0.02 -45"><span class='ocrx_word' id='word_1_708' title='bbox 2020 3313 2177 3413; x_wconf 75' lang='lat' dir='ltr'>talus</span> <span class='ocrx_word' id='word_1_709' title='bbox 2202 3330 2334 3413; x_wconf 63' lang='lat' dir='ltr'>vas_</span> <span class='ocrx_word' id='word_1_710' title='bbox 2360 3318 2665 3413; x_wconf 73' lang='lat' dir='ltr'>electionis</span> <span class='ocrx_word' id='word_1_711' title='bbox 2693 3329 2859 3398; x_wconf 88' lang='lat' dir='ltr'>optat</span> <span class='ocrx_word' id='word_1_712' title='bbox 2886 3330 3208 3389; x_wconf 90' lang='lat' dir='ltr'>anathema</span> <span class='ocrx_word' id='word_1_713' title='bbox 3252 3349 3384 3393; x_wconf 91' lang='lat' dir='ltr'>esse</span> <span class='ocrx_word' id='word_1_714' title='bbox 3423 3313 3684 3413; x_wconf 44' lang='lat' dir='ltr'>pro‘fra-</span> 
     </span>
    </p>
   </div>
   <div class='ocr_carea' id='block_1_91' title="bbox 2021 3401 3687 3499">
    <p class='ocr_par' dir='ltr' id='par_1_91' title="bbox 2021 3401 3687 3499">
     <span class='ocr_line' id='line_1_91' title="bbox 2021 3401 3687 3499; baseline 0.02 -42"><span class='ocrx_word' id='word_1_715' title='bbox 2021 3401 2215 3499; x_wconf 78' lang='lat' dir='ltr'>tribus</span> <span class='ocrx_word' id='word_1_716' title='bbox 2245 3404 2388 3499; x_wconf 70' lang='lat' dir='ltr'>suis.</span> <span class='ocrx_word' id='word_1_717' title='bbox 2426 3410 2579 3499; x_wconf 76' lang='lat' dir='ltr'>Sane</span> <span class='ocrx_word' id='word_1_718' title='bbox 2610 3411 2946 3485; x_wconf 90' lang='lat' dir='ltr'>Stephanus</span> <span class='ocrx_word' id='word_1_719' title='bbox 2973 3433 3144 3476; x_wconf 89' lang='lat' dir='ltr'>orare</span> <span class='ocrx_word' id='word_1_720' title='bbox 3162 3436 3285 3478; x_wconf 93' lang='lat' dir='ltr'>non</span> <span class='ocrx_word' id='word_1_721' title='bbox 3341 3401 3594 3499; x_wconf 73' lang='lat' dir='ltr'>poterat,</span> <span class='ocrx_word' id='word_1_722' title='bbox 3620 3401 3687 3491; x_wconf 81' lang='lat' dir='ltr'>ut</span> 
     </span>
    </p>
   </div>
   <div class='ocr_carea' id='block_1_92' title="bbox 2021 3490 3685 3587">
    <p class='ocr_par' dir='ltr' id='par_1_92' title="bbox 2021 3490 3685 3587">
     <span class='ocr_line' id='line_1_92' title="bbox 2021 3490 3685 3587; baseline 0.02 -43"><span class='ocrx_word' id='word_1_723' title='bbox 2021 3505 2135 3587; x_wconf 83' lang='lat' dir='ltr'>pro</span> <span class='ocrx_word' id='word_1_724' title='bbox 2159 3490 2598 3587; x_wconf 88' lang='lat' dir='ltr'>lapidatoribus</span> <span class='ocrx_word' id='word_1_725' title='bbox 2632 3508 2983 3573; x_wconf 87' lang='lat' dir='ltr'>moreretur,</span> <span class='ocrx_word' id='word_1_726' title='bbox 3031 3509 3323 3579; x_wconf 88' lang='lat' dir='ltr'>quoniam</span> <span class='ocrx_word' id='word_1_727' title='bbox 3341 3490 3483 3587; x_wconf 51' lang='lat' dir='ltr'>-ipsi</span> 
     </span>
    </p>
   </div>
   <div class='ocr_carea' id='block_1_93' title="bbox 2020 3579 3687 3677">
    <p class='ocr_par' dir='ltr' id='par_1_93' title="bbox 2020 3579 3687 3677">
     <span class='ocr_line' id='line_1_93' title="bbox 2020 3579 3687 3677; baseline 0.019 -44"><span class='ocrx_word' id='word_1_728' title='bbox 2020 3579 2084 3634; x_wconf 91' lang='lat' dir='ltr'>in</span> <span class='ocrx_word' id='word_1_729' title='bbox 2134 3585 2390 3677; x_wconf 77' lang='lat' dir='ltr'>mortem</span> <span class='ocrx_word' id='word_1_730' title='bbox 2418 3586 2752 3657; x_wconf 86' lang='lat' dir='ltr'>urgebant:</span> <span class='ocrx_word' id='word_1_731' title='bbox 2787 3607 2978 3648; x_wconf 91' lang='lat' dir='ltr'>unum</span> <span class='ocrx_word' id='word_1_732' title='bbox 3032 3598 3234 3652; x_wconf 90' lang='lat' dir='ltr'>tamen</span> <span class='ocrx_word' id='word_1_733' title='bbox 3263 3600 3349 3656; x_wconf 90' lang='lat' dir='ltr'>eis</span> <span class='ocrx_word' id='word_1_734' title='bbox 3390 3579 3558 3677; x_wconf 80' lang='lat' dir='ltr'>quod</span> <span class='ocrx_word' id='word_1_735' title='bbox 3588 3624 3687 3665; x_wconf 90' lang='lat' dir='ltr'>su-</span> 
     </span>
    </p>
   </div>
   <div class='ocr_carea' id='block_1_94' title="bbox 2021 3669 3682 3759">
    <p class='ocr_par' dir='ltr' id='par_1_94' title="bbox 2021 3669 3682 3759">
     <span class='ocr_line' id='line_1_94' title="bbox 2021 3669 3682 3759; baseline 0.02 -39"><span class='ocrx_word' id='word_1_736' title='bbox 2021 3673 2258 3740; x_wconf 89' lang='lat' dir='ltr'>pererat</span> <span class='ocrx_word' id='word_1_737' title='bbox 2280 3669 2676 3745; x_wconf 87' lang='lat' dir='ltr'>impendens:</span> <span class='ocrx_word' id='word_1_738' title='bbox 2729 3679 2823 3741; x_wconf 82' lang='lat' dir='ltr'>Ne</span> <span class='ocrx_word' id='word_1_739' title='bbox 2849 3687 3101 3751; x_wconf 82' lang='lat' dir='ltr'>statuas,</span> <span class='ocrx_word' id='word_1_740' title='bbox 3133 3685 3347 3759; x_wconf 87' lang='lat' dir='ltr'>inquit,</span> <span class='ocrx_word' id='word_1_741' title='bbox 3389 3669 3513 3749; x_wconf 65' lang='lat' dir='ltr'>iiiis</span> <span class='ocrx_word' id='word_1_742' title='bbox 3571 3695 3682 3754; x_wconf 80' lang='lat' dir='ltr'>hoc</span> 
     </span>
    </p>
   </div>
   <div class='ocr_carea' id='block_1_95' title="bbox 2017 3760 3686 3844">
    <p class='ocr_par' dir='ltr' id='par_1_95' title="bbox 2017 3760 3686 3844">
     <span class='ocr_line' id='line_1_95' title="bbox 2017 3760 3686 3844; baseline 0.019 -33"><span class='ocrx_word' id='word_1_743' title='bbox 2017 3764 2329 3827; x_wconf 81' lang='lat' dir='ltr'>peccatum</span> <span class='ocrx_word' id='word_1_744' title='bbox 2363 3760 2517 3832; x_wconf 87' lang='lat' dir='ltr'>(Act.</span> <span class='ocrx_word' id='word_1_745' title='bbox 2573 3781 2674 3837; x_wconf 90' lang='lat' dir='ltr'>vn,</span> <span class='ocrx_word' id='word_1_746' title='bbox 2725 3769 2836 3840; x_wconf 79' lang='lat'>53).</span> <span class='ocrx_word' id='word_1_747' title='bbox 2890 3771 3005 3826; x_wconf 91' lang='lat' dir='ltr'>Sed</span> <span class='ocrx_word' id='word_1_748' title='bbox 3033 3773 3180 3844; x_wconf 90' lang='lat' dir='ltr'>quid</span> <span class='ocrx_word' id='word_1_749' title='bbox 3230 3776 3307 3833; x_wconf 89' lang='lat' dir='ltr'>de</span> <span class='ocrx_word' id='word_1_750' title='bbox 3333 3781 3515 3838; x_wconf 90' lang='lat' dir='ltr'>servis</span> <span class='ocrx_word' id='word_1_751' title='bbox 3542 3783 3686 3841; x_wconf 89' lang='lat' dir='ltr'>dici-</span> 
     </span>
    </p>
   </div>
   <div class='ocr_carea' id='block_1_96' title="bbox 2020 3851 3682 3945">
    <p class='ocr_par' dir='ltr' id='par_1_96' title="bbox 2020 3851 3682 3945">
     <span class='ocr_line' id='line_1_96' title="bbox 2020 3851 3682 3945; baseline 0.018 -44"><span class='ocrx_word' id='word_1_752' title='bbox 2020 3863 2188 3945; x_wconf 74' lang='lat' dir='ltr'>mus,</span> <span class='ocrx_word' id='word_1_753' title='bbox 2230 3851 2731 3925; x_wconf 86' lang='lat' dir='ltr'>quandoquidem</span> <span class='ocrx_word' id='word_1_754' title='bbox 2758 3856 2886 3930; x_wconf 91' lang='lat' dir='ltr'>ipse</span> <span class='ocrx_word' id='word_1_755' title='bbox 2925 3861 3212 3918; x_wconf 92' lang='lat' dir='ltr'>Dominus</span> <span class='ocrx_word' id='word_1_756' title='bbox 3241 3869 3515 3926; x_wconf 92' lang='lat' dir='ltr'>omnium</span> <span class='ocrx_word' id='word_1_757' title='bbox 3569 3889 3682 3945; x_wconf 90' lang='lat' dir='ltr'>pro</span> 
     </span>
    </p>
   </div>
   <div class='ocr_carea' id='block_1_97' title="bbox 2022 3936 3683 4033">
    <p class='ocr_par' dir='ltr' id='par_1_97' title="bbox 2022 3936 3683 4033">
     <span class='ocr_line' id='line_1_97' title="bbox 2022 3936 3683 4033; baseline 0.017 -44"><span class='ocrx_word' id='word_1_758' title='bbox 2022 3936 2345 4033; x_wconf 68' lang='lat' dir='ltr'>impiis,_ut</span> <span class='ocrx_word' id='word_1_759' title='bbox 2368 3940 2455 3996; x_wconf 90' lang='lat' dir='ltr'>ait</span> <span class='ocrx_word' id='word_1_760' title='bbox 2473 3944 2816 4033; x_wconf 86' lang='lat' dir='ltr'>Apostolus,</span> <span class='ocrx_word' id='word_1_761' title='bbox 2842 3953 3115 4005; x_wconf 91' lang='lat' dir='ltr'>mortuus</span> <span class='ocrx_word' id='word_1_762' title='bbox 3146 3956 3251 4009; x_wconf 91' lang='lat' dir='ltr'>est.</span> <span class='ocrx_word' id='word_1_763' title='bbox 3284 3957 3449 4013; x_wconf 92' lang='lat' dir='ltr'>Unde</span> <span class='ocrx_word' id='word_1_764' title='bbox 3469 3962 3527 4015; x_wconf 91' lang='lat' dir='ltr'>et</span> <span class='ocrx_word' id='word_1_765' title='bbox 3547 3936 3683 4033; x_wconf 79' lang='lat' dir='ltr'>pro-</span> 
     </span>
    </p>
   </div>
   <div class='ocr_carea' id='block_1_98' title="bbox 2020 4025 3681 4117">
    <p class='ocr_par' dir='ltr' id='par_1_98' title="bbox 2020 4025 3681 4117">
     <span class='ocr_line' id='line_1_98' title="bbox 2020 4025 3681 4117; baseline 0.016 -37"><span class='ocrx_word' id='word_1_766' title='bbox 2020 4026 2205 4099; x_wconf 89' lang='lat' dir='ltr'>pheta</span> <span class='ocrx_word' id='word_1_767' title='bbox 2228 4025 2371 4084; x_wconf 88' lang='lat' dir='ltr'>dicit</span> <span class='ocrx_word' id='word_1_768' title='bbox 2419 4032 2588 4104; x_wconf 92' lang='lat' dir='ltr'>quod</span> <span class='ocrx_word' id='word_1_769' title='bbox 2633 4032 2897 4091; x_wconf 91' lang='lat' dir='ltr'>alienum</span> <span class='ocrx_word' id='word_1_770' title='bbox 2941 4052 3094 4110; x_wconf 91' lang='lat' dir='ltr'>opus</span> <span class='ocrx_word' id='word_1_771' title='bbox 3123 4045 3468 4117; x_wconf 89' lang='lat' dir='ltr'>susceperit,</span> <span class='ocrx_word' id='word_1_772' title='bbox 3499 4025 3569 4103; x_wconf 72' lang='lat' dir='ltr'>ut</span> <span class='ocrx_word' id='word_1_773' title='bbox 3592 4048 3681 4107; x_wconf 91' lang='lat' dir='ltr'>fa-</span> 
     </span>
    </p>
   </div>
   <div class='ocr_carea' id='block_1_99' title="bbox 2023 4119 3681 4203">
    <p class='ocr_par' dir='ltr' id='par_1_99' title="bbox 2023 4119 3681 4203">
     <span class='ocr_line' id='line_1_99' title="bbox 2023 4119 3681 4203; baseline 0.014 -31"><span class='ocrx_word' id='word_1_774' title='bbox 2023 4119 2180 4172; x_wconf 89' lang='lat' dir='ltr'>ceret</span> <span class='ocrx_word' id='word_1_775' title='bbox 2202 4131 2357 4188; x_wconf 91' lang='lat' dir='ltr'>opus</span> <span class='ocrx_word' id='word_1_776' title='bbox 2413 4136 2612 4178; x_wconf 91' lang='lat' dir='ltr'>suum.</span> <span class='ocrx_word' id='word_1_777' title='bbox 2644 4122 2769 4179; x_wconf 88' lang='lat' dir='ltr'>Pati</span> <span class='ocrx_word' id='word_1_778' title='bbox 2808 4124 2990 4197; x_wconf 90' lang='lat' dir='ltr'>enim,</span> <span class='ocrx_word' id='word_1_779' title='bbox 3031 4131 3089 4184; x_wconf 90' lang='lat' dir='ltr'>et</span> <span class='ocrx_word' id='word_1_780' title='bbox 3142 4127 3393 4203; x_wconf 89' lang='lat' dir='ltr'>irrideri,</span> <span class='ocrx_word' id='word_1_781' title='bbox 3426 4139 3483 4192; x_wconf 89' lang='lat' dir='ltr'>et</span> <span class='ocrx_word' id='word_1_782' title='bbox 3528 4139 3681 4196; x_wconf 90' lang='lat' dir='ltr'>mori</span> 
     </span>
    </p>
   </div>
   <div class='ocr_carea' id='block_1_100' title="bbox 2022 4204 3681 4301">
    <p class='ocr_par' dir='ltr' id='par_1_100' title="bbox 2022 4204 3681 4301">
     <span class='ocr_line' id='line_1_100' title="bbox 2022 4204 3681 4301; baseline 0.016 -42"><span class='ocrx_word' id='word_1_783' title='bbox 2022 4204 2304 4301; x_wconf 63' lang='lat' dir='ltr'>alienqm</span> <span class='ocrx_word' id='word_1_784' title='bbox 2342 4212 2431 4301; x_wconf 79' lang='lat' dir='ltr'>est</span> <span class='ocrx_word' id='word_1_785' title='bbox 2477 4227 2515 4301; x_wconf 80' lang='lat' dir='ltr'>a</span> <span class='ocrx_word' id='word_1_786' title='bbox 2580 4214 2740 4301; x_wconf 17' lang='lat' dir='ltr'>Deoi:</span> <span class='ocrx_word' id='word_1_787' title='bbox 2799 4214 3031 4273; x_wconf 87' lang='lat' dir='ltr'>salvare</span> <span class='ocrx_word' id='word_1_788' title='bbox 3078 4221 3304 4293; x_wconf 88' lang='lat' dir='ltr'>autem,</span> <span class='ocrx_word' id='word_1_789' title='bbox 3345 4224 3475 4296; x_wconf 89' lang='lat' dir='ltr'>ejus</span> <span class='ocrx_word' id='word_1_790' title='bbox 3525 4244 3681 4301; x_wconf 83' lang='lat' dir='ltr'>opus</span> 
     </span>
    </p>
   </div>
   <div class='ocr_carea' id='block_1_101' title="bbox 2021 4293 3680 4390">
    <p class='ocr_par' dir='ltr' id='par_1_101' title="bbox 2021 4293 3680 4390">
     <span class='ocr_line' id='line_1_101' title="bbox 2021 4293 3680 4390; baseline 0.016 -42"><span class='ocrx_word' id='word_1_791' title='bbox 2021 4293 2309 4390; x_wconf 28' lang='lat' dir='ltr'>est-Sed</span> <span class='ocrx_word' id='word_1_792' title='bbox 2361 4295 2518 4390; x_wconf 80' lang='lat' dir='ltr'>illud</span> <span class='ocrx_word' id='word_1_793' title='bbox 2561 4300 2729 4390; x_wconf 82' lang='lat' dir='ltr'>quod</span> <span class='ocrx_word' id='word_1_794' title='bbox 2799 4302 3065 4361; x_wconf 90' lang='lat' dir='ltr'>alienum</span> <span class='ocrx_word' id='word_1_795' title='bbox 3119 4313 3210 4365; x_wconf 90' lang='lat' dir='ltr'>est</span> <span class='ocrx_word' id='word_1_796' title='bbox 3255 4326 3293 4368; x_wconf 91' lang='lat' dir='ltr'>a</span> <span class='ocrx_word' id='word_1_797' title='bbox 3345 4293 3482 4384; x_wconf 83' lang='lat' dir='ltr'>Deo,</span> <span class='ocrx_word' id='word_1_798' title='bbox 3540 4293 3680 4390; x_wconf 72' lang='lat' dir='ltr'>pec-</span> 
     </span>
    </p>
   </div>
   <div class='ocr_carea' id='block_1_102' title="bbox 2021 4382 3680 4478">
    <p class='ocr_par' dir='ltr' id='par_1_102' title="bbox 2021 4382 3680 4478">
     <span class='ocr_line' id='line_1_102' title="bbox 2021 4382 3680 4478; baseline 0.016 -41"><span class='ocrx_word' id='word_1_799' title='bbox 2021 4382 2181 4438; x_wconf 90' lang='lat' dir='ltr'>canti</span> <span class='ocrx_word' id='word_1_800' title='bbox 2208 4383 2441 4478; x_wconf 79' lang='lat' dir='ltr'>homini</span> <span class='ocrx_word' id='word_1_801' title='bbox 2483 4387 2836 4447; x_wconf 90' lang='lat' dir='ltr'>debebatur.</span> <span class='ocrx_word' id='word_1_802' title='bbox 2869 4393 2942 4450; x_wconf 88' lang='lat' dir='ltr'>Et</span> <span class='ocrx_word' id='word_1_803' title='bbox 2993 4398 3195 4453; x_wconf 89' lang='lat' dir='ltr'>tamen</span> <span class='ocrx_word' id='word_1_804' title='bbox 3221 4382 3487 4460; x_wconf 86' lang='lat' dir='ltr'>alienum</span> <span class='ocrx_word' id='word_1_805' title='bbox 3525 4382 3680 4478; x_wconf 66' lang='lat' dir='ltr'>epus</span> 
     </span>
    </p>
   </div>
   <div class='ocr_carea' id='block_1_103' title="bbox 2022 4472 3680 4563">
    <p class='ocr_par' dir='ltr' id='par_1_103' title="bbox 2022 4472 3680 4563">
     <span class='ocr_line' id='line_1_103' title="bbox 2022 4472 3680 4563; baseline 0.015 -36"><span class='ocrx_word' id='word_1_806' title='bbox 2022 4472 2300 4545; x_wconf 86' lang='lat' dir='ltr'>suscepit,</span> <span class='ocrx_word' id='word_1_807' title='bbox 2330 4479 2395 4531; x_wconf 91' lang='lat' dir='ltr'>ut</span> <span class='ocrx_word' id='word_1_808' title='bbox 2419 4492 2575 4550; x_wconf 90' lang='lat' dir='ltr'>opus</span> <span class='ocrx_word' id='word_1_809' title='bbox 2602 4495 2782 4536; x_wconf 91' lang='lat' dir='ltr'>suum</span> <span class='ocrx_word' id='word_1_810' title='bbox 2805 4480 3042 4555; x_wconf 89' lang='lat' dir='ltr'>faceret,</span> <span class='ocrx_word' id='word_1_811' title='bbox 3061 4485 3205 4558; x_wconf 89' lang='lat' dir='ltr'>quia</span> <span class='ocrx_word' id='word_1_812' title='bbox 3224 4490 3378 4547; x_wconf 89' lang='lat' dir='ltr'>mori</span> <span class='ocrx_word' id='word_1_813' title='bbox 3398 4472 3680 4563; x_wconf 72' lang='lat' dir='ltr'>dignatus</span> 
     </span>
    </p>
   </div>
   <div class='ocr_carea' id='block_1_104' title="bbox 2020 4565 3679 4639">
    <p class='ocr_par' dir='ltr' id='par_1_104' title="bbox 2020 4565 3679 4639">
     <span class='ocr_line' id='line_1_104' title="bbox 2020 4565 3679 4639; baseline 0.014 -22"><span class='ocrx_word' id='word_1_814' title='bbox 2020 4565 2109 4618; x_wconf 90' lang='lat' dir='ltr'>est</span> <span class='ocrx_word' id='word_1_815' title='bbox 2136 4565 2202 4618; x_wconf 89' lang='lat' dir='ltr'>ut</span> <span class='ocrx_word' id='word_1_816' title='bbox 2228 4568 2418 4621; x_wconf 91' lang='lat' dir='ltr'>morte</span> <span class='ocrx_word' id='word_1_817' title='bbox 2448 4565 2665 4636; x_wconf 84' lang='lat' dir='ltr'>dignos</span> <span class='ocrx_word' id='word_1_818' title='bbox 2691 4569 2966 4628; x_wconf 90' lang='lat' dir='ltr'>salvaret.</span> <span class='ocrx_word' id='word_1_819' title='bbox 3001 4573 3328 4634; x_wconf 89' lang='lat' dir='ltr'>Videamus</span> <span class='ocrx_word' id='word_1_820' title='bbox 3366 4584 3567 4637; x_wconf 88' lang='lat' dir='ltr'>autem</span> <span class='ocrx_word' id='word_1_821' title='bbox 3598 4598 3679 4639; x_wconf 88' lang='lat' dir='ltr'>an</span> 
     </span>
    </p>
   </div>
   <div class='ocr_carea' id='block_1_105' title="bbox 2019 4649 3677 4729">
    <p class='ocr_par' dir='ltr' id='par_1_105' title="bbox 2019 4649 3677 4729">
     <span class='ocr_line' id='line_1_105' title="bbox 2019 4649 3677 4729; baseline 0.014 -24"><span class='ocrx_word' id='word_1_822' title='bbox 2019 4649 2082 4706; x_wconf 92' lang='lat' dir='ltr'>in</span> <span class='ocrx_word' id='word_1_823' title='bbox 2108 4651 2354 4708; x_wconf 87' lang='lat' dir='ltr'>Martino</span> <span class='ocrx_word' id='word_1_824' title='bbox 2376 4653 2490 4710; x_wconf 90' lang='lat' dir='ltr'>tale</span> <span class='ocrx_word' id='word_1_825' title='bbox 2515 4655 2745 4729; x_wconf 89' lang='lat' dir='ltr'>aliquid</span> <span class='ocrx_word' id='word_1_826' title='bbox 2774 4657 2964 4715; x_wconf 89' lang='lat' dir='ltr'>fuerit.</span> <span class='ocrx_word' id='word_1_827' title='bbox 2993 4664 3083 4717; x_wconf 87' lang='lat' dir='ltr'>An</span> <span class='ocrx_word' id='word_1_828' title='bbox 3125 4679 3249 4720; x_wconf 92' lang='lat' dir='ltr'>non</span> <span class='ocrx_word' id='word_1_829' title='bbox 3279 4666 3393 4724; x_wconf 89' lang='lat' dir='ltr'>ista</span> <span class='ocrx_word' id='word_1_830' title='bbox 3417 4669 3677 4728; x_wconf 88' lang='lat' dir='ltr'>charitas</span> 
     </span>
    </p>
   </div>
   <div class='ocr_carea' id='block_1_106' title="bbox 2019 4739 3678 4830">
    <p class='ocr_par' dir='ltr' id='par_1_106' title="bbox 2019 4739 3678 4830">
     <span class='ocr_line' id='line_1_106' title="bbox 2019 4739 3678 4830; baseline 0.014 -35"><span class='ocrx_word' id='word_1_831' title='bbox 2019 4739 2183 4830; x_wconf 88' lang='lat' dir='ltr'>hunc</span> <span class='ocrx_word' id='word_1_832' title='bbox 2213 4742 2484 4830; x_wconf 87' lang='lat' dir='ltr'>urgebat,</span> <span class='ocrx_word' id='word_1_833' title='bbox 2509 4745 2757 4817; x_wconf 89' lang='lat' dir='ltr'>quando</span> <span class='ocrx_word' id='word_1_834' title='bbox 2778 4746 3161 4823; x_wconf 87' lang='lat' dir='ltr'>chlamydem</span> <span class='ocrx_word' id='word_1_835' title='bbox 3182 4758 3435 4830; x_wconf 91' lang='lat' dir='ltr'>pauperi</span> <span class='ocrx_word' id='word_1_836' title='bbox 3450 4760 3678 4819; x_wconf 83' lang='lat' dir='ltr'>divisit?</span> 
     </span>
    </p>
   </div>
   <div class='ocr_carea' id='block_1_107' title="bbox 2023 4829 3677 4919">
    <p class='ocr_par' dir='ltr' id='par_1_107' title="bbox 2023 4829 3677 4919">
     <span class='ocr_line' id='line_1_107' title="bbox 2023 4829 3677 4919; baseline 0.016 -36"><span class='ocrx_word' id='word_1_837' title='bbox 2023 4832 2102 4919; x_wconf 84' lang='lat' dir='ltr'>De</span> <span class='ocrx_word' id='word_1_838' title='bbox 2112 4829 2352 4886; x_wconf 89' lang='lat' dir='ltr'>duabus</span> <span class='ocrx_word' id='word_1_839' title='bbox 2373 4832 2597 4906; x_wconf 91' lang='lat' dir='ltr'>quippe</span> <span class='ocrx_word' id='word_1_840' title='bbox 2619 4834 2833 4892; x_wconf 89' lang='lat' dir='ltr'>tunicis</span> <span class='ocrx_word' id='word_1_841' title='bbox 2854 4845 3223 4914; x_wconf 68' lang='lat' dir='ltr'>praeceptum</span> <span class='ocrx_word' id='word_1_842' title='bbox 3244 4829 3351 4919; x_wconf 87' lang='lat' dir='ltr'>est,</span> <span class='ocrx_word' id='word_1_843' title='bbox 3375 4852 3441 4905; x_wconf 92' lang='lat' dir='ltr'>ut</span> <span class='ocrx_word' id='word_1_844' title='bbox 3459 4850 3677 4908; x_wconf 90' lang='lat' dir='ltr'>harum</span> 
     </span>
    </p>
   </div>
   <div class='ocr_carea' id='block_1_108' title="bbox 2022 4918 3675 4998">
    <p class='ocr_par' dir='ltr' id='par_1_108' title="bbox 2022 4918 3675 4998">
     <span class='ocr_line' id='line_1_108' title="bbox 2022 4918 3675 4998; baseline 0.015 -22"><span class='ocrx_word' id='word_1_845' title='bbox 2022 4918 2208 4976; x_wconf 86' lang='lat' dir='ltr'>altera</span> <span class='ocrx_word' id='word_1_846' title='bbox 2257 4935 2379 4977; x_wconf 92' lang='lat' dir='ltr'>non</span> <span class='ocrx_word' id='word_1_847' title='bbox 2422 4922 2668 4979; x_wconf 89' lang='lat' dir='ltr'>habenti</span> <span class='ocrx_word' id='word_1_848' title='bbox 2715 4924 2989 4985; x_wconf 90' lang='lat' dir='ltr'>donetur.</span> <span class='ocrx_word' id='word_1_849' title='bbox 3026 4932 3140 4988; x_wconf 89' lang='lat' dir='ltr'>Sed</span> <span class='ocrx_word' id='word_1_850' title='bbox 3193 4933 3301 4992; x_wconf 88' lang='lat' dir='ltr'>iste</span> <span class='ocrx_word' id='word_1_851' title='bbox 3325 4953 3451 4995; x_wconf 90' lang='lat' dir='ltr'>non</span> <span class='ocrx_word' id='word_1_852' title='bbox 3480 4941 3675 4998; x_wconf 89' lang='lat' dir='ltr'>solum</span> 
     </span>
    </p>
   </div>
   <div class='ocr_carea' id='block_1_109' title="bbox 2023 5008 3676 5100">
    <p class='ocr_par' dir='ltr' id='par_1_109' title="bbox 2023 5008 3676 5100">
     <span class='ocr_line' id='line_1_109' title="bbox 2023 5008 3676 5100; baseline 0.015 -37"><span class='ocrx_word' id='word_1_853' title='bbox 2023 5008 2453 5081; x_wconf 85' lang='lat' dir='ltr'>Pharisaicamj</span> <span class='ocrx_word' id='word_1_854' title='bbox 2466 5011 2748 5086; x_wconf 89' lang='lat' dir='ltr'>ustitiam,</span> <span class='ocrx_word' id='word_1_855' title='bbox 2765 5016 2870 5072; x_wconf 90' lang='lat' dir='ltr'>sed</span> <span class='ocrx_word' id='word_1_856' title='bbox 2890 5019 3070 5077; x_wconf 91' lang='lat' dir='ltr'>etiam</span> <span class='ocrx_word' id='word_1_857' title='bbox 3089 5022 3485 5084; x_wconf 89' lang='lat' dir='ltr'>Christianam</span> <span class='ocrx_word' id='word_1_858' title='bbox 3498 5030 3676 5100; x_wconf 88' lang='lat' dir='ltr'>longe</span> 
     </span>
    </p>
   </div>
   <div class='ocr_carea' id='block_1_110' title="bbox 2024 5101 3677 5190">
    <p class='ocr_par' dir='ltr' id='par_1_110' title="bbox 2024 5101 3677 5190">
     <span class='ocr_line' id='line_1_110' title="bbox 2024 5101 3677 5190; baseline 0.013 -35"><span class='ocrx_word' id='word_1_859' title='bbox 2024 5115 2465 5172; x_wconf 86' lang='lat' dir='ltr'>supergressus,</span> <span class='ocrx_word' id='word_1_860' title='bbox 2488 5101 2685 5175; x_wconf 86' lang='lat' dir='ltr'>ipsam</span> <span class='ocrx_word' id='word_1_861' title='bbox 2710 5122 2896 5163; x_wconf 91' lang='lat' dir='ltr'>unam</span> <span class='ocrx_word' id='word_1_862' title='bbox 2917 5126 3057 5167; x_wconf 91' lang='lat' dir='ltr'>cum</span> <span class='ocrx_word' id='word_1_863' title='bbox 3079 5129 3189 5170; x_wconf 91' lang='lat' dir='ltr'>sua</span> <span class='ocrx_word' id='word_1_864' title='bbox 3209 5117 3473 5173; x_wconf 89' lang='lat' dir='ltr'>nuditate</span> <span class='ocrx_word' id='word_1_865' title='bbox 3498 5120 3677 5190; x_wconf 84' lang='lat' dir='ltr'>parti-</span> 
     </span>
    </p>
   </div>
   <div class='ocr_carea' id='block_1_111' title="bbox 2023 5191 3675 5277">
    <p class='ocr_par' dir='ltr' id='par_1_111' title="bbox 2023 5191 3675 5277">
     <span class='ocr_line' id='line_1_111' title="bbox 2023 5191 3675 5277; baseline 0.01 -31"><span class='ocrx_word' id='word_1_866' title='bbox 2023 5194 2118 5246; x_wconf 90' lang='lat' dir='ltr'>tus</span> <span class='ocrx_word' id='word_1_867' title='bbox 2144 5194 2250 5246; x_wconf 92' lang='lat' dir='ltr'>est.</span> <span class='ocrx_word' id='word_1_868' title='bbox 2286 5193 2434 5246; x_wconf 89' lang='lat' dir='ltr'>Nam</span> <span class='ocrx_word' id='word_1_869' title='bbox 2466 5206 2501 5246; x_wconf 88' lang='lat' dir='ltr'>a</span> <span class='ocrx_word' id='word_1_870' title='bbox 2530 5191 2760 5251; x_wconf 90' lang='lat' dir='ltr'>latrone</span> <span class='ocrx_word' id='word_1_871' title='bbox 2790 5197 3145 5268; x_wconf 89' lang='lat' dir='ltr'>vinculatus,</span> <span class='ocrx_word' id='word_1_872' title='bbox 3180 5219 3245 5259; x_wconf 90' lang='lat' dir='ltr'>se</span> <span class='ocrx_word' id='word_1_873' title='bbox 3274 5219 3400 5259; x_wconf 89' lang='lat' dir='ltr'>esse</span> <span class='ocrx_word' id='word_1_874' title='bbox 3428 5221 3675 5277; x_wconf 82' lang='lat' dir='ltr'>prorsus</span> 
     </span>
    </p>
   </div>
   <div class='ocr_carea' id='block_1_112' title="bbox 2023 5277 3676 5366">
    <p class='ocr_par' dir='ltr' id='par_1_112' title="bbox 2023 5277 3676 5366">
     <span class='ocr_line' id='line_1_112' title="bbox 2023 5277 3676 5366; baseline 0.012 -35"><span class='ocrx_word' id='word_1_875' title='bbox 2023 5277 2329 5366; x_wconf 88' lang='lat' dir='ltr'>asserebat</span> <span class='ocrx_word' id='word_1_876' title='bbox 2375 5294 2676 5350; x_wconf 88' lang='lat' dir='ltr'>securum,</span> <span class='ocrx_word' id='word_1_877' title='bbox 2708 5282 2912 5357; x_wconf 90' lang='lat' dir='ltr'>illique</span> <span class='ocrx_word' id='word_1_878' title='bbox 2968 5288 3162 5357; x_wconf 87' lang='lat' dir='ltr'>magis</span> <span class='ocrx_word' id='word_1_879' title='bbox 3192 5289 3412 5358; x_wconf 89' lang='lat' dir='ltr'>dolere,</span> <span class='ocrx_word' id='word_1_880' title='bbox 3444 5294 3565 5366; x_wconf 67' lang='lat' dir='ltr'>qui‘</span> <span class='ocrx_word' id='word_1_881' title='bbox 3594 5295 3676 5353; x_wconf 85' lang='lat' dir='ltr'>la-</span> 
     </span>
    </p>
   </div>
   <div class='ocr_carea' id='block_1_113' title="bbox 2023 5365 3673 5439">
    <p class='ocr_par' dir='ltr' id='par_1_113' title="bbox 2023 5365 3673 5439">
     <span class='ocr_line' id='line_1_113' title="bbox 2023 5365 3673 5439; baseline 0.012 -18"><span class='ocrx_word' id='word_1_882' title='bbox 2023 5365 2273 5423; x_wconf 88' lang='lat' dir='ltr'>trocinia</span> <span class='ocrx_word' id='word_1_883' title='bbox 2298 5382 2601 5439; x_wconf 82' lang='lat' dir='ltr'>exercens,</span> <span class='ocrx_word' id='word_1_884' title='bbox 2653 5371 2862 5428; x_wconf 90' lang='lat' dir='ltr'>Christi</span> <span class='ocrx_word' id='word_1_885' title='bbox 2911 5374 3317 5433; x_wconf 89' lang='lat' dir='ltr'>misericordia</span> <span class='ocrx_word' id='word_1_886' title='bbox 3345 5365 3500 5438; x_wconf 85' lang='lat' dir='ltr'>esset</span> <span class='ocrx_word' id='word_1_887' title='bbox 3526 5383 3673 5439; x_wconf 90' lang='lat' dir='ltr'>indi-</span> 
     </span>
    </p>
   </div>
   <div class='ocr_carea' id='block_1_114' title="bbox 2022 5456 3674 5544">
    <p class='ocr_par' dir='ltr' id='par_1_114' title="bbox 2022 5456 3674 5544">
     <span class='ocr_line' id='line_1_114' title="bbox 2022 5456 3674 5544; baseline 0.013 -36"><span class='ocrx_word' id='word_1_888' title='bbox 2022 5469 2196 5524; x_wconf 86' lang='lat' dir='ltr'>gnus.</span> <span class='ocrx_word' id='word_1_889' title='bbox 2226 5458 2387 5512; x_wconf 90' lang='lat' dir='ltr'>Tunc</span> <span class='ocrx_word' id='word_1_890' title='bbox 2407 5456 2798 5516; x_wconf 90' lang='lat' dir='ltr'>nihilominus</span> <span class='ocrx_word' id='word_1_891' title='bbox 2824 5460 2938 5515; x_wconf 88' lang='lat' dir='ltr'>hac</span> <span class='ocrx_word' id='word_1_892' title='bbox 2988 5461 3473 5540; x_wconf 48' lang='lat' dir='ltr'>dilectione,&#39;qua</span> <span class='ocrx_word' id='word_1_893' title='bbox 3491 5471 3674 5544; x_wconf 79' lang='lat' dir='ltr'>phn&#39;i-</span> 
     </span>
    </p>
   </div>
   <div class='ocr_carea' id='block_1_115' title="bbox 2018 5543 3673 5621">
    <p class='ocr_par' dir='ltr' id='par_1_115' title="bbox 2018 5543 3673 5621">
     <span class='ocr_line' id='line_1_115' title="bbox 2018 5543 3673 5621; baseline 0.012 -23"><span class='ocrx_word' id='word_1_894' title='bbox 2018 5558 2190 5600; x_wconf 92' lang='lat' dir='ltr'>mum</span> <span class='ocrx_word' id='word_1_895' title='bbox 2212 5543 2529 5615; x_wconf 88' lang='lat' dir='ltr'>ﬂagrabat,</span> <span class='ocrx_word' id='word_1_896' title='bbox 2559 5564 2701 5605; x_wconf 89' lang='lat' dir='ltr'>cum</span> <span class='ocrx_word' id='word_1_897' title='bbox 2727 5548 2917 5617; x_wconf 84' lang='lat' dir='ltr'>sciret,</span> <span class='ocrx_word' id='word_1_898' title='bbox 2940 5543 3673 5621; x_wconf 57' lang='lat' dir='ltr'>quod-ante‘diemmuﬁs</span> 
     </span>
    </p>
   </div>
  </div>
