4134 6114
224 125 303 178 ‘Mi

1557 116 1937 176 sannones
1972 121 2309 189 omne.

3566 147 3675 205 N2

223 244 465 313 intelligit
506 244 946 338 misericordias
979 239 1486 338 DominiitDioit“
1500 242 1831 311 Apostulus
1902 245 1954 298 Α
1995 262 2239 338 semper
2277 250 2397 308 sub
2448 252 2660 309 divino
2709 256 2937 327 judicio
2978 262 3277 338 timentes,
3325 268 3673 329 nullatenus
3775 277 3780 282 ’

226 338 452 407 Oquam
496 337 911 392 inscrutabiles
952 336 1056 391 via:
1104 333 1400 389 Domini?
1432 332 1606 385 Rom.
1643 348 1722 387 x1.
1758 334 1876 405 33.)

228 427 506 482 Universz
537 431 735 481 autem
767 427 880 481 vim
900 424 1130 480 Domini
1159 420 1611 484 misericorvlia,
1642 427 1695 475 et
1718 423 1873 476 veri-

228 522 306 571 tas
350 515 529 586 (Psal.
568 514 734 582 xxw',
771 516 875 584 10).
916 515 1075 579 Quas
1124 511 1279 567 idem
1330 509 1671 578 Apostolus
1730 526 1871 566 cum

226 602 565 677 perscrutari
595 603 899 668 vetuisset,
931 602 1113 657 dixit:
1144 601 1193 655 Θ
1215 600 1419 656 homo.
1447 603 1515 652 tu
1549 600 1653 669 qui
1680 613 1738 653 es
1766 600 1877 669 qui

228 693 525 763 respondes
559 694 677 747 Deo
698 695 725 746 ?
755 691 940 764 (Rom.
969 707 1047 760 ix,
1076 692 1185 760 ιο.)
1209 693 1407 744 llomo
1450 703 1720 759 namque
1762 703 1869 741 vo-

230 771 383 838 catur
428 782 506 837 ab
550 782 765 848 humo,
796 780 959 853 quod
1001 794 1219 835 nomen
1250 777 1329 832 ad
1357 776 1481 833 hoc
1519 776 1870 850 interposuit

230 876 289 927 ut
324 871 380 926 in
423 871 556 943 ipso
606 886 722 925 suo
748 869 991 924 nomine
1032 870 1358 937 cognoscat
1380 866 1570 923 homo
1598 865 1763 940 quod
1791 864 1871 920 ad

229 960 321 1017 Dei
340 960 560 1031 judicia
588 959 1028 1031 perscrutanda
1059 972 1453 1029 nequaquam
1492 956 1745 1013 idoneus
1776 954 1868 1010 sit.

225 1049 279 1104 Si
305 1065 458 1119 ergo,
491 1048 571 1103 ait
600 1048 993 1116 Augustinus,
1042 1062 1165 1102 non
1213 1046 1303 1100 vis
1357 1060 1577 1109 errare,
1618 1061 1723 1101 cur
1768 1044 1870 1108 ita,

227 1137 313 1191 vel
333 1152 446 1191 non
476 1136 556 1192 ita
581 1136 676 1201 sit,
702 1134 827 1191 noli
848 1135 1163 1191 discutere.
1188 1137 1255 1190 Et
1272 1134 1416 1190 item
1439 1134 1757 1204 Gregorius
1777 1132 1874 1189 ille

226 1224 610 1296 dulciloquus.
656 1222 813 1279 Nihil
841 1223 1079 1277 evenire
1125 1226 1338 1295 potest,
1370 1237 1495 1278 non
1524 1223 1691 1295 quod
1720 1226 1876 1278 Deus

227 1318 323 1368 aut
340 1314 515 1368 iratus
535 1311 900 1384 permiserit,
926 1315 1029 1367 aut
1052 1310 1321 1382 placatus
1344 1309 1676 1368 indulserit.
1702 1310 1878 1377 Quod

227 1406 410 1459 autem
436 1402 721 1474 patimur,
752 1416 824 1456 eo
854 1400 989 1472 ipso
1012 1400 1247 1470 justum
1276 1414 1409 1455 esse
1434 1405 1685 1467 constat,
1712 1400 1879 1472 quod

228 1508 345 1547 non
364 1492 430 1546 sit
458 1506 581 1546 non
611 1490 936 1545 ordinante
969 1492 1107 1556 Deo,
1137 1488 1246 1560 qui
1272 1488 1418 1543 nihil
1442 1493 1638 1562 potest
1684 1490 1878 1546 facere

229 1581 449 1651 injuste.
480 1580 574 1633 Vis
600 1584 809 1634 autem
829 1578 1303 1650 dispensationis
1328 1578 1458 1648 ejus
1485 1594 1879 1652 nequaquam
1909 1590 1950 1644 Β

231 1668 389 1724 vitari
437 1672 651 1740 potest,
687 1667 796 1721 sed
827 1667 986 1722 hanc
1038 1666 1150 1721 sibi
1202 1665 1461 1723 militum
1508 1666 1883 1740 levigat,qui

231 1757 455 1812 subdito
505 1756 705 1811 cordis
744 1756 1003 1811 humero
1052 1759 1268 1827 sponte
1312 1770 1447 1811 eam
1475 1761 1692 1828 portat.
1728 1756 1884 1812 Psal-

232 1848 399 1903 mista
424 1861 670 1918 quoque
699 1844 914 1900 videns
944 1860 1161 1917 pacem
1193 1847 1600 1916 peccatorum,
1631 1848 1686 1900 et
1714 1844 1883 1918 quod

230 1936 287 1991 in
336 1934 531 1990 labore
579 1932 899 1989 hominum
956 1948 1083 1989 non
1132 1937 1294 2003 sunt,
1349 1933 1457 1988 sed
1503 1933 1777 1989 obtinent
1821 1933 1883 1988 in

232 2024 471 2080 sacculos
497 2023 757 2090 divitias,
787 2038 943 2095 pene
988 2026 1189 2078 motos
1241 2027 1678 2079 commemorat
1725 2039 1887 2092 gres-

232 2132 329 2171 sus
349 2130 517 2178 suos;
549 2129 622 2169 eo
647 2113 812 2186 quod
860 2113 993 2185 ipse
1023 2111 1201 2167 fuerit
1230 2116 1353 2168 tota
1399 2112 1494 2168 die
1523 2111 1881 2181 ﬂagellatus,

232 2209 285 2260 et
304 2203 533 2259 illorum
560 2202 837 2275 impietas
868 2201 1047 2274 quasi
1076 2217 1149 2256 ex
1181 2201 1357 2272 adipe
1388 2201 1639 2257 ﬂuxerit.
1678 2204 1745 2257 Et
1774 2217 1882 2257 na-

233 2295 447 2349 tionem
474 2291 734 2347 ﬁliorum
766 2292 864 2347 Dei
888 2291 1020 2346 sine
1048 2305 1230 2345 causa
1254 2288 1646 2360 justiﬂcatam
1678 2292 1883 2347 crede-

233 2382 463 2445 ret,nisi
478 2382 540 2436 in
573 2381 912 2459 novissimis
938 2378 1250 2450 utriusque
1272 2378 1457 2449 partis
1478 2378 1881 2435 intellexisset.

233 2475 299 2528 Et
326 2473 437 2527 hoc
462 2471 543 2527 illi
590 2470 765 2526 labor
794 2470 986 2525 fuerat
1014 2488 1027 2524 :
1062 2482 1188 2523 non
1212 2467 1273 2522 in
1303 2468 1596 2539 potentias
1628 2470 1885 2535 Domini,

231 2562 347 2617 hoc
372 2565 459 2616 est
488 2560 549 2615 in
581 2576 816 2615 sacram
843 2558 1235 2629 Scripturam,
1266 2556 1495 2611 intrans
1526 2556 1885 2627 addisceret,

230 2649 394 2724 quod
422 2650 657 2705 timenti
680 2650 864 2704 Deum
901 2648 1045 2702 bene
1068 2647 1182 2702 erit
1212 2646 1277 2700 in
1306 2646 1621 2700 novissimo
1670 2646 1883 2713 (Eccli.

231 2754 272 2807 ι,
311 2737 414 2805 13).
446 2739 551 2792 Et:
606 2736 702 2790 Va:
741 2735 922 2803 impio
953 2735 1015 2789 in
1065 2733 1315 2787 malum.
1348 2733 1682 2787 Relributio
1730 2735 1886 2788 enim

228 2843 512 2883 manuum
557 2828 685 2895 ejus
712 2825 817 2893 ﬁet
864 2825 919 2880 ei
959 2826 1208 2891 (130.111,
1246 2822 1353 2891 Η).
1406 2824 1472 2875 Et
1503 2838 1516 2875 :
1552 2821 1668 2887 Qui
1692 2824 1888 2889 iustus

1988 336 2204 431 altiora
2237 340 2417 396 nobis
2450 358 2722 415 quaerere
2771 336 3265 418 praesumamus.
3296 358 3466 431 Saepe
3508 361 3673 418 enim

1986 426 2212 481 mentis
2243 434 2465 484 nostra:
2495 432 2657 487 acies
2676 449 2801 505 quo
2828 436 2963 508 plus
2996 456 3235 499 cernere
3270 426 3495 514 nititur,
3530 449 3673 506 obs-

1988 520 2264 583 curatur,
2316 519 2462 589 quia
2520 537 2659 577 cum
2715 523 3058 596 importune
3111 533 3215 602 qui
3270 520 3474 591 radios
3526 537 3671 595 solis

1991 602 2236 691 aspicit,
2265 604 2407 661 inde
2462 608 2609 664 nihil
2663 611 2865 667 videre
2920 617 3311 691 compellitur,
3342 624 3504 680 unde
3540 641 3670 682 am-

1991 689 2166 760 plius
2206 693 2411 750 videre
2452 703 2722 754 conatur.
2772 700 2824 757 Si
2878 708 3079 758 autem
3132 689 3313 777 penes
3364 728 3473 767 vos
3507 713 3670 770 bona

1999 793 2198 849 opera
2229 785 2744 857 superabundant,
2773 790 2890 845 hoc
2932 797 3104 847 vetus
3144 800 3516 855 consuetudo
3558 805 3664 869 est,

2003 869 2159 936 quia
2190 886 2424 943 semper
2450 874 2606 930 illius
2633 877 2749 931 loci
2778 877 2987 934 incolae
3008 883 3231 938 meritis
3256 883 3420 941 beati
3441 888 3668 944 Martini

2006 956 2222 1027 adjuti,
2252 965 2307 1014 et
2333 960 2460 1032 ipsa
2490 964 2619 1033 ejus
2652 965 3000 1023 claritudine
3032 973 3278 1037 attracti,
3321 977 3667 1031 conversari

2004 1043 2224 1102 devote
2270 1058 2724 1122 consueverunt,
2758 1058 3045 1126 quoniam
3076 1074 3213 1114 eum
3243 1077 3426 1133 quem
3458 1067 3665 1131 gentes

2000 1134 2191 1190 etiam
2214 1139 2561 1194 remotiores
2590 1140 2942 1205 gloriﬁcent,
2974 1143 3151 1198 nimis
3176 1146 3431 1218 impium
3460 1154 3551 1204 est
3598 1149 3662 1204 in

1997 1226 2281 1295 praesenti
2308 1227 2547 1293 habere,
2583 1234 2641 1283 et
2687 1245 2809 1284 non
2859 1230 2958 1302 pie
3002 1248 3077 1286 ac
3118 1242 3461 1291 reverenter
3484 1252 3662 1292 vene-

1993 1315 2135 1369 rari.
2166 1319 2387 1370 Tamen
2418 1317 2549 1388 ipsa
2575 1317 2735 1373 bona
2766 1336 2947 1391 opera
2976 1336 3097 1375 non
3124 1322 3277 1377 adeo
3304 1340 3458 1396 pura
3490 1328 3654 1393 sunt,

1993 1407 2062 1457 ut
2086 1404 2323 1475 penitus
2347 1404 2540 1477 culpa)
2569 1405 2848 1461 sordibus
2884 1413 3142 1464 careant.
3167 1410 3462 1481 Scriptum
3487 1428 3659 1467 nam-

1991 1508 2111 1563 que
2141 1497 2271 1547 est:
2320 1494 2461 1547 Non
2488 1500 2570 1548 est
2613 1498 2819 1562 justus
2864 1498 2974 1565 qui
3020 1512 3139 1551 non
3180 1505 3383 1566 peccet
3430 1500 3653 1566 (Eccle.

1990 1598 2090 1648 vn,
2124 1584 2235 1652 2t).
2259 1584 2617 1639 Malediccus
2638 1586 2825 1639 omnis
2854 1586 2961 1655 qui
2981 1585 3141 1653 facit
3165 1602 3311 1655 opus
3349 1589 3656 1657 Deifrau-

1991 1671 2284 1726 dulenter
2331 1672 2472 1741 (Jer.
2527 1688 2721 1737 xmm,
2759 1674 2868 1742 t0),
2917 1678 2979 1728 et
3026 1673 3321 1728 desidiose
3379 1674 3657 1731 fraudem

1970 1759 2133 1815 “facit
2156 1761 2426 1832 privatus
2456 1778 2649 1829 amor,
2682 1762 2978 1818 desidiam
3012 1779 3155 1818 vero
3203 1763 3399 1818 cordis
3428 1769 3655 1836 torpor.

1994 1849 2289 1906 Fraudem
2327 1850 2388 1904 in
2423 1850 2522 1905 Dei
2553 1866 2734 1922 opere
2764 1850 2926 1920 facit,
2955 1851 3059 1924 qui
3088 1866 3200 1923 pro
3230 1866 3302 1906 eo
3328 1850 3565 1908 laudari
3594 1869 3657 1909 se

1992 1940 2173 2010 cupit.
2210 1938 2509 1993 Desidiam
2530 1955 2675 1993 vero
2704 1938 2973 2005 incurrit,
2996 1939 3100 2011 qui
3132 1954 3167 1993 a
3195 1938 3529 1995 devotionis
3551 1940 3660 1997 fer-

1989 2043 2131 2083 vore
2163 2027 2430 2099 tepescit,
2462 2032 2518 2083 et
2544 2044 2700 2099 opus
2729 2027 2967 2083 bonum
3000 2028 3205 2096 magis
3222 2044 3340 2083 usu
3362 2029 3657 2100 exigente,

1993 2133 2178 2190 quam
2211 2106 2531 2172 devotione
2556 2116 2874 2186 excitante,
2904 2116 3155 2189 peragit.
3189 2117 3483 2182 Quoniam
3513 2135 3658 2190 ergo

1994 2206 2186 2279 culpae
2217 2206 2513 2278 surreptio
2540 2205 2640 2259 vix
2667 2207 2726 2259 in
2760 2205 2901 2278 ipsa
2929 2206 3093 2261 bona
3124 2206 3350 2263 actione
3382 2208 3657 2276 vincitur,

1994 2300 2267 2368 superest
2296 2299 2359 2349 ut
2380 2294 2440 2349 in
2472 2294 2607 2367 ipso
2636 2293 2798 2349 bono
2826 2311 3012 2367 opere
3044 2311 3285 2369 semper
3313 2297 3657 2356 timeamus.

1992 2388 2082 2440 An
2105 2383 2252 2438 levis
2278 2388 2479 2438 reatus
2518 2388 2627 2449 est,
2658 2388 3124 2440 sacrosanctum
3154 2387 3509 2459 mysterium
3538 2388 3665 2445 sine

1991 2471 2219 2541 ingenti
2266 2476 2452 2535 metu,
2504 2475 2561 2526 et
2591 2470 2843 2526 sollicita
2876 2474 3232 2547 reverentia,
3264 2480 3319 2533 et
3347 2478 3669 2543 conﬁcere,

1993 2560 2089 2616 vel
2116 2559 2474 2632 participare
2494 2559 2527 2615 ἱ)
2553 2559 3068 2632 Quandoquidem
3096 2566 3267 2633 juxta
3289 2569 3676 2640 Apostolum,

1994 2649 2099 2723 qui
2128 2651 2241 2705 hoc
2262 2665 2387 2704 non
2413 2649 2715 2718 discernit,
2744 2653 2803 2704 et
2824 2651 2913 2706 ad
2938 2652 2999 2706 id
3024 2655 3334 2721 agendum
3374 2660 3682 2731 probatus

1995 2755 2119 2795 non
2147 2743 2252 2804 est,
2275 2738 2570 2809 judicium
2602 2738 2713 2793 sibi
2758 2740 2963 2795 sumit.
2998 2742 3055 2798 Si
3108 2744 3267 2801 enim
3310 2747 3370 2802 in
3417 2748 3684 2809 exordio

1996 2827 2245 2883 novellis
2276 2826 2731 2882 Christianitatis
2755 2827 2927 2882 multi
2956 2845 3028 2883 oc
3080 2830 3197 2887 hoc
3227 2839 3283 2889 et
3310 2824 3680 2914 imbecilles,

225 2917 435 2987 fuerit,
464 2930 585 2970 non
618 2913 844 2969 levabit
871 2917 1075 2982 caput,
1110 2916 1420 2967 saturat-us
1478 2912 1809 2979 afﬂictione
1835 2916 1889 2966 et
1921 2940 1960 2993 θ
1998 2921 2054 2973 et
2080 2915 2296 2970 mortui
2322 2921 2491 2971 erant
2519 2930 2797 2987 corpore;
2822 2921 3056 2987 quanto
3088 2921 3280 2990 magis
3311 2939 3516 2998 nunc,
3541 2912 3678 2990 cum

228 3006 467 3061 miseria
496 3004 628 3073 (Job
657 3020 712 3068 x,
740 3003 847 3072 l5).
882 3001 997 3069 Qui
1025 3004 1226 3056 autem
1257 3001 1474 3069 impius
1495 3000 1705 3069 fuerit,
1739 2999 1892 3055 sicut

226 3093 343 3149 iltic
372 3091 772 3166 praemittitur,
797 3105 884 3145 vae
912 3091 1028 3158 illi,
1053 3088 1337 3158 quoniam
1360 3088 1555 3157 imago
1586 3101 1787 3142 eorum
1809 3086 1890 3141 ad

228 3183 485 3239 nihilum
507 3183 570 3237 in
601 3182 843 3237 civitate
866 3180 974 3235 Dei
1002 3178 1345 3247 redigetur:
1367 3182 1418 3231 et
1442 3177 1543 3231 isti
1568 3177 1673 3246 qui
1698 3181 1891 3231 mente

226 3278 368 3329 sunt
392 3273 565 3341 quasi
585 3272 950 3339 jumenrum,
978 3283 1112 3323 cum
1139 3266 1339 3335 gloria
1377 3266 1797 3333 suscipientur,
1834 3271 1891 3320 et

228 3367 408 3418 erunt
463 3376 597 3415 cum
652 3359 773 3413 Deo
820 3358 1008 3427 (Psal.
1058 3370 1233 3419 Lxxu,
1264 3355 1377 3420 20).
1408 3352 1695 3418 Quamvis
1747 3369 1890 3423 ergo

227 3451 435 3506 dicant
485 3447 743 3513 erronei,
771 3446 1068 3519 populum
1096 3443 1265 3498 illum
1313 3443 1578 3509 beatum,
1626 3457 1889 3513 quorum

225 3538 336 3595 ﬁlii
383 3542 522 3593 sunt
569 3537 721 3592 sicut
774 3534 1023 3591 novellae
1071 3531 1469 3605 plantationes
1518 3535 1575 3587 et
1626 3546 1884 3601 quorum

225 3627 400 3702 pueri
428 3626 727 3682 exsultant
754 3623 1011 3694 lusibus,
1042 3623 1103 3677 in
1131 3638 1394 3694 quorum
1414 3619 1623 3693 plateis
1648 3632 1769 3676 non
1800 3624 1890 3676 est

227 3718 463 3774 clamor
482 3721 541 3772 et
558 3720 784 3771 caeteras
805 3730 942 3786 quae
967 3712 1085 3767 illic
1106 3711 1387 3766 dicuntur
1408 3727 1420 3764 :
1446 3710 1667 3766 Beatus
1691 3714 1893 3765 tamen

224 3808 339 3863 ille
369 3811 473 3871 est,
502 3809 568 3861 ut
591 3804 672 3861 ait
700 3802 1034 3868 Psalmista,
1069 3803 1242 3869 cujus
1274 3805 1365 3855 est
1385 3801 1677 3855 Dominus
1730 3800 1890 3854 Deus

226 3897 361 3966 ejus
393 3894 580 3964 (Psal'.
613 3907 792 3953 xxxn,
828 3892 935 3961 t2).
966 3892 1032 3944 Et
1062 3888 1218 3943 sicut
1246 3887 1363 3943 alia
1392 3886 1696 3958 Scriptura
1716 3886 1889 3941 dicit:

224 3986 461 4040 Beatus
488 3983 660 4037 homo
689 3981 794 4051 qui
824 3979 1156 4048 corripitur
1184 3992 1222 4033 a
1255 3977 1507 4032 Domino
1529 3976 1662 4045 (Job
1686 3992 1745 4041 v,
1785 3979 1890 4043 i7),

224 4071 428 4129 multa
484 4071 599 4127 alia
657 4074 799 4125 sunt
847 4066 1219 4139 hujusmodi,
1260 4064 1489 4138 quibus
1541 4063 1894 4132 ostenditur,

1994 3007 2121 3077 jam
2152 3002 2527 3059 manifestior
2585 3008 2677 3058 est
2705 3018 2910 3070 causa,
2943 3006 3162 3062 animae
3192 3010 3544 3080 periculum
3582 3021 3674 3077 in-

2001 3091 2297 3148 curritur?
2329 3094 2399 3147 Ut
2426 3090 2586 3146 enim
2615 3090 2675 3145 in
2705 3089 2877 3146 dictis
2903 3093 3147 3149 Patrum
3177 3096 3510 3172 invenitur,
3545 3109 3674 3165 nul.

2004 3182 2128 3237 lum
2183 3185 2497 3253 peccatum
2547 3184 2652 3243 est,
2685 3194 2796 3250 pro
2851 3197 2976 3252 quo
3028 3186 3153 3238 tam
3207 3183 3560 3257 frequenter
3605 3197 3668 3254 in

2006 3269 2237 3326 mundo
2265 3269 2647 3325 adversitates
2673 3268 3072 3327 crebrescant.
3102 3276 3187 3327 An
3217 3288 3439 3343 parum
3471 3287 3568 3337 est
3602 3285 3665 3341 in

2008 3356 2349 3431 psalmodia
2389 3373 2530 3413 cum
2580 3359 2699 3413 Deo
2748 3356 2959 3430 loqui?
2987 3362 3053 3415 Εἰ
3101 3360 3304 3415 nescio
3352 3364 3505 3435 quid
3561 3377 3668 3429 aut

2014 3446 2145 3517 vile,
2177 3450 2279 3501 aut
2306 3446 2485 3501 etiam
2515 3449 2708 3517 turpe,
2740 3446 2865 3502 sine
2894 3446 3090 3503 cordis
3137 3447 3471 3508 retinaculo
3499 3458 3663 3526 cogi-

2003 3538 2169 3592 tare?
2224 3536 2445 3591 Sensus
2503 3534 2676 3601 inest,
2727 3552 2867 3590 cum
2920 3536 3273 3591 hominibus
3326 3549 3664 3602 reverenter

2000 3624 2165 3697 loqui
2195 3642 2207 3691 ;
2242 3627 2301 3680 et-
2328 3640 2473 3679 cura
2500 3623 2670 3679 deest
2698 3624 2912 3680 devote
2961 3627 3080 3680 Deo
3124 3625 3483 3697 supplicare.
3512 3633 3662 3686 Nam

2001 3714 2107 3786 qui
2136 3712 2211 3767 de
2241 3712 2491 3768 formica
2539 3712 2822 3784 loquitur,
2867 3712 3049 3768 habet
3077 3729 3213 3768 eam
3243 3718 3386 3770 tunc
3438 3716 3500 3772 in
3535 3734 3662 3774 me-

2001 3802 2213 3866 moria,
2247 3806 2304 3856 et
2351 3805 2513 3856 tanta
2542 3816 2657 3867 res,
2692 3805 2756 3856 ut
2802 3804 2908 3869 est,
2942 3817 3082 3856 cum
3140 3804 3261 3856 Deo
3300 3801 3487 3875 loqui,
3521 3822 3662 3862 cum

1999 3891 2191 3964 ipsius
2239 3889 2538 3945 oblivione
2597 3889 2921 3961 peragitur.
2979 3888 3121 3953 Quis
3177 3889 3483 3947 interdum
3538 3909 3663 3949 non

2002 3977 2213 4035 avertit
2237 3992 2445 4033 aurem
2478 3992 2517 4033 a
2539 3976 2803 4032 clamore
2831 3976 3114 4049 pauperis
3135 3978 3169 4031 ‘l
3191 3976 3327 4048 quis
3357 3992 3482 4032 non
3510 3979 3661 4036 iras-

2003 4068 2154 4124 citur
2176 4065 2475 4138 pauperi?
2508 4068 2657 4120 Nam
2682 4069 2739 4120 et
2764 4063 2875 4136 qui
2891 4063 3112 4119 exaltat
3140 4079 3250 4119 cer.
3273 4080 3474 4131 suum,
3513 4066 3661 4122 abo-

223 4160 403 4235 quod
432 4161 559 4216 hinc
589 4158 842 4232 quaestio
872 4155 1357 4230 quamplurimos
1394 4157 1613 4223 teneat,
1645 4157 1699 4208 et
1725 4153 1896 4225 quod
2004 4154 2307 4212 minabilis
2355 4158 2442 4210 est
2484 4153 2647 4226 apud
2666 4156 2874 4209 Deum.
2903 4152 3046 4218 Quis
3073 4157 3345 4208 nostrum
3374 4154 3664 4211 veraciter
3742 4196 3747 4203 «

223 4248 577 4318 investigari
601 4247 849 4320 quidem
865 4261 991 4301 non
1010 4244 1216 4316 possit.
1236 4241 1349 4299 Sed
1375 4245 1577 4297 tamen
1606 4241 1683 4299 ad
1710 4241 1892 4297 tinem
1924 4291 1968 4320 η
2006 4245 2167 4301 dicat
2204 4244 2458 4300 Domino
2492 4260 2504 4297 :
2535 4243 2673 4298 Non
2732 4248 2813 4299 est
2873 4243 3209 4299 exaltatum
3254 4258 3361 4299 cor
3408 4259 3607 4301 meum
3635 4249 3664 4301 ?

224 4338 549 4410 utriusque
574 4337 761 4411 partis
793 4333 1228 4391 recurrendum
1282 4331 1373 4400 sit,
1406 4335 1463 4413 et
1489 4330 1897 4388 indubitanter
1922 4329 1967 4346 ⁵¹
2005 4334 2173 4389 Psal.
2196 4347 2359 4398 cxxx,
2397 4331 2470 4402 ὑ.)
2498 4330 2645 4396 Quis
2668 4329 2867 4400 diligit
2889 4346 3137 4386 omnem
3155 4332 3501 4403 prox-imum
3528 4336 3663 4388 tan-

224 4426 576 4497 sciendum,
606 4426 768 4499 quod
806 4425 853 4480 si
878 4424 1080 4495 justus
1104 4422 1203 4477 hic
1230 4420 1457 4491 recipit,
1481 4418 1673 4475 multo
1698 4420 1895 4490 magis
2006 4436 2194 4493 quam
2220 4420 2486 4493 seipsum
2506 4419 2534 4474 7
2564 4422 2670 4474 aut
2697 4418 2832 4491 quis
2872 4418 2933 4473 in
2965 4418 3093 4474 solo
3149 4420 3405 4475 Domino
3453 4419 3665 4489 gloria-

219 4516 460 4588 iInpius
489 4520 545 4571 et
573 4518 850 4588 peccator
898 4510 1144 4583 recipiet
1186 4509 1247 4565 in
1292 4509 1512 4564 futuro.
1549 4511 1614 4564 Et
1660 4509 1709 4563 si
1736 4524 1898 4565 nunc
2006 4509 2323 4564 muriNos
2342 4507 2642 4567 interdum
2671 4506 2732 4562 in
2755 4522 2939 4579 opere
2963 4507 3279 4562 textricum
3314 4507 3660 4576 gloriamur,
3702 4565 3715 4574 κ

222 4610 324 4663 est
356 4604 627 4675 Babylon
656 4604 827 4677 quasi
861 4616 1080 4658 aureus
1110 4599 1262 4655 calix
1316 4597 1626 4653 inebrians
1670 4602 1901 4653 amato-
2010 4614 2149 4653 cum
2180 4596 2467 4669 scriptum
2495 4596 2570 4653 sit
2600 4613 2612 4650 :
2645 4597 2734 4651 Ne
2761 4596 3037 4665 glorieris
3057 4596 3120 4650 in
3149 4597 3365 4651 vestitu
3396 4611 3662 4666 unquam

218 4711 328 4751 res
362 4710 527 4761 suos,
561 4693 764 4750 audiet
804 4697 1006 4764 tamen
1039 4706 1076 4745 a
1128 4703 1390 4762 superno
1415 4686 1616 4757 judice
1648 4704 1667 4741 ει
1697 4688 1898 4755 Quan-
2012 4687 2220 4757 (Eccli.
2242 4703 2325 4753 xx,
2348 4689 2424 4758 4).
2456 4689 2523 4741 Et
2543 4689 2703 4740 certe
2725 4684 2954 4740 Veritas
2970 4684 3115 4739 nihil
3130 4683 3321 4755 jubet,
3347 4700 3470 4740 non
3494 4685 3664 4757 quod

222 4791 365 4841 tum
395 4785 459 4839 in
498 4784 725 4840 deliciis
752 4782 896 4853 fuit,
932 4785 1167 4836 tantum
1199 4769 1421 4834 date‘ei
1473 4778 1700 4833 luctum
1729 4782 1782 4832 et
1813 4792 1900 4833 om

216 4873 449 4945 (-‘Apoc;
502 4888 656 4938 xm,
687 4871 762 4942 ‘7).
796 4866 1164 4925 Hierusalem
1214 4883 1359 4922 vero
1407 4882 1543 4939 quin
1598 4880 1761 4921 nunc
1814 4867 1903 4920 est

218 4959 633 5036 paupercula,
662 4964 721 5016 et
744 4959 1096 5030 tempestate
1127 4954 1435 5018 convulsa,
1469 4954 1671 5010 audiet
1720 4953 1902 5010 verba

219 5038 406 5108 bona
425 5057 483 5107 et
510 5049 911 5107 consolatorie
931 5046 1010 5103 ab
1035 5044 1271 5113 angelo,
1299 5044 1405 5116 qui
1429 5047 1544 5100 stat
1567 5044 1717 5100 inter
1746 5057 1904 5114 myr-

215 5144 385 5210 teta,
416 5156 555 5196 cum
582 5141 634 5196 ei
676 5138 893 5195 dixerit
925 5154 937 5192 :
966 5138 1307 5204 Parumper
1352 5134 1639 5189 abscondi
1682 5134 1902 5202 faciem

214 5245 434 5286 meam
477 5244 514 5285 a
562 5235 633 5295 te,
690 5228 793 5284 sed
846 5240 1008 5282 nunc
1053 5226 1114 5279 in
1165 5222 1642 5279 miserationibus
1698 5221 1903 5275 multis

217 5318 601 5375 consolabor
624 5324 682 5374 te
706 5318 846 5388 (Isa.
878 5330 990 5380 Liv,
1036 5313 1112 5383 8).
1143 5310 1455 5367 Rationem
1499 5309 1678 5400 igitur
1724 5308 1930 5400 hujuqu

214 5406 319 5462 rei
382 5421 769 5479 nequaquam
828 5402 1076 5459 reddere
1133 5415 1483 5472 possumus.
1531 5398 1652 5452 Hoc
1702 5398 1923 5479 tamen},

215 5409 319 5462 rei
382 5421 769 5479 nequaquam
828 5409 1076 5459 reddere
1133 5415 1483 5472 possumus.
1531 5409 1652 5452 hoc
1702 5409 1913 5471 tamen.

215 5495 487 5551 interim
515 5494 787 5561 occurrit,
811 5491 979 5565 quod
1008 5505 1146 5547 cum
1172 5488 1351 5546 bonis
1380 5487 1537 5544 male
1567 5490 1674 5553 est,
1696 5490 1754 5541 et
1782 5409 1935 5634 mai

218 5584 307 5634 δίε
369 5583 546 5634 bene-
573 5588 633 5634 et
675 5587 894 5634 caetera
930 5585 996 5634 ut
1044 5592 1229 5634 supra
1266 5594 1280 5634 :
1328 5591 1521 5633 unum
1567 5573 1807 5634 expedit
1840 5589 1883 5629 ιι

214 5584 307 5652 [is
368 5583 546 5652 bene,
573 5588 633 5640 et
675 5587 894 5643 cetera
930 5585 996 5637 ut
1044 5592 1229 5651 supra
1266 5594 1280 5634 :
1328 5591 1521 5633 unum
1567 5573 1807 5646 expedit
1840 5589 1883 5629 ιι

2013 4791 2257 4847 aequum
2286 4779 2344 4830 et
2369 4772 2652 4846 possibile
2685 4772 2778 4827 sit.
2812 4774 2957 4838 Quae
3006 4777 3208 4828 tamen
3260 4772 3667 4829 V‘eritasaﬂir-

2012 4868 2156 4930 mat,
2175 4863 2319 4935 quia
2334 4878 2530 4934 neque
2556 4876 2716 4917 unus
2739 4876 2911 4933 apex,
2931 4876 3131 4933 neque
3149 4877 3341 4917 unum
3371 4862 3494 4918 iota
3512 4878 3666 4934 pras-

2012 4952 2178 5009 teriet
2205 4968 2241 5007 a
2271 4956 2395 5007 tota
2418 4950 2567 5021 lege,
2598 4954 2805 5005 utnon
2831 4948 3184 5022 requiratur.
3203 4949 3322 5005 Sed
3342 4950 3477 5006 haec
3501 4954 3558 5007 et
3570 4949 3665 5004 his

2011 5040 2229 5096 similia
2252 5039 2430 5095 bonis
2461 5038 2735 5095 accidere
2753 5037 2963 5094 solent.
2998 5035 3322 5095 Pravorum
3345 5043 3668 5107 transgres-

2012 5129 2211 5185 siones
2240 5128 2429 5184 multo
2457 5127 2762 5199 graviores
2792 5132 2967 5183 sunt:
3000 5132 3224 5197 gentes,
3257 5143 3394 5198 quae
3422 5124 3668 5192 diligen-

2010 5222 2100 5274 tes
2130 5234 2201 5274 ea
2228 5234 2366 5290 quae
2392 5218 2453 5273 in
2486 5217 2717 5274 mundo
2747 5221 2907 5288 sunt,
2938 5217 3283 5272 oharitntem
3315 5212 3498 5286 patris
3520 5211 3667 5267 ami-

2013 5311 2236 5375 serunt,
2270 5311 2327 5363 et
2356 5322 2469 5379 per
2488 5306 2817 5363 amicitiam
2840 5304 3053 5360 mundi
3070 5301 3295 5357 inimici
3324 5300 3429 5356 Dei
3453 5299 3667 5355 consti-

2012 5399 2278 5452 tuuntur.
2309 5398 2583 5452 Ventrem
2616 5411 2792 5451 suum
2820 5392 3069 5466 quidam
3114 5390 3343 5446 habent
3368 5404 3479 5461 pro
3520 5391 3664 5461 Deo,

1987 5490 2169 5558 {quos
2188 5485 2403 5556 lugens
2434 5484 2773 5558 Apostolus,
2795 5479 3068 5537 inimicos
3094 5483 3323 5535 sanctas
3344 5478 3538 5537 crucis
3564 5494 3670 5551 ap-

2095 5572 2219 5635 Hat.
2249 5572 2351 5637 His
2376 5574 2483 5645 qui
2505 5573 2647 5631 vino
2675 5571 2948 5637 mearent,
2978 5582 3077 5623 vae
3121 5567 3533 5631 nominatim
3549 5581 3670 5625 vox
