4096 6138
495 165 599 220 743

1550 162 1606 218 8.
1649 160 1908 217 ODONIS
1944 157 2235 215 ABBATIS
2273 155 2772 215 CLUNIACENSIS
2811 157 2858 210 II

3737 135 3926 211 ’744

491 285 717 341 divina.
772 282 1185 340 Fornicatores
1217 287 1276 339 et
1304 283 1609 341 adulteros
1649 282 1944 356 judicabit
1977 285 2146 339 Deus.
2171 290 2224 344 Α
2261 283 2357 336 vir
2369 279 2953 350 pollutuslabiisego
2971 293 3124 346 sum,
3141 277 3525 335 etDominum
3545 279 3924 334 exercituum

493 378 742 440 Avarus,
778 376 840 428 ut
867 371 1082 428 beatus
1109 371 1426 442 Gregorius
1455 371 1616 437 dicit,
1665 388 1788 429 non
1819 374 1906 428 est
1952 370 2152 427 adhuc

491 461 642 517 liber
669 477 706 516 a
733 459 898 517 cultu
921 459 1242 517 idolorum.
1268 464 1416 516 Nam
1447 460 1497 516 si
1525 461 1660 533 quis
1691 460 2014 517 fornicator
2060 464 2153 516 est

493 552 597 604 aut
617 563 858 618 avarus,
880 552 986 606 aut
1012 547 1306 617 ebriosus,
1335 564 1474 604 cum
1495 547 1793 620 ejusmodi
1817 563 1928 604 nec
1948 546 2152 604 cibum

491 635 740 710 quidem
764 652 1006 694 sumere
1030 652 1140 692 vas
1161 635 1467 692 electionis
1489 636 1678 708 jubet.
1704 642 1919 693 Amare
1948 641 2149 693 autem

490 725 802 798 propriam
855 724 1108 795 gloriam
1156 729 1277 781 tam
1327 725 1558 795 grande
1605 730 1923 798 peccatum
1953 729 2060 792 est,
2087 729 2152 780 ut

490 814 681 870 Judaei
711 819 957 888 propter
985 815 1099 870 hoc
1127 814 1390 870 maxime
1428 815 1745 888 perﬁdiam
1774 815 2147 872 incurrerint.

496 903 818 970 Quomodo,
847 902 1043 975 inquit
1089 902 1400 972 Dominus,
1423 906 1666 974 potestis
1719 905 1978 975 credere,
2006 919 2148 974 pro-

486 992 690 1061 priam
715 992 975 1062 gloriam
1005 998 1274 1048 amantes
1321 991 1519 1064 (Joan.
1547 1009 1604 1064 ν,
1635 994 1751 1065 44.)
1779 992 1846 1049 Si
1867 994 1998 1064 quis
2027 994 2150 1049 vio-

495 1081 708 1136 laverit
739 1081 1024 1150 templum
1051 1082 1180 1150 Dei,
1199 1081 1498 1152 disperde!
1519 1083 1696 1139 illum
1723 1084 1880 1139 Deus
1906 1083 1989 1154 (ΙΙ
2006 1083 2146 1139 Cor.

494 1185 575 1240 111,
606 1170 712 1240 17).
739 1168 855 1226 Sed
891 1170 1170 1242 quamvis
1190 1170 1304 1226 hoc
1332 1169 1408 1226 de
1444 1170 1736 1244 spirituali
1753 1171 2151 1240 domo,valde

493 1261 834 1314 cavendum
883 1262 991 1326 est,
1023 1273 1099 1314 ne
1146 1258 1284 1331 quis
1312 1275 1450 1314 eam
1480 1258 1662 1315 faciat
1689 1259 1801 1315 nisi
1845 1259 2012 1334 quod
2039 1263 2149 1331 est,

492 1346 714 1402 domus
761 1345 1034 1403 videlicet
1082 1346 1387 1403 orationis.
1423 1351 1547 1404 Non
1593 1347 1755 1404 enim
1811 1349 1936 1405 sine
1965 1363 2151 1404 causa

493 1434 757 1491 Christus
788 1435 1080 1491 Dominus
1108 1451 1212 1491 eos
1236 1451 1344 1508 per
1365 1436 1760 1510 semetipsum
1801 1436 2148 1500 eliminavit,

493 1523 602 1580 sed
625 1523 688 1579 in
719 1539 946 1593 magna
970 1523 1439 1597 dispensatione,
1467 1529 1526 1581 et
1573 1525 1796 1598 ingenti
1847 1525 2037 1598 ipsius
2067 1524 2151 1580 rei

2261 367 2387 424 vidi
2405 369 2546 439 (Isa.
2570 377 2647 438 Vl,
2677 367 2750 438 5).
2777 365 2892 424 Sed
2914 365 2962 422 si
2983 362 3080 422 ille
3109 365 3216 439 qui
3244 364 3580 438 prophetali
3602 365 3784 422 oculo
3816 367 3928 422 Do-

2257 456 2492 513 minum
2513 455 2680 523 vidit,
2707 472 2820 512 sua
2846 455 3010 512 labia
3037 454 3268 528 polluta
3291 469 3428 510 esse
3447 453 3664 510 doluit:
3687 460 3924 527 quanto

2257 545 2453 616 magis
2479 545 2810 602 dolendum
2843 549 2934 601 est
2961 544 3158 612 nobis,
3186 543 3290 617 qui
3339 559 3557 617 corpus
3584 543 3778 616 ipsius
3811 547 3926 600 Do-

2258 635 2406 691 mini
2427 634 2585 690 intra
2610 633 2839 708 polluta
2856 633 3019 691 labia
3050 633 3370 702 sumimus,
3393 633 3526 702 etsi,
3549 632 3720 706 quod
3741 633 3923 700 absit,

2257 723 2542 780 manibus
2603 723 2898 794 sanguine
2965 723 3159 796 plenis
3223 721 3370 778 illud
3435 721 3872 793 contigerimus
3898 725 3926 778 ?

2259 811 2569 869 Psalmista
2595 812 2750 869 ﬁlios
2779 811 3008 869 alienos
3037 815 3232 879 vocat,
3259 827 3523 884 quorum
3549 826 3618 866 os
3647 811 3926 868 locutum

2257 903 2347 960 est
2367 899 2716 957 vanitatem.
2750 899 2921 966 Quod
2947 899 3001 956 si
3028 899 3103 955 de
3133 898 3306 955 labiis
3339 903 3460 954 tam
3505 897 3718 968 ingens
3763 899 3926 972 peri-

2259 989 2461 1046 culum
2493 989 2823 1048 sacrocolis
2837 989 3138 1059 imminet,
3179 991 3410 1062 quanto
3441 987 3634 1058 magis
3662 987 3740 1044 de
3771 989 3930 1045 reni-

2256 1077 2374 1135 bus
2393 1079 2422 1134 ‘t
2452 1081 2598 1135 Nam
2629 1077 2797 1152 quod
2821 1077 2969 1135 illud
3007 1076 3344 1151 periculum
3376 1076 3676 1150 praecipue
3705 1093 3930 1134 caven-

2257 1167 2406 1224 dum
2453 1168 2544 1235 sit,
2592 1183 2700 1240 per
2745 1167 2862 1225 hoc
2891 1171 3141 1240 apparet
3167 1166 3334 1240 quod
3363 1165 3478 1222 illis
3502 1166 3608 1239 qui
3635 1167 3717 1223 ad
3747 1183 3926 1224 esum

2257 1256 2398 1327 agni
2422 1261 2731 1327 vocantur,
2747 1257 2988 1329 jussum
3009 1261 3098 1313 est
3117 1256 3179 1312 in
3191 1255 3424 1329 primis,
3445 1259 3510 1312 ut
3529 1271 3706 1312 renes
3726 1257 3926 1313 accin-

2258 1351 2423 1416 gant.
2455 1347 2544 1402 Ad
2565 1345 2681 1402 hoc
2713 1345 2893 1402 etiam
2915 1344 3468 1402 commendandum
3490 1345 3815 1402 Zacharias
3847 1345 3924 1401 de

2258 1451 2330 1492 eo
2349 1434 2634 1508 loquitur,
2651 1435 2820 1508 quod
2835 1434 3156 1508 pulchrum
3176 1435 3326 1506 ejus,
3349 1439 3408 1490 et
3429 1434 3762 1508 pretiosum
3787 1445 3923 1506 ejus

2260 1523 2336 1581 sit
2364 1524 2733 1580 frumentum
2762 1528 2820 1579 et
2855 1523 3065 1580 vinum
3108 1522 3456 1595 germinans
3499 1523 3782 1594 virgines.
3832 1525 3924 1580 Ni-

490 1609 888 1667 inculcatione
940 1627 1048 1683 per
1107 1612 1376 1684 seipsum
1429 1612 1828 1682 negotiatores
1877 1613 2048 1685 ejecit
2075 1613 2150 1670 de
2179 1638 2218 1692 Β
2258 1613 2448 1670 mium
2474 1613 2604 1685 jam
2630 1612 3073 1686 progredimur,
3102 1611 3209 1670 sed
3233 1611 3404 1668 effari
3422 1627 3536 1668 nos
3561 1611 3704 1669 facit
3733 1612 3924 1669 indis-

492 1698 738 1772 templo,
767 1702 826 1754 et
852 1713 975 1754 non
1026 1698 1223 1755 solum
1253 1699 1421 1769 alios,
1455 1700 1564 1756 sed
1617 1701 1797 1758 etiam
1829 1702 2014 1776 ipsos,
2045 1701 2151 1776 qui

494 1785 810 1842 columbas
861 1785 940 1842 ad
972 1803 1155 1843 usum
1181 1787 1516 1845 holocausti
1545 1789 1906 1858 vendebant,
1950 1790 2153 1847 absce-

491 1873 632 1930 dere
678 1873 980 1947 praecepit.
1043 1875 1464 1949 Unusquisque
1514 1876 1716 1934 videat
1767 1878 2021 1951 qualiter
2054 1879 2150 1936 vel

495 1963 707 2021 Christi
735 1965 792 2020 et
817 1968 1161 2020 sanctorum
1191 1966 1572 2038 praesentiam
1595 1967 1865 2025 honoret.
1896 1967 2152 2041 Respicit

491 2052 652 2109 enim
668 2053 744 2110 de
760 2053 932 2124 coelo,
951 2053 1000 2109 si
1015 2059 1104 2110 est
1121 2053 1476 2128 intelligens,
1489 2060 1594 2114 aut
1609 2057 1920 2130 requirens
1935 2061 2148 2114 Deum.

492 2145 558 2198 Et
583 2142 886 2216 Scriptura
914 2141 996 2199 ait
1023 2159 1035 2198 :
1060 2145 1354 2214 Acceptus
1384 2151 1469 2201 est
1499 2147 1629 2217 regi
1677 2148 1950 2204 minister
1975 2147 2152 2204 intel-

493 2231 680 2302 ligens
705 2233 907 2298 (Prov.
933 2247 1046 2299 x1v,
1070 2232 1178 2304 35).
1213 2235 1360 2289 Nam
1390 2233 1440 2288 si
1469 2233 1576 2306 qui
1605 2234 1856 2292 verbum
1885 2235 2148 2292 otiosum

487 2319 551 2375 in
571 2319 890 2392 quadrivio
917 2319 1204 2394 loquitur,
1234 2321 1294 2377 in
1315 2321 1412 2378 die
1449 2321 1656 2394 judicii
1686 2323 1983 2382 rationem
2010 2324 2148 2382 red-

487 2409 608 2482 det,
634 2413 863 2482 quanto
889 2411 1085 2480 magis
1115 2410 1221 2483 qui
1250 2411 1312 2468 in
1341 2411 1474 2483 ipso
1503 2413 1606 2468 Dei
1634 2413 1858 2487 templo
1888 2413 2148 2472 scurrili-

491 2502 640 2554 tates
669 2498 848 2555 etiam
881 2503 986 2554 aut
1007 2498 1402 2556 detractiones
1431 2501 1812 2558 cornicantur
1831 2504 1858 2560 ?
1883 2504 2035 2559 Cum
2064 2505 2150 2562 vi-

489 2586 683 2641 disset
705 2589 937 2657 Moyses
965 2585 1190 2657 ignem,
1217 2587 1564 2645 defecerunt
1589 2589 1642 2646 ei
1667 2591 1874 2662 verba,
1897 2607 2006 2648 nec
2036 2610 2146 2650 au-

488 2673 673 2730 debat
692 2674 1007 2746 respicere.
1029 2677 1097 2731 Et
1110 2680 1264 2732 certe
1283 2677 1479 2748 major
1497 2679 1785 2750 majestas
1809 2679 1928 2752 hic,
1955 2698 2145 2754 quam

490 2762 813 2830 illic;cum
853 2762 1079 2819 ibidem
1128 2763 1205 2820 sit
1254 2765 1545 2823 habitatio
1594 2767 1696 2824 Dei
1739 2773 1798 2825 et
1822 2771 2146 2842 paradisus

489 2851 594 2908 ubi
623 2851 947 2908 audiantur
975 2868 1198 2910 arcana
1223 2853 1428 2924 verba,
1451 2870 1586 2928 qua:
1607 2872 1728 2913 non
1759 2857 1897 2915 licet
1911 2859 2144 2916 homini

487 2941 675 3014 loqui,
698 2941 760 2997 id
787 2945 896 3011 est,
921 2941 1036 2998 illis
1067 2943 1290 3016 quibus
1341 2943 1556 3001 dicitur
1583 2963 1596 3002 :
1643 2946 1790 3003 (Tum
1837 2949 1956 3006 sint
1985 2950 2144 3006 inter

488 3045 588 3086 vos
620 3031 779 3087 zelus
808 3036 862 3087 et
893 3033 1212 3099 contentio,
1231 3048 1430 3090 nonne
1448 3035 1712 3092 homines
1734 3036 1984 3109 estis?(I
2000 3038 2136 3094 Cor.

488 3137 566 3192 Ill,
599 3122 677 3192 3.)
710 3119 810 3176 Vel
833 3119 938 3192 qui
966 3135 1090 3177 non
1118 3120 1378 3177 refrenat
1413 3121 1685 3194 linguam
1710 3141 1904 3195 suam,
1930 3127 2032 3184 sed
2056 3144 2142 3184 se-

485 3210 637 3266 dens
682 3209 946 3282 loquitur
973 3208 1264 3267 adversus
1312 3210 1555 3268 fratrem
1606 3231 1807 3270 suum.
1861 3215 2140 3272 Videmus

485 3298 789 3370 quosdam
807 3297 914 3371 qui
937 3297 1210 3355 divinum
1236 3299 1590 3372 mysterium
1618 3301 2018 3376 frequentant,
2036 3306 2142 3362 sed

487 3387 638 3443 sicut
669 3384 820 3442 ordo
843 3385 1062 3442 divinae
1092 3387 1389 3444 servitutis
1407 3389 1606 3460 exigit,
1638 3390 1806 3463 prius
1831 3392 1946 3465 ipsi
1965 3393 2146 3451 debe-

483 3479 616 3531 rent
641 3473 771 3530 ﬁeri
797 3473 1180 3542 sacriﬁcium,
1212 3491 1319 3548 per
1348 3491 1450 3532 cor
1487 3477 1708 3534 scilicet
1737 3480 2056 3538 contritum
2086 3487 2142 3539 et

485 3561 886 3618 humiliatum.
919 3561 1197 3636 Alioquin
1224 3566 1565 3622 cavendum
1603 3571 1712 3636 est,
1739 3584 1816 3624 ne
1843 3569 1944 3626 tali
1974 3571 2142 3628 cuili-

482 3649 586 3705 bet
609 3648 842 3706 dicatur
867 3667 880 3705 :
910 3650 1179 3707 Dilectus
1202 3667 1365 3709 meus
1391 3655 1457 3710 in
1504 3655 1678 3711 domo
1735 3671 1866 3714 mea
1909 3660 2138 3717 malum

483 3743 765 3809 operatus
798 3744 883 3796 est
909 3755 923 3795 :
964 3742 1244 3813 nunquid
1271 3757 1483 3800 carnes
1511 3749 1736 3802 sancta
1758 3747 2140 3806 mundabunt

483 3845 616 3886 eum
632 3833 661 3885 ?
687 3829 832 3902 (Jer.
855 3846 920 3904 11,
953 3829 1058 3902 15.)
1083 3833 1151 3886 Et
1167 3831 1342 3890 item:
1367 3834 1442 3890 In
1469 3839 1634 3892 terra
1661 3841 2008 3894 sanctorum
2029 3839 2144 3896 ini-

482 3935 598 3992 que
620 3921 821 3992 gessit,
851 3937 972 3978 non
1019 3921 1240 3979 videbit
1263 3923 1523 3994 gloriam
1546 3925 1792 3983 Domini
1817 3927 1960 4000 (Isa.
1981 3945 2142 3998 xxw,

488 4010 610 4083 l0):
642 4012 712 4067 Et
755 4027 1005 4068 rursus:
1053 4012 1251 4080 Quare
1306 4015 1472 4071 calce
1521 4016 1788 4086 adjicitis
1839 4019 2140 4077 victimam

481 4113 672 4156 meam
689 4100 718 4154 ‘2
743 4100 804 4170 (Ι
825 4101 970 4172 Reg.
989 4117 1048 4170 ιι,
1073 4101 1190 4174 29.)
1216 4102 1390 4168 Quod
1412 4107 1551 4160 tunc
1581 4102 1647 4160 ﬁt
1675 4121 1815 4162 cum
1837 4106 2140 4179 negligen-

480 4190 569 4242 ter
592 4186 917 4245 Dominicai
946 4204 1171 4246 mensae
1201 4189 1590 4248 ministratur.
1624 4193 1790 4250 Unde
1817 4209 1926 4267 per
1955 4195 2138 4252 alium

481 4273 841 4346 prophetam
884 4277 1174 4350 queritur,
1220 4277 1426 4334 dicens
1475 4279 1801 4337 ministris:
1849 4284 1958 4340 Vos
2007 4299 2142 4341 con-

483 4364 746 4420 temnitis
787 4379 1049 4422 mensam
1094 4380 1308 4438 meam,
1339 4373 1396 4424 et
1436 4383 1542 4440 ego
1581 4369 1737 4426 dabo
1782 4385 1882 4428 vos
1911 4373 1976 4429 in
2005 4389 2141 4430 con-

483 4455 768 4520 temptum
820 4453 1060 4524 (Malae.
1091 4469 1130 4522 1,
1164 4458 1273 4522 12).
1310 4457 1378 4511 Et
1421 4455 1564 4512 item
1619 4456 1767 4514 alias
1819 4465 1992 4518 vocat
2036 4477 2140 4520 eos

480 4537 782 4614 principes
807 4539 1206 4598 Sodomorum
1235 4559 1248 4598 :
1285 4541 1410 4610 Quo
1433 4544 1602 4612 mihi,
1623 4544 1836 4619 inquit,
1867 4551 2140 4606 multitu-

480 4629 677 4686 dinem
709 4631 1088 4688 victimarum
1116 4636 1450 4689 vestrarum
1465 4633 1494 4689 ?
1513 4638 1569 4690 et
1588 4636 1721 4705 quis
1741 4639 2013 4708 quas-ivit
2029 4639 2140 4696 hoc

477 4721 552 4776 de
565 4719 839 4777 manibus
855 4721 1104 4778 vestris?
1123 4722 1262 4779 Non
1287 4723 1563 4794 offeratis
1589 4725 1758 4781 ultra
1776 4727 2136 4798 sacriﬁcium

347 4809 364 4819 '
477 4810 736 4877 frustra.
767 4811 1082 4867 Incensum
1129 4811 1492 4869 abominatio
1542 4819 1627 4870 est
1673 4815 1839 4871 mihi.
1891 4817 2138 4875 Neome-

479 4897 643 4954 niam
673 4904 729 4955 et
753 4899 1103 4970 Sabbatum,
1135 4906 1192 4957 et
1209 4902 1567 4970 festivitates
1588 4904 1746 4960 alias
1775 4917 1893 4961 non
1916 4907 2136 4976 feram.

487 4985 694 5056 Iniqui
719 4993 860 5042 sunt
886 4993 1069 5044 ctetus
1101 4990 1297 5045 vestri.
1353 4991 1665 5048 Kalendas
1695 4998 1943 5062 vestras,
1975 5000 2033 5051 et
2051 5011 2142 5051 so-

481 5075 814 5132 lemnitates
828 5081 1052 5133 vestras
1067 5077 1250 5134 adivit
1267 5080 1472 5136 anima
1487 5095 1638 5150 mea,
1652 5082 1824 5152 facta
1839 5089 1979 5139 sunt
1990 5085 2142 5140 mihi

478 5165 746 5234 molesta,
761 5164 970 5221 labora
979 5167 1036 5221 vi
1047 5167 1344 5224 sustinens
1354 5184 1377 5224 .·
1388 5173 1444 5224 et
1460 5183 1593 5225 cum
1610 5171 1996 5227 extenderitis
2015 5186 2140 5228 ma-

478 5270 590 5310 nus
621 5259 868 5318 vestras,
901 5261 1171 5312 avertam
1201 5257 1402 5312 oculos
1427 5272 1586 5314 meos
1625 5274 1664 5314 a
1705 5259 1886 5328 vobis,
1911 5265 2134 5318 elucum

476 5345 1025 5414 multiplicaveritis
1046 5346 1400 5415 orationem,-
1414 5349 1892 5406 n'e‘nezraudiam.
1915 5351 2135 5406 Manus

479 5438 684 5488 vestrae
735 5435 1031 5506 sanguine
1072 5437 1267 5506 plenas
1295 5442 1459 5493 sunt»
1487 5440 1626 5506 (Isa.
1657 5455 1693 5506 1,
1743 5440 1944 5508 11-15).
1973 5439 2136 5494 Idem

475 5534 742 5592 namque
763 5524 947 5579 Isaias
975 5523 1187 5580 videns
1214 5525 1558 5597 Dominum,
1571 5526 1686 5582 hoc
1709 5526 1905 5600 primo
1925 5525 2134 5598 voluit,

473 5608 641 5681 quod
669 5608 900 5682 polluta
923 5610 1086 5669 labia
1111 5612 1396 5676 haberet:
1433 5615 1528 5671 Vae
1551 5614 1722 5687 mihi,
1748 5613 1961 5687 inquit,
1987 5616 2130 5687 quia

2258 1701 2542 1774 ciplinata
2588 1704 2646 1757 et
2684 1701 3022 1774 irreligiosa
3064 1699 3476 1775 quorumdam
3517 1702 3920 1772 conversatio,

2258 1791 2362 1864 qui
2393 1807 2531 1847 cum
2559 1807 2670 1847 suo
2698 1791 2910 1846 merito
2938 1789 3055 1847 sint
3082 1791 3234 1847 inter
3258 1794 3536 1846 externos
3563 1797 3926 1864 computan-

2256 1880 2318 1937 di
2343 1897 2357 1950 ;
2391 1884 2594 1938 tamen
2624 1879 2802 1952 quasi
2833 1879 3214 1936 interdictum
3269 1879 3370 1936 Dei
3400 1878 3482 1936 ad
3505 1879 3924 1938 sanctuarium

2257 1968 2588 2026 accedunt:
2616 1969 2986 2040 Quicunque,
3019 1968 3232 2042 inquit,
3261 1975 3548 2025 externus
3575 1971 3919 2039 accesserit,

2257 2057 2544 2114 morietur
2571 2057 2772 2131 (Num.
2826 2073 2985 2127 xvm,
3020 2058 3095 2129 7).
3131 2057 3238 2114 Ubi
3263 2062 3467 2114 autem
3496 2061 3602 2114 aut
3627 2057 3787 2124 haec,
3818 2064 3924 2115 aut

2255 2146 2373 2203 alia
2419 2147 2771 2219 hujusmodi
2813 2151 3102 2216 geruntur
3151 2150 3210 2202 et
3255 2150 3563 2212 caventur,
3616 2162 3920 2219 supernus

2255 2235 2474 2292 arbiter
2504 2235 2862 2303 considerat,
2892 2239 3133 2304 tacens;
3165 2235 3270 2309 qui
3311 2236 3487 2308 juxta
3505 2234 3758 2291 beatum
3785 2236 3915 2304 Job,

2253 2322 2636 2380 innocentem
2657 2328 2714 2380 et
2741 2323 2994 2397 impium
3023 2323 3360 2391 consumit;
3392 2323 3782 2380 innocentem
3821 2323 3914 2380 hic

2253 2411 2548 2484 afﬂigens,
2573 2412 2828 2486 impium
2867 2413 2928 2470 in
2987 2412 3186 2470 futuro
3236 2413 3512 2486 puniens.
3551 2412 3662 2468 Ubi
3711 2416 3913 2468 autem

2235 2501 2530 2574 impietas
2552 2501 2688 2575 plus
2709 2501 3000 2571 abundat,
3025 2501 3107 2558 ibi
3139 2501 3478 2575 frequenter
3503 2501 3708 2557 minus
3729 2501 3916 2558 incre-

2252 2590 2417 2665 patio
2447 2591 2662 2668 divina.
2697 2591 2897 2660 saevit;
2931 2595 2988 2647 et
3011 2607 3136 2664 quo
3163 2591 3353 2663 pietas
3398 2590 3536 2664 plus
3563 2594 3803 2661 regnat,
3835 2589 3912 2646 ibi

2237 2679 2538 2748 severitas
2553 2678 2760 2735 divina
2786 2677 2924 2752 plus
2947 2677 3262 2735 incumbit.
3288 2677 3459 2744 Quod
3478 2677 3674 2734 isdem
3701 2677 3912 2734 beatus

2249 2767 2361 2825 Job
2389 2768 2733 2839 ostendens,
2767 2769 2850 2824 ait
2881 2786 2894 2824 :
2929 2769 3000 2824 Si
3017 2770 3234 2837 impius
3269 2769 3468 2838 fuero,
3499 2783 3588 2824 v2
3611 2768 3769 2824 mihi
3794 2773 3908 2832 est;

2249 2864 2306 2915 et
2335 2861 2390 2914 si
2404 2860 2629 2928 justus,
2661 2873 2781 2914 non
2811 2858 3018 2916 levabo
3046 2863 3250 2927 caput,
3281 2862 3594 2914 saturatas
3623 2857 3909 2926 afﬂictio-

2173 2987 2213 3044 Ο
2252 2962 2324 3044 ne
2353 2951 2408 3044 et
2428 2947 2674 3044 miseria
2697 2945 2826 3020 (Job
2847 2963 2899 3015 x,
2936 2947 3042 3043 l5).
3069 2945 3294 3044 Impius
3311 2961 3576 3044 namque
3598 2963 3687 3044 vae
3708 2945 3907 3044 habet,

2245 3032 2442 3105 justus
2473 3032 2812 3101 miseriam;
2834 3031 3126 3106 quoniam
3147 3032 3318 3090 illum
3346 3037 3568 3089 aeterna
3597 3032 3910 3089 damnatio

2253 3122 2541 3196 sequitur,
2562 3123 2762 3193 justus
2803 3137 2941 3178 vero
2969 3121 3312 3179 transitorio
3351 3121 3555 3178 dolore
3611 3121 3904 3195 expiatur.

2253 3211 2476 3284 Impius
2502 3215 2684 3285 caput
2702 3210 2798 3267 hic
2819 3209 2998 3281 levat,
3030 3211 3132 3267 sed
3166 3227 3251 3267 vae
3271 3210 3438 3285 quod
3466 3209 3759 3282 sequitur,
3789 3225 3907 3266 non

2249 3299 2468 3368 evadit,
2499 3300 2644 3374 quia
2695 3299 2843 3356 dum
2874 3315 2938 3356 se
2964 3300 3027 3356 in
3068 3299 3478 3374 voluptatibus
3517 3299 3735 3368 elevat,
3769 3315 3908 3372 sup-

2249 3387 2441 3462 pliciis
2461 3387 2848 3461 sequentibus
2869 3388 3104 3459 mergit.
3121 3391 3322 3444 Justus
3345 3402 3487 3444 vero
3508 3393 3697 3455 caput
3714 3387 3906 3444 levare

2249 3491 2373 3532 non
2403 3475 2780 3550 permittitur,
2813 3475 2918 3532 sed
2941 3491 3049 3549 per
3067 3475 3395 3550 miseriam,
3421 3491 3546 3549 qua
3583 3491 3754 3532 nunc
3783 3492 3908 3550 pre

2248 3564 2448 3628 mitur,
2469 3563 2547 3620 ab
2571 3567 2794 3620 aeterno
2816 3563 3112 3637 supplicio
3138 3563 3444 3622 liberatur.
3479 3564 3711 3638 Impius
3743 3579 3902 3634 ergo,

2246 3653 2354 3726 qui
2401 3652 2711 3726 temporali
2769 3651 3008 3724 ﬂagello
3055 3654 3282 3727 expiari
3337 3670 3462 3711 non
3514 3658 3736 3727 potest,
3766 3653 3907 3711 solet

2248 3757 2358 3815 pro
2385 3740 2756 3815 quibusdam
2781 3741 2962 3798 bonis
2991 3742 3276 3816 operibus
3301 3758 3438 3815 quae
3467 3742 3630 3814 facit,
3641 3758 3904 3816 prasen-

2248 3835 2370 3888 tem
2434 3830 2892 3906 prosperitatem
2967 3832 3210 3901 habere,
3267 3831 3535 3906 sequenti
3608 3832 3905 3906 supplicio

2246 3919 2712 3994 mancipandus.
2763 3922 2964 3976 Justus
3016 3925 3260 3978 econtra
3325 3925 3568 3995 propter
3625 3921 3906 3994 quaedam

2247 4009 2404 4067 levia
2455 4014 2702 4084 peccata
2753 4010 3064 4084 premitur,
3108 4014 3175 4066 ut
3215 4009 3295 4067 ab
3343 4015 3565 4067 aeterno
3613 4011 3907 4085 supplicio

2226 4099 2550 4167 liberetur.
2573 4102 2720 4158 Cum
2749 4099 2929 4170 igitur
2955 4099 3020 4156 in
3044 4099 3247 4156 multis
3268 4100 3655 4158 offendamus
3673 4117 3906 4168 omnes,

2251 4205 2396 4258 non,
2427 4189 2786 4246 tristandum
2812 4188 3081 4262 quidem,
3113 4189 3218 4246 sed
3271 4191 3470 4262 potius
3514 4190 3906 4262 gaudendum

2251 4285 2358 4350 est,
2393 4279 2444 4336 si
2471 4279 2739 4354 quolibet
2761 4278 2948 4336 modo
2972 4278 3316 4351 afﬂigimur,
3347 4284 3414 4336 ut
3436 4279 3518 4337 ait
3541 4281 3904 4354 Apostolus:

2253 4371 2438 4428 Omne
2463 4371 2750 4442 gaudium
2793 4371 3148 4438 existimate,
3175 4373 3406 4442 fratres
3435 4372 3554 4428 mei
3582 4371 3738 4444 (Jac.
3761 4388 3804 4440 1,
3829 4375 3906 4442 2),

2248 4465 2305 4518 et
2333 4463 2566 4517 caetera.
2595 4458 2768 4526 Quod
2796 4459 2958 4516 enim
2998 4473 3179 4516 omne
3227 4463 3546 4534 peccatum
3597 4461 3906 4534 puniatur,

2245 4547 2357 4605 Job
2418 4549 2786 4608 ostendens:
2847 4551 3124 4619 Verebar,
3177 4549 3391 4623 inquit,
3445 4551 3650 4607 omnia
3703 4565 3904 4622 opera,

2245 4639 2432 4696 sciens
2443 4639 2603 4711 quod
2611 4655 2731 4696 non
2745 4654 3023 4709 parceres
3040 4639 3483 4712 derelinquenti
3494 4639 3907 4714 [delinquentil

2248 4726 2380 4798 (Job
2405 4743 2487 4797 1x,
2517 4731 2631 4796 28).
2657 4727 2830 4794 Quod
2855 4727 3066 4785 beatus
3099 4727 3416 4798 Gregorius
3463 4743 3782 4801 exponens
3829 4727 3908 4784 di-

2247 4815 2342 4886 cit,
2375 4815 2519 4888 quia
2548 4815 2832 4873 delictum
2863 4819 3017 4874 Deus
3047 4816 3173 4873 sine
3202 4816 3426 4873 ultione
3468 4831 3594 4874 non
3648 4817 3906 4883 deserit;

2247 4907 2352 4960 aut
2379 4903 2541 4959 enim
2567 4904 2695 4976 ipse
2743 4905 2929 4962 homo
2959 4905 3020 4962 in
3066 4921 3129 4962 se
3175 4904 3526 4979 paenitendo
3553 4906 3758 4979 punit,
3809 4909 3910 4962 aut

2249 4995 2424 5062 Deus,
2453 5009 2592 5048 cum
2641 4993 2952 5051 hominem
3001 4995 3274 5066 damnat,
3306 4995 3579 5069 percutit.
3626 4996 3782 5053 Inde
3805 5000 3906 5053 est.

2246 5081 2412 5155 quod
2441 5082 2718 5156 respexit,
2749 5083 2994 5156 quidem
3037 5084 3327 5141 Dominus
3358 5087 3622 5152 Petrum,
3651 5086 3765 5142 sed
3819 5085 3908 5142 ille

2245 5171 2408 5228 ﬂevit
2435 5187 2660 5229 amare.
2712 5173 2930 5230 Paulus
2956 5189 3060 5231 vas
3108 5174 3420 5231 electionis
3489 5180 3772 5243 vocatur,
3809 5174 3910 5230 sed

2246 5267 2474 5330 oportet
2501 5275 2653 5329 eum,
2687 5261 2898 5334 inquit,
2929 5265 3124 5320 multa
3175 5279 3289 5334 pro
3333 5265 3572 5320 nomine
3613 5279 3745 5321 meo
3786 5264 3914 5336 pati

2245 5351 2400 5420 (Act.
2435 5367 2514 5418 rx,
2545 5355 2652 5419 16).
2689 5352 2780 5408 Sic
2811 5352 2890 5408 ad
2921 5352 3110 5408 David
3139 5352 3356 5412 dicitur
3379 5371 3392 5407 :
3415 5354 3706 5409 Dominus
3739 5359 3908 5409 tran-

2243 5439 2417 5494 stulit
2457 5445 2767 5508 peccatum
2821 5445 3008 5508 tuum,
3063 5439 3169 5496 sed
3220 5446 3422 5497 tamen
3452 5441 3700 5514 plorans
3730 5440 3906 5497 nudis

2243 5526 2508 5599 pedibus
2533 5527 2726 5584 ﬁlium
2781 5529 2950 5600 fugit,
2981 5545 3301 5602 quousque
3349 5530 3440 5586 sui
3489 5535 3690 5586 reatus
3741 5530 3906 5586 ultio-

2243 5631 2384 5674 nem
2417 5617 2722 5691 reeiperet.
2753 5617 2846 5676 Sic
2877 5635 2990 5676 nos
3017 5635 3124 5692 per
3144 5619 3562 5693 baptisterium
3606 5620 3903 5689 lavamur,
