4096 6138
206 133 308 188 745
945 123 949 127 ’
1541 131 1865 189 SERMONE

1975 131 2282 200 )UINOUE.

3518 145 3626 198 746

207 253 314 310 sed
339 253 550 310 merito
577 254 782 327 primae
812 254 1319 328 praevaricationis
1348 253 1529 310 etiam
1565 254 1861 327 redempti
1898 257 1947 312 Α
1978 252 2329 312 trandorum
2356 255 2783 316 miraculorum
2813 260 3144 318 efficaciam
3180 261 3438 334 habeat;
3489 266 3628 323 cha-

207 345 468 400 obimus.
522 345 776 400 Percutit
813 361 952 415 ergo
1011 344 1283 411 ﬂagellis,
1324 348 1639 415 peccatum
1683 344 1861 400 etiam

206 449 347 488 cum
375 433 619 502 relaxat,
652 434 940 505 quoniam
973 433 1051 489 ab
1081 432 1280 488 electis
1303 432 1428 488 suis
1460 448 1620 488 nunc
1668 432 1866 488 studet

205 527 589 594 peccatorum
615 521 883 577 maculas
908 522 1234 591 detergere,
1285 538 1440 594 quas
1487 522 1549 578 in
1599 521 1684 578 eis
1741 536 1864 576 non

205 609 333 666 vult
353 610 415 665 in
445 615 802 682 perpetuum
828 610 1048 667 videre.
1091 610 1224 666 Illos
1256 627 1416 681 vero,
1445 609 1666 683 quibus
1723 609 1868 667 dicit

206 716 312 772 per
341 699 698 772 prophetam
724 719 734 755 :
761 701 894 757 Scio
924 702 1067 771 quia
1097 701 1286 756 durus
1327 717 1383 758 es
1421 706 1507 767 tu,
1535 706 1590 757 et
1645 715 1864 758 nervus

203 789 438 858 ferreus
464 789 669 843 cervix
692 795 796 845 tua
828 790 992 854 (Isai.
1029 805 1216 858 xnvm,
1244 790 1318 860 4).
1345 792 1411 845 Et
1434 789 1650 845 iterum
1683 807 1695 844 :
1729 790 1864 845 Non

207 877 461 933 mutabit
492 877 785 946 Ai'thiops
803 879 1022 946 pellem
1062 894 1232 935 suam
1291 878 1434 949 (Jer.
1467 894 1590 945 xm,
1618 879 1730 949 23),
1779 877 1865 933 di-

205 966 382 1022 mittit
404 964 738 1020 secundum
770 966 1066 1022 desideria
1118 966 1314 1022 cordis
1366 983 1597 1031 eorum,
1642 966 1866 1039 quibus

203 1071 316 1128 pro
345 1069 569 1124 magna
609 1054 1021 1124 indignatione
1047 1056 1188 1112 dicit
1243 1074 1256 1110 :
1297 1057 1437 1113 Jam
1484 1072 1602 1111 non
1633 1057 1867 1112 irascar

205 1145 368 1202 vobis
401 1145 565 1209 (Isai.
585 1160 696 1210 LIV,
724 1148 798 1212 9).
836 1147 934 1200 Et:
969 1146 1119 1201 Cum
1139 1147 1286 1214 filice
1307 1150 1519 1203 vestrce
1540 1147 1867 1217 fornicata:

203 1234 457 1303 fuerint,
484 1248 604 1290 non
627 1235 876 1291 visitabo
904 1249 1085 1304 super
1111 1250 1210 1292 eas
1230 1235 1381 1306 (Ose.
1415 1251 1492 1303 IV,
1520 1237 1627 1307 14).
1653 1237 1719 1290 Ει
1754 1235 1866 1290 Job

205 1323 281 1378 de
307 1322 455 1395 ipsis
481 1340 494 1378 :
526 1323 749 1380 Domus
779 1339 981 1379 eorum
1007 1339 1232 1381 secura:
1261 1329 1402 1380 sunt
1429 1330 1484 1380 et
1502 1331 1763 1395 pacatae,
1810 1331 1867 1380 et

205 1427 328 1468 non
354 1412 527 1482 virga
558 1413 670 1467 Dei
691 1427 873 1482 super
898 1428 991 1469 eos
1020 1413 1169 1484 (Job.
1201 1428 1316 1482 XXI,
1349 1416 1428 1480 9),
1463 1412 1578 1470 Sed
1604 1412 1753 1486 quid
1781 1412 1866 1468 eis

204 1503 390 1557 restat
412 1499 543 1570 subj
556 1515 809 1570 ungens,
832 1500 973 1557 dicit
1031 1519 1044 1557 :
1095 1503 1252 1558 D;us
1276 1502 1534 1558 servabit
1562 1503 1686 1557 illis
1706 1502 1868 1557 dolo-

1974 342 2115 398 ritas
2135 359 2298 407 vero,
2329 347 2412 410 ut,
2446 345 2610 416 quod
2632 347 2806 411 absit,
2840 349 3058 404 oblitus
3081 350 3156 405 sit
3177 351 3461 407 misereri.
3487 352 3626 417 Qui-

1973 431 2090 486 bus
2103 433 2215 488 hoc
2242 432 2437 505 primo
2465 435 2928 507 respondemus,
2946 439 3091 510 quia
3115 440 3308 496 Judaei
3323 457 3445 497 non
3465 446 3623 510 sunt,

1973 536 2084 577 nec
2106 521 2281 590 signa
2307 522 2634 594 quaerendo
2660 523 2970 596 judaizare
3001 527 3154 583 debe
3181 533 3242 584 .t.
3278 532 3419 596 Quae
3471 530 3628 588 vide-

1972 609 2109 667 licet
2133 610 2304 681 signa
2332 611 2393 666 in
2423 612 2669 669 exordio
2687 615 2985 670 nascentis
3015 616 3288 672 Ecclesiae
3335 619 3414 675 ad
3443 620 3626 676 ﬁdem

1973 700 2363 756 astruendam
2388 703 2724 759 necessaria
2744 703 2999 760 fuerunt.
3028 705 3348 763 Piscatores
3364 725 3627 782 namque

1973 793 2030 844 et
2059 788 2133 844 de
2163 789 2379 845 vilibus
2403 791 2632 847 artibus
2661 793 2972 866 assumpti.
3029 794 3303 850 Crucitixi
3347 796 3627 853 deitatem

1973 877 2406 949 praedicabant,
2435 884 2491 935 et
2513 881 2627 936 hoc
2650 881 2854 953 utique
2879 881 3119 954 superbi
3138 897 3307 952 reges
3337 889 3393 938 et
3413 886 3630 954 magis-

1974 970 2160 1022 tratus
2190 966 2363 1023 valde
2395 967 2639 1025 stultum
2672 975 2968 1043 putarent,
3002 987 3124 1026 non
3152 987 3258 1043 per
3287 971 3630 1028 admiratio-

1973 1071 2114 1111 nem
2136 1055 2441 1127 signorum
2470 1062 2649 1114 tanta:
2671 1058 2753 1113 rei
2785 1061 3159 1130 majestatcm
3190 1061 3428 1117 credere
3455 1077 3629 1132 coge-

1973 1148 2124 1200 rent.
2158 1147 2304 1201 Cum
2318 1145 2476 1202 enim
2498 1146 2784 1203 videbant
2809 1147 2974 1220 quod
2986 1148 3254 1220 plebeius
3275 1154 3331 1205 et
3353 1149 3632 1205 inﬁmum

1976 1233 2252 1301 sonabat,
2285 1239 2344 1290 et
2371 1239 2679 1292 mortuum
2711 1237 3060 1307 suscitabat,
3093 1238 3258 1310 quod
3288 1255 3396 1294 nec
3445 1239 3632 1312 impe-

1973 1326 2138 1378 rator
2162 1339 2300 1378 cum
2331 1323 2498 1379 omni
2529 1325 2784 1380 exercitu
2810 1341 2939 1393 suo,
2996 1342 3104 1382 nec
3151 1326 3268 1399 ipsi
3321 1327 3632 1400 pontiﬁces

1975 1427 2115 1467 cum
2146 1413 2428 1470 omnibus
2458 1414 2571 1469 diis
2617 1415 2738 1470 suis
2783 1415 2978 1472 facere
3007 1416 3305 1472 ullatenus
3334 1423 3630 1491 poterant,

1975 1499 2304 1573 superbam
2334 1502 2626 1558 cervicem
2652 1504 2864 1558 humili
2895 1504 3107 1560 Christi
3139 1506 3289 1577 jugo
3329 1507 3635 1563 submitte-

206 1604 353 1654 rem,
379 1595 432 1646 et
462 1588 536 1645 de
559 1590 775 1658 furore
803 1591 1223 1659 omnipotentis
1279 1589 1475 1646 bibent
1520 1589 1715 1661 (Ibid.,
1752 1593 1860 1658 19).
1902 1604 1952 1664 Β
1976 1588 2143 1645 bant.
2165 1591 2296 1645 Jam
2326 1605 2466 1645 vero
2492 1607 2630 1646 cum
2660 1591 2921 1647 relevata
2942 1593 3133 1662 gratia
3163 1594 3361 1664 justus
3391 1610 3463 1650 ex
3513 1595 3633 1651 ﬁde

207 1679 586 1750 Quapropter
627 1676 817 1734 simus
854 1678 1026 1750 juxta
1073 1677 1452 1735 Psalmistam
1509 1677 1588 1735 ad
1627 1678 1867 1750 ﬂagella

205 1767 422 1840 parati,
453 1772 512 1824 et
539 1767 654 1824 sint
682 1767 859 1824 nobis
902 1767 1131 1840 judicia
1187 1769 1319 1840 ejus
1371 1768 1663 1840 jocunda,
1715 1784 1866 1841 quo-

203 1855 393 1924 niam,
424 1860 490 1911 ut
517 1856 809 1929 scriptum
833 1860 925 1912 est
978 1873 992 1911 :
1042 1856 1158 1923 Qui
1183 1872 1304 1912 non
1330 1862 1492 1913 amat
1538 1856 1864 1927 judicium,

204 1961 326 2002 non
351 1951 543 2016 potest
563 1947 778 2003 sanari
805 1946 959 2017 (Job.
991 1961 1180 2013 xxxrv,
1214 1947 1320 2018 17).
1356 1948 1422 2002 Et
1441 1945 1663 2002 idcirco
1696 1945 1870 2017 jubet

204 2035 526 2108 Apostolus
556 2035 617 2091 in
651 2035 1030 2091 tribulatione
1079 2034 1318 2105 gloriari
1362 2041 1420 2092 et
1470 2036 1532 2091 in
1585 2036 1869 2092 omnibus

207 2124 434 2193 gratias
465 2139 662 2193 agere.
691 2129 779 2194 An
807 2140 929 2180 non
982 2123 1192 2180 laudes
1245 2125 1570 2182 referendae
1615 2129 1755 2182 sunt
1793 2124 1869 2181 de

206 2229 300 2280 eo,
333 2213 583 2285 quando
607 2230 720 2270 nos
747 2213 1039 2284 afﬂigens,
1072 2214 1312 2284 signum
1343 2214 1645 2271 ﬁliationis
1675 2219 1869 2271 osten-

205 2302 345 2358 dit?
364 2303 670 2374 Flagellat
724 2303 939 2376 inquit,
985 2319 1214 2361 omnem
1240 2305 1435 2373 ﬁlium
1457 2320 1627 2377 quem
1656 2304 1869 2374 recipit

89 2450 110 2456 _
206 2391 414 2464 (Hebr.
438 2408 533 2460 xu,
562 2395 638 2465 6).
678 2395 960 2462 Magnum
989 2393 1215 2466 quippe
1241 2393 1454 2465 fuerat,
1485 2394 1534 2450 si
1565 2393 1721 2450 servi
1766 2409 1870 2450 vo-

207 2485 504 2538 carentur.
533 2484 834 2552 Magnum,
865 2480 1076 2555 inquit,
1106 2486 1194 2537 est
1240 2482 1341 2538 tibi
1373 2481 1576 2538 vocari
1628 2498 1867 2538 servum

207 2586 434 2627 meum.
468 2570 582 2627 Sed
612 2586 828 2643 parum
850 2575 940 2626 est
983 2575 1050 2626 ut
1097 2571 1251 2627 servi
1284 2575 1572 2628 vocentur
1591 2587 1730 2628 cum
1756 2587 1868 2628 nec

207 2658 388 2716 amici
416 2659 663 2732 quidem
695 2659 1089 2733 appellentur.
1120 2664 1270 2716 Nam
1302 2665 1366 2718 ut
1411 2661 1867 2734 propensiorem

205 2747 490 2804 affectum
521 2764 663 2818 erga
693 2748 946 2804 afﬂictos
978 2749 1334 2816 ostenderet,
1365 2749 1476 2805 hos
1514 2749 1720 2806 divina
1748 2765 1868 2806 vox

204 2837 362 2893 ﬁlios
384 2837 662 2910 appellat.
695 2840 873 2893 Porro
922 2843 1124 2894 autem
1182 2854 1561 2912 quaecunque
1614 2839 1732 2894 sint
1767 2838 1867 2895 illa

203 2943 410 3000 opera,
434 2943 571 3000 qum
591 2926 737 2982 inibi
768 2927 884 2982 sub
909 2927 1243 3000 patrocinio
1281 2927 1439 2984 beati
1491 2927 1719 2984 Martini
1772 2943 1869 3000 ge-
1905 2954 1948 3013 ρ

202 3021 440 3084 runtur,
476 3016 847 3072 credendum
872 3021 979 3085 est,
1011 3016 1179 3090 quod
1207 3017 1398 3089 ipsius
1441 3017 1691 3074 obtentu
1731 3034 1869 3092 pro-

204 3108 485 3177 tegantur
512 3123 526 3160 :
558 3121 635 3161 ne
657 3104 932 3161 videlicet
959 3110 1062 3162 aut
1081 3111 1311 3162 mentes
1339 3106 1717 3179 operantium
1738 3106 1869 3178 jugi

201 3195 597 3268 prosperitate
635 3194 1046 3267 superbientes
1068 3194 1438 3262 inanescant,
1495 3199 1601 3252 aut
1641 3195 1692 3251 si
1721 3211 1866 3266 non,

201 3285 353 3340 lima
381 3283 596 3355 ﬂagelli
630 3284 900 3352 dimissa,
936 3284 1137 3340 minus
1166 3284 1227 3341 in
1258 3301 1542 3358 supremo
1590 3285 1868 3341 examine

204 3374 501 3448 exspolita
525 3374 917 3447 reperiantur.
954 3374 1071 3430 Scit
1091 3375 1252 3430 enim
1303 3373 1397 3433 ille
1433 3374 1599 3448 quod
1654 3391 1866 3431 omnes

197 3463 444 3538 justitiaa
471 3468 709 3532 nostrae,
764 3464 937 3535 juxta
982 3464 1364 3537 prophetam,
1409 3464 1584 3537 quasi
1625 3480 1866 3538 pannus

199 3555 596 3608 menstruatae
627 3555 787 3622 sunt,
821 3555 878 3608 et
900 3551 1066 3624 quod
1133 3551 1266 3625 ipsa
1295 3551 1649 3608 holocausta
1670 3569 1868 3609 sacer-

197 3640 423 3697 dotum
447 3639 718 3710 indigent
755 3639 961 3696 lavari.
1006 3640 1127 3696 Hoc
1184 3656 1351 3711 sane,
1397 3641 1565 3714 quod
1615 3641 1869 3714 quidam

196 3728 522 3817 mirantur,
544 3728 690 3801 quia
708 3727 826 3784 illic
850 3728 952 3784 ubi
982 3728 1119 3802 plus
1140 3728 1454 3786 abundant
1479 3728 1641 3786 mala
1661 3745 1866 3817 opera,

195 3825 261 3875 et
292 3816 494 3874 minus
518 3817 673 3873 ﬁunt
700 3817 886 3886 bona,
913 3833 1038 3874 non
1071 3817 1222 3874 solet
1250 3817 1588 3874 adversitas
1609 3816 1867 3888 evenire,

193 3923 331 3966 non
360 3907 612 3978 homini,
643 3907 747 3964 sed
794 3910 913 3964 lteo
971 3907 1080 3964 soli
1129 3911 1342 3964 notum
1397 3911 1507 3964 est.
1540 3911 1763 3964 Tamen
1793 3907 1870 3963 de

193 3996 451 4054 diabolo
461 4001 518 4054 et
532 3997 662 4069 ejus
678 4013 948 4070 corpore,
963 3997 1131 4070 quod
1147 4001 1286 4053 sunt
1299 3996 1558 4069 reprobi,
1580 3996 1870 4069 scriptum

195 4090 313 4154 est,
339 4086 484 4160 quia
511 4086 689 4142 dolus
718 4086 780 4142 in
827 4102 1018 4142 manu
1045 4086 1176 4158 ejus
1226 4085 1521 4157 dirigitur,
1575 4085 1868 4158 quoniam

194 4178 322 4234 hoc
331 4175 554 4232 habere
565 4175 776 4233 crebro
792 4175 1003 4244 solent,
1019 4180 1083 4232 ut
1094 4175 1262 4247 quod
1272 4174 1544 4248 nequiter
1555 4178 1866 4248 appetunt,

195 4264 443 4337 explere
472 4265 729 4338 nequius
745 4265 998 4339 possint,
1021 4264 1339 4338 etquidem
1363 4279 1646 4338 perversa
1659 4264 1868 4321 volun-

196 4359 324 4413 tate
348 4354 691 4412 desiderant
717 4353 1074 4428 perversiori
1106 4354 1384 4411 facultate
1411 4369 1785 4427 consumere,
1804 4358 1867 4411 ut

201 4448 374 4502 tanto
403 4444 490 4500 eis
522 4443 597 4500 de
625 4443 982 4502 adversitate
1011 4443 1159 4500 nihil
1177 4444 1240 4500 in
1261 4443 1538 4517 praesenti
1593 4443 1862 4514 obsistat,

197 4533 456 4609 quando
477 4533 562 4591 eis
583 4533 646 4590 in
666 4539 975 4608 posterum
994 4534 1078 4591 nil
1097 4533 1172 4591 de
1189 4533 1582 4609 prosperitate
1597 4549 1867 4591 remane-

197 4624 313 4682 bit.
346 4624 528 4695 Magis
557 4639 701 4694 ergo
729 4625 1139 4682 necessarium
1169 4627 1276 4696 est,
1328 4623 1644 4697 magisque
1690 4622 1867 4680 nobis

199 4713 566 4787 optandum,
581 4713 643 4770 id
657 4714 926 4788 imperet,
944 4715 1006 4771 id
1022 4714 1352 4788 provideat,
1370 4713 1537 4787 quod
1548 4712 1628 4769 ad
1642 4712 1868 4770 anima-

197 4820 344 4862 rum
361 4804 635 4878 proﬁciat
655 4805 932 4877 salutem,
945 4820 1133 4877 quam
1149 4804 1211 4861 id
1221 4803 1386 4878 quod
1397 4802 1868 4877 faciatplausum

200 4897 265 4950 et
288 4892 769 4950 admirationem.
802 4893 887 4949 Illi
913 4909 1061 4950 sane
1083 4892 1188 4966 qui
1216 4895 1598 4949 murmurant
1653 4907 1867 4965 quere-

197 4980 423 5052 lantes,
456 4999 563 5040 cur
587 4983 801 5040 beatus
831 4982 1110 5039 Martinus
1127 4981 1298 5038 solita
1312 4981 1423 5037 sibi
1444 4981 1735 5038 miracula
1739 4982 1869 5054 jam

199 5085 332 5126 non
356 5069 708 5144 frequentet,
737 5071 851 5128 hoc
881 5069 1268 5126 nihilominus
1297 5069 1656 5141 adjungunt,
1704 5069 1871 5143 quod

199 5175 353 5230 erga
376 5177 488 5218 nos
520 5177 644 5218 non
677 5161 754 5218 sit
780 5176 1009 5234 pronus
1039 5160 1117 5217 ad
1145 5159 1580 5229 miserandum,
1604 5159 1755 5215 sicut
1768 5176 1873 5217 no-

201 5248 344 5306 stris
374 5250 859 5308 antecessoribus
880 5250 1004 5306 fuit.
1038 5249 1152 5308 Sed
1181 5247 1273 5304 his
1303 5247 1502 5308 verbis
1526 5247 1724 5303 cordis
1777 5248 1872 5304 sui

201 5335 608 5396 difﬁdentiam
635 5339 814 5396 simul
861 5342 918 5396 et
960 5337 1365 5412 insipientiam
1394 5336 1678 5410 produnt.
1737 5338 1871 5391 Haec

198 5427 394 5484 verba
420 5429 645 5503 quippe
678 5445 800 5485 non
842 5431 1060 5484 sonant
1076 5427 1481 5500 disciplinam,
1514 5424 1619 5482 sed
1650 5423 1731 5480 ita
1779 5440 1870 5480 so-

201 5520 377 5585 nant,
399 5517 544 5590 quia
567 5523 672 5575 aut
686 5518 867 5574 virtus
894 5516 1052 5573 beati
1080 5516 1325 5584 Martini,
1355 5519 1460 5572 aut
1483 5512 1741 5570 charitas
1771 5513 1871 5568 de-

201 5606 432 5662 fectum
461 5606 772 5663 incurrerit
799 5625 811 5662 :
842 5607 1025 5663 virtus
1054 5605 1346 5677 videlicet,
1369 5610 1434 5662 ut
1447 5604 1745 5660 minorem
1760 5619 1869 5676 pa-

464 5700 705 5753 ΡΑτιιοι.
751 5699 1043 5754 CXXXIII.

1903 4309 1951 4364 D

1974 1677 2175 1751 potius
2205 1678 2404 1734 vivere
2429 1679 2666 1749 debeat,
2693 1680 2986 1737 miracula
3020 1681 3326 1753 superﬂuo
3356 1699 3636 1754 quierun-

1975 1770 2090 1822 tur.
2123 1767 2317 1839 Opera
2336 1766 2578 1838 justitiae
2608 1767 2800 1838 magis
2842 1769 3106 1838 gerenda
3162 1774 3318 1824 sunt.
3355 1769 3512 1826 Multi
3563 1770 3635 1826 si-

1976 1870 2097 1925 gna
2125 1854 2409 1924 fecerunt,
2441 1855 2663 1928 quibus
2687 1855 2875 1928 judex
2901 1857 3059 1913 dicet
3086 1874 3098 1912 :
3135 1858 3338 1914 Nescio
3371 1875 3498 1914 vos.
3525 1858 3637 1924 Qui

1975 1943 2210 2016 pietatis
2239 1959 2423 2018 opera
2454 1949 2685 2016 gerunt,
2711 1945 2956 2002 audient
3015 1963 3028 2005 :
3100 1948 3320 2015 Venite,
3347 1946 3640 2004 benedicti

1974 2033 2170 2101 patris
2191 2034 2305 2088 mei
2334 2033 2574 2099 (Matth.
2610 2049 2749 2101 xxv,
2778 2038 2888 2102 34),
2921 2038 2978 2090 et
3003 2039 3231 2090 caetera.
3268 2038 3415 2092 Etut
3435 2037 3636 2093 venia-

1978 2137 2116 2176 mus
2143 2121 2223 2178 ad
2250 2121 2412 2177 hunc
2441 2122 2724 2177 eumdem
2747 2123 2994 2178 beatum
3020 2123 3356 2190 Martinum,
3413 2125 3639 2198 placuit

1978 2209 2054 2266 de
2084 2227 2155 2268 eo
2185 2211 2403 2267 divinae
2433 2212 2885 2284 dispensationi,
2914 2216 2978 2268 ut
3006 2212 3100 2268 vel
3146 2213 3352 2268 vivens
3400 2220 3455 2269 et
3502 2219 3641 2287 post

1979 2299 2211 2355 obitum
2233 2303 2397 2356 tanta
2427 2315 2498 2356 ac
2527 2299 2667 2356 talia
2687 2300 2980 2357 miracula
3038 2305 3286 2372 gereret,
3337 2317 3444 2374 per
3501 2319 3637 2375 quas

1977 2405 2201 2446 nomen
2231 2390 2360 2462 ejus
2382 2394 2439 2446 et
2456 2389 2710 2460 gloriam
2742 2395 2899 2447 totus
2947 2389 3213 2446 mundus
3263 2397 3634 2461 agnosceret.

1979 2479 2144 2536 Unde
2169 2483 2227 2536 et
2256 2479 2477 2552 ubique
2500 2483 2663 2536 tanta
2693 2479 2882 2550 gratia
2909 2479 3194 2552 prieditus
3235 2485 3342 2551 est,
3397 2486 3460 2538 ut
3489 2481 3639 2538 sicut

1976 2568 2050 2625 de
2071 2568 2203 2642 ipso
2231 2568 2524 2636 scribitur,
2557 2584 2682 2625 non
2702 2569 2785 2625 illi
2814 2570 3142 2642 quisquam
3171 2571 3635 2643 monachorum,

1975 2676 2099 2717 non
2120 2665 2274 2716 certe
2296 2660 2720 2733 episcoporum
2731 2660 3035 2734 quispiam
3059 2663 3508 2736 comparandus
3525 2664 3597 2720 sit
3620 2681 3633 2721 :

1974 2749 2281 2822 prophetis
2331 2753 2563 2805 tantum
2617 2754 2674 2805 et
2725 2751 3011 2823 apostolis
3051 2757 3383 2822 concertus,
3452 2769 3637 2826 quem

1975 2838 2088 2893 illis
2110 2853 2217 2910 per
2241 2837 2447 2893 omnia
2477 2837 2848 2893 consimilem
2875 2854 3026 2910 esse,
3058 2839 3172 2894 hoc
3201 2843 3491 2912 Egyptus
3555 2841 3636 2898 fa-

1976 2931 2147 2994 tetur,
2167 2926 2454 3000 comperit
2471 2927 2586 2983 hoc
2611 2927 2820 2995 Indus;
2850 2928 2963 2983 hoe
2983 2927 3173 2998 Syria,
3191 2928 3306 2983 hoc
3343 2931 3632 3002 Ethiops,

1977 3016 2218 3084 audivit,
2270 3020 2328 3072 et
2382 3019 2594 3072 caetera
2641 3031 2828 3086 regna
2878 3032 3014 3088 quae
3069 3016 3185 3072 illic
3243 3025 3632 3089 annotantur,

1975 3120 2294 3178 quousque
2325 3104 2728 3176 subjungitur.
2764 3105 2891 3170 Quo
2919 3103 3190 3160 miserior
3216 3110 3307 3161 est
3328 3107 3491 3175 regio
3522 3107 3635 3163 ista

1976 3199 2340 3258 nostrorum,
2364 3210 2501 3266 quas
2533 3197 2766 3250 tantum
2797 3193 2992 3249 virum
3051 3210 3191 3250 cum
3242 3194 3304 3250 in
3356 3195 3634 3268 proximo

1976 3283 2273 3353 habuerit,
2300 3298 2478 3339 nosse
2507 3297 2630 3338 non
2658 3281 2890 3338 meruit.
2912 3283 3104 3348 Quam
3125 3282 3395 3340 videlicet
3407 3285 3635 3341 Martini

1979 3373 2232 3444 gloriam
2260 3371 2322 3427 in
2345 3371 2747 3444 longinquum
2777 3376 3115 3444 porrectam
3144 3376 3324 3446 poeta
3379 3373 3632 3430 demon-

1978 3466 2162 3519 strare
2187 3460 2414 3526 volens,
2447 3460 2530 3517 ait

2101 3558 2293 3608 Gallica
2320 3558 2453 3608 celsa
2482 3558 2668 3622 pharus
2685 3557 2999 3621 splendorem
3029 3559 3190 3610 mittit
3211 3560 3272 3610 ed
3304 3559 3468 3612 Indos.

2051 3643 2119 3697 Et
2145 3640 2288 3696 item
2323 3657 2336 3695 :

2102 3729 2167 3779 Et
2192 3744 2295 3795 quo
2319 3728 2549 3780 Christus
2578 3728 2728 3779 habet
2752 3745 2952 3786 nomen,
2980 3731 3220 3780 Martinus
3253 3733 3503 3784 honorem.

1977 3824 2067 3875 An
2088 3833 2210 3874 non
2230 3818 2346 3873 hoc
2375 3821 2727 3873 attestantur
2757 3819 2886 3889 ejus
2919 3818 3140 3887 devoti,
3163 3819 3268 3892 qui
3297 3820 3372 3876 de
3401 3821 3634 3893 longin-

1976 3905 2113 3980 quis
2137 3905 2483 3976 regionibus
2507 3908 2685 3977 atque
2710 3904 2929 3975 linguis
2958 3905 3177 3976 ignotis
3209 3907 3286 3962 ad
3307 3908 3469 3964 hunc
3490 3910 3632 3966 ado—

1975 3995 2238 4052 randum
2269 3993 2570 4049 conﬂuere
2601 3993 2828 4048 solent?
2858 3993 3255 4066 Antiquorum
3283 4011 3426 4052 sane
3452 3997 3632 4053 devo-

1975 4085 2079 4152 tio,
2106 4099 2294 4156 quam
2323 4081 2664 4154 frequenter
2679 4081 2729 4152 ej
2741 4097 2808 4136 us
2831 4081 3172 4138 reverentiae
3202 4087 3258 4139 et
3283 4085 3475 4141 amori
3503 4101 3632 4142 sese

1975 4171 2352 4246 impenderit,
2377 4170 2471 4227 vel
2495 4171 2827 4227 innumerae
2858 4175 3147 4228 testantur
3180 4173 3464 4245 ecclesiae,
3495 4191 3632 4249 qua:

1976 4269 2100 4320 tam
2127 4263 2464 4336 frequenter
2491 4260 2716 4334 ubique
2772 4261 3044 4318 locorum
3095 4263 3158 4319 in
3209 4263 3339 4336 ejus
3389 4265 3632 4322 nomine

1975 4352 2372 4426 reperiuntur,
2403 4353 2470 4407 ut
2493 4366 2673 4406 nemo
2703 4355 2838 4424 post
2869 4351 2970 4407 Dei
3009 4352 3355 4423 genitricem
3378 4358 3435 4410 et
3490 4371 3632 4428 pas-

1974 4446 2166 4499 torem
2191 4440 2464 4498 Ecelesiaa
2516 4443 2752 4496 Petrum
2806 4446 2932 4498 tam
2987 4442 3226 4499 crebras
3283 4443 3505 4500 habere
3555 4445 3634 4501 vi-

1974 4531 2208 4588 deatur.
2237 4530 2401 4586 Certe
2429 4545 2568 4586 cum
2622 4529 2768 4586 nihil
2798 4530 2861 4586 in
2915 4535 2972 4587 te
3030 4531 3113 4588 ita
3153 4531 3280 4588 sine
3303 4548 3486 4589 causa
3504 4533 3630 4603 ﬁat,

1974 4621 2091 4679 hoc
2121 4619 2288 4694 quod
2317 4619 2611 4688 omnium,
2645 4623 2712 4675 ut
2736 4619 2819 4674 ita
2835 4619 3109 4688 dixerim,
3131 4619 3298 4688 orbe,
3319 4625 3442 4676 tam
3461 4621 3634 4691 glori-

1974 4710 2272 4778 ﬁeandus,
2289 4714 2531 4782 tamque
2562 4709 2855 4781 pretiosus
2880 4708 3155 4776 habetur,
3187 4725 3312 4764 non
3343 4725 3488 4766 casu
3534 4727 3632 4768 ac-

1978 4799 2140 4871 cidit,
2173 4798 2281 4855 sed
2323 4799 2453 4870 ejus
2511 4797 2811 4866 instinctu,
2861 4797 2966 4870 qui
3016 4797 3095 4853 ad
3133 4814 3482 4855 mensuram
3533 4800 3639 4856 dat

1977 4888 2252 4960 gratiam.
2286 4886 2398 4952 Qui
2419 4889 2698 4941 sanctum
2727 4901 2904 4941 suum
2938 4901 3378 4960 usquequaque
3435 4888 3637 4945 miriﬁ-

1977 4993 2142 5046 cans,
2174 4991 2282 5050 per
2309 4975 2425 5031 hoc
2453 4974 2620 5047 quod
2646 4974 2937 5030 universis
2981 4975 3359 5033 venerandus
3415 4982 3523 5047 est,
3575 4978 3638 5034 id

1978 5064 2238 5122 ostendit
2308 5069 2605 5138 quantum
2670 5063 2832 5119 hunc
2885 5064 3015 5136 ejus
3093 5067 3286 5137 gratia
3357 5065 3634 5138 perfudit.

1985 5155 2210 5213 Etenim
2237 5154 2288 5210 si
2315 5153 2575 5210 universi
2605 5169 2775 5224 reges
2831 5169 2902 5210 ac
2951 5156 3218 5212 Ctesares
3271 5153 3638 5227 pervulgatis

1981 5245 2205 5318 ubique
2229 5243 2438 5301 edictis
2454 5243 2754 5315 juberent,
2787 5247 2852 5299 ut
2876 5259 3086 5300 omnes
3117 5259 3257 5299 eum
3286 5257 3639 5298 veneraren-

1978 5339 2094 5402 tur,
2125 5333 2290 5390 nullo
2321 5336 2522 5390 tamen
2550 5336 2728 5406 pacto
2762 5331 2997 5402 exigere
3020 5333 3294 5402 poterant
3323 5329 3635 5402 [possent],

1978 5428 2042 5481 ut
2066 5425 2194 5496 ejus
2225 5424 2526 5480 veneratio
2571 5427 2693 5479 tam
2721 5420 3034 5491 generalis,
3091 5423 3332 5490 tamque
3388 5417 3638 5474 celebris

1979 5517 2136 5569 esset
2189 5517 2254 5568 ut
2306 5529 2468 5568 nunc
2521 5516 2629 5583 est,
2681 5525 2820 5565 cum
2868 5506 2947 5562 ad
3003 5506 3133 5576 ejus
3190 5507 3636 5564 venerationem

1982 5602 2178 5659 cuncti
2247 5601 2519 5658 delectati
2584 5598 2790 5656 divina
2858 5595 3246 5668 inspiratione
3325 5599 3640 5652 trahuntur

3292 5691 3356 5740 Ἡ
